3956 6452
307 421 408 475 231

302 553 490 623 virga,
523 548 698 605 totius
739 543 953 600 scilicet
984 534 1314 595 directionis
1335 547 1402 588 ac
1429 528 1665 602 justitize
1697 525 1802 592 vis,
1846 521 2003 594 quod
2041 523 2084 578 Δ

305 620 645 715 proponitur
673 632 972 696 arietibus,
1009 628 1063 683 id
1093 633 1175 682 est
1213 620 1610 680 intellectibus.

378 749 550 805 Vnus.
582 745 672 798 42.
705 770 774 782 —-
806 736 1032 806 Quando
1064 748 1188 788 vero
1235 729 1474 784 serotina
1511 723 1821 776 admissura
1861 721 2000 781 erat,

308 845 358 893 et
414 838 694 904 conceptus
724 804 1016 892 extremus,
1061 839 1168 877 non
1215 817 1444 888 ponebat
1481 828 1591 866 eas.
1634 810 1883 864 Serotina
1910 804 2006 858 ad-

307 893 980 987 missura’intelligitur,
1053 909 1295 966 caelestis
1358 901 1640 975 perceptio
1711 895 1874 966 regni
1947 893 2006 948 in

312 1013 534 1077 ultimo,
592 1023 706 1064 non
753 983 902 1060 sicut
961 1001 1051 1057 hic
1118 994 1562 1069 particulariter,
1610 987 1706 1044 sed
1755 983 2007 1056 plenarie

313 1072 882 1167 omnesvimpleturus
912 1091 1130 1162 (Ephes.
1175 1101 1213 1152 ι,
1245 1087 1356 1154 23),
1397 1090 1453 1138 et
1482 1079 1678 1136 omnia
1723 1076 1782 1130 in
1825 1072 2009 1128 omni-

313 1157 424 1248 bus
453 1157 685 1244 futurus
718 1185 864 1238 Deus
895 1157 951 1234 in
981 1157 1258 1233 omnium
1307 1171 1481 1228 corda
1529 1163 1873 1223 admittitur.
1925 1157 2010 1214 lbi

316 1280 598 1344 conceptus
635 1276 928 1332 extremus,
975 1265 1030 1320 id
1067 1271 1151 1319 est
1204 1259 1302 1316 Dei
1349 1254 1624 1314 laudandi
1680 1248 2013 1307 indeliciens

315 1338 668 1436 propositum
701 1357 795 1414 cui
826 1355 1046 1412 nullius
1062 1349 1320 1422 “alterius
1348 1347 1430 1402 rei
1471 1341 1726 1400 succedit
1754 1338 2010 1400 allectus,

317 1425 449 1510 cum
503 1449 692 1508 fuerit.
754 1443 1085 1507 sententias,
1144 1437 1361 1509 quibus
1427 1433 1722 1504 propriam
1804 1425 2016 1495 dirigat

318 1547 586 1604 mentem,
630 1547 838 1606 ponere
869 1531 948 1586 ibi
997 1527 1214 1586 homini
1257 1538 1403 1594 opus
1450 1535 1564 1577 non
1605 1521 1732 1584 erit,
1776 1515 1878 1586 qui
1927 1527 2014 1568 re-

319 1636 547 1702 gentem
578 1602 772 1682 omnia
803 1622 987 1676 Deum
1025 1619 1086 1673 in
1123 1631 1182 1672 se
1214 1613 1474 1676 habebit;
1507 1625 1626 1678 quas
1661 1606 1814 1662 enim
1851 1602 2021 1672 primi

321 1693 576 1787 temporis
618 1720 775 1778 sunt,
807 1708 970 1763 Jacob
997 1713 1154 1770 sunt,
1189 1703 1245 1758 id
1273 1710 1356 1758 est
1386 1700 1459 1755 ad
1495 1693 2018 1766 supplantationem

325 1779 540 1878 peccati
562 1805 840 1866 attinent;
867 1813 985 1867 qua
1027 1796 1286 1858 sei-atina,
1340 1789 1396 1844 id
1429 1795 1514 1842 est
1567 1787 1623 1840 in
1671 1781 1874 1838 mundi
1913 1779 2024 1833 line
2067 1818 2108 1872 Β

325 1892 602 1952 restantia
637 1865 956 1945 secundum
1011 1882 1392 1939 sinceritatem
1442 1887 1706 1945 superna:
1752 1865 2030 1926 claritatis

327 1981 590 2043 candent,
621 1978 728 2034 hoc
754 1983 838 2032 est
862 1974 934 2030 ad
964 1971 1153 2027 Laban
1180 1967 1492 2038 pertinent.

399 2090 574 2146 Vens.
607 2087 697 2140 43.
728 2111 800 2124 -
832 2084 1152 2146 Dttatusque
1201 2079 1278 2129 est
1313 2074 1466 2126 homo
1515 2068 1666 2122 ultra
1701 2061 1938 2127 modum,
1980 2066 2030 2114 et

333 2180 525 2235 habuit
563 2188 749 2244 greges
803 2171 1020 2234 multos,
1074 2166 1328 2227 ancillas,
1384 2165 1434 2214 et
1477 2171 1676 2222 servos,
1715 2151 1942 2207 camelos
1982 2154 2031 2202 et

333 2271 536 2324 asinos.
565 2237 796 2319 Ditatur
824 2260 995 2314 homo
1023 2255 1172 2308 ultra
1195 2251 1434 2315 modum,
1472 2258 1607 2302 cum
1639 2241 1818 2298 nimia
1855 2237 2033 2308 justi—

337 2357 417 2414 tia
446 2353 696 2410 vertitur
727 2349 787 2405 in
819 2341 1242 2402 indiscretionis
1290 2339 1520 2394 vitium.
1567 2330 1729 2388 Unde
1766 2335 1821 2384 et
1864 2325 2036 2381 habet

336 2445 530 2500 multos
557 2453 762 2510 greges,
788 2435 928 2506 quia
957 2445 1031 2488 ex
1063 2428 1243 2485 nimia
1279 2424 1366 2480 sui
1413 2420 1626 2478 iiducia
1661 2415 1844 2472 multa
1885 2411 2035 2468 inci-

340 2533 424 2590 dit
451 2506 628 2587 animi
660 2506 986 2583 divisiones.
1023 2517 1270 2574 Ancillas
1307 2519 1357 2568 et
1395 2523 1573 2567 servos
1613 2506 1802 2571 habet,
1848 2507 2037 2557 motus

342 2620 556 2678 scilicet
597 2611 950 2672 aneillariter
984 2623 1052 2664 ac
1099 2603 1324 2662 sordide
1363 2599 1701 2670 petulantes,
1747 2602 1802 2650 et
1851 2589 2037 2646 servi-

343 2709 475 2766 liter
510 2712 892 2777 proterveque
937 2703 1140 2754 contra
1177 2691 1447 2762 spiritum
1504 2684 1760 2749 rebelles,
1811 2682 2037 2734 camelos

345 2773 580 2869 quoque
605 2791 855 2863 pondere
869 2781 1220 2856 cupiditatis,
1236 2793 1302 2835 ac
1319 2779 1366 2834 si
1386 2775 1541 2847 gibbi
1562 2773 1634 2828 ad
1648 2781 1875 2827 terrena
1905 2779 2036 2836 pro-

347 2862 542 2953 clives,
572 2862 628 2940 et
655 2882 856 2946 asinos,
883 2873 1141 2942 stupidas
1169 2868 1432 2925 videlicet
1462 2862 1688 2928 inertia,
1732 2865 1788 2914 et
1815 2869 2037 2927 segnes.

951 3014 1184 3075 CAPUT
1223 3009 1436 3068 XXXI.

423 3153 594 3210 Vens.
646 3152 696 3202 l.
747 3173 808 3186 -—
859 3146 1152 3211 Postquam
1206 3141 1386 3191 autem
1430 3129 1649 3187 audivit
1697 3125 1862 3180 verba
1908 3123 2045 3192 ﬁlio-
2082 3115 2124 3172 C

351 3258 476 3300 rum
498 3239 693 3296 Laban
741 3235 1078 3289 dicentium:
1139 3227 1284 3282 Tulit
1321 3221 1482 3278 Iacob
1539 3219 1720 3274 omnia
1768 3228 1888 3284 quas
1933 3213 2049 3278 fue-

354 3337 486 3388 runt
512 3329 697 3400 patris
722 3325 918 3387 nostri,
941 3326 988 3374 el
1020 3317 1086 3372 de
1107 3317 1258 3370 illius
1296 3311 1558 3380 facultate
1589 3307 1820 3369 ditatus,
1866 3302 2048 3368 factus

356 3425 434 3477 est
462 3392 718 3488 inclytus.
745 3409 989 3467 Interior
1017 3408 1185 3462 homo
1221 3413 1354 3457 cum
1407 3411 1442 3453 a
1485 3403 1636 3452 recto
1662 3392 1852 3448 deviat
1900 3402 2050 3459 que-

356 3509 508 3567 relas
532 3479 944 3575 cogitationum
982 3503 1245 3561 supernae
1271 3483 1548 3543 claritatis
1589 3479 1860 3536 tiliatione
1909 3490 2050 3548 gau-

359 3566 632 3654 dentiumv
650 3586 930 3657 intelligit.
965 3578 1292 3650 Arrogavit,
1326 3573 1536 3644 inquit,
1555 3569 1664 3626 sibi
1691 3566 1886 3623 omnia
1913 3577 2055 3634 qua;

361 3651 476 3742 Deo
504 3679 652 3752 patri
679 3651 891 3734 caelesti
915 3669 1232 3727 attribuere
1249 3663 1548 3726 debuerat,
1580 3665 1635 3714 et
1663 3657 1732 3712 de
1757 3651 2055 3724 opulentia

363 3742 617 3830 interiori
653 3760 920 3836 quaesivit
949 3756 1207 3815 exterius
1255 3753 1508 3808 famosus
1541 3745 1759 3804 haberi.
1802 3742 2058 3811 Inclytus

365 3863 438 3920 ab
491 3874 555 3914 eo
600 3829 887 3912 formatur
937 3845 1190 3912 nomine,
1218 3841 1374 3913 quod
1403 3845 1488 3896 est
1516 3838 1640 3901 clio,
1671 3832 1829 3905 quod
1867 3829 2060 3886 Greece

365 3949 577 4007 dicitur
595 3946 771 4011 fama.

437 4055 609 4110 Vnns.
641 4052 695 4105 2.
735 4073 791 4091 -—
837 4039 1249 4100 Animadvertit
1292 4033 1454 4090 Iacob
1505 4032 1702 4100 faciem
1759 4026 1968 4091 Laban,
2002 4023 2059 4078 id

367 4151 452 4202 est
473 4140 716 4214 gratiam
747 4131 984 4205 superni
1033 4125 1288 4186 luminis,
1321 4121 1464 4192 quod
1501 4134 1609 4174 non
1660 4121 1795 4172 esset
1837 4129 1966 4182 erga
2009 4127 2064 4167 se

368 4207 510 4290 sicut
544 4231 660 4284 heri
687 4233 738 4280 et
765 4219 1187 4282 nudiustertius,
1227 4213 1284 4268 id
1331 4219 1413 4267 est
1441 4223 1506 4265 eo
1554 4207 1722 4264 modo
1765 4219 1882 4275 quo
1929 4216 2064 4259 cum

370 4323 708 4393 praesentem
739 4310 979 4383 gloriam
1012 4302 1181 4375 quasi
1215 4296 1618 4372 praetereuntia
1649 4301 1704 4351 et
1731 4292 1937 4349 difﬂua
1961 4290 2068 4346 de-

371 4377 631 4476 spiceret,
665 4377 805 4455 sicut
847 4395 982 4460 heri,
1031 4404 1162 4462 quae
1190 4403 1282 4444 res
1304 4388 1425 4476 jam
1467 4381 1756 4476 praeterita
1783 4387 1888 4436 est.
1932 4377 2059 4434 Nu-
2099 4414 2142 4470 Β

372 4471 506 4551 dius
543 4506 610 4545 ea:
659 4501 801 4542 nunc
855 4493 910 4539 et
966 4481 1055 4534 die
1101 4475 1480 4546 componitur.
1537 4471 1662 4528 Non
1710 4475 1796 4524 est
1826 4483 1957 4534 erga
2007 4479 2063 4518 se

373 4581 562 4638 Laban
584 4585 646 4634 ut
675 4572 1092 4634 nudiustertius,
1146 4566 1202 4621 id
1231 4571 1314 4620 est
1370 4563 1452 4618 uti
1502 4557 1737 4631 quando
1791 4560 2066 4626 praesente

374 4671 543 4729 corde
573 4681 677 4724 suo
701 4663 912 4721 divinas
965 4657 1080 4714 luci
1128 4655 1187 4710 in
1244 4649 1721 4720 contemplatione
1773 4641 2068 4700 Trinitatis

375 4757 752 4832 spatiabatur,
785 4751 958 4822 (Vens
1011 4747 1084 4816 3.)
1132 4745 1368 4799 maxime
1397 4741 1606 4794 dicente
1637 4735 1747 4790 sibi
1811 4745 1913 4803 per
1967 4744 2069 4786 ora

377 4819 808 4918 scripturarum
873 4837 1143 4894 Domino:
1192 4833 1417 4888 Reverte
1469 4829 1528 4880 in
1575 4831 1796 4902 terram,
1852 4819 1908 4874 id
1987 4824 2072 4874 est

463 4905 586 4992 eam
644 4929 851 4988 mentis
910 4923 1300 4984 stabilitatem,
1331 4930 1450 4988 qua
1511 4920 1702 4985 patres
1759 4909 1846 4966 tui
1891 4905 2072 4964 etelici

381 5025 553 5092 cives,
587 5033 734 5092 quos
761 5013 972 5072 imitari
1001 5006 1367 5082 proposuisti,
1386 5001 1703 5060 constitisse
1733 5002 2070 5062 noscuntur,

383 5119 435 5169 et
494 5085 568 5167 ad
604 5085 1014 5178 generationem
1064 5104 1234 5162 tuam,
1302 5099 1592 5150 rectorum
1667 5085 1880 5142 scilicet
1943 5095 2076 5154 quae

385 5198 785 5264 benedicetur;
815 5200 869 5248 et
886 5193 1008 5246 hinc
1037 5195 1090 5244 te
1115 5190 1319 5256 agente
1347 5195 1435 5235 ero
1467 5183 1654 5232 tecum.

459 5307 632 5366 Vens.
660 5304 715 5370 4,
749 5302 800 5354 5.
849 5328 916 5338 -—
959 5295 1115 5351 Misit
1149 5293 1201 5344 et
1247 5288 1456 5343 vocavit
1501 5283 1700 5340 Rachel
1739 5284 1788 5334 et
1834 5279 1993 5334 Liam
2021 5278 2079 5330 in

387 5411 602 5468 agrum,
629 5367 724 5447 ubi
765 5386 1022 5460 pascebat
1063 5392 1270 5450 greges,
1323 5375 1572 5444 dixitque
1603 5386 1614 5425 :
1671 5368 1838 5426 Video
1882 5367 2082 5432 faciem

384 5453 783 5558 ρῖιτνεεύεεινὲ
807 5473 950 5546 quod
974 5485 1081 5525 non
1125 5469 1198 5522 sit
1221 5479 1354 5533 erga
1388 5477 1488 5516 me.
1536 5459 1706 5516 Mittit
1739 5453 2084 5512 desiderium

1216 403 1280 457 V.
1320 397 1649 456 GUIBERTI
1689 392 1979 451 ABBATIS
2017 392 2073 448 S.
2118 387 2357 444 MARLE
2392 383 2486 440 DE
2525 377 2911 438 NOVIGENTO

3718 366 3840 419 23'2

2115 519 2213 576 ubi
2245 515 2571 574 deﬁcientes
2591 512 2737 568 fame
2768 509 2996 564 interna
3021 509 3216 576 pascat
3242 513 3446 558 versus
3471 497 3650 556 Iacob
3682 509 3834 567 gre—

2110 623 2209 680 ges
2253 604 2685 676 cogitationum.
2738 595 3030 666 Intelligo,
3078 592 3178 658 ait,
3234 587 3558 646 serenitatis
3603 583 3834 641 divinae

2111 671 2501 766 dignationem
2541 703 2696 745 ame
2752 684 2956 742 averti.
3016 683 3170 737 Deus
3219 686 3408 734 autem
3467 675 3649 747 patris
3712 671 3834 726 mei

2111 759 2222 840 fuit
2255 795 2478 838 mecum
2526 786 2582 834 et
2628 774 2826 848 gratim
2865 773 2993 844 ejus
3034 771 3185 826 dona
3230 766 3437 823 recolo.
3486 763 3688 835 (Vnus.
3751 759 3836 826 6.)

2105 876 2184 952 ⁶Εἰ
2215 875 2347 942 ipsae
2375 871 2544 922 nostis
2585 847 2731 935 quod
2761 865 2888 917 totis
2917 859 3126 914 viribus
3170 858 3300 911 meis
3331 854 3612 909 servierim
3668 847 3843 917 patri

2115 936 2310 1025 vestro,
2343 958 2392 1014 ei
2423 955 2634 1011 scilicet
2661 951 2761 1023 qui
2791 958 3100 1018 utriusque
3158 951 3359 1000 auctor
3385 940 3515 996 vitae
3557 945 3643 995 est
3679 936 3837 991 Deo.

2119 1053 2250 1108 Haec
2281 1063 2370 1104 me
2403 1046 2585 1117 egisse
2640 1049 2862 1099 certum
2923 1046 3102 1094 teneo.
3153 1035 3347 1106 (Vnus.
3381 1032 3454 1097 '7.)
3506 1027 3612 1084 Sed
3662 1030 3846 1096 pater

2117 1145 2290 1196 vester
2327 1135 2676 1192 circumvenit
2722 1146 2826 1198 me,
2859 1128 2912 1183 id
2954 1134 3038 1182 est
3065 1125 3270 1180 oblatas
3320 1117 3644 1176 dulcedinis
3694 1128 3848 1170 con—

2117 1225 2396 1285 versionis
2425 1223 2585 1280 initio
2619 1219 2802 1276 illexit
2839 1231 2929 1273 me
2962 1211 3273 1278 blanditiis,
3296 1217 3352 1266 et
3390 1205 3639 1264 mutavit
3683 1216 3849 1258 mer-

2121 1318 2312 1374 cedem
2342 1327 2526 1370 meam
2560 1311 2754 1366 decem
2786 1305 3030 1369 vicibus,
3078 1302 3134 1358 id
3169 1308 3254 1356 est
3301 1312 3435 1354 cum
3483 1294 3842 1351 meruissem

2128 1412 2272 1462 In
2307 1403 2427 1474 jam
2450 1399 2674 1456 diutino
2701 1396 2894 1453 labore
2934 1391 3108 1448 animi
3133 1390 3406 1460 quietem,
3455 1383 3842 1455 quinarium,

2124 1494 2225 1566 qui
2250 1493 2307 1548 in
2330 1488 2586 1548 externis
2598 1485 2861 1543 sensibus
2879 1499 2894 1552 ;
2912 1484 3160 1550 itemque
3182 1475 3520 1548 quinarium
3535 1469 3852 1528 sensuali—

2130 1583 2283 1648 tatis,
2325 1581 2425 1651 qui
2471 1578 2645 1634 etiam
2693 1571 2956 1630 vivacius
3005 1565 3390 1638 imaginaliter
3428 1561 3603 1619 menti
3655 1560 3850 1621 inest,

2130 1670 2286 1743 quod
2319 1649 2636 1736 utrumque
2681 1677 2785 1733 pro
2817 1661 3012 1716 decem
3058 1655 3284 1712 vicibus
3333 1649 3571 1721 intelligi
3622 1656 3850 1719 potest,

2135 1737 2479 1815 naturaliter
2509 1752 2744 1824 quidem
2773 1764 2902 1805 cum
2935 1747 3212 1804 rationem
3247 1744 3567 1812 impugnet,
3613 1752 3736 1793 non
3781 1737 3854 1791 in

2139 1859 2337 1918 pacem
2367 1841 2509 1900 mihi
2550 1840 2650 1896 sed
2681 1839 2737 1894 in
2774 1837 2925 1893 bella
2966 1832 3232 1900 mutavit,
3273 1830 3366 1886 sed
3408 1843 3521 1884 non
3571 1825 3856 1897 permisit

2137 1950 2269 1992 eum
2304 1935 2455 1988 Deus
2489 1937 2551 1987 ut
2590 1934 2816 1985 noceret
2846 1923 3011 1990 mihi,
3042 1922 3097 1978 id
3124 1929 3206 1978 est
3237 1933 3369 1976 cum
3408 1919 3480 1972 sit
3523 1913 3856 1972 essentiali-

2139 2031 2223 2080 ter
2256 2023 2406 2078 Deus
2435 2017 2850 2089 propriumque
2879 2014 2992 2068 Deo
3037 2011 3129 2078 sit,
3163 2017 3227 2066 ut
3257 2008 3329 2064 sit
3358 2005 3507 2076 pius,
3556 2004 3683 2074 ipsa
3733 2015 3858 2057 sua.

2140 2109 2420 2166 naturalis
2445 2106 2631 2178 gratia
2658 2118 2774 2158 non
2805 2102 2937 2156 sivit
2973 2113 3129 2164 eum,
3178 2099 3244 2152 ut
3286 2094 3592 2150 imminens
3643 2097 3856 2146 tenta-

2141 2199 2311 2257 tionis
2341 2195 2603 2267 praelium
2633 2189 2982 2262 permitteret
3027 2183 3171 2242 verti
3213 2185 3268 2239 in
3300 2181 3520 2239 exitum
3556 2179 3691 2236 mei.

2218 2312 2382 2368 Vens.
2417 2312 2469 2364 8.
2515 2337 2583 2348 —
2615 2306 2678 2361 Si
2715 2302 2933 2374 quando
2963 2301 3111 2354 dixit
3143 2313 3156 2352 :
3207 2298 3387 2352 Varie
3424 2299 3583 2349 erunt
3633 2309 3854 2348 merce-

2141 2402 2233 2456 des
2274 2405 2410 2464 tuz;
2456 2395 2742 2466 pariebant
2770 2405 2948 2447 omnes
2976 2391 3157 2444 varios
3185 2388 3350 2454 fetus.
3394 2383 3621 2450 Quando
3660 2388 3856 2436 autem

2142 2489 2462 2546 econtrario
2491 2488 2618 2540 ait:
2670 2481 2815 2538 Alba
2852 2494 3076 2550 quaque
3126 2477 3360 2544 accipies
3407 2488 3510 2544 pro
3563 2471 3850 2538 mercede;

2143 2593 2319 2634 omnes
2339 2577 2535 2648 {greges
2582 2572 2710 2627 alba
2754 2572 3098 2640 pepererunt.
3146 2564 3306 2632 Quod
3353 2570 3439 2618 est
3483 2561 3695 2627 dicere,
3739 2573 3862 2615 sua

2143 2646 2441 2735 originalis
2484 2659 2786 2716 clementia
2821 2671 2954 2713 eum
2998 2669 3134 2710 vero
3181 2649 3441 2708 cohibuit
3470 2663 3506 2705 a
3561 2646 3856 2712 nocendo,

2147 2755 2288 2825 quia
2305 2753 2351 2808 si
2381 2747 2836 2806 intellectualiter
2867 2742 3184 2813 aliquando
3229 2741 3287 2796 in
3335 2738 3547 2806 meipso
3597 2748 3866 2806 perme-

2147 2843 2338 2913 ipsum
2384 2838 2550 2905 dixit,
2598 2844 2662 2892 ut
2712 2834 3005 2890 varietatis
3039 2845 3179 2886 meae
3223 2825 3580 2884 instabilitati
3625 2838 3864 2894 cogno-

2148 2912 2690 2991 scendaainstarem,
2724 2923 2949 2992 hocque
2981 2919 3120 2975 mihi
3165 2919 3366 2974 datum
3423 2929 3523 2985 pro
3585 2912 3867 2969 mercede

2151 3028 2444 3090 putarem;
2469 3016 2547 3070 sic
2578 3026 2707 3070 mea
2735 3018 2867 3067 vota
2903 3007 3236 3077 complevit.
3277 3005 3332 3060 Si
3373 3001 3608 3074 quando
3655 3001 3867 3056 virtu-

2154 3110 2225 3166 tis
2262 3107 2516 3162 alborem
2567 3103 2686 3173 ipso
2741 3101 2990 3156 dictante
3044 3096 3307 3167 quaesivi,
3361 3091 3745 3163 cogitationes
3807 3097 3866 3144 et

2154 3193 2574 3254 motusinterni
2603 3190 2800 3246 eodem
2833 3185 3152 3258 opitulante
3176 3185 3342 3240 beata
3367 3195 3434 3237 ac
3479 3181 3610 3236 lata
3661 3178 3869 3234 studia

2155 3288 2560 3353 conceperant.

2229 3401 2400 3456 Vnus.
2436 3400 2490 3451 9.
2525 3427 2594 3435 —
2627 3395 2774 3449 Tulit
2806 3395 2948 3448 Deus
2986 3389 3349 3444 substantiam
3369 3386 3550 3455 patris
3589 3384 3792 3449 vestri,
3818 3389 3872 3436 et

2159 3489 2310 3544 dedit
2338 3488 2497 3552 mihi,
2528 3484 2583 3539 id
2629 3490 2712 3539 est
2750 3495 2784 3537 a
2831 3477 3216 3536 rationalitate
3261 3476 3351 3531 sui
3405 3474 3498 3529 cui
3557 3472 3869 3543 quondam

2161 3575 2570 3636 inserviebant,
2605 3571 2736 3627 tulit
2793 3568 3162 3633 intellectum,
3221 3563 3578 3627 memoriam,
3632 3575 3706 3616 ac
3757 3575 3876 3615 vo-

2162 3663 2442 3720 luntatem
2474 3661 2644 3726 Deus,
2692 3672 2822 3728 quae
2883 3669 3016 3712 vere
3073 3651 3396 3710 substantia
3443 3649 3624 3720 patris
3681 3649 3872 3704 vestri

2164 3751 2322 3808 haud
2343 3749 2583 3806 dubium
2613 3747 2756 3818 quin
2788 3744 2966 3815 ipsius
2988 3745 3138 3798 Deus
3165 3748 3280 3810 est;
3327 3746 3382 3795 et
3413 3737 3567 3794 dedit
3597 3736 3748 3792 mihi
3806 3751 3878 3792 ea

2166 3840 2344 3912 probe
2375 3846 2430 3895 et
2487 3837 2707 3893 utiliter
2749 3834 2884 3890 frui.
2937 3831 3145 3902 (Vens.
3211 3828 3320 3898 10.)
3367 3830 3662 3896 Postquam
3725 3829 3880 3880 enim

2167 3931 2448 3998 conceptus
2477 3928 2654 3982 ovium
2681 3929 2888 3992 tempus
2919 3920 3234 3982 advenerat,
3269 3918 3444 3972 levavi
3483 3915 3660 3970 oculos
3703 3930 3882 3979 meos,

2168 4022 2220 4072 et
2246 4015 2368 4071 vidi
2385 4016 2443 4068 in
2471 4014 2670 4068 somnis
2700 4009 3044 4065 ascendentes
3073 4019 3247 4060 mares
3279 4019 3442 4072 super
3486 4003 3748 4070 feminas,
3786 4018 3886 4054 va-

2167 4107 2302 4172 rios,
2346 4107 2396 4157 et
2425 4101 2742 4168 maculosos,
2777 4103 2826 4152 et
2855 4097 3190 4151 diversorum
3220 4093 3474 4159 colorum,
3515 4089 3570 4146 id
3599 4097 3685 4145 est
3735 4104 3884 4145 cum

2171 4193 2244 4251 ad
2296 4192 2404 4248 hoc
2467 4190 2588 4261 jam
2643 4187 2997 4258 proficerem.
3057 4190 3122 4239 ut
3195 4180 3462 4238 sterilitas
3538 4179 3885 4247 ineptorum

2117 4321 2129 4341 ο
2171 4281 2528 4353 cogitatuum
2558 4289 2872 4348 proponere
2899 4271 3198 4344 quidpiam
3251 4268 3544 4325 fructuose
3572 4265 3882 4335 deberent,

2171 4369 2330 4426 erexi
2361 4369 2434 4425 ab
2469 4365 2682 4422 inﬁmis
2711 4361 3051 4420 intentiones
3090 4373 3262 4425 meas,
3313 4365 3368 4414 et
3407 4354 3746 4412 dormiendo
3797 4354 3886 4410 fo-

2175 4459 2441 4517 rensibus
2468 4469 2535 4511 ac
2563 4451 2858 4524 vigilando
2888 4448 3230 4515 intrincesis,
3270 4445 3407 4513 vidi,
3441 4443 3596 4514 quod
3641 4451 3730 4498 est
3784 4445 3886 4498 in-

2174 4546 2386 4614 tellexi,
2418 4541 2874 4600 rationalitatum
2895 4537 3049 4594 vires
3075 4535 3346 4592 mollibus
3384 4531 3680 4588 desideriis
3726 4545 3805 4586 ac
3839 4532 3884 4586 si

2177 4649 2364 4694 mares
2393 4630 2616 4690 feminis
2643 4627 3028 4700 praesidentes,
3070 4633 3126 4681 et
3154 4623 3347 4680 varias
3392 4618 3717 4677 carnalium
3777 4619 3889 4674 mi-

2176 4723 2482 4787 seriarum,
2513 4717 3017 4788 spiritualiumque
3045 4711 3303 4770 maculas
3325 4709 3657 4766 indicantes.

2251 4829 2422 4887 Vnus.
2460 4830 2546 4882 ll.
2578 4854 2646 4868 —
2678 4826 2937 4892 Dixitque
2982 4821 3203 4888 angelus
3249 4820 3346 4872 Dei
3377 4816 3451 4870 ad
3495 4831 3596 4880 me,
3629 4814 3719 4870 vel
3783 4831 3890 4872 ra-

2181 4919 2258 4976 tio
2308 4916 2538 4982 scilicet,
2581 4913 2670 4969 vel
2711 4911 3020 4981 Scripturze
3063 4921 3270 4974 sermo,
3321 4908 3380 4958 in
3427 4905 3645 4969 somnis,
3684 4903 3892 4960 clauso

2183 5020 2319 5062 sane
2341 5018 2376 5060 a
2403 5001 2730 5060 visibilibus
2758 5000 2964 5055 obtutu
2988 4996 3177 5052 cordis
3213 5011 3226 5050 :
3271 4993 3432 5048 Iacob
3455 4995 3484 5046 ?
3529 4992 3722 5062 inquit
3753 5006 3766 5045 :
3810 4994 3890 5049 Ac

2185 5095 2230 5152 si
2265 5094 2452 5150 dicat:
2509 5089 2768 5148 Nominis
2817 5087 2901 5144 tui
2945 5091 3252 5152 memento,
3305 5090 3361 5140 et
3409 5081 3551 5138 vitia
3596 5081 3889 5151 supplan-

2187 5191 2324 5241 tato.
2359 5182 2430 5238 Et
2463 5179 2578 5246 ille,
2603 5179 2830 5242 Adsum,
2870 5177 2968 5242 ait,
3001 5175 3056 5230 id
3099 5180 3184 5230 est
3226 5185 3382 5228 cura:
3435 5169 3693 5226 interiori
3754 5184 3892 5240 prte-

2188 5281 2272 5330 sto
2319 5284 2468 5328 sum.
2537 5269 2734 5339 (Vens.
2797 5264 2907 5334 l2.)
2963 5265 3128 5329 Leva,
3197 5259 3406 5331 inquit,
3457 5259 3654 5314 oculos.
3723 5257 3890 5324 Quod

2188 5360 2455 5430 superius
2481 5356 2806 5427 expositum
2840 5360 2944 5409 est.
2977 5353 3046 5408 Et
3079 5357 3163 5408 est
3192 5363 3396 5406 sensus
3423 5363 3434 5402 :
3467 5347 3626 5412 Quod
3658 5347 3889 5403 interna

2191 5449 2411 5506 visione
2448 5446 2614 5518 quasi
2649 5443 2706 5498 in
2745 5441 2960 5498 somnis
3003 5440 3280 5506 videram,
3315 5437 3422 5492 hoc
3455 5435 3888 5506 Scripturarum

429 5525 502 5540 ωσι
521 5525 565 5539 σν
617 5525 740 5536 VV‘V"
762 5525 778 5532 '
810 5525 902 5546 ³⁷⁷*
918 5525 943 5528 ﬁ
1281 5525 1304 5533 ν

389 5525 675 5642 vocatque
706 5580 805 5638 per
857 5557 1158 5632 praemium
1193 5547 1709 5621 contemplationis,
1740 5551 1796 5600 et
1849 5541 2090 5599 actionis
2196 5537 2402 5594 nuntio
2423 5537 2491 5591 de
2514 5533 2796 5590 levatione
2825 5531 3146 5594 oculorum,
3193 5535 3250 5583 et
3277 5525 3347 5582 de
3384 5525 3636 5581 marium
3686 5539 3890 5584 ascen-

1767 5631 1846 5642 ο-..
2202 5624 2345 5642 ,ε-η-
2392 5621 2550 5642 121:-z
2602 5627 2935 5642 ---ι.-.υ.,..-,.
2963 5625 3183 5642 ιιι-..ιιιηιι
3228 5616 3740 5642 17:):4....'mnm...°-
3781 5633 3890 5642 Α-..-

391 5631 595 5727 usum,
666 5631 732 5712 ut
785 5631 1019 5708 redeant
1090 5643 1149 5700 in
1216 5635 1558 5710 sptiritualis
1591 5631 1846 5691 exercitii
1877 5642 2086 5701 agrum

2195 5624 2353 5682 sione
2383 5621 2576 5689 didici,
2597 5627 2937 5689 certumque
2963 5625 3207 5674 teneam.
3228 5616 3384 5673 Vidit
3403 5617 3545 5670 enim
3556 5617 3742 5670 omnia
3777 5633 3891 5686 qua
