3972 6396
187 407 339 461 H77

1173 408 1747 465 DEFLORATIONES
1788 408 1884 463 SS.
1926 409 2221 465 PATRUM.
2254 441 2326 451 —
2360 412 2487 466 LIB.
2532 414 2602 469 ll.

3394 418 3528 473 1178

183 529 338 585 nihil
393 531 623 589 factum
653 543 738 592 est
793 536 925 592 tale.
967 536 1126 606 Quod
1183 537 1229 592 si
1261 535 1410 590 fieret
1449 543 1502 590 et
1538 543 1828 606 utrumque
1857 535 1908 594 A
1942 535 2042 589 sibi
2071 535 2217 607 quod
2249 551 2348 591 sua
2379 537 2708 610 cogitatione
2733 539 2972 611 respicit,
2999 539 3162 595 modo
3190 539 3331 611 quod
3353 541 3530 597 oculis

187 619 373 675 simul
411 620 609 690 ﬁeret,
667 625 825 680 simul
859 635 1148 698 utrumque
1198 635 1360 680 totam
1389 625 1594 695 pariter
1625 639 1729 678 non
1761 624 1838 678 la-

188 715 381 764 teret.
432 712 692 770 Proinde
751 723 805 769 et
834 716 887 769 in
936 715 1187 771 omnibus
1226 713 1383 769 simul
1416 722 1468 768 et
1497 713 1550 767 in
1606 713 1837 783 singulis

192 807 528 878 particulis
560 812 814 882 corporis
870 811 953 866 sui
982 820 1095 866 tota
1126 811 1282 866 simul
1314 828 1435 866 esse
1460 827 1572 864 non
1604 817 1789 881 posset
1821 828 1835 875 ;

193 896 249 950 si
302 913 420 968 per
465 899 599 953 illas
640 900 715 954 ita
771 898 1183 965 diffunderetur,
1226 909 1284 955 ut
1322 899 1567 954 videmus
1605 913 1840 968 corpora

194 984 425 1041 diffusa
461 1004 574 1058 per
603 989 778 1058 spatia
818 989 1057 1045 locorum
1096 989 1396 1045 minoribus
1427 989 1538 1043 suis
1593 988 1838 1059 partibus

194 1085 440 1149 majora
503 1101 781 1156 occupare
827 1092 880 1141 et
922 1087 1278 1158 amplioribus
1315 1087 1600 1158 ampliora.
1650 1087 1838 1141 Latum

196 1182 292 1228 est
326 1174 558 1229 animae
589 1176 997 1246 quodammodo
1029 1177 1389 1244 cogitationes
1421 1175 1840 1247 apprehendere

199 1271 253 1316 et
276 1279 395 1332 per
414 1264 758 1334 obsequium
783 1264 983 1336 lingum
1023 1267 1259 1320 motione
1292 1265 1514 1318 volubili
1546 1265 1836 1319 disserere.

199 1361 265 1413 In
299 1375 575 1430 corpore
605 1362 779 1430 pesita
802 1378 964 1431 quam
986 1362 1152 1416 multa
1179 1364 1370 1429 cernit,
1403 1380 1431 1415 a
1469 1380 1526 1416 se
1558 1379 1662 1417 non
1695 1380 1840 1433 egre-

199 1449 381 1504 diens
419 1467 595 1520 quam
626 1450 838 1504 diversa
870 1451 1257 1520 circumspicit.
1297 1453 1505 1523 Ubique
1536 1453 1691 1522 quasi
1723 1453 1839 1505 dis-

199 1538 507 1604 tenditur,
575 1547 629 1593 et
667 1540 864 1593 animae
930 1540 1048 1595 fieri
1085 1541 1350 1594 discessio
1403 1558 1509 1594 non
1549 1542 1832 1610 probatur.

202 1635 524 1700 Movetnr,
547 1633 800 1703 erigitur,
821 1635 1068 1689 fluctuari
1087 1636 1460 1705 cognoscitur,
1480 1643 1531 1688 et
1561 1635 1612 1688 in
1643 1652 1702 1688 se
1725 1635 1841 1705 ipsa

203 1731 508 1794 tanquam
564 1723 618 1776 in
651 1737 854 1795 magno
911 1739 1139 1778 currens
1181 1724 1351 1793 spatio
1383 1733 1728 1793 pervagatur.
1763 1724 1841 1779 Ad

208 1827 439 1868 causas
492 1826 603 1866 non
646 1811 774 1878 exit,
815 1811 911 1866 sed
965 1811 1281 1868 tractatibus
1319 1812 1432 1867 suis
1489 1821 1842 1884 repraesentat

1945 626 2258 680 carnalibus
2286 626 2440 693 vidit,
2506 629 2670 683 modo
2701 629 2848 698 quod
2879 629 3270 701 imaginatione
3309 631 3530 699 phanta-

1946 713 2083 768 stica
2123 715 2396 785 concepit.
2443 717 2597 772 llanc
2635 717 2865 787 proinde
2902 717 3236 787 Spiritualem
3273 719 3532 774 substan-

1946 810 2075 864 tiam
2115 811 2414 882 probabilis
2481 821 2534 866 et
2574 813 2826 868 absoluta
2891 814 3022 868 ratio
3060 813 3364 880 confitetur,
3409 817 3532 888 quia

1947 899 2074 954 dum
2106 899 2289 955 omnia
2318 901 2624 972 corporalia
2654 903 2825 958 tribus
2877 903 3190 958 noverimus
3218 903 3376 959 lineis
3403 921 3535 962 con-

1948 987 2109 1044 tineri
2177 988 2531 1061 longitudine,
2599 990 2902 1057 latitudine,
2963 991 3350 1062 profunditate,
3401 994 3533 1049 nihil

1947 1084 2052 1139 tale
2084 1085 2135 1138 in
2163 1085 2344 1140 anima
2373 1086 2635 1156 probatur
2688 1087 2942 1158 reperiri.
2981 1087 3189 1143 Deinde
3218 1090 3364 1160 quod
3403 1105 3531 1146 cor-

1945 1173 2067 1244 pori
2102 1175 2326 1236 sociata.
2359 1175 2605 1245 quamvis
2633 1175 2806 1246 ipsius
2836 1177 2977 1231 mole
2993 1186 3384 1248 praegravatur,
3407 1179 3532 1249 epi-

1947 1264 2139 1316 niones
2164 1279 2345 1316 rerum
2369 1263 2601 1318 sollicita
2649 1265 2962 1320 curiositate
2987 1266 3269 1336 perpendit
3289 1267 3532 1323 caelestia

1947 1360 2215 1430 profunde
2261 1362 2482 1432 cogitat,
2536 1362 2805 1416 naturalia
2843 1362 3024 1415 subtili
3056 1362 3398 1432 indagatione
3442 1365 3530 1418 in-

1948 1450 2181 1521 vestigat
2247 1458 2299 1503 et
2365 1451 2432 1503 de
2470 1450 2588 1518 ipso
2654 1450 2798 1521 quod
2863 1451 3143 1506 conditore
3207 1468 3305 1506 suo
3364 1452 3533 1508 ardua

1949 1554 2112 1592 nosse
2143 1538 2440 1592 desiderat.
2487 1539 2648 1607 Quod
2705 1539 2750 1592 si
2790 1547 2934 1593 esset
2971 1539 3291 1609 corporalis,
3332 1541 3532 1612 cogita-

1948 1636 2186 1690 tionibus
2253 1637 2365 1690 suis
2403 1635 2705 1706 spiritualia
2767 1653 2866 1693 nec
2905 1645 3153 1693 cerneret
3204 1638 3390 1709 utique
3428 1654 3534 1695 nec

1951 1724 2185 1782 videret.

1102 2121 1717 2225 DOMINICA
1762 2119 2231 2225 DECIMA
2287 2121 2673 2225 NONA.

1464 2364 1853 2430 Secundum
1890 2365 2308 2430 Matthaeum.

301 2576 326 2601 ι
368 2551 712 2609 Ascendens
749 2552 908 2607 Jesus
939 2551 992 2606 in
1025 2551 1350 2615 naviculam,
1380 2551 1754 2606 transfretavit
1790 2561 1841 2607 et
1872 2551 1922 2610 Β
1954 2553 2203 2624 corporis
2234 2560 2550 2625 gravantur,
2582 2559 2640 2608 ut
2669 2553 2770 2608 Job
2816 2560 2869 2608 et
2916 2553 3113 2608 Tobias
3160 2561 3212 2609 et
3242 2561 3535 2625 martyres,

221 2643 390 2697 venit
424 2642 483 2696 in
511 2641 785 2697 civitatem
805 2657 954 2694 suam
979 2641 1196 2702 (Matth.
1236 2643 1329 2708 ix).
1359 2641 1634 2694 nChristus
1655 2641 1849 2696 Eccle-

223 2730 330 2786 siae
359 2746 570 2785 navem
613 2745 832 2799 semper
853 2729 1194 2800 mitigaturus
1217 2729 1432 2783 ﬂuctum
1456 2729 1636 2783 saeculi
1663 2738 1846 2784 trans-

225 2821 451 2884 cendit,
488 2827 546 2872 ut
579 2818 868 2874 credentes
897 2817 950 2870 in
983 2834 1041 2872 se
1073 2818 1139 2871 ad
1173 2818 1450 2872 cmlestem
1475 2818 1850 2888 patriamtran-

233 2918 424 2990 quilla
445 2916 794 2989 navigatione
824 2916 1106 2986 perducat.
1140 2917 1355 2970 Marcus
1386 2915 1435 2969 in
1467 2917 1844 2986 Capliarnaum

232 3009 447 3076 (Marc.
487 3006 570 3075 ll),
624 3005 907 3059 Matthteus
956 3003 1008 3058 in
1040 3004 1252 3059 civitate
1283 3019 1398 3071 sua,
1427 3005 1710 3058 Dominum
1743 3020 1845 3059 cu-

230 3113 403 3152 rasse
449 3094 807 3166 paralyticum
833 3100 1083 3147 narrant.
1143 3092 1277 3160 Quae
1317 3093 1540 3164 quaestio
1581 3093 1847 3148 difﬁcilius

235 3185 584 3251 solveretur,
616 3182 661 3236 si
717 3183 1000 3236 Matthzeus
1031 3183 1334 3236 nominaret
1363 3183 1650 3236 Narareth.
1691 3183 1848 3238 Nunc

235 3298 381 3353 ergo
417 3281 542 3354 quis
572 3280 776 3335 dubitet
799 3281 1174 3350 Caphrnaum
1207 3279 1374 3335 fuisse
1413 3279 1681 3335 civitatem
1741 3281 1847 3333 Do-

234 3371 407 3437 mini,
443 3385 607 3441 quam
638 3385 747 3424 non
784 3368 1066 3423 nascendo
1093 3367 1190 3423 sed
1221 3367 1504 3422 miraculis
1531 3367 1848 3423 illustrando

239 3477 409 3515 suam
441 3459 664 3515 fecerat.
709 3457 956 3529 Denique
1004 3456 1058 3510 in
1095 3456 1499 3528 comparatione
1537 3461 1848 3511 exterarum

239 3550 551 3620 regionum
608 3555 753 3602 recte
805 3546 1102 3612 diceretur,
1179 3546 1540 3617 quodcunque
1591 3546 1849 3616 oppidum

245 3647 506 3702 Galiliete
535 3643 768 3700 civitatis
790 3642 1023 3707 Domini,
1058 3658 1126 3696 ne
1162 3641 1290 3696 dum
1330 3643 1700 3711 Capharnum,
1731 3658 1850 3713 quae

243 3735 326 3790 ita
366 3733 677 3790 excellebat
731 3733 786 3786 in
844 3731 1067 3787 Galilaea
1105 3734 1165 3785 ut
1222 3739 1478 3802 tanquam
1525 3731 1850 3802 metropolis

244 3824 576 3880 haberetur.

1957 2651 2047 2697 aut
2075 2641 2140 2696 ad
2172 2642 2470 2698 custodiam
2501 2641 2773 2709 virtutum,
2819 2659 2888 2697 ne
2938 2643 3274 2712 superbiant,
3307 2652 3363 2698 ut
3395 2645 3540 2698 Pau-

1957 2729 2067 2795 lus,
2093 2730 2182 2800 qui
2215 2732 2288 2785 ait
2318 2747 2330 2784 :
2373 2754 2395 2779 α
2430 2731 2512 2786 Ne
2549 2731 2868 2800 magnitudo
2900 2731 3289 2787 revelationum
3323 2731 3544 2787 extollat

1955 2834 2063 2885 me,
2093 2819 2252 2873 datus
2309 2827 2392 2874 est
2423 2820 2554 2874 mihi
2615 2819 2861 2874 stimulus
2912 2819 3094 2875 carnis
3151 2837 3286 2876 mea:
3313 2819 3545 2891 angelus

1959 2916 2174 2971 Satanae
2203 2924 2259 2971 ut
2282 2933 2370 2972 me
2398 2915 2698 2988 colaphizet
2739 2918 2812 2986 (If
2836 2916 2961 2971 Cor.
2988 2919 3148 2985 xu)»
3192 2921 3299 2972 Aut
3325 2919 3391 2972 ad
3414 2933 3545 2974 cor-

1959 3004 2190 3074 rigenda
2219 3014 2460 3074 peccata,
2495 3005 2632 3060 sicut
2669 3005 2835 3060 Maria
2887 3020 3045 3060 soror
3063 3008 3247 3060 Aaron
3277 3005 3327 3058 in
3361 3021 3546 3061 eremo

1955 3093 2024 3148 ob
2057 3093 2224 3147 verba
2255 3093 2570 3147 temeritatis
2600 3109 2856 3163 percussa
2906 3099 2992 3148 est
3022 3093 3190 3160 lepra,
3233 3101 3285 3148 et
3322 3094 3544 3163 paraly-

1957 3181 2095 3236 licus
2132 3180 2233 3234 iste
2272 3189 2366 3235 aut
2402 3181 2472 3235 ad
2527 3180 2759 3253 gloriam
2802 3181 2902 3236 Dei
2952 3181 3232 3246 salvantis,
3292 3180 3407 3236 sive
3444 3198 3544 3251 per

1955 3279 2131 3350 ipsum
2162 3279 2277 3332 sive
2306 3293 2403 3348 per
2433 3277 2666 3332 famulos
2697 3293 2846 3346 suos,
2879 3277 3016 3332 sicut
3045 3293 3226 3332 cmcus
3257 3284 3414 3332 natus
3454 3278 3544 3349 qui

1957 3381 2065 3420 non
2104 3366 2366 3436 peccavit,
2410 3381 2513 3422 nec
2549 3374 2810 3436 parentes
2848 3365 2990 3434 ejus,
3031 3365 3128 3420 sed
3158 3373 3213 3419 ut
3240 3365 3548 3420 manifesta-

1958 3462 2142 3510 rentur
2179 3469 2348 3524 opera
2395 3455 2498 3508 Dei
2526 3454 2581 3508 in
2618 3454 2713 3508 illo
2743 3456 2926 3524 (Joau.
2961 3455 3102 3522 ix).-
3137 3454 3371 3509 Lazarus
3400 3469 3544 3525 quo-

1958 3556 2062 3612 que
2100 3540 2258 3609 cujus
2296 3537 2588 3593 infirmitas
2640 3555 2748 3594 non
2805 3537 2903 3593 fuit
2932 3539 3000 3592 ad
3040 3547 3292 3604 mortem,
3335 3539 3431 3593 sed
3488 3546 3544 3594 ut

1959 3635 2295 3707 gloriﬁcatur
2335 3637 2500 3692 Filius
2540 3637 2639 3692 Dei
2677 3652 2778 3707 per
2816 3653 2939 3691 eum
2969 3637 3154 3706 (Joan.
3187 3640 3281 3702 XI),
3332 3644 3423 3690 aut
3477 3636 3548 3692 ad

1959 3726 2363 3782 inchoationem
2391 3725 2754 3780 damnationis
2799 3734 3015 3780 aeternae
3047 3742 3061 3779 :
3096 3725 3238 3796 quod
3281 3725 3548 3794 reprobo-

1961 3831 2080 3870 rum
2113 3822 2194 3869 est
2223 3815 2518 3885 preprium,
2547 3815 2685 3869 sicut
2714 3814 3010 3869 Antiochus
3057 3821 3107 3868 et
3146 3813 3414 3879 Herodes,
3456 3813 3548 3884 qui

328 3937 352 3961 α
387 3913 460 3966 Ει
489 3926 618 3967 ecce
647 3917 886 3982 quatuor
911 3908 1012 3963 viri
1037 3915 1311 3979 portantes
1331 3908 1383 3962 in
1404 3907 1546 3964 lecto
1574 3907 1850 3963 hominem
1879 3906 1926 3969 C
1957 3903 2314 3960 aﬂlictionum
2345 3902 2564 3958 miseria
2605 3903 2982 3967 ostenderunt,
3026 3901 3154 3974 quid
3194 3901 3406 3972 passuri
3453 3917 3546 3956 es-

246 4003 344 4074 qui
380 4008 502 4056 erat
530 3999 885 4071 paralyticus,
945 4006 998 4053 et
1027 3997 1344 4070 qurerebant
1372 4013 1494 4052 eum
1534 3996 1758 4059 inferre.
1801 4005 1853 4052 et

246 4107 467 4163 ponere
499 4097 623 4144 ante
650 4091 864 4144 Jesum.
931 4088 992 4142 Et
1032 4103 1140 4141 non
1179 4086 1516 4141 invenientes
1555 4102 1668 4158 qua
1699 4090 1851 4157 parte

249 4195 386 4236 cum
417 4178 681 4234 inferrent
718 4193 830 4249 pra}
862 4176 1031 4242 turba,
1064 4176 1430 4232 ascenderunt
1458 4191 1624 4246 supra
1653 4184 1852 4233 tectum

251 4287 308 4333 et
346 4293 454 4349 per
490 4275 703 4348 tegulas
769 4273 1140 4328 submiserunt
1205 4273 1356 4327 illum
1411 4289 1532 4328 cum
1601 4272 1744 4328 lecto
1797 4273 1853 4328 in

251 4367 502 4423 medium
534 4374 660 4420 ante
685 4365 901 4420 Iesum.
941 4362 1182 4431 Quorum
1216 4361 1375 4417 fidem
1407 4370 1462 4416 ut
1490 4361 1641 4427 vidit,
1671 4362 1804 4416 dixit
1837 4377 1848 4416 :

253 4454 514 4520 Confide,
556 4451 654 4518 fili,
695 4451 1042 4508 remittuntur
1069 4451 1163 4505 tibi
1201 4458 1422 4520 peccata
1465 4458 1583 4506 tua.
1625 4474 1648 4501 ι
1684 4453 1854 4506 Para-

251 4543 488 4617 lyticum
521 4558 682 4614 quem
740 4540 946 4595 sanavit
973 4555 1083 4595 non
1138 4555 1238 4610 pro
1269 4554 1366 4594 sua
1395 4537 1500 4594 fide
1529 4554 1652 4595 cum
1683 4555 1852 4595 sensu

257 4649 500 4707 careret,
570 4640 667 4695 sed
705 4654 808 4710 pro
871 4637 974 4693 fide
1012 4636 1354 4692 offerentium
1412 4637 1628 4691 vocavit
1666 4637 1851 4703 filium,

256 4731 388 4788 ideo
419 4729 548 4802 quia
603 4728 826 4782 dimissa
859 4736 982 4781 sunt
1037 4726 1086 4780 ei
1117 4729 1343 4796 peccata
1371 4741 1496 4780 sua.
1533 4726 1852 4781 Intuendum

263 4828 528 4892 quantum
562 4817 710 4872 valet
739 4815 875 4870 fides
907 4815 1150 4886 propria,
1183 4814 1225 4868 si
1281 4821 1483 4868 tantum
1515 4815 1681 4869 valuit
1717 4813 1853 4869 alie-

257 4926 353 4965 na.
387 4907 490 4978 Qui
523 4922 658 4978 ergo
689 4913 922 4977 peccato
953 4913 1236 4976 gravatur,
1263 4903 1521 4957 adhibeat
1549 4903 1855 4959 Ecclesium

261 5022 388 5078 qua:
417 5019 516 5074 pro
546 5018 612 5058 eo
643 5008 917 5073 precetur.
958 4999 1056 5055 llic
1098 4999 1258 5054 datur
1287 4999 1516 5069 intelligi
1568 4998 1855 5070 plerasque

260 5107 551 5164 corporum
607 5090 917 5145 debilitates
973 5089 1193 5143 evenire
1232 5096 1458 5158 propter
1502 5097 1752 5158 peccata.
1789 5089 1855 5141 Et

261 5183 391 5238 ideo
432 5180 676 5236 forsitam
731 5178 885 5250 prius
914 5177 1258 5232 dimittuntur
1288 5184 1534 5247 peccata.
1563 5184 1621 5230 ut
1675 5178 1856 5231 causis

1962 4011 2080 4058 sent
2109 4009 2378 4073 perpetuo
2397 3999 2450 4054 in
2475 4001 2747 4072 gehenna.
2781 3998 2992 4068 Quibus
3013 3999 3266 4070 congruit
3285 3998 3412 4053 illud
3435 4015 3552 4069 pro

1961 4091 2142 4162 pheta:
2185 4109 2199 4146 :
2248 4113 2268 4137 «
2312 4088 2526 4161 Duplici
2581 4089 2906 4145 contritione
2963 4095 3182 4144 contere
3238 4102 3338 4143 nos
3412 4088 3546 4158 (Jer.

1960 4180 2118 4246 xvtt).
2147 4201 2168 4228 ιο

2041 4294 2061 4317 ει
2101 4271 2166 4324 Et
2185 4275 2467 4340 coeperunt
2487 4267 2729 4338 cogitare
2760 4265 2964 4322 Scriba!
2991 4273 3045 4321 et
3075 4265 3339 4321 Pharisaei
3361 4265 3551 4322 dicen-

1962 4375 2044 4423 tes
2087 4383 2100 4421 :
2143 4365 2278 4434 Quis
2307 4369 2390 4420 est
2421 4364 2509 4421 hic
2538 4364 2627 4434 qui
2660 4363 2900 4436 loquitur
2957 4362 3328 4435 blasphemias
3362 4365 3389 4416 εἴ
3420 4362 3554 4432 Quis

1962 4463 2142 4528 potest
2170 4454 2446 4508 dimittere
2484 4461 2711 4523 peccata
2740 4452 2844 4507 nisi
2875 4452 3025 4506 solus
3057 4454 3205 4507 Deus
3235 4455 3262 4506 ‘I
3296 4474 3318 4499 »ι
3355 4452 3555 4506 Verum

1964 4546 2148 4600 dicunt
2173 4541 2380 4598 Scribae
2401 4541 2528 4612 quia
2551 4541 2665 4611 ipse
2687 4541 2834 4596 solus
2853 4548 3033 4611 potest
3051 4541 3327 4595 dimittere
3347 4538 3436 4609 qui
3458 4554 3557 4608 per

1968 4649 2063 4689 eos
2093 4647 2312 4703 quoque
2371 4630 2584 4684 dimittit
2620 4630 2816 4700 quibus
2873 4636 3196 4698 potestatem
3255 4627 3555 4682 dimittendi

1968 4728 2184 4783 tribuit.
2218 4726 2486 4780 Putabant
2517 4725 2805 4779 Dominum
2839 4724 3217 4794 blasphemare
3248 4723 3560 4795 arrogando

1967 4816 2075 4872 sibi
2097 4815 2240 4888 quod
2273 4813 2372 4869 Dei
2411 4822 2513 4880 est,
2555 4813 2650 4869 sed
2680 4829 2869 4868 eorum
2908 4811 3271 4884 cOgitationes
3303 4811 3558 4866 revelan-

1970 4905 2042 4961 do
2079 4913 2132 4960 et
2170 4904 2330 4976 signo
2360 4902 2560 4958 visibili
2592 4902 2735 4974 quod
2766 4909 2975 4956 constat
3001 4916 3213 4971 tequum
3244 4900 3440 4955 divinas
3463 4915 3560 4970 po-

1970 4995 2155 5050 tentiae
2186 5009 2312 5048 esse
2349 4992 2488 5047 sicut
2522 4999 2748 5062 peccata
2803 4989 3074 5045 dimittere
3106 4988 3282 5045 Deum
3329 5005 3388 5044 se
3435 5004 3560 5044 esse

1963 5083 2202 5156 judicat.

2043 5196 2063 5218 υ
2101 5172 2166 5226 Et
2204 5185 2328 5225 cum
2368 5168 2715 5240 cognovisset
2745 5168 2903 5222 Jesus
2959 5166 3316 5238 cogitationes
3347 5181 3558 5232 eorum,

261 5269 561 5327 debilitatis
592 5267 790 5322 ablatis
835 5267 1041 5321 sanitas
1072 5265 1408 5320 restituatur.
1439 5265 1574 5320 Hinc
1605 5273 1684 5320 est
1713 5265 1856 5335 quod
1886 5271 1939 5332 D
1970 5259 2322 5330 respondens
2351 5257 2485 5312 dixit
2513 5257 2582 5312 ad
2631 5256 2754 5311 illos
2785 5273 2800 5310 :
2861 5255 3004 5324 Quid
3052 5255 3298 5321 cogitatis
3327 5253 3470 5308 mala
3506 5253 3559 5308 in

262 5352 353 5406 hic
385 5347 714 5421 paralyticus
743 5347 798 5400 in
846 5347 991 5401 Luca
1022 5352 1247 5400 vocatur
1275 5345 1440 5400 homo
1471 5345 1632 5416 quasi
1665 5361 1866 5416 pecca-

261 5448 350 5496 tor
390 5439 550 5508 (Luc.
585 5436 661 5504 v),
704 5443 756 5489 et
821 5435 929 5489 alio
969 5433 1266 5505 paralytico
1305 5433 1372 5487 ad
1413 5434 1676 5504 piscinam
1715 5433 1858 5488 dici-

263 5537 395 5583 tur:
438 5548 459 5575 ι
502 5525 646 5578 Ecce
677 5539 837 5577 sanus
867 5523 1040 5578 factus
1073 5538 1153 5585 es,
1201 5521 1310 5587 jam
1353 5521 1466 5576 noli
1498 5536 1749 5592 peccare,
1792 5537 1860 5576 ne

262 5616 506 5672 deterius
537 5612 634 5665 tibi
665 5611 867 5682 aliquid
899 5611 1177 5680 contingat
1212 5608 1411 5676 (Joan.
1449 5613 1526 5678 v).
1563 5635 1583 5657 η
1609 5609 1860 5679 Quinque

264 5723 441 5769 autem
468 5716 594 5764 sunt
626 5707 942 5764 difierentize
974 5721 1284 5766 causarum,
1319 5722 1419 5775 pro
1451 5707 1644 5778 quibus
1675 5706 1725 5758 in
1757 5707 1862 5761 hac

265 5804 375 5858 vita
404 5794 680 5855 molestiis
712 5795 1083 5867 corporalibus
1114 5791 1426 5863 affligimur.
1461 5797 1565 5848 Aut
1592 5793 1737 5848 enim
1789 5793 1860 5848 ad

261 5890 458 5950 merita
515 5885 770 5954 augenda
821 5900 928 5956 per
995 5879 1307 5955 patientiam
1355 5881 1491 5954 justi
1547 5879 1861 5939 infirmitate

1976 5348 2236 5405 cordibus
2266 5347 2461 5402 vestris
2489 5347 2517 5399 ‘I
2556 5344 2685 5417 quid
2725 5354 2807 5399 est
2838 5344 3047 5399 facilius
3087 5344 3270 5398 dicere
3314 5358 3326 5395 :
3369 5343 3565 5397 Dimit—

1970 5445 2155 5492 tuntur
2186 5436 2280 5489 tibi
2314 5443 2556 5506 peccata,
2615 5449 2683 5488 an
2725 5434 2932 5488 dicere.
2983 5434 3161 5502 Surge
3200 5440 3250 5486 et
3281 5431 3499 5485 ambula
3536 5433 3565 5486 ?

1967 5528 2037 5583 Ut
2092 5533 2269 5579 autem
2331 5523 2516 5578 sciatis
2582 5522 2707 5594 quia
2747 5521 2913 5576 Filius
2953 5522 3187 5576 hominis
3243 5528 3566 5590 potestatem

1968 5615 2133 5670 habet
2192 5613 2244 5665 in
2278 5621 2423 5665 terra
2454 5611 2726 5666 dimittere
2783 5618 3028 5681 peccata,
3087 5617 3213 5663 tunc
3243 5610 3314 5663 ait
3344 5609 3568 5679 paraly-

1972 5705 2080 5758 tico
2113 5719 2125 5754 :
2158 5701 2273 5755 Tibi
2315 5700 2438 5754 dico
2473 5717 2485 5752 :
2522 5700 2723 5769 Surge,
2759 5698 2886 5753 tolle
2917 5697 3118 5754 lectum
3142 5706 3312 5767 tuum,
3346 5705 3398 5752 et
3428 5698 3569 5753 vade

1971 5793 2026 5847 in
2056 5791 2274 5846 domum
2308 5796 2482 5845 tuam.
2527 5811 2548 5835 ιι
2605 5789 2795 5844 Utrum
2839 5787 2944 5841 sint
3000 5787 3297 5860 paralytico
3342 5794 3571 5856 peccata

1970 5879 2193 5936 dimissa
2222 5877 2371 5934 solus
2399 5884 2629 5934 noverat
2660 5876 2752 5949 qui
2781 5875 3110 5934 dimittebat.
3179 5876 3414 5948 Surgere
3472 5889 3568 5930 au-
