3972 6402
400 385 541 444 11⁸79

1547 375 1886 435 WERNERI
1923 371 2209 431 ABBATIS
2249 372 2306 430 S.
2348 370 2567 429 BLASII

3564 369 3698 427 1180

404 547 515 597 tem
542 544 597 596 et
626 537 915 596 ambulare
944 535 1291 593 manifestum
1320 538 1435 590 erat
1461 530 1715 589 omnibus
1732 527 1824 600 qui
1843 526 2001 584 vide-
2027 498 2084 561 Α
2117 511 2191 567 οε
2213 524 2274 567 ⁸ο
2287 509 2422 583 (Ιαίά
2451 509 2528 566 δεῖ
2552 506 2876 600 154633344
2896 503 3308 600 ςρρξξιξεῇάεί,
3338 507 3397 562 ϐε
3422 503 3491 561 ἀϐ
3524 502 3702 561 tribu:

408 630 563 685 bant.
603 628 687 684 Fit
714 628 883 701 igitur
913 625 1129 682 visibile
1158 624 1377 697 signum
1432 629 1491 678 ut
1518 619 1783 692 probetur
1810 615 2008 673 invisi-

410 719 540 775 bile.
572 719 795 774 Lectum
824 714 954 772 tolle
984 723 1040 771 ut
1070 714 1218 788 quod
1247 713 1346 769 fuit
1372 709 1742 767 testimonium
1771 705 2008 763 inﬁrmi-

410 817 535 872 tatis
565 817 638 872 sit
663 815 913 887 probatio
944 813 1223 870 sanitatis.

485 926 507 953 α
535 907 605 962 Ut
633 913 812 961 autem
847 903 1055 971 sciatis,
1095 925 1116 950 »ι
1141 909 1254 958 etc.
1296 915 1475 973 usque
1504 898 1632 955 illuc
1656 915 1669 952 :
1696 919 1719 944 α
1745 896 1818 952 ait
1848 909 2013 967 para-

412 992 577 1066 lytico
602 1012 617 1058 ;
645 1015 669 1044 ο
703 994 871 1050 verba
894 1000 1018 1048 sunt
1040 989 1415 1064 evangelista),
1446 988 1600 1059 quasi
1625 986 1772 1043 dicat
1792 983 2007 1041 lectori-

409 1098 511 1153 bus
533 1094 817 1170 Evangelii
844 1115 855 1152 :
890 1092 978 1151 Illi
1007 1094 1431 1151 murmurahant
1458 1090 1527 1147 de
1558 1091 1662 1145 hoc
1692 1087 1833 1161 quod
1856 1086 2012 1142 dixe-

406 1195 528 1242 rat:
565 1210 587 1235 σι
625 1185 982 1241 Dimittuntur
1010 1183 1108 1239 tibi
1137 1189 1402 1255 peccata;
1442 1204 1463 1228 ιι
1498 1177 1596 1235 sed
1628 1193 1732 1249 ego
1763 1175 1887 1233 dico
1907 1191 2010 1231 vo—

412 1276 498 1332 bis
527 1291 650 1331 eum
684 1274 890 1330 dixisse
920 1273 1218 1346 paralytico
1243 1290 1258 1328 :
1280 1294 1301 1321 ιι
1328 1272 1561 1343 Surge,»
1586 1276 1645 1323 ut
1664 1283 1761 1339 per
1775 1263 2015 1321 sanatio-

414 1389 541 1430 nem
574 1372 696 1443 ejus
714 1371 912 1429 sciatis
938 1371 1064 1443 quia
1085 1369 1249 1427 Filius
1268 1368 1527 1433 hominis,
1550 1373 1604 1422 et
1637 1373 1772 1421 tunc
1799 1362 2011 1425 habuit,

411 1468 465 1519 et
519 1461 687 1517 habet
716 1466 1046 1531 potestatem
1074 1457 1377 1513 dimittendi
1405 1461 1649 1527 peccata.
1691 1452 1789 1507 Vel
1843 1450 2015 1507 verba

413 1549 611 1607 Christi
644 1558 871 1622 possunt
926 1564 1051 1605 esse
1080 1548 1206 1603 ita:
1258 1548 1368 1601 Vos
1398 1542 1652 1611 cositatis
1706 1540 1849 1613 quod
1906 1554 2013 1594 non

409 1648 616 1721 possim
646 1648 925 1703 dimittere
954 1651 1206 1716 peccata,
1239 1643 1336 1699 sed
1369 1651 1422 1698 ut
1474 1640 1660 1697 sciatis
1690 1639 1818 1711 quia
1846 1636 2014 1693 Filius

410 1738 670 1803 hominis,
703 1738 757 1791 id
788 1744 872 1791 est
901 1751 1025 1807 ego,
1061 1736 1170 1790 hoc
1225 1739 1424 1804 potest,
1471 1731 1565 1794 ait,
1622 1730 1729 1785 hoc
1776 1734 1855 1783 est
1885 1726 2013 1783 dicit

410 1822 529 1897 ipse
558 1826 728 1881 Filius
761 1825 998 1880 hominis
1029 1823 1332 1895 paralytico
1366 1841 1378 1878 :
1414 1843 1437 1869 α
1473 1820 1672 1892 Surge.
1710 1837 1733 1868 ι

494 1948 516 1973 «ι
553 1925 618 1980 Ει
647 1923 938 1980 confestim
970 1937 1207 1993 surgens
1253 1935 1437 1976 coram
1482 1917 1610 1982 illis,
1668 1915 1788 1970 tulit
1814 1914 2017 1970 lectum

416 2013 473 2069 in
530 2027 637 2085 quo
667 2012 913 2082 jacebat,
946 2018 1001 2066 et
1028 2011 1158 2065 abiit
1202 2008 1258 2063 in
1287 2008 1510 2064 domum
1562 2020 1719 2060 suam
1765 2001 2022 2074 magniﬁ-

418 2117 552 2159 cans
574 2102 772 2156 Deum.
807 2102 873 2155 Et
925 2099 1121 2170 repleti
1175 2106 1299 2154 sunt
1327 2098 1545 2165 timore,
1606 2094 1852 2153 dicentes
1894 2090 2025 2163 quia

420 2199 658 2255 vidimus
677 2197 952 2254 mirabilia
988 2195 1178 2252 hodie.
1226 2196 1295 2250 Et
1339 2192 1792 2267 gloriﬁcaverunt
1847 2188 2022 2245 Deum

419 2288 515 2358 qui
569 2287 724 2342 dedit
779 2293 1114 2359 potestatem
1146 2282 1310 2340 talem
1368 2281 1706 2338 hominibus.
1750 2303 1773 2328 ιο
1825 2279 2024 2351 Magna

425 2377 523 2432 Dei
556 2377 732 2432 virtus
760 2376 1089 2441 ostenditur,
1120 2372 1211 2429 ubi
1242 2372 1361 2428 sine
1419 2386 1572 2426 mora
1601 2369 1753 2424 salus
1782 2368 1835 2422 in
1863 2368 2022 2437 jussu

425 2466 544 2535 ejus
573 2465 901 2536 completur.
932 2463 1089 2521 Unde
1140 2461 1336 2517 merito
1391 2460 1482 2530 qui
1535 2459 1761 2514 aderant
1819 2455 2024 2512 relictis

426 2562 781 2633 blasphemiis
803 2570 1082 2633 stupentes
1102 2560 1172 2615 ad
1221 2554 1446 2615 laudem
1484 2562 1872 2613 convertuntur
1899 2561 2026 2609 tan-

426 2658 496 2707 tte
515 2652 842 2719 majestatis,
866 2665 970 2706 nec
991 2651 1247 2705 timerent
1294 2648 1340 2702 si
1368 2647 1653 2704 crederent
1691 2657 1825 2699 sane
1853 2650 1910 2698 et
1936 2641 2025 2697 di-

430 2739 668 2811 ligerent
696 2739 958 2811 perfecte.
992 2736 1214 2794 Curatio
1264 2734 1547 2808 paralytici
1574 2733 1777 2788 indicat
1828 2731 2025 2787 animus

429 2836 791 2894 salvationem
822 2835 1154 2907 suspirantis
1179 2834 1248 2890 ad
1277 2834 1552 2890 Christum
1583 2840 1704 2903 post
1750 2829 2025 2887 illecebrae

435 2926 619 2984 carnis
650 2926 922 2983 inertiam.
953 2924 1057 2994 Qui
1089 2924 1266 2995 primo
1314 2922 1528 2995 indiget
1578 2919 1868 2988 ministris,
1931 2918 2026 2991 qui

430 3028 549 3073 eam
586 3015 798 3071 Christo
818 3012 1065 3081 aﬂ‘erant,
1116 3013 1170 3068 id
1215 3020 1296 3069 est
1325 3010 1663 3077 doctoribus,
1721 3009 1815 3081 qui
1866 3021 2019 3079 spem

431 3111 845 3169 intercessionis
897 3116 1219 3185 suggerant.
1276 3109 1459 3164 Marco
1484 3112 1736 3163 narrante
1792 3112 2024 3178 quatuor

425 3203 720 3276 portitores
749 3200 994 3268 fuerunt,
1054 3200 1171 3256 sive
1210 3200 1339 3271 quia
1388 3205 1621 3269 quatuor
1668 3193 2023 3268 evangelistis

427 3299 836 3372 prtedicantium
868 3297 1040 3353 virtus
1071 3296 1335 3362 ﬁrmatur,
1392 3296 1508 3350 sive
1538 3301 1771 3366 quatuor
1799 3290 2017 3346 virtuti-

424 3386 528 3443 bus
582 3385 783 3444 ﬁducia
827 3387 1026 3442 mentis
1096 3384 1168 3441 ad
1221 3383 1639 3456 promerendam
1700 3380 2020 3452 sospitatem

426 3477 677 3550 erigitur.
712 3476 791 3532 De
823 3476 1019 3547 quibus
1048 3475 1103 3530 in
1133 3483 1353 3530 aeternae
1382 3472 1662 3543 sapientize
1692 3470 1853 3526 laude
1881 3468 2021 3524 dici-

427 3582 514 3630 tur
546 3591 561 3630 :
597 3597 619 3620 -
657 3573 1043 3643 Sobrietatem,
1077 3581 1127 3629 et
1175 3570 1501 3643 sapientiam
1531 3569 1708 3635 docet,
1769 3575 1822 3623 et
1870 3564 2029 3637 justi-

429 3662 579 3729 tiam,
614 3670 667 3719 et
721 3662 973 3718 virtutem
1001 3662 1161 3734 (Sap.
1218 3661 1363 3722 vui).
1422 3659 1535 3714 Has
1589 3656 1835 3713 nonnulli
1891 3670 2028 3726 pru-

429 3751 689 3821 dentiam,
765 3750 1157 3818 fortitudinem,
1259 3746 1696 3819 temperantiam,
1763 3744 2030 3814 justitiam

433 3857 487 3906 et
514 3850 775 3905 virtutem
829 3848 1130 3921 appellant.
1166 3845 1622 3902 Desiderantibus
1662 3840 2032 3916 paralyticum

432 3936 634 3995 oﬁ'erre
666 3938 931 4001 Christo;
987 3937 1145 3993 turba
1176 3933 1407 4001 obsistit,
1472 3934 1595 4006 quia
1653 3948 1800 4004 asape
1856 3931 2039 3986 anima

432 4031 559 4100 post
595 4026 843 4098 corporis
873 4026 1139 4083 desidiam
1172 4038 1410 4097 superna
1441 4025 1624 4096 gratia
1671 4020 1921 4078 renovari
1947 4037 2042 4076 cu-

436 4126 595 4200 piens
625 4126 806 4198 prisca
844 4123 1240 4183 consuetudine
1292 4129 1648 4195 peccatorum
1714 4121 2041 4183 retardatur,

441 4233 592 4287 saepe
648 4216 793 4272 inter
820 4214 1096 4271 orationes
1126 4221 1180 4269 et
1209 4228 1381 4268 suave
1437 4211 1772 4283 colloquium
1798 4224 1921 4267 cum
1945 4216 2053 4263 tur-

447 4313 515 4369 ba
545 4312 785 4369 Domino
817 4312 1212 4386 cogitationum
1242 4310 1417 4367 aciem
1469 4309 1667 4365 mentis
1697 4324 1765 4363 ne
1803 4308 2051 4363 Christus

449 4399 700 4457 videatur
727 4401 1065 4457 intercludit.
1119 4400 1271 4456 Tunc
1301 4414 1437 4470 ergo
1490 4407 1692 4455 tectum
1745 4397 1941 4452 domus
1996 4395 2053 4450 in

454 4515 565 4570 qua
596 4499 753 4555 docet
784 4498 1035 4555 Christus
1089 4507 1172 4554 est
1200 4496 1627 4565 ascendendum,
1662 4495 1716 4552 id
1769 4503 1849 4551 est
1882 4508 2055 4550 sacrm

453 4588 757 4660 Scripturze
788 4588 1094 4643 sublimitas
1123 4588 1448 4659 appetenda,
1481 4586 1681 4658 lexque
1710 4584 1926 4641 Domini
1958 4581 2045 4639 die

450 4684 727 4749 noctuque
782 4676 1123 4733 meditanda.
1180 4674 1464 4732 Patefacto
1518 4683 1681 4741 tecto,
1740 4688 1890 4746 aeger
1919 4680 2045 4728 ante

451 4775 635 4831 Jesum
668 4775 1019 4841 submittitur,
1055 4773 1181 4846 quia
1229 4773 1489 4829 reseratis
1520 4772 1812 4844 Scriptura:
1838 4779 2049 4843 myste-

457 4862 553 4920 riis
585 4865 651 4919 ad
682 4863 926 4919 notitiam
950 4863 1150 4920 Christi
1180 4863 1515 4934 pervenitur.
1576 4862 1781 4918 Domus
1810 4861 1938 4915 Jesu
1968 4869 2055 4915 te-

460 4952 602 5025 gulis
632 4962 882 5009 contecta
910 4952 1266 5020 describitur,
1324 4954 1452 5025 quia
1485 4950 1587 5006 sub
1609 4949 1722 5005 vilii
1752 4950 2054 5006 litterarum

456 5051 753 5118 velamine,
809 5051 955 5106 sisit
1011 5049 1098 5123 qui
1129 5059 1334 5106 reseret
1359 5049 1561 5117 divina,
1621 5047 1915 5121 spin'tualis
1935 5064 2060 5122 gra-

456 5138 544 5195 tiaa
574 5139 749 5195 virtus
800 5140 1099 5196 invenitur.
1167 5138 1324 5209 Quod
1382 5148 1564 5195 autem
1619 5155 1742 5195 cum
1782 5138 1926 5196 lecto
1956 5137 2061 5193 de-

459 5228 699 5299 ponitur,
762 5228 1038 5301 signiﬁcat
1065 5228 1133 5284 ab
1180 5229 1400 5284 homine
1451 5227 1629 5284 adhuc
1659 5228 1712 5282 in
1740 5226 1844 5282 ista
1895 5243 2062 5283 carne

464 5325 759 5383 constituto
789 5326 1066 5383 Christum
1095 5323 1302 5383 debere
1349 5326 1629 5399 cognosci.
1663 5327 1743 5382 De
1771 5325 1912 5381 lecto
1942 5341 2064 5380 sur-

462 5430 595 5486 gere
625 5424 709 5472 est
740 5415 980 5472 animam
1009 5433 1069 5471 se
1100 5432 1132 5472 a
1162 5415 1475 5473 carnalibus
1530 5415 1823 5471 desideriis
1850 5415 2068 5471 abstra-

464 5501 614 5561 here.
648 5503 791 5561 Dicit
848 5519 1030 5578 ergo:
1090 5504 1264 5578 Surge
1322 5505 1392 5561 de
1441 5513 1666 5577 torpore
1692 5503 2064 5578 negligentiae,

472 5606 523 5652 et
553 5614 755 5670 corpus
777 5599 830 5655 in
848 5600 1004 5670 cujus
1028 5602 1560 5671 desideriisjacuisti
1590 5600 1647 5655 in
1676 5602 1934 5657 exercitia
1968 5602 2066 5657 bo-

471 5700 661 5742 norum
692 5704 921 5758 operum
952 5690 1145 5746 attolle
1190 5700 1243 5745 et
1298 5692 1377 5747 sic
1432 5691 1658 5746 domum
1716 5690 2071 5747 habitationis

472 5781 691 5864 aeternae
721 5778 1031 5847 ingredere.
1089 5777 1194 5833 Vel
1226 5779 1304 5834 ire
1332 5778 1386 5835 in
1415 5779 1632 5835 domum
1682 5790 1766 5834 est
1797 5780 1978 5836 redire
2002 5781 2073 5836 ad

476 5860 751 5913 internum
785 5860 874 5915 sui
902 5861 1229 5927 custodiam,
1261 5879 1329 5919 ne
1358 5862 1547 5919 iterum
1578 5871 1793 5933 peccet.

2600 579 2869 653 gradibus
2907 579 3225 650 utriusque.

2188 680 2517 751 Priusquam
2547 694 2671 749 quas
2698 677 2771 733 ad
2804 677 2970 733 ﬁdem
3015 674 3287 747 pertinent
3310 673 3584 731 discutere
3612 673 3706 728 in-

2116 765 2409 836 cipiamus,
2459 764 2589 834 quid
2621 763 2686 818 sit
2729 761 2866 818 ﬁdes
2920 762 3041 834 ipsa
3093 760 3363 832 inspicere
3418 759 3701 815 debemus.

2116 851 2415 923 Apostolus
2445 850 2525 907 sic
2554 848 2747 904 diﬁinit
2775 847 2940 905 ﬁdem
2973 867 2985 903 :
3036 868 3058 897 ι
3096 846 3255 902 Fides
3283 854 3371 901 est
3399 844 3707 900 substantia

2118 965 2305 1004 rerum
2355 949 2773 1019 sperandarum,
2833 952 3219 1016 argumentum
3300 958 3406 999 non
3445 957 3708 1013 apparen-

2117 1038 2254 1093 tium
2286 1037 2476 1110 (Hebr.
2517 1038 2607 1108 ιι).
2650 1056 2672 1087 ι
2709 1037 2841 1092 Cum
2867 1035 3011 1091 enim
3034 1050 3123 1089 res
3154 1032 3407 1105 quaelibet
3433 1031 3575 1102 apud
3605 1046 3708 1087 nos

2118 1140 2218 1197 per
2247 1130 2449 1192 actum,
2483 1120 2704 1194 quando
2735 1120 2987 1177 videlicet
3032 1126 3336 1190 praesentes
3366 1132 3529 1171 sensu
3556 1132 3706 1172 com-

2119 1222 2536 1295 prehenduntur
2560 1239 2574 1286 ;
2606 1220 2693 1277 vel
2708 1236 2807 1291 per
2825 1218 3180 1283 intellectum,
3202 1213 3415 1288 quando
3428 1214 3704 1281 absentes,

2119 1312 2207 1369 vel
2235 1312 2401 1367 etiam
2434 1326 2543 1366 non
2572 1310 2868 1365 existentes
2896 1308 2952 1363 in
2981 1306 3331 1362 similitudine
3361 1320 3457 1359 sua
3485 1313 3536 1359 et
3564 1304 3709 1358 ima-

2119 1410 2398 1484 ginatione
2428 1408 2720 1481 capiuntur
2751 1422 2765 1477 ;
2811 1406 2901 1463 vel
2928 1422 3029 1477 per
3057 1402 3465 1476 experientiam,
3495 1403 3709 1475 quando

2119 1516 2187 1555 ea
2220 1516 2343 1571 qua:
2372 1497 2426 1553 in
2461 1497 2622 1553 nobis
2678 1504 2805 1553 sunt
2860 1494 3166 1550 sentiuntur
3192 1508 3225 1548 a
3278 1492 3457 1555 nobis,
3485 1497 3542 1546 ut
3568 1506 3710 1564 gau-

2119 1589 2292 1655 dium,
2351 1586 2598 1653 tristitia,
2657 1601 2814 1641 amor
2866 1593 2917 1640 et
2973 1583 3180 1639 timor:
3240 1598 3360 1654 quae
3415 1581 3713 1635 subsistunt

2120 1684 2174 1739 in
2188 1684 2366 1747 nobis,
2388 1692 2440 1739 et
2462 1682 2774 1739 sentiuntur
2798 1698 2827 1736 a
2850 1680 3030 1744 nobis,
3053 1679 3202 1734 nullo
3224 1680 3416 1734 horum
3433 1677 3711 1732 modorum

2119 1773 2412 1829 invisibilia
2442 1772 2540 1828 Dei
2597 1771 2889 1842 capiuntur
2941 1785 2974 1824 a
3004 1769 3183 1835 nobis,
3214 1785 3339 1841 quae
3369 1767 3546 1822 solum
3587 1782 3716 1821 cre—

2043 1862 2097 1923 B
2126 1863 2333 1918 duntur
2361 1877 2394 1917 a
2422 1860 2608 1917 nobis.
2647 1862 2843 1932 Neque
2893 1858 3041 1914 enim
3099 1875 3199 1929 per
3225 1866 3402 1913 actum
3430 1854 3716 1927 praesentia

2129 1969 2275 2029 sunt,
2337 1977 2515 2034 neque
2563 1961 2616 2015 in
2675 1959 3033 2015 similitudine
3099 1957 3275 2030 aliqua
3330 1955 3718 2027 comprehendi

2128 2059 2379 2124 possunt,
2410 2066 2513 2107 nec
2544 2049 3010 2122 quemadmodum
3036 2048 3128 2102 illa
3159 2064 3278 2120 quae
3309 2047 3363 2101 in
3383 2046 3540 2102 nobis
3571 2054 3713 2112 sunt,

2131 2149 2181 2198 et
2212 2140 2517 2197 sentiuntur
2541 2155 2571 2194 a
2620 2138 2799 2194 nobis.
2849 2134 3000 2210 Ergo
3059 2135 3165 2191 ﬁde
3196 2135 3316 2191 sola
3343 2135 3639 2190 subsistunt
3664 2133 3720 2189 in

2130 2240 2308 2308 nobis,
2343 2247 2396 2295 et
2427 2237 2775 2294 subsistentia
2804 2252 2994 2292 eorum
3025 2243 3113 2291 est
3133 2233 3269 2290 ﬁdes
3298 2249 3405 2306 qua
3433 2233 3723 2290 creduntur

2133 2329 2256 2401 quia
2286 2335 2431 2395 sunt,
2464 2328 2562 2382 sed
2618 2325 2800 2399 qualia
2831 2328 2957 2380 sunt
3010 2341 3118 2380 non
3159 2322 3714 2394 comprehenduntur.

2133 2418 2223 2475 Sic
2279 2418 2462 2488 itaque
2492 2433 2591 2487 per
2636 2415 2800 2470 ﬁdem
2831 2414 3005 2470 solam
3050 2413 3351 2468 subsistunt
3379 2415 3434 2466 in
3465 2411 3639 2476 nobis,
3672 2418 3726 2466 et

2133 2517 2251 2573 sola
2282 2516 2388 2572 ﬁde
2417 2514 2719 2587 probantur
2747 2530 2779 2569 a
2811 2513 2986 2577 nobis,
3011 2527 3114 2569 nec
3170 2511 3321 2566 aliud
3350 2517 3726 2581 argumentum

2133 2606 2337 2662 habere
2391 2620 2705 2683 possumus,
2738 2602 2846 2657 nisi
2905 2602 3035 2674 quia
3064 2600 3346 2657 credimus
3366 2600 3457 2654 illa
3486 2597 3591 2654 ﬁde
3621 2612 3733 2669 qua

2133 2695 2343 2751 ratione
2397 2709 2509 2749 non
2538 2690 3087 2763 comprehendimus.
3132 2690 3253 2745 Nec
3278 2687 3571 2759 descriptio
3599 2685 3730 2743 ﬁdei

2132 2792 2372 2850 ostendit
2397 2790 2528 2861 quid
2557 2790 2722 2846 faciat
2750 2788 2908 2855 ﬁdes,
2970 2788 3069 2843 sed
3101 2788 3155 2842 in
3209 2801 3276 2842 ea
3305 2801 3414 2841 non
3467 2783 3724 2840 diﬁinitur

2131 2882 2261 2957 quid
2293 2881 2363 2936 sit
2392 2879 2549 2935 ﬁdes.
2580 2880 2678 2935 Est
2706 2888 2891 2934 autem
2922 2875 3168 2934 diﬁinitio
3197 2874 3323 2931 ﬁdei
3364 2875 3503 2931 haec.
3558 2873 3721 2930 Fides

2132 2980 2214 3030 est
2242 2968 2553 3028 voluntaria
2581 2968 2830 3041 quaedam
2873 2967 3140 3024 certitudo
3189 2964 3502 3020 absentium
3558 2979 3723 3034 supra

2131 3069 2445 3141 opinionem
2477 3075 2531 3123 et
2558 3066 2702 3121 intra
2731 3064 3013 3121 scientiam
3074 3064 3362 3120 constituta
3416 3063 3485 3117 Et
3539 3060 3724 3117 scien-

2129 3167 2259 3223 dum
2290 3175 2373 3222 est
2431 3163 2563 3237 quia
2591 3162 2735 3218 aliud
2767 3161 3008 3233 cognitio
3034 3160 3184 3227 lidei,
3217 3159 3364 3215 aliud
3392 3156 3552 3214 ﬁdes.
3591 3157 3726 3212 Cum

2131 3265 2278 3322 enim
2310 3263 2368 3320 iit
2399 3278 2582 3319 sermo
2612 3262 2669 3316 in
2698 3260 2933 3316 auribus
2991 3258 3247 3330 plurium,
3281 3272 3472 3313 omnes
3499 3253 3730 3327 aequali-

2124 3363 2207 3414 ter
2236 3354 2383 3427 quod
2405 3353 2600 3409 dicitur
2640 3348 2976 3422 intelligunt,
3009 3348 3106 3403 sed
3138 3364 3245 3403 non
3273 3362 3465 3403 omnes
3503 3343 3732 3416 aequali-

2122 3462 2182 3503 er
2209 3444 2450 3503 credunt
2481 3459 2493 3496 :
2534 3448 2587 3497 et
2606 3439 2986 3511 cognitionem
3012 3437 3283 3493 dictorum
3302 3451 3495 3492 omnes
3509 3433 3728 3501 habent,

2139 3544 2239 3600 sed
2270 3541 2431 3598 ﬁdem
2462 3554 2653 3595 omnes
2681 3553 2792 3593 non
2822 3537 3039 3591 habent.
3072 3536 3255 3590 Potest
3285 3542 3466 3589 autem
3495 3530 3732 3605 cognitio

2143 3632 2272 3689 ﬁdei
2307 3646 2431 3686 esse
2461 3628 2580 3685 sine
2609 3625 2759 3683 omni
2806 3625 2915 3681 ﬁde
2948 3645 2961 3691 ;
3023 3623 3161 3680 ﬁdes
3205 3630 3383 3679 autem
3442 3621 3563 3676 sine
3589 3618 3734 3676 omni

2132 3721 2446 3795 cognitione
2477 3733 2600 3772 esse
2631 3731 2740 3771 non
2787 3722 2986 3786 potest.
3027 3713 3198 3781 Multi,
3250 3725 3376 3769 cum
3407 3710 3654 3773 credunt,
3684 3715 3737 3764 et

2143 3836 2253 3876 non
2280 3818 2481 3874 habent
2535 3813 2911 3885 cognitionem
2942 3827 3133 3867 eorum
3184 3810 3424 3865 omnium
3458 3824 3578 3879 qum
3613 3822 3738 3862 cre-

2145 3910 2296 3973 dunt,
2356 3905 2484 3978 quia
2537 3901 2899 3959 credentibus
2927 3908 2980 3956 et
3007 3898 3469 3972 cognoscentibus
3496 3895 3737 3961 credunt,

2149 4007 2203 4055 et
2229 4012 2339 4053 non
2368 4001 2576 4050 norunt
2603 3992 2710 4063 ipsi
2749 4006 2913 4046 omne
2943 3990 3091 4061 quod
3145 3988 3391 4053 credunt,
3425 3986 3522 4041 sed
3549 3991 3742 4040 norunt

2146 4095 2205 4152 lli
2234 4094 2433 4164 quibus
2464 4090 2725 4148 credunt.
2769 4085 3051 4157 Ejusmodi
3107 4094 3191 4143 est
3243 4084 3379 4141 fides
3411 4081 3743 4156 simplicium

2150 4186 2206 4240 in
2239 4180 2500 4246 Ecclesia,
2563 4179 2654 4251 qui
2688 4176 3103 4248 perfectioribus
3168 4174 3445 4232 credendo
3478 4180 3529 4228 et
3556 4172 3744 4227 adhae-

2155 4274 2331 4331 rendo
2361 4270 2497 4326 salvi
2526 4269 2679 4334 ﬁunt,
2723 4267 2864 4323 sicut
2893 4266 3160 4337 scriptum
3191 4272 3274 4319 est
3305 4278 3319 4318 :
3354 4284 3378 4311 α
3423 4264 3598 4318 Boves
3626 4275 3746 4316 ara-

2158 4376 2310 4439 baut,
2343 4376 2397 4427 et
2442 4369 2614 4426 asinae
2644 4366 3012 4438 pascebantur
3051 4365 3205 4435 juxta
3236 4379 3332 4419 eos
3363 4361 3482 4433 (Job
3538 4361 3597 4431 ι).
3638 4382 3659 4407 υ
3684 4360 3746 4414 Hi

2161 4464 2305 4521 enim
2336 4461 2392 4516 in
2422 4459 2530 4514 ﬁde
2559 4456 2923 4529 perfectorum
2980 4454 3216 4525 amplius
3270 4450 3500 4508 credunt
3530 4467 3543 4516 ;
3604 4447 3747 4522 quod

2073 4584 2126 4645 D
2164 4550 2440 4611 credendo
2468 4548 2522 4603 in
2551 4560 2612 4603 se
2649 4546 2828 4600 minus
2856 4550 3217 4616 cognoscunt.

2227 4667 2453 4724 Duobus
2484 4661 2660 4719 modis
2689 4658 2886 4717 crescit
2916 4658 3052 4716 ﬁdes
3086 4675 3099 4715 :
3159 4658 3451 4715 devotione
3482 4654 3596 4710 sive
3626 4667 3751 4710 con-

2159 4755 2371 4826 stantia,
2395 4762 2448 4810 et
2506 4749 2844 4822 cognitione.
2879 4750 3226 4806 Incrementa
3258 4745 3381 4802 ﬁdei
3428 4761 3528 4817 per
3583 4743 3749 4799 devo-

2161 4847 2367 4904 tionem
2413 4859 2511 4915 per
2538 4850 2651 4896 tres
2686 4838 2889 4911 gradus
2932 4837 3255 4909 procedunt.
3313 4835 3521 4891 Primus
3550 4830 3751 4907 gradus

2166 4954 2250 5003 est
2276 4940 2646 5016 acquiescere,
2693 4935 2967 4994 secundus
2998 4952 3062 4991 ex
3092 4935 3312 5001 timore,
3345 4932 3534 4988 tertius
3563 4928 3755 5003 gradus

2169 5043 2253 5093 est
2306 5039 2509 5089 certum
2537 5044 2682 5084 esse.
2744 5026 3057 5083 Secundum
3110 5026 3210 5080 hos
3265 5032 3378 5079 tres
3431 5022 3632 5094 gradus
3661 5016 3755 5073 tria

2170 5139 2294 5190 sunt
2323 5143 2533 5203 genera
2574 5125 2878 5189 hominum,
2931 5123 3022 5195 qui
3054 5121 3223 5178 ﬁdem
3284 5127 3585 5193 sequuntur
3618 5134 3631 5172 :
3681 5124 3757 5170 est

2171 5221 2316 5279 enim
2349 5217 2623 5293 quoddam
2653 5230 2829 5289 genus
2859 5212 3141 5268 hominum
3174 5210 3226 5266 in
3260 5217 3450 5267 sancta
3497 5204 3756 5270 Ecclesia,

2173 5291 2630 5385 quibus‘credere
2662 5312 2744 5359 est
2792 5300 2990 5369 solum,
3052 5316 3163 5357 non
3216 5297 3594 5356 contradicere
3618 5291 3757 5349 ﬁdei.

2177 5411 2283 5481 Qui
2311 5410 2385 5465 ita
2412 5408 2602 5463 vivunt
2635 5413 2695 5460 ut
2724 5402 2832 5458 nali
2862 5405 3009 5472 sunt,
3065 5416 3171 5456 non
3203 5397 3455 5463 amando,
3513 5393 3609 5451 sed
3664 5408 3761 5464 ap—

2178 5480 2485 5574 probando,
2518 5496 2573 5551 in
2602 5510 2708 5567 quo
2738 5491 2849 5549 nati
2912 5496 3056 5555 sunt,
3117 5489 3210 5561 qui
3267 5485 3367 5542 etsi
3420 5486 3475 5541 in
3504 5484 3609 5539 alio
3661 5480 3763 5536 nati

2181 5569 2384 5655 essent,
2419 5584 2608 5642 ﬁdeles
2649 5599 2761 5639 non
2794 5587 2980 5637 essent
3013 5593 3025 5635 :
3068 5575 3463 5634 consuetudine
3493 5573 3637 5628 enim
3695 5569 3766 5625 vi-

2181 5686 2345 5745 vendi
2377 5684 2538 5740 ﬁdem
2569 5689 2774 5745 tenent,
2838 5694 2947 5733 non
3002 5692 3213 5732 amore.
3249 5676 3347 5729 Est
3397 5681 3576 5727 autem
3633 5666 3767 5723 aliud

2183 5792 2361 5851 genus
2433 5773 2710 5829 hominum
2761 5767 3017 5823 attentius
3072 5761 3533 5822 considerantium
3584 5767 3770 5812 statum

2184 5845 2309 5923 vitae
2338 5864 2589 5919 humanae
2618 5874 2742 5917 esse
2772 5855 3015 5926 dubium,
3053 5865 3111 5912 et
3167 5871 3231 5909 ex
3262 5868 3328 5908 eo
3384 5845 3772 5918 quodammodo
