3972 6400
289 386 423 440 1181

1219 382 1797 440 DEFLORATIONES
1826 383 1923 440 SS.
1973 384 2289 443 PATRUM.
2326 417 2395 429 —
2424 388 2558 444 LIB.
2595 389 2666 445 II.

3450 388 3588 445 “82

290 505 557 562 ﬂuctuare
613 503 1061 577 incipientiumin
1098 503 1230 574 ﬁde,
1260 508 1513 579 quoniam
1529 506 1735 562 multos
1751 522 1890 564 con-
1917 510 1974 574 Α
2002 517 2230 581 peccata
2277 525 2378 567 sua
2432 512 2755 586 neglexerit,
2825 515 2985 589 quasi
3021 512 3367 570 institutionis
3387 512 3586 567 divinae

292 594 526 666 spiciunt
555 609 786 651 aversos
805 601 856 649 et
885 592 1095 649 alienos
1119 608 1154 649 a
1172 593 1300 663 ﬁde,
1317 603 1370 650 et
1400 602 1581 651 tamen
1601 595 1747 651 ducti
1779 596 1891 667 pie-

294 690 401 739 tate
424 680 553 738 ﬁdei
582 699 615 739 e
643 680 859 739 duobus
914 681 1098 737 dubiis
1124 682 1230 739 hoc
1258 682 1468 756 eligunt
1498 683 1644 757 quod
1687 683 1890 740 doctri-

290 792 363 835 na
393 779 678 836 Catholica
709 779 940 835 docente
973 778 1301 835 didicerunt.
1334 781 1458 835 Istis
1488 795 1593 851 pax
1626 796 1888 837 necessa-

292 869 376 924 ria
402 876 506 934 est,
540 868 823 924 tribulatio
860 867 1188 938 periculosa,
1226 885 1294 923 ne
1322 870 1455 924 forte
1484 870 1554 924 de
1582 870 1890 940 periclitan-

206 962 211 965 '
291 958 441 1012 tibus
499 965 768 1029 negantes
824 956 1156 1012 eﬂicnantur.
1201 958 1297 1011 Est
1331 958 1473 1012 aliud
1505 975 1684 1029 genus
1712 960 1892 1015 adhuc

288 1053 594 1116 hominum,
639 1055 736 1126 qui
769 1053 901 1109 certi
931 1060 1055 1107 sunt
1085 1062 1133 1107 et
1167 1051 1469 1108 contirmati
1500 1055 1553 1107 in
1585 1053 1690 1109 fide
1751 1071 1886 1110 sua:

289 1157 430 1214 quos
481 1142 631 1197 Deus
661 1142 749 1197 vel
782 1157 882 1212 per
933 1142 1221 1196 exteriora
1276 1141 1543 1197 miracula
1599 1142 1892 1198 confirma-

290 1231 386 1298 vit,
459 1229 548 1286 vel
614 1245 712 1301 per
774 1229 1093 1285 interiorem
1157 1229 1574 1301 inspirationem
1638 1231 1881 1286 edocuit.

290 1318 387 1373 lsti
433 1316 783 1373 tribulatione
820 1331 927 1373 non
978 1319 1389 1385 subvertantur,
1450 1319 1552 1374 sed
1628 1334 1891 1375 exercen-

288 1414 399 1461 tur.

362 1526 656 1584 Sciendum
689 1524 848 1582 etiam
880 1526 1024 1599 quod
1072 1527 1213 1582 sicut
1242 1530 1352 1583 tres
1383 1535 1507 1582 sunt
1563 1527 1767 1600 gradus
1794 1543 1891 1599 per

299 1630 440 1687 quos
468 1615 604 1670 ﬁdes
629 1616 845 1680 crescit,
880 1614 954 1669 ita
985 1623 1096 1670 tres
1123 1616 1325 1686 gradus
1358 1624 1481 1672 sunt
1503 1633 1600 1687 per
1617 1633 1754 1689 quos
1776 1632 1889 1673 cre—

288 1706 392 1762 scit
424 1704 667 1776 cognitio
680 1703 825 1759 ﬁdei.
844 1705 1055 1758 Primus
1072 1707 1279 1776 gradus
1293 1706 1722 1777 cstcognitiouis
1740 1706 1884 1773 fidei,

292 1805 441 1875 quod
474 1801 611 1857 nihil
641 1803 821 1856 minus
849 1817 1086 1873 unquam
1119 1801 1256 1857 fides
1302 1802 1504 1857 habere
1535 1802 1726 1873 potuit,
1761 1818 1887 1858 cre-

287 1873 421 1946 dere
442 1890 700 1947 videlicet
732 1890 910 1945 Deum
935 1907 1087 1956 esse,
1118 1899 1172 1946 et
1200 1906 1323 1945 eum
1355 1891 1683 1946 salvatorem
1716 1899 1768 1946 et
1798 1907 1883 1947 re—
1912 1873 1965 1933 Β

287 1996 696 2044 muneratorem
714 1995 1061 2059 exspectare.
1106 1989 1232 2042 Haec
1260 1988 1499 2060 cognitio
1529 1986 1654 2043 fidei
1685 1987 1892 2058 simpli.

285 2076 441 2134 cibus
472 2083 600 2132 ante
662 2075 1094 2132 incarnationem
1126 2077 1340 2132 Domini
1370 2078 1440 2131 ad
1473 2076 1699 2131 salutem
1734 2076 1890 2131 suffi-

289 2180 420 2223 cere
474 2164 672 2235 p0tuit,
724 2171 784 2219 ut
818 2170 871 2219 et
900 2165 1074 2219 Deum
1103 2166 1396 2220 crederent
1448 2174 1503 2220 et
1550 2165 1888 2221 Salvatorem

294 2261 702 2323 exspectarent,
737 2254 984 2324 quamvis
1015 2253 1260 2322 ejusdem
1292 2253 1606 2308 salvationis
1636 2270 1750 2308 suae
1776 2269 1891 2309 mo-

289 2344 419 2400 dum
448 2351 503 2397 et
533 2349 751 2412 tempus
778 2356 885 2396 non
917 2350 1336 2414 cognoscerent.
1371 2343 1488 2397 Duo
1518 2342 1659 2397 enim
1707 2343 1760 2396 in
1784 2343 1888 2397 ho-

295 2441 443 2495 mine
470 2447 679 2494 tantum
714 2446 843 2493 sunt
874 2459 886 2493 :
926 2449 1120 2493 natura
1149 2449 1202 2494 et
1253 2439 1435 2508 culpa.
1471 2440 1536 2493 Et
1564 2439 1792 2494 Creator
1816 2440 1887 2494 ad

289 2539 542 2584 naturam
601 2525 864 2595 refertur,
917 2528 1170 2583 Salvator
1226 2529 1294 2581 ad
1327 2528 1566 2598 culpam.
1603 2529 1715 2584 Sub
1761 2528 1886 2597 lege

287 2625 475 2674 autem
499 2615 703 2685 scripta
720 2616 1148 2688 crevitcognitio
1189 2617 1408 2687 quando
1415 2619 1525 2685 jam
1540 2617 1608 2671 de
1651 2632 1882 2687 persona

289 2705 675 2776 Redemptoris
730 2704 1015 2759 manifeste
1043 2705 1131 2776 agi
1160 2706 1343 2775 ctepit,
1377 2714 1431 2759 et
1486 2705 1733 2760 Salvator
1788 2720 1887 2775 per

289 2794 471 2864 legem
502 2793 761 2864 promitti,
821 2803 878 2848 et
912 2803 1033 2863 post
1093 2793 1512 2863 promissionem
1561 2794 1883 2863 exspectari.

290 2883 404 2939 Sub
431 2883 613 2954 gratia
642 2889 821 2937 autem
850 2881 1028 2937 adhuc
1056 2882 1290 2951 amplius
1321 2882 1563 2936 excrevit
1617 2882 1879 2953 cognitio,

288 2985 414 3028 cum
453 2971 570 3039 jam
609 2970 728 3040 ipse
773 2970 1047 3035 Salvator,
1080 2985 1187 3024 non
1219 2978 1275 3024 ut
1301 2970 1454 3041 prius
1478 2986 1509 3024 a
1539 2971 1726 3024 multis
1783 2987 1881 3040 pu-

288 3060 506 3114 tabatur
532 3058 710 3113 solum
742 3059 926 3125 homo,
969 3058 1070 3113 sed
1103 3066 1154 3112 et
1185 3059 1333 3113 Deus
1374 3075 1535 3114 verus
1566 3058 1884 3113 manifesta-

287 3164 378 3212 tus
407 3164 509 3223 est,
541 3163 595 3211 et
623 3156 741 3227 ipse
771 3155 1162 3225 redemptionis
1190 3155 1391 3210 modus
1418 3170 1527 3210 non
1562 3154 1618 3210 in
1648 3164 1879 3212 terrena

289 3244 531 3302 culmine
556 3245 858 3317 potestatis,
913 3244 1012 3300 sed
1041 3244 1094 3299 in
1116 3252 1292 3300 morte
1320 3246 1586 3316 probatus
1630 3252 1715 3300 est
1741 3260 1879 3301 con-

293 3342 443 3389 stare
475 3332 794 3390 Salvatoris.

296 3459 375 3515 De
406 3457 735 3514 remissione
762 3462 1145 3530 peccatorum,
1167 3460 1224 3513 ct
1252 3459 1301 3513 st
1324 3459 1641 3513 sacerdotes
1657 3460 1890 3529 peccata

817 3559 1107 3616 dimittere
1134 3561 1371 3633 possint.

374 3685 712 3741 Potestatem
765 3683 1071 3739 remittendi
1105 3692 1333 3756 peccata
1360 3683 1581 3754 quidam
1610 3682 1712 3739 soli
1776 3684 1891 3739 Deo

307 3773 380 3829 ita
408 3773 686 3830 ascribere
715 3772 1071 3839 conabantur,
1106 3782 1162 3827 ut
1189 3773 1243 3827 in
1271 3788 1339 3828 ea
1386 3774 1662 3828 hominem
1717 3774 1891 3843 parti-

302 3863 481 3933 cipem
512 3860 631 3917 fieri
660 3877 826 3933 posse
855 3862 1004 3917 nullo
1034 3862 1199 3917 modo
1225 3862 1553 3918 concedant.
1587 3863 1653 3917 Et
1666 3862 1737 3916 ad
1764 3876 1895 3916 con-

306 3950 671 4006 ﬁrmationem
702 3950 862 4019 hujus
897 3950 1216 4005 assertionis
1270 3951 1548 4006 adducunt
1591 3950 1894 4005 mundatio-

301 4056 433 4095 nem
477 4039 621 4094 illius
650 4038 876 4110 leprosi,
895 4053 1058 4109 quem
1091 4038 1350 4093 Dominus
1369 4040 1520 4109 prius
1548 4054 1648 4110 per
1688 4048 1895 4095 semet-

301 4138 481 4209 ipsum
502 4135 720 4191 sanitati
750 4136 999 4202 restituit,
1054 4150 1120 4191 ac
1152 4136 1197 4190 si
1229 4135 1427 4191 deinde
1455 4136 1524 4191 ad
1578 4138 1895 4192 sacerdotes

300 4227 468 4295 misit,
496 4241 605 4281 non
637 4234 689 4280 ut
720 4224 839 4294 ejus
871 4224 1150 4280 mundatio
1183 4226 1378 4279 virtute
1408 4225 1627 4280 illorum
1654 4226 1891 4297 perﬁce—

301 4323 467 4381 retur,
500 4314 598 4371 red
628 4321 685 4369 ut
713 4316 1089 4369 tantummodo
1119 4314 1429 4369 testimonio
1456 4313 1665 4368 illorum
1688 4313 1893 4370 conﬁr-

312 4411 552 4459 maretur
584 4404 745 4472 (Luc.
784 4403 866 4472 v).
899 4401 1074 4458 Simili
1107 4403 1276 4458 modo
1292 4402 1345 4457 in
1375 4405 1629 4473 presenti
1647 4402 1894 4458 Ecclesia

303 4502 438 4556 dant
489 4499 792 4555 ministeria
831 4500 1186 4555 sacerdotum
1215 4499 1352 4554 nihil
1390 4500 1622 4569 amplius
1683 4499 1893 4555 virtutis

1997 606 2367 671 contemptor,
2398 602 2645 673 quamvis
2664 619 2772 659 non
2798 620 2898 676 pro
2923 603 3188 677 peccatis,
3220 619 3341 676 quae
3363 601 3478 670 jam
3505 600 3586 655 di-

1996 687 2167 743 missa
2205 696 2353 759 sunt,
2425 706 2550 745 reus
2616 698 2888 761 teneatur,
2921 701 3110 749 tamen
3148 708 3247 764 pro
3276 698 3587 760 contemptu

1997 803 2128 841 reus
2166 788 2290 842 erit.
2322 789 2421 844 Vel
2445 788 2712 856 fortassis,
2736 791 2823 846 vel
2843 791 2963 865 quia
2993 798 3219 863 peccata
3248 792 3361 861 ipsa
3381 791 3493 857 jam
3516 788 3586 843 ad

1998 880 2383 931 contumacem
2402 879 2648 943 redeunt,
2675 896 2794 951 qua:
2817 882 2972 952 prius
2985 897 3084 952 per
3111 878 3586 949 compulistioncm

1998 963 2283 1021 bumiliato
2308 965 2530 1021 dimissa
2562 966 2793 1023 fuerunt.

2069 1092 2186 1147 Hac
2224 1108 2357 1165 ergo
2421 1093 2632 1149 ratione
2672 1095 2902 1164 probant
2952 1094 3200 1152 homines
3237 1092 3385 1148 nullo
3423 1092 3587 1148 modo

1996 1188 2321 1250 potestatem
2353 1181 2558 1237 habere
2579 1182 2882 1239 dimittendi
2911 1192 3151 1253 peccata,
3175 1184 3272 1237 sed
3320 1184 3460 1237 hanc
3490 1196 3586 1234 so-

1995 1268 2102 1323 lius
2146 1269 2247 1324 Dei
2283 1285 2427 1335 esse,
2469 1270 2610 1326 sicut
2646 1275 2702 1327 et
2762 1272 2816 1327 in
2853 1272 3155 1345 Evangelia
3190 1270 3362 1325 Judaei
3398 1277 3587 1325 contra

1998 1357 2290 1412 Dominum
2345 1368 2770 1426 murmurantes,
2838 1360 2964 1432 quia
3045 1359 3179 1415 dixit
3234 1357 3581 1430 paralytico:

2001 1468 2025 1493 ι
2061 1445 2298 1501 Dimissa
2325 1454 2451 1501 sunt
2481 1456 2705 1518 peccata
2733 1456 2843 1516 tua,
2881 1470 2903 1498 ι
2938 1449 3149 1504 aierunt
3176 1448 3353 1504 solum
3408 1447 3584 1501 Deum

1996 1558 2162 1613 posse
2200 1551 2424 1614 peccata
2460 1545 2731 1601 dimittere
2760 1546 2988 1603 (Matth.
3036 1545 3140 1615 ιχ).
3180 1545 3289 1601 Sed
3336 1543 3583 1600 fortassis

1997 1630 2088 1702 qui
2118 1631 2220 1687 hoc
2248 1631 2315 1688 de
2347 1632 2687 1689 absolutione
2708 1643 3056 1705 peccatorum
3086 1634 3288 1699 dicunt,
3313 1631 3584 1702 quomodo

1996 1730 2281 1799 quisquam
2314 1738 2537 1800 peccato
2564 1730 2766 1803 ligetur
2793 1748 2901 1788 nou
2932 1732 3063 1787 satis
3090 1732 3382 1803 diligenter
3401 1737 3584 1784 atten-

1996 1816 2149 1871 dunt.
2186 1818 2405 1873 Duobus
2434 1819 2576 1874 enim
2608 1821 2786 1874 modis
2832 1828 3087 1891 peccator
3117 1821 3313 1893 ligatus
3354 1826 3461 1872 est.
3502 1817 3584 1870 Li-

1993 1912 2150 1975 gatus
2179 1914 2262 1960 est
2289 1906 2649 1963 obduratione
2678 1908 2895 1974 mentis,
2938 1908 3142 1982 ligatus
3168 1917 3251 1963 est
3283 1905 3467 1962 debito
3496 1904 3583 1958 fu-

1996 2009 2130 2057 turae
2184 2002 2567 2059 damnationis
2608 2022 2623 2059 :
2663 2006 2904 2077 quandiu
2950 2021 3185 2075 namque
3240 2003 3421 2076 gratia
3484 1999 3584 2056 Dei

1995 2106 2117 2147 cum
2138 2092 2359 2149 homine
2388 2100 2494 2159 est,
2514 2092 2721 2149 solutus
2761 2102 2845 2150 est
2859 2095 3045 2159 homo,
3095 2102 3148 2150 et
3173 2094 3243 2149 ad
3266 2094 3403 2146 bene
3458 2105 3586 2160 ope-

1995 2180 2228 2235 randum
2259 2181 2560 2251 expeditus.
2634 2181 2743 2238 Sed
2770 2198 2899 2240 cum
2942 2199 3042 2253 per
3072 2190 3354 2253 peccatum
3409 2180 3584 2252 gratia

1995 2269 2091 2323 Dei
2114 2270 2473 2335 subtrahitur,
2506 2270 2687 2326 statim
2738 2271 2857 2343 ipsa
2894 2287 2997 2326 sua
3024 2270 3383 2327 obduratione
3428 2283 3584 2321 mens

1994 2365 2320 2422 intrinsecus
2348 2367 2646 2439 obligatur.
2686 2369 2796 2424 Ista
2828 2368 3114 2425 obduratio
3143 2369 3260 2423 sive
3288 2364 3583 2421 excaecatio

1994 2454 2190 2509 mentis
2228 2456 2517 2512 interiores
2582 2458 2834 2514 tenebras
2875 2466 3026 2521 sunt,
3078 2458 3134 2512 in
3166 2457 3356 2529 quibus
3424 2457 3583 2509 homo

1993 2559 2092 2613 pro
2134 2551 2361 2613 peccato
2399 2560 2504 2600 suo
2568 2545 2623 2600 in
2660 2546 2918 2617 praesenti
2967 2546 3241 2617 obligatus
3269 2551 3499 2608 tenetur,
3534 2548 3585 2594 et

1994 2632 2101 2686 nisi
2131 2635 2200 2688 ab
2229 2633 2312 2688 his
2342 2633 2398 2687 in
2456 2635 2559 2690 hac
2590 2634 2701 2689 vita
2756 2635 2965 2691 solutus
2995 2633 3178 2701 fuerit,
3239 2631 3583 2702 postmodum

1996 2728 2179 2798 ligatis
2231 2729 2483 2785 manibus
2526 2734 2583 2786 et
2611 2731 2841 2801 pedibus
2897 2732 2953 2786 in
2991 2735 3291 2787 exteriores
3330 2728 3585 2784 tenebras

1994 2816 2306 2886 projicitur.
2345 2818 2454 2872 Sed
2486 2819 2611 2889 quia
2643 2836 2809 2875 nemo
2839 2837 2937 2874 sua
2970 2820 3171 2875 virtute
3201 2826 3326 2889 post
3372 2817 3584 2871 ruinam

1993 2905 2209 2975 peccati
2267 2922 2492 2979 surgere
2532 2905 2757 2976 valeret,
2826 2908 2931 2962 nisi
2986 2908 3165 2964 divina
3214 2904 3587 2962 misericordia

1994 2996 2228 3064 gratuito
2258 2994 2601 3064 praeveniens
2629 3012 2752 3051 eum
2781 2998 3085 3062 suscitaret,
3117 2997 3241 3051 ideo
3272 3002 3587 3050 uecesseest

1995 3090 2051 3136 ut
2090 3082 2245 3137 Deus
2294 3082 2529 3155 gratiam
2585 3099 2742 3139 suam
2800 3101 2960 3157 quam
3018 3085 3370 3155 peccantibus
3428 3084 3585 3137 nobis

1916 3195 2137 3295 Cjuste
2174 3195 2530 3263 subtraxerat,
2563 3197 2787 3269 quando
2844 3198 2913 3252 ad
2970 3198 3343 3269 pmnitentiam
3404 3196 3583 3251 viviti-

1998 3285 2158 3341 candi
2190 3301 2400 3349 sumus,
2435 3285 2553 3340 sola
2586 3285 2955 3342 misericordia
2988 3287 3147 3342 nullis
3175 3286 3378 3341 nostris
3416 3286 3585 3339 meri-

1997 3382 2066 3436 tis
2096 3382 2532 3452 pratcedentibus
2590 3383 2783 3438 reddat
2812 3391 3082 3454 quatenus
3134 3382 3254 3453 ipsa
3282 3383 3464 3454 gratia
3490 3382 3585 3436 ad-

1996 3471 2224 3526 veniens
2253 3487 2351 3527 cor
2378 3480 2621 3527 nostrum
2642 3487 2671 3526 a
2703 3480 2921 3541 torpore
2951 3470 3281 3527 inﬁdelitatis
3312 3479 3361 3525 et
3391 3486 3425 3524 a
3452 3486 3585 3540 pec-

1996 3558 2104 3615 cati
2133 3568 2309 3615 morte
2353 3560 2668 3626 exsuscitet,
2698 3567 2756 3614 ut
2795 3560 3006 3616 scilicet
3033 3561 3125 3631 qui
3180 3559 3410 3630 primatu
3470 3560 3585 3629 ipsa

1998 3647 2117 3702 sola
2145 3657 2405 3719 operante
2432 3648 2503 3703 ad
2532 3648 2908 3720 paenitentiam
2938 3648 3272 3720 compuncti,
3297 3663 3327 3702 a
3352 3647 3586 3700 vinculis

1994 3744 2598 3816 torporisabsolvimur,
2632 3748 2817 3814 etiam,
2857 3747 2976 3818 ipsa
3014 3746 3214 3802 deinde
3252 3753 3584 3815 cooperante

1996 3834 2318 3904 patuitentes
2341 3851 2374 3889 a
2401 3835 2589 3890 debito
2622 3835 2984 3892 damnationis
3012 3835 3222 3891 absolvi
3245 3848 3572 3888 mereamur.

2000 3923 2123 3979 Hoc
2152 3923 2292 3978 bene
2317 3924 2371 3977 in
2400 3924 2815 3981 resuscitatione
2845 3924 3041 3980 Lazari
3070 3922 3432 3995 significatum
3480 3929 3583 3986 est,

1998 4029 2158 4084 quem
2180 4011 2297 4082 ipse
2327 4012 2591 4068 Dominus
2622 4029 2719 4083 per
2747 4030 2809 4070 se
2840 4014 2995 4084 prius
3050 4014 3376 4068 intrinsecus
3397 4026 3432 4065 a
3462 4009 3584 4064 vin—

1998 4111 2128 4167 culo
2153 4108 2342 4164 mortis
2373 4108 2630 4175 absolvit,
2682 4109 2921 4166 viviﬁcat
2948 4119 3128 4166 autem
3163 4110 3234 4165 de
3281 4107 3409 4163 foris
3443 4107 3589 4161 mini-

2000 4199 2168 4254 sterio
2216 4198 2457 4268 ipsorum
2511 4199 2879 4267 apostolorum
2936 4214 3062 4254 cum
3126 4197 3263 4254 solvi
3334 4195 3588 4266 pmoepit

2002 4286 2317 4356 (Joan.xt).
2383 4286 2473 4341 Sic
2516 4287 2839 4357 namquein
2897 4298 3085 4343 sancta
3140 4285 3383 4343 Ecclesia
3442 4299 3589 4339 nunc

2000 4385 2242 4431 mortuos
2263 4374 2501 4445 peccatis
2531 4390 2628 4445 per
2653 4375 2828 4431 solam
2870 4376 3100 4447 gratiam
3159 4392 3310 4430 suam
3366 4374 3587 4428 interius

2001 4471 2283 4532 viviﬁcans
2310 4472 2381 4526 ad
2426 4473 2898 4541 compunctionem
2919 4474 3190 4540 accendit,
3221 4483 3380 4543 atque
3424 4469 3588 4527 viviﬁ-

302 4590 510 4644 habere
540 4589 644 4643 nisi
674 4589 921 4660 quaedam
953 4588 1330 4643 tantummodo
1360 4559 1520 4661 signa
1548 4604 1672 4645 esse
1716 4596 1776 4643 ut
1801 4587 1891 4643 ille
1920 4588 1974 4650 D
2003 4569 2162 4661 fuit”,
2187 4577 2286 4631 per
2314 4560 2714 4661 θῩηίθδδίθηθω
2733 4559 2874 4661 (ora?
2903 4562 3091 4661 νθξλίνθ
3121 4561 3377 4661 Praei?"
3402 4575 3466 4615 ac
3511 4560 3588 4661 sic

301 4687 572 4755 videlicet,
605 4686 696 4758 qui
726 4685 875 4757 prius
906 4700 1005 4757 per
1032 4686 1420 4740 contritionem
1452 4686 1633 4742 cordis
1687 4687 1832 4741 intus
1860 4701 1894 4741 a

301 4776 535 4831 Domino
590 4774 915 4840 absolvitur,
964 4774 1394 4845 postmodumin
1423 4776 1767 4832 confessione
1824 4776 1894 4830 ab

302 4865 382 4920 eis
439 4863 730 4919 absolutus
778 4879 901 4919 esse
930 4864 1271 4918 ostendatur.
1305 4864 1464 4934 Quod
1494 4873 1676 4919 autem
1701 4865 1756 4919 in
1779 4863 1896 4919 sola

304 4953 491 5008 cordis
519 4952 850 5011 contritione
880 4951 1044 5008 etiam
1074 4961 1197 5007 ante
1229 4953 1627 5009 confessionem
1643 4954 1895 5024 orispec-

304 5048 422 5096 cata
453 5039 812 5107 dimittantur,
843 5040 1158 5111 prophetico
1205 5040 1297 5095 illo
1328 5040 1635 5096 testimonio
1691 5058 1895 5113 appro-

305 5139 434 5194 bare
465 5136 653 5193 volunt
681 5138 829 5210 quod
870 5137 1106 5193 dicitur:
1137 5160 1157 5187 (ι
1181 5135 1514 5208 Quacunque
1558 5138 1696 5194 liora
1734 5140 1893 5210 iuge-

305 5235 507 5292 muerit
534 5243 813 5306 peccator,
871 5236 1058 5290 salvus
1105 5234 1204 5290 erit
1252 5236 1479 5306 (Ezech.
1541 5253 1722 5304 xvm;
1760 5262 1781 5286 υ
1843 5246 1896 5293 et

302 5323 430 5379 alibi
474 5340 489 5376 :
536 5344 558 5375 α
604 5322 746 5393 Quia
810 5323 989 5378 adhuc
1049 5331 1101 5378 te
1139 5321 1413 5394 loquente,
1482 5324 1681 5379 dicam.
1752 5328 1894 5383 Ecce

302 5413 496 5469 adsum
537 5412 674 5482 (Isa.
731 5416 873 5477 ων).
911 5434 933 5461 ιι
966 5412 1031 5466 Εῑ
1066 5410 1346 5466 Psalmista
1389 5430 1401 5467 :
1440 5435 1461 5459 ι
1498 5412 1642 5479 Dixi,
1701 5414 1893 5485 inquit,

304 5499 609 5558 confitebor
638 5500 926 5555 adversum
959 5515 1046 5553 me
1075 5498 1391 5568 iujustitiam
1424 5515 1603 5555 meam
1635 5500 1891 5569 Domino,

304 5597 356 5646 et
382 5593 439 5644 tu
452 5588 707 5644 remisisti
726 5588 1060 5658 impietatem
1079 5588 1287 5658 peccati
1309 5589 1413 5643 mei
1430 5590 1611 5656 (Psal.
1664 5592 1842 5659 xxxi).
1868 5615 1888 5638 η

304 5687 515 5743 idcirco
544 5693 726 5741 tamen
780 5698 905 5756 post
942 5684 1324 5740 contritionem
1365 5684 1569 5751 cordis,
1616 5686 1895 5744 confessio

306 5791 521 5848 quoque
548 5774 663 5830 oris
701 5784 784 5829 est
820 5774 1154 5839 necessaria,
1190 5776 1318 5844 quia
1351 5774 1404 5827 in
1428 5772 1549 5842 quis
1581 5772 1745 5829 etiam
1775 5784 1895 5845 post

303 5864 647 5935 impetratam
701 5860 915 5919 veniam
978 5869 1330 5932 peccatorum
1386 5857 1635 5919 confiteri
1700 5864 1893 5920 eadem

1999 4659 2198 4713 deinde
2227 4657 2547 4714 conﬁtentes
2601 4673 2700 4728 per
2726 4657 3087 4713 ministerium
3117 4658 3463 4715 sacerdotum
3515 4657 3584 4712 ab

2003 4748 2255 4803 exteriori
2277 4747 2514 4814 vinculo,
2555 4748 2659 4802 hoc
2688 4754 2769 4802 est
2799 4762 2829 4800 a
2858 4747 3048 4802 debito
3076 4747 3437 4801 damnationis
3493 4746 3591 4800 ab-

2003 4837 2164 4891 solvi.
2224 4838 2367 4891 Bene
2423 4845 2601 4891 antem
2660 4834 2900 4913 debitum
2948 4835 3309 4890 damnationis
3351 4834 3590 4890 exterius

2004 4925 2279 4981 vinculum
2307 4926 2522 4985 dicitur.
2557 4924 2681 4996 quia
2724 4924 2978 4994 protinus
3025 4924 3091 4976 ad
3128 4924 3384 4978 tenebras
3423 4936 3588 4976 exte-

2004 5014 2179 5069 riores
2208 5029 2343 5085 quas
2364 5012 2600 5069 evadere
2621 5013 2879 5083 dignatus
2909 5027 3016 5067 non
3037 5020 3138 5075 est,
3172 5011 3417 5081 quisquis
3438 5012 3587 5080 prius

2001 5102 2056 5157 in
2088 5103 2186 5157 hac
2232 5102 2343 5158 vita
2398 5116 2432 5157 a
2461 5100 2702 5156 tenebrie
2730 5099 3077 5156 interioribus
3105 5100 3241 5154 solvi
3273 5116 3380 5155 non
3404 5115 3587 5155 mere-

2002 5200 2104 5247 tur.

2077 5324 2182 5380 Sed
2213 5323 2372 5391 male,
2405 5322 2674 5394 inquiunt,
2708 5323 2779 5379 de
2835 5324 3116 5381 sacerdote
3147 5320 3361 5377 Domini
3416 5319 3590 5376 facitis

2003 5414 2094 5487 qui
2124 5414 2173 5469 ei
2205 5420 2528 5485 potestatem
2557 5412 2864 5467 dimittendi
2895 5416 3135 5484 peccata,
3167 5427 3288 5482 quae
3335 5410 3451 5464 Deo
3488 5408 3592 5463 soli

2004 5512 2268 5582 competit
2297 5512 2490 5582 (Marc.
2527 5511 2611 5579 ιι),
2644 5508 2899 5564 tribuitis.
2957 5510 3079 5564 Non
3108 5523 3216 5580 ego
3272 5505 3589 5562 sacerdotes

2005 5599 2140 5655 deos
2173 5598 2333 5654 facio.
2383 5600 2581 5655 Sermo
2610 5597 2862 5663 divimus,
2895 5600 2985 5667 qui
3006 5597 3226 5651 mentiri
3257 5612 3361 5647 non
3395 5602 3588 5664 potest,

2005 5695 2323 5750 sacerdotes
2356 5696 2490 5750 deos
2518 5694 2653 5750 dicit
2690 5710 2700 5746 :
2736 5714 2759 5743 ι
2794 5692 2932 5759 Diis,
2962 5691 3151 5761 inquit,
3176 5706 3281 5744 Ποιι
3312 5689 3587 5751 «li-trahes,

2003 5789 2058 5836 et
2085 5782 2315 5853 principi
2345 5783 2530 5853 p0puli
2561 5782 2636 5837 tui
2665 5797 2772 5836 non
2803 5780 3094 5835 maledices
3122 5780 3321 5847 (Eis/'0.
3357 5777 3523 5843 mi).
3564 5796 3586 5819 ι»

2003 5868 2097 5925 Isti
2151 5886 2282 5927 vero
2337 5879 2530 5925 contra
2581 5871 2721 5941 legis
2777 5876 3104 5942 praeceptum
3135 5868 3239 5921 diis
3284 5865 3584 5929 detrahunt,
