3972 6412
409 396 546 452 1183

412 614 633 671 auferre
663 616 870 673 volunt.
912 619 1108 690 Neque
1137 634 1262 674 vere
1296 634 1401 690 ego
1450 617 1823 675 sacerdotibus
1850 625 2013 687 pote—

414 712 609 761 statem
642 705 956 761 dimittendi
1004 716 1230 778 peccata
1307 708 1488 775 tribui,
1550 708 1642 767 ille
1699 705 2012 761 hominibus

412 802 735 865 potestatem
776 795 1014 851 divinam
1052 796 1241 852 tribuit
1294 798 1384 870 qui
1417 798 1485 853 de
1505 796 1823 853 hominibus
1877 794 2013 849 deos

412 889 572 969 facit.
637 893 746 948 Sed
777 904 961 949 tamen
992 895 1113 966 ipse
1145 896 1286 952 sicut
1312 912 1375 951 ex
1409 895 1711 966 semetipso
1741 895 1886 949 Dens
1907 900 2011 959 est,

412 978 486 1035 ita
527 981 686 1036 etiam
719 998 815 1054 per
851 984 1207 1056 semetipsum
1239 985 1457 1058 quando
1488 985 1602 1041 vult
1634 985 1752 1039 sine
1780 983 2013 1037 humana

414 1078 804 1150 cooperatione
834 1090 1061 1150 peccata
1089 1083 1364 1161 dimittere
1392 1089 1596 1154 potest.
1653 1082 1721 1138 Hi
1750 1096 1883 1137 vero
1920 1078 2014 1152 qui

414 1183 480 1224 ex
508 1168 820 1240 semetipsis
849 1170 925 1226 dii
969 1188 1079 1228 non
1109 1181 1256 1240 sunt,
1287 1173 1366 1228 illi
1397 1174 1557 1229 etiam
1611 1171 1716 1227 nisi
1746 1185 1814 1227 eo
1843 1185 1876 1225 a
1906 1185 2015 1241 quo

411 1266 534 1313 sunt
560 1258 665 1314 hoc
695 1260 844 1331 quod
893 1269 1038 1328 sunt,
1072 1262 1127 1317 in
1156 1263 1235 1317 eis
1264 1271 1319 1318 et
1343 1279 1443 1335 per
1471 1278 1570 1318 eos
1620 1267 1906 1332 operante,
1963 1266 2017 1314 et

415 1354 494 1410 eis
522 1367 875 1429 cooperante,
911 1368 1139 1431 peccata
1160 1360 1434 1416 dimittere
1467 1375 1575 1415 non
1591 1365 1837 1430 possunt.
1854 1354 2014 1424 Quod

417 1461 558 1517 ergo
588 1448 739 1503 solus
770 1450 917 1505 Deus
940 1459 1022 1506 est
1054 1450 1248 1516 bonus,
1282 1465 1386 1506 nec
1402 1459 1581 1504 tamen
1611 1448 1739 1503 inde
1767 1445 2017 1517 sequitur

412 1540 587 1599 bonos
617 1560 726 1600 non
758 1562 882 1602 esse
912 1548 1076 1603 etiam
1110 1564 1208 1603 eos
1240 1548 1367 1619 quia
1396 1547 1630 1602 Domino
1670 1546 1928 1609 serviunt,
1958 1546 2017 1599 et

411 1634 554 1705 quod
587 1634 741 1690 solus
774 1637 924 1692 Deus
954 1637 1226 1692 mirabilia
1258 1637 1386 1693 facit
1433 1637 1614 1705 (Psal.
1651 1635 1822 1703 Lxxt),
1854 1640 1908 1689 et
1934 1640 2016 1687 ta-

408 1736 542 1777 men
570 1723 639 1779 de
663 1724 817 1794 justo
838 1727 1059 1781 homine
1089 1727 1293 1783 dicitur
1322 1745 1335 1781 :
1381 1749 1403 1777 «
1439 1725 1591 1782 Fecit
1609 1724 1756 1780 enim
1784 1721 2017 1778 mirabi-

410 1815 486 1874 lia
514 1818 569 1875 in
600 1820 711 1877 vita
742 1838 837 1877 sua
865 1824 1067 1895 (Eccli.
1120 1828 1298 1894 xxxx),
1336 1847 1359 1874 ι
1386 1826 1469 1879 Ita
1496 1822 1661 1878 etiam
1684 1821 1833 1877 solus
1867 1821 2016 1876 Deus

408 1924 636 1986 peccata
669 1919 906 1986 dimittit,
939 1929 1070 1978 tunc
1095 1937 1310 1995 quoque
1340 1920 1560 1994 quando
1580 1918 1896 1976 sacerdotes
1940 1917 2012 1972 ab

410 2020 478 2061 eo
509 2014 561 2061 et
591 2024 691 2078 per
724 2025 848 2064 eum
878 2010 1181 2067 dimittunt.
1229 2013 1355 2083 Ipse
1384 2012 1527 2065 enim
1560 2010 1665 2065 hoc
1706 2008 1762 2062 in
1793 2005 2014 2063 homine

413 2092 545 2150 facit
573 2098 721 2168 quod
750 2100 916 2157 homo
942 2117 1043 2171 per
1071 2115 1194 2157 eum
1216 2100 1369 2155 facit.
1412 2100 1527 2155 Nec
1557 2099 1681 2153 ideo
1721 2097 2013 2152 dicendum

415 2193 499 2238 est
530 2185 804 2242 hominem
835 2188 905 2243 ibi
938 2189 1070 2245 nihil
1090 2190 1293 2256 facere,
1314 2189 1442 2261 quia
1456 2202 1690 2260 pereum
1704 2185 2011 2252 Deusfacit,

421 2271 533 2328 imo
564 2290 698 2330 vero
722 2276 848 2332 ideo
878 2279 1049 2334 multo
1075 2279 1292 2345 melius,
1323 2286 1376 2334 et
1406 2277 1574 2332 multo
1605 2276 1783 2333 verius
1813 2274 2011 2340 facere,

423 2362 553 2433 quia
584 2380 684 2436 per
701 2381 824 2420 eum
856 2367 1008 2423 Deus
1037 2368 1185 2423 facit.
1217 2368 1358 2424 Hinc
1385 2376 1469 2422 est
1494 2366 1640 2438 quod
1673 2367 1833 2420 Petro
1860 2363 2013 2436 prin-

415 2460 523 2530 cipi
557 2464 936 2534 apostolorum
996 2467 1166 2522 dicit:
1208 2489 1229 2514 «ι
1265 2466 1385 2521 Tibi
1424 2465 1566 2520 dabo
1619 2463 1804 2520 claves
1860 2461 2013 2534 regni

417 2548 709 2607 caelorum.
749 2552 1134 2627 Quodcunque
1156 2554 1415 2627 ligaveris
1454 2569 1619 2624 super
1648 2561 1872 2613 terram.
1914 2549 2018 2605 erit

366 2650 375 2660 '
413 2635 639 2709 ligatum
671 2642 792 2696 etin
823 2644 977 2699 caelis
1004 2652 1057 2699 et
1076 2644 1440 2715 quodcunque
1458 2641 1694 2697 solveris
1722 2656 1892 2712 super
1907 2646 2018 2694 ter-

417 2748 533 2788 ram
562 2736 665 2791 erit
693 2737 927 2794 solutum
963 2740 1079 2795 etin
1099 2740 1255 2796 caelis
1272 2740 1648 2808 (Matth.xv1).
1687 2760 1709 2785 ι
1742 2737 1865 2792 Non
1885 2734 2019 2791 dixit

429 2834 799 2906 quodcunque
828 2837 1121 2901 solveritis,
1164 2838 1268 2893 hoc
1292 2845 1395 2902 est,
1419 2844 1480 2891 ut
1538 2835 1617 2890 illi
1644 2836 1812 2902 aiunt,
1863 2833 2017 2889 solu-

425 2928 540 2977 tum
570 2925 943 2992 ostenderitis,
979 2925 1140 2981 fuerit
1168 2926 1427 2990 solutum,
1484 2925 1579 2981 sed
1603 2928 1705 2980 erit
1758 2923 2016 2989 solutum,

420 3011 544 3083 quia
575 3016 902 3069 sententiam
957 3016 1096 3071 Petri
1145 3032 1253 3071 non
1313 3013 1593 3086 praecedit,
1629 3013 1726 3068 sed
1775 3012 2021 3084 sequitur

420 3102 687 3157 sententia
725 3104 875 3159 cmli.
914 3105 998 3160 Ne
1027 3114 1204 3160 autem
1245 3105 1349 3161 hoc
1379 3103 1480 3159 soli
1500 3105 1664 3158 Petro
1693 3116 2021 3158 concessum

418 3198 578 3260 putes
610 3208 756 3259 esse,
787 3194 914 3249 andi
947 3195 1079 3267 quid
1100 3195 1357 3250 omnibus
1387 3192 1649 3263 apostolis
1681 3207 1745 3248 ac
1792 3208 1891 3264 per
1915 3191 2022 3248 hoc

417 3290 671 3346 omnibus
699 3292 1078 3363 apostolorum
1110 3294 1528 3351 successoribus
1561 3300 1615 3348 et
1644 3291 2020 3363 apostolorum

415 3377 536 3435 vice
570 3379 927 3453 fungentibus
956 3383 1107 3440 dicat
1140 3403 1152 3438 :
1194 3406 1217 3433 σε
1249 3382 1517 3454 Accipite,
1551 3381 1743 3455 inquit,
1762 3380 2021 3452 Spiritum

418 3486 666 3534 sanctum
703 3498 715 3533 :
750 3496 986 3553 quorum
1048 3481 1371 3538 remiseritis
1425 3490 1672 3553 peccata,
1730 3480 2023 3535 remittun-

418 3576 513 3625 tur
543 3568 644 3635 eis,
681 3577 737 3625 et
765 3586 996 3641 quorum
1041 3570 1371 3627 retinueritis
1401 3578 1612 3626 retenta
1641 3578 1766 3624 sunt
1823 3569 2013 3639 (Joan.

418 3658 545 3725 xx).
585 3658 688 3715 Ubi
718 3659 876 3729 dixit,
929 3661 974 3715 si
995 3660 1366 3728 ostenderitis,
1400 3659 1551 3714 fuit?
1578 3660 1865 3729 Nusquam
1919 3659 2024 3713 hoc

425 3756 578 3822 dixit,
613 3757 712 3812 sed
743 3758 881 3812 dixit
912 3775 926 3812 :
961 3758 1016 3814 Si
1050 3757 1311 3825 feceritis,
1343 3757 1468 3813 erit.
1508 3754 1748 3812 Andiant
1805 3770 1942 3827 ergo
1971 3761 2025 3809 et

423 3842 735 3919 intelligant
762 3865 774 3901 :
810 3869 834 3894 α
870 3846 1121 3917 Quorum
1140 3845 1464 3902 remiseritis
1483 3854 1731 3916 peccata,
1751 3843 2025 3900 remittun-

425 3942 516 3990 tur
543 3935 650 3991 eis.
695 3959 717 3985 ι
744 3934 955 4006 Quibus
982 3937 1089 3992 hoc
1118 3936 1404 3992 dicebatur
1418 3934 1573 4006 prius
1587 3935 1793 3990 dictum
1814 3933 2018 3987 fuerat:

426 4046 450 4073 α
475 4023 721 4095 Accipite
751 4025 1011 4097 Spiritum
1025 4032 1272 4081 sanctum
1290 4024 1428 4091 (ibid
1436 4028 1494 4095 .),
1516 4044 1539 4074 ι
1560 4039 1649 4087 ne,
1666 4022 1753 4079 vel
1773 4022 1916 4094 quod
1930 4022 2027 4077 da-

424 4111 583 4168 batur
610 4114 931 4170 crederetur
958 4114 1389 4186 contemptibile,
1407 4112 1652 4184 velquod
1692 4111 2027 4183 accipientes

425 4220 721 4283 operantur
738 4212 1114 4268 existimentur
1145 4229 1213 4269 ex
1234 4213 1471 4267 humana
1487 4210 2022 4282 virtuteprocedere.

422 4300 547 4357 Non
576 4317 714 4373 ergo
744 4302 936 4357 mirum
967 4309 1070 4368 est,
1111 4302 1157 4357 si
1185 4301 1434 4359 homines
1493 4304 1729 4372 peccata
1780 4299 2029 4355 dimitte-

423 4404 483 4446 re
535 4399 785 4462 possunt,
847 4391 975 4462 quia
1006 4400 1063 4446 ut
1085 4393 1189 4448 hoc
1239 4390 1477 4461 possint,
1512 4405 1626 4445 non
1679 4405 1745 4444 ex
1774 4405 1894 4454 sua,
1928 4387 2028 4444 sed

422 4503 491 4543 ex
523 4489 705 4545 divina
737 4489 937 4545 virtute
967 4491 1264 4561 accipiunt,
1291 4491 1470 4545 ethoc
1509 4487 1825 4545 hominibus
1855 4486 2026 4541 Deum

422 4575 577 4647 dare,
613 4578 749 4633 nihil
804 4583 883 4635 est
914 4579 1059 4634 aliud
1089 4595 1249 4651 quam
1289 4581 1464 4634 Deum
1486 4580 1591 4634 hoc
1620 4592 1721 4647 per
1774 4576 2026 4631 homines

418 4666 618 4724 facere.
651 4668 809 4737 Quod
839 4676 1018 4725 autem
1037 4666 1694 4737 demundalioneleprosi
1717 4672 2019 4736 opponunt,

330 4760 335 4765 ’
416 4764 645 4821 minime
684 4765 1223 4837 oppositionieorum
1253 4764 1601 4835 suﬁ'ragatur,
1663 4762 1794 4832 quia
1825 4761 1871 4815 si
1902 4760 2027 4816 ideo

417 4873 677 4936 peccator
720 4872 846 4920 ante
902 4863 1310 4920 confessionem
1338 4860 1554 4919 absolvi
1582 4859 1896 4916 credendus
1920 4865 2025 4926 est,

422 4962 548 5035 quia
578 4964 836 5034 leprosus
864 4962 1158 5018 mundatus
1201 4970 1282 5017 est
1311 4969 1437 5016 ante
1496 4957 2028 5015 demonstrationem

422 5050 616 5108 eadem
647 5051 857 5107 ratione
888 5059 1144 5122 peccator
1170 5057 1298 5121 post
1323 5047 1803 5120 compunctionem
1839 5045 1910 5100 ad
1943 5060 2030 5100 sa-

426 5144 706 5197 cerdotem
738 5142 821 5196 ire
851 5157 959 5197 non
982 5140 1145 5196 debet
1201 5147 1489 5211 peccatum
1544 5153 1699 5192 suum
1742 5135 2026 5207 plangere,

420 5242 518 5297 sed
542 5241 808 5311 justitiam
836 5241 1248 5305 demonstrare,
1282 5239 1411 5312 quia
1441 5247 1495 5294 et
1522 5238 1613 5293 ille
1642 5236 1713 5292 ad
1757 5234 2029 5291 sacerdo-

423 5344 512 5395 tes
533 5339 741 5395 missus
770 5345 873 5404 est,
907 5353 1019 5393 non
1074 5344 1129 5392 et
1158 5338 1445 5394 sanitatem
1477 5334 1766 5406 reciperet,
1816 5332 1916 5387 sed
1971 5314 2031 5387 n‘

425 5437 711 5492 sanitatem
744 5436 1158 5491 demonstraret
1187 5452 1199 5489 :
1233 5433 1380 5507 quod
1408 5433 1636 5487 omnino
1684 5430 1821 5484 fides
1875 5428 2034 5483 Chri-

432 5531 600 5588 stiana
629 5533 905 5588 abhorret.
944 5533 1241 5603 PrOpterea
1271 5530 1316 5585 si
1342 5528 1689 5591 miraculum,
1725 5525 1871 5597 quod
1918 5525 2035 5582 Do-

421 5629 602 5685 minus
658 5638 916 5700 cperatus
963 5638 1072 5685 est.
1105 5630 1488 5686 sacerdotibus
1521 5642 1627 5682 non
1658 5626 1730 5681 ob
1762 5639 2027 5679 reveren-

426 5722 559 5778 tiam
589 5725 780 5789 ofﬁcii,
820 5727 921 5780 sed
968 5727 1037 5782 ad
1089 5726 1494 5797 improperium
1526 5722 1848 5790 ostenditur,
1909 5720 2037 5792 quid

432 5818 579 5876 aliud
610 5838 827 5893 quoque
862 5838 1028 5892 quam
1058 5822 1189 5877 novi
1223 5821 1516 5880 sacerdotii
1535 5821 1591 5877 in
1614 5820 1847 5893 spiritali
1872 5833 2037 5876 cura-

434 5913 580 5973 tione
609 5925 957 5987 contemptus
989 5924 1292 5988 generatur
1312 5918 1344 5973 *ἒ

1519 400 1861 458 \VERNEBI
1899 400 2187 457 ABBATIS
2227 400 2283 458 S.
2326 400 2526 457 BLASI

409 523 542 595 quia
596 532 919 597 potestatem
995 526 1252 584 divinitus
1317 527 1571 585 collatam
1630 524 2089 584 sacerdotibusA

3573 395 3707 451 1184

2791 541 2880 582 DIT
2890 541 3001 583 1510
3015 566 3029 582 ο

2190 652 2498 708 Notandum
2556 667 2771 725 quoque
2828 661 2911 709 est
2948 660 3002 709 et
3058 651 3191 708 illud
3238 650 3383 725 quod
3438 650 3633 707 dicitur
3690 665 3705 704 :

2124 774 2147 800 α
2228 750 2563 823 Quacunque
2634 752 2770 806 hora
2808 750 3137 821 ingemuerit
3208 757 3479 823 peccator,
3520 748 3709 803 salvus

2119 841 2221 898 erit
2253 841 2476 907 (Ezech.
2526 842 2710 911 xvm).
2749 841 2914 913 »Εεο
2945 840 3014 896 de
3043 840 3130 895 his
3176 838 3456 911 prmcipne
3508 837 3710 893 dictum

2121 939 2351 1006 aestimo,
2374 940 2467 1010 qui
2497 945 2669 995 totam
2700 938 2875 995 vitam
2907 955 3065 994 suam
3102 938 3158 993 in
3188 940 3424 1009 peccatis
3452 944 3707 1008 agentes,

2120 1029 2177 1085 in
2206 1028 2315 1085 ﬁne
2344 1030 2628 1099 paeniteat,
2642 1038 2695 1085 et
2714 1036 2841 1085 tunc
2854 1036 3078 1101 peccata
3094 1043 3190 1083 sua
3204 1027 3479 1093 deserunt,
3492 1024 3709 1097 quando

2115 1121 2231 1188 jam
2270 1119 2327 1174 in
2362 1118 2467 1175 hac
2521 1118 2634 1174 vita
2672 1127 2889 1189 tempus
2918 1115 3307 1173 satisfactionis
3347 1114 3553 1171 habere
3598 1129 3710 1170 non

2122 1215 2374 1281 possunt.
2407 1207 2619 1277 Quibus
2644 1207 2861 1276 dicitur,
2894 1222 2963 1263 ne
2984 1214 3166 1262 tamen
3194 1205 3304 1261 ullo
3340 1203 3503 1260 modo
3531 1203 3600 1260 de
3619 1219 3711 1259 ve-

2122 1308 2214 1363 nia
2243 1306 2555 1378 desperent.
2586 1305 2710 1377 quia
2759 1314 2814 1361 et
2833 1313 2959 1361 tunc
2987 1319 3216 1376 quoque
3271 1302 3318 1359 si
3345 1318 3477 1359 vere
3530 1301 3712 1373 preci-

2123 1396 2344 1464 tuerint,
2401 1394 2839 1451 misericordiam
2901 1393 3164 1467 consequi
3221 1391 3416 1448 valent.
3460 1391 3574 1448 Hoc
3603 1397 3712 1459 est,

2123 1511 2447 1569 quacunque
2476 1496 2633 1562 hora,
2676 1494 2885 1551 scilicet
2932 1492 3092 1549 etiam
3121 1492 3177 1547 in
3219 1490 3494 1556 extremis,
3552 1488 3714 1545 etiam

2121 1586 2177 1641 in
2208 1584 2442 1642 articulo
2474 1584 2834 1650 necessitatis,
2868 1584 2919 1638 si
2950 1590 3205 1653 peccator
3233 1578 3575 1653 ingemuerit,
3606 1579 3711 1635 hoc

2124 1691 2225 1748 est,
2259 1698 2328 1739 ex
2358 1690 2467 1739 tota
2497 1682 2682 1738 cordis
2710 1679 3033 1738 contritione
3062 1694 3361 1736 conversus
3385 1677 3567 1743 tuerit,
3599 1675 3714 1731 sal-

2122 1789 2221 1828 vus
2251 1773 2375 1842 erit,
2406 1772 2475 1826 ab
2504 1779 2708 1828 eterna
2737 1770 2944 1827 scilicet
2963 1768 3334 1826 damnatione.
3375 1765 3540 1835 Quasi
3593 1764 3715 1820 aliis

2041 1886 2097 1950 Β
2127 1860 2312 1917 verbis
2342 1860 2621 1921 diceretur
2662 1877 2675 1915 :
2709 1858 3048 1929 Quacunque
3077 1856 3219 1914 hora
3237 1856 3291 1912 in
3323 1854 3576 1928 prasenti
3605 1859 3716 1910 vita

2127 1966 2391 2031 peccator
2412 1974 2545 2014 vere
2575 1957 2908 2029 patnitnerit,
2941 1957 2997 2011 in
3027 1956 3206 2012 Iutnra
3234 1954 3340 2011 vita
3379 1969 3488 2009 non
3502 1951 3712 2024 peribit.

2126 2046 2283 2117 Quod
2340 2047 2387 2102 si
2435 2048 2557 2120 quis
2622 2047 2920 2103 contendat
2976 2045 3108 2101 illud
3160 2041 3308 2117 quod
3361 2042 3562 2098 dictum
3614 2047 3713 2105 est,

2130 2171 2152 2196 ι
2188 2147 2370 2201 salvus
2400 2146 2520 2212 erit,
2557 2168 2580 2194 »
2616 2160 2725 2200 non
2755 2161 2880 2200 esse
2920 2144 3124 2199 dictum
3149 2142 3217 2199 de
3245 2141 3543 2197 salvatione
3598 2156 3717 2212 quae

2124 2239 2177 2293 in
2205 2235 2380 2291 futuro
2437 2234 2708 2300 tribuitur,
2765 2233 2863 2289 sed
2912 2233 2981 2289 de
3011 2232 3102 2289 illa
3131 2231 3317 2303 potius
3336 2247 3459 2303 qua:
3488 2230 3543 2284 in
3571 2245 3717 2300 prte-

2125 2325 2265 2382 senti
2296 2323 2642 2381 absolutione
2672 2330 3025 2395 peccatorum
3057 2320 3421 2378 condonatur.
3457 2319 3578 2374 Non
3615 2334 3717 2373 ne-

2125 2440 2282 2481 cesse
2307 2432 2394 2481 est
2421 2433 2602 2479 tamen
2631 2438 2732 2478 nos
2759 2421 2947 2478 dicere
2972 2420 3118 2493 quod
3138 2428 3393 2491 peccator
3435 2417 3505 2473 ab
3563 2415 3712 2474 omni

2126 2514 2313 2571 debito
2341 2529 2440 2570 suo
2467 2512 2804 2578 absolvatur,
2835 2511 3018 2566 statim
3055 2526 3126 2566 ex
3148 2524 3257 2582 quo
3283 2522 3505 2581 gernere
3531 2505 3716 2575 coepit,

2126 2605 2303 2660 donec
2350 2611 2525 2658 totum
2589 2609 2924 2658 consecutus
2978 2599 3143 2655 fuerit
3197 2596 3518 2662 remedium,
3572 2594 3721 2667 quod

2127 2704 2278 2759 Deus
2307 2701 2374 2756 ab
2402 2700 2754 2758 obtinendam
2786 2698 2999 2754 veniam
3030 2696 3277 2753 instituit.
3303 2696 3416 2750 Hoc
3435 2701 3519 2751 est
3536 2701 3717 2749 antem

2128 2791 2453 2857 remedium,
2513 2797 2572 2845 ut
2610 2789 2779 2846 corde
2808 2787 3096 2859 poeniteat,
3146 2794 3201 2841 et
3255 2800 3353 2840 ore
3394 2781 3719 2840 confiteatur

2127 2882 2386 2939 delictum
2417 2901 2436 2937 :
2458 2879 2605 2953 quod
2657 2894 2781 2934 cum
2837 2876 3051 2942 fecerit,
3076 2876 3191 2945 jam
3220 2873 3451 2945 amplius
3504 2872 3719 2928 debitor

2130 2978 2491 3038 damnationis
2549 2991 2657 3034 non
2689 2976 2813 3039 erit,
2873 2974 3040 3031 etiam
3093 2973 3140 3027 si
3178 2970 3479 3028 satisfactio
3534 2977 3718 3036 restat,

2129 3085 2294 3143 quam
2331 3083 2435 3139 pro
2459 3074 2682 3136 peccato
2703 3063 2989 3135 persolvit.
3021 3061 3182 3131 Quod
3210 3061 3257 3117 si
3288 3059 3422 3116 forte
3465 3067 3722 3130 peccator

2130 3174 2268 3215 vere
2294 3156 2574 3229 pmniteat,
2606 3155 2705 3210 sed
2736 3154 3137 3210 intercurrente
3165 3149 3388 3208 articulo
3428 3148 3722 3205 necessita-

2047 3249 2097 3314 C
2135 3257 2200 3314 tis
2230 3256 2300 3311 ad
2329 3253 2731 3311 confessionem
2763 3251 2952 3306 venire
2997 3265 3107 3305 non
3138 3248 3333 3321 possit,
3389 3244 3723 3304 conﬁdenter

2132 3344 2423 3419 pronuntio
2451 3342 2599 3413 quod
2654 3342 2709 3396 in
2739 3356 2806 3397 eo
2849 3355 3094 3395 summus
3150 3337 3409 3394 sacerdos
3466 3334 3718 3405 complet,

2131 3435 2276 3508 quod
2304 3432 2551 3490 mortalis
2579 3447 2688 3487 non
2717 3429 2910 3502 potuit,
2942 3435 2996 3483 et
3026 3426 3168 3498 apud
3201 3427 3374 3481 Deum
3399 3424 3511 3493 jam
3526 3421 3720 3479 factum

2132 3532 2347 3580 constat
2370 3522 2517 3593 quod
2546 3522 2712 3576 hamo
2730 3519 2953 3591 quidem
2967 3532 3094 3572 vere
3114 3513 3410 3580 voluit,sed
3432 3529 3539 3569 non
3560 3511 3724 3568 valuit

2132 3612 2454 3682 adimplere,
2487 3610 2609 3681 quia
2641 3607 3048 3666 confessionem
3090 3620 3199 3659 non
3239 3609 3581 3674 contemptus
3625 3615 3723 3657 ex-

2132 3709 2428 3778 clusit,sed
2457 3707 2739 3779 impedivit
2794 3703 3121 3760 necessitas.
3178 3700 3411 3756 Proinde
3467 3700 3545 3764 id,
3576 3700 3722 3770 quod

2131 3799 2333 3854 dictum
2355 3805 2440 3853 est
2471 3815 2485 3852 :
2521 3820 2544 3846 ι
2579 3796 2917 3865 Quacunque
2967 3793 3105 3847 hora
3132 3788 3459 3863 ingemuerit
3517 3801 3720 3858 pecca-

2133 3893 2222 3940 tor
2250 3884 2432 3938 salvus
2460 3883 2592 3948 erit,
2628 3903 2650 3930 ι)
2685 3880 2731 3935 si
2761 3879 2830 3935 de
2860 3876 3121 3950 praesenti
3136 3875 3309 3931 salute
3329 3873 3614 3945 accipitur,
3644 3872 3724 3929 sic

2133 3972 2547 4045 intelligendum
2576 3978 2679 4037 est,
2713 3984 2777 4025 ac
2806 3969 2851 4024 si
2874 3968 3174 4023 diceretur.
3239 3965 3391 4021 Tunc
3426 3962 3723 4034 peccatoris

2134 4063 2281 4118 salus
2308 4061 2514 4133 incipit,
2548 4059 2768 4132 quando
2791 4055 3057 4113 veraciter
3102 4069 3204 4127 pro
3259 4052 3470 4109 delictis
3498 4051 3611 4106 suis
3637 4051 3723 4106 in-

2135 4163 2389 4237 gemiscit
2421 4177 2437 4233 ;
2470 4177 2591 4234 quae
2649 4168 2832 4214 tamen
2861 4157 3015 4213 salus
3057 4164 3186 4211 tunc
3214 4153 3376 4227 plene
3430 4150 3722 4223 perﬁcitur,

2139 4254 2356 4326 quando
2394 4252 2450 4307 id
2507 4250 2657 4305 unde
2710 4245 3043 4319 ingemuerit
3062 4245 3227 4300 etiam
3269 4258 3367 4299 ore
3421 4239 3723 4298 conﬁtetur.

2137 4345 2271 4398 Item
2301 4342 2432 4397 illud
2489 4339 2636 4412 quod
2665 4338 2863 4394 dicitur
2891 4335 3021 4408 quia
3060 4334 3240 4389 adhuc
3266 4340 3320 4388 te
3347 4332 3601 4402 loquente
3648 4329 3725 4384 di-

2138 4447 2255 4488 cam
2294 4445 2307 4486 :
2344 4452 2367 4477 α
2406 4430 2547 4484 Ecce
2581 4427 2774 4483 adsum
2807 4426 2943 4494 (lsa.
2975 4424 3129 4489 va).
3172 4445 3194 4470 κ
3220 4421 3311 4477 Sic
3345 4417 3729 4476 convenienter

2139 4528 2318 4593 potest
2350 4518 2525 4587 accipi
2556 4517 2685 4589 quia
2732 4516 2881 4569 Deus
2910 4512 3031 4582 pius
3055 4511 3212 4568 adest
3249 4525 3345 4581 per
3371 4507 3619 4581 gratiam,
3672 4512 3728 4561 ut

2057 4612 2108 4673 D
2140 4626 2237 4666 cor
2274 4608 2346 4664 ad
2401 4605 2778 4678 paenitentiam
2823 4608 3176 4673 compungat,
3227 4599 3423 4655 deinde
3468 4597 3641 4662 adest,
3670 4598 3727 4649 ut

2134 4706 2490 4771 peccatorum
2519 4692 2912 4766 indulgentiam
2942 4688 3221 4747 conﬁtenti
3250 4686 3471 4744 tribuat.

2209 4810 2490 4864 Postremo
2518 4805 2571 4860 id
2603 4803 2747 4876 quod
2779 4801 2850 4858 de
2887 4800 3101 4872 psalmo
3130 4805 3411 4870 opponunt
3440 4812 3453 4852 :
3493 4818 3516 4845 α
3549 4795 3674 4851 Dixi
3708 4812 3723 4850 :

2120 4897 2462 4975 gCouﬁtebor
2481 4895 2774 4950 adversum
2806 4908 2894 4947 me
2925 4890 3245 4960 injustitiam
3274 4902 3453 4943 meam
3478 4885 3725 4949 Domino,

2134 4999 2186 5045 et
2208 4997 2266 5042 tn
2297 4984 2558 5042 remisisti
2588 4982 2921 5052 impietatem
2944 4978 3155 5051 peccati
3176 4976 3283 5033 mei
3304 4978 3477 5047 (Psal.
3501 4974 3676 5039 xxxi),
3700 4996 3721 5021 ι

2146 5090 2372 5143 sanctus
2403 5084 2710 5155 Gregorius
2735 5080 2804 5136 de
2830 5080 2991 5150 culpa
3020 5076 3366 5149 cogitationis
3392 5081 3726 5130 tantummo-

2145 5185 2216 5241 do
2246 5184 2442 5239 decem
2499 5198 2624 5238 esse
2654 5180 2892 5235 asseruit
2922 5179 2977 5232 in
3005 5178 3125 5233 haec
3153 5175 3320 5231 verba
3354 5191 3368 5230 :
3401 5172 3553 5243 Stepe
3572 5170 3729 5226 mise-

2139 5275 2320 5330 ricors
2350 5274 2497 5329 Deus
2517 5287 2585 5326 eo
2613 5270 2775 5326 citius
2802 5274 3025 5340 peccata
3051 5265 3236 5323 cordis
3261 5260 3597 5334 abluit,qnod
3616 5261 3729 5315 haec

2135 5372 2285 5428 exire
2316 5370 2385 5425 ad
2419 5384 2591 5440 Opera
2620 5383 2727 5422 non
2761 5363 3052 5437 permittit.
3083 5362 3240 5419 Unde
3268 5371 3418 5417 recte
3447 5374 3548 5430 per
3576 5356 3728 5412 Psal-

2139 5461 2359 5516 mistam
2418 5457 2616 5513 dicitur
2672 5474 2685 5510 :
2752 5477 2775 5503 a
2823 5453 2950 5508 Dixi
3004 5471 3017 5507 :
3076 5450 3389 5508 Conﬁtebor
3442 5447 3727 5503 adversum

2135 5566 2223 5605 mc
2268 5547 2592 5618 injustitiam
2623 5560 2799 5599 meum
2830 5541 3064 5598 Domino
3096 5559 3109 5607 ;
3143 5548 3197 5595 et
3226 5547 3278 5593 tu
3326 5535 3581 5593 remisisti
3628 5534 3734 5589 im-

2137 5639 2401 5712 pietatem
2433 5634 2642 5707 peccati
2674 5632 2811 5688 mei.
2854 5654 2875 5680 υ
2914 5632 2981 5686 Et
3013 5629 3180 5700 paulo
3203 5634 3345 5699 post,
3369 5640 3528 5698 quam
3562 5622 3731 5679 facilis

2142 5744 2318 5798 super
2349 5727 2469 5781 haec
2498 5724 2659 5779 venia
2710 5722 2780 5776 sit
2830 5718 3092 5785 ostendit,
3147 5717 3237 5790 qui
3296 5716 3423 5770 dum
3453 5729 3512 5769 se
3566 5712 3734 5766 adhuc

2141 5823 2409 5897 permittit
2433 5828 2640 5894 petere,
2674 5820 2778 5875 hoc
2839 5817 2986 5891 quod
3040 5831 3100 5871 se
3155 5817 3343 5887 petere
3398 5808 3735 5884 permittebat

2141 5912 2396 5979 obtinuit,
2430 5918 2697 5984 quatenus
2757 5908 2884 5981 quia
2937 5922 3061 5963 cum
3108 5920 3281 5978 usque
3335 5903 3405 5960 ad
3434 5915 3573 5974 opus
3626 5912 3729 5954 non
