3972 6400
289 411 424 463 1185

1219 402 1799 461 DEFLORATIONES
1836 403 1941 461 SS.
1986 402 2300 462 PATRUM.
2340 435 2409 447 -
2448 405 2574 462 LIB.
2616 408 2685 462 ll.

3436 422 3571 478 1186

276 537 495 588 venerat
543 528 708 601 culpa
751 544 921 599 usque
974 527 1043 583 ad
1098 526 1390 584 cruciatum
1429 544 1539 583 non
1568 529 1871 600 perveniret
1894 529 1947 593 Α
1980 530 2096 586 vice
2124 530 2224 586 Dei
2295 530 2598 604 fungentes,
2660 548 2781 588 cum
2839 536 3031 606 quibus
3089 540 3300 598 interim
3356 558 3572 601 causam

283 618 622 693 paenitentia,
655 617 752 673 sed
784 617 1023 689 cogitata
1078 616 1291 672 atilictio
1338 624 1572 670 mentem
1626 624 1875 689 tergeret,

279 726 439 781 quam
499 708 757 762 nimirum
815 705 1185 762 tantummodo
1233 704 1466 776 c0gitata
1521 705 1771 774 iniquitas
1799 707 1879 759 in-

287 808 558 878 quinasse.
615 802 776 873 Quod
833 803 876 857 si
963 802 1082 872 quis
1130 803 1232 856 hoc
1272 802 1338 856 de
1396 801 1633 871 quolibet
1686 802 1877 857 delicto

282 897 414 951 velit
476 894 749 963 accipere,
814 892 948 947 sciat
988 899 1165 946 tamen
1230 889 1373 945 aliud
1435 899 1710 960 peccatum
1741 908 1875 959 esse,

282 984 429 1042 aliud
459 983 796 1054 impietatem
828 980 1053 1053 peccati.
1115 979 1368 1050 Impietas
1397 995 1628 1048 namque
1676 980 1878 1050 peccati

283 1084 401 1155 ipsa
427 1080 729 1136 rectissime
759 1077 1046 1134 obduratio
1074 1076 1251 1130 cordis
1306 1075 1580 1144 accipitur,
1616 1092 1735 1145 qua:
1765 1077 1879 1147 pri-

285 1188 436 1227 mum
490 1170 548 1224 in
577 1167 992 1238 compunctione
1048 1165 1291 1232 solvitur,
1346 1170 1406 1219 ut
1456 1165 1795 1235 postmodum
1826 1165 1881 1219 in

283 1258 623 1317 confessione
654 1263 933 1327 peccatum
988 1255 1185 1324 ipsum,
1247 1253 1302 1306 id
1343 1259 1422 1306 est
1451 1251 1690 1307 debitum
1720 1253 1880 1308 dam-

286 1359 523 1417 nationis
551 1356 882 1415 absolvatur.
923 1353 1031 1409 Sed
1075 1353 1188 1407 sive
1229 1353 1329 1406 hoc
1358 1350 1469 1405 sive
1500 1352 1605 1406 alio
1637 1368 1881 1422 quocun-

286 1466 391 1520 que
448 1445 613 1502 modo
671 1444 943 1513 praedictae
988 1440 1330 1496 auctoritates
1383 1448 1737 1510 exponentur,
1785 1457 1885 1496 nos

286 1536 567 1596 verissime
594 1531 912 1589 conﬁlcmur
939 1529 1242 1584 sacerdotes
1271 1528 1371 1582 Dei
1430 1528 1483 1580 in
1514 1528 1749 1583 Ecclesia
1777 1546 1886 1599 po-

290 1642 534 1691 testatem
582 1632 781 1687 habere
832 1627 1035 1700 ligandi
1091 1635 1248 1696 atque
1304 1626 1568 1693 solvendi,
1627 1642 1733 1681 non
1762 1642 1884 1696 per.

288 1722 553 1781 functorie
584 1720 835 1774 inusitato
891 1716 1123 1787 quodam
1176 1731 1374 1786 genere
1414 1714 1667 1782 loquendi
1709 1715 1884 1787 signi-

289 1812 524 1879 ﬁcatam,
583 1808 678 1864 sed
734 1806 995 1862 veraciter
1043 1821 1075 1859 a
1129 1804 1243 1858 Deo
1297 1818 1632 1871 concessam,
1693 1805 1887 1873 quibus

1984 636 2135 674 suam
2158 619 2273 675 sine
2329 620 2564 690 periculo
2620 638 2779 694 agere
2809 636 3048 696 possunt.
3096 632 3290 686 Ament
3317 632 3576 689 interces-

1984 724 2149 776 sores,
2183 716 2233 763 et
2265 708 2487 763 timeant
2510 708 2739 778 judices.

2663 819 2906 875 Dmsxo.

2058 920 2426 990 Quorumdam
2483 922 2755 993 inquisitio
2813 936 2894 982 est
2942 930 3068 998 quid
3097 947 3232 1002 opus
3262 934 3328 988 sit
3356 935 3471 991 Deo
3504 933 3572 991 ad

1987 1010 2246 1065 solvenda
2300 1020 2518 1080 peccata
2575 1014 2851 1069 hominum
2910 1019 3157 1074 homines
3202 1031 3579 1093 occperatores

1989 1114 2247 1167 quaerere,
2288 1100 2436 1168 quasi
2502 1117 2598 1171 per
2650 1117 2707 1157 se
2763 1104 2908 1173 quod
2962 1108 3188 1163 voluerit
3244 1125 3352 1164 non
3396 1113 3575 1168 valeat

1988 1196 2303 1265 adimplere.
2358 1197 2464 1251 Sed
2511 1199 2803 1255 certissime
2858 1202 2992 1258 scire
3048 1204 3308 1261 debemus
3350 1209 3578 1278 quodin

1989 1285 2329 1340 absolvendis
2356 1288 2589 1356 peccatis
2607 1303 2945 1359 nequaquam
2968 1292 3082 1347 Deo
3119 1295 3352 1351 humana
3371 1313 3578 1368 coope-

1988 1374 2125 1429 ratio
2161 1374 2503 1445 suffragetur.
2542 1377 2671 1432 ideo
2703 1385 2880 1433 tamen
2936 1381 3208 1437 hominem
3256 1394 3580 1455 cooperato-

1990 1478 2105 1518 rem
2135 1462 2270 1528 ﬁeri,
2304 1464 2428 1532 quia
2453 1465 2598 1518 salus
2627 1467 2921 1535 peccatoris
2965 1486 3028 1524 eo
3060 1471 3222 1528 modo
3253 1483 3574 1545 competen-

1994 1552 2096 1607 tius
2124 1551 2412 1622 perﬁcitur.
2444 1552 2548 1620 Qui
2576 1555 2723 1608 enim
2780 1566 3020 1627 peccata,
3079 1560 3180 1613 nisi
3209 1561 3389 1633 plagae
3419 1580 3576 1633 qua-

1992 1648 2116 1704 dam
2147 1650 2317 1703 sunt?
2351 1656 2403 1704 et
2433 1650 2560 1719 quid
2588 1658 2668 1705 est
2694 1653 3023 1723 pmnitentia,
3042 1656 3143 1711 nisi
3171 1658 3438 1715 medicina
3458 1661 3485 1713 ?
3517 1662 3582 1715 Et

1991 1738 2189 1791 scimus
2218 1737 2432 1806 quidem
2489 1738 2545 1792 in
2591 1740 2842 1794 sanandis
2895 1743 3205 1799 vulneribus
3234 1748 3427 1813 carnis,
3476 1747 3579 1802 nisi

1993 1841 2291 1895 congruum
2375 1825 2693 1881 adhibeatur
2756 1831 3054 1886 remedium
3124 1833 3318 1900 dolori,
3376 1852 3580 1906 nequa-

288 1910 492 1965 diclum
524 1913 644 1961 Θεῑε
682 1925 705 1955 ⁸
740 1903 979 1973 Quorum
1009 1902 1319 1956 remiseritis
1341 1905 1577 1970 Ρεοοίιίθν
1608 1902 1886 1955 feminum
1910 1882 1967 1946 B
1995 1938 2155 1991 quam
2206 1922 2443 1992 sequitur
2496 1922 2715 1978 effectus
2769 1927 3075 1981 curationis.
3136 1928 3274 1997 Quia
3324 1882 3582 2004 ergolper

291 2007 375 2054 tur
401 1997 517 2052 eis:
548 2002 602 2051 et
630 2009 858 2064 quorum
888 1991 1227 2059 retinueritis,
1258 1998 1462 2047 retenta
1504 1998 1657 2043 erunt
1686 1993 1874 2062 (Joan.

288 2097 407 2165 xx).
443 2116 466 2143 ι»
504 2091 613 2147 Sed
643 2090 779 2145 forte
808 2088 925 2158 quis
944 2095 1184 2157 opponet
1211 2087 1336 2157 quia
1359 2090 1665 2145 sacerdotes
1693 2089 1888 2145 multos

289 2185 467 2256 ligant
499 2180 555 2235 in
586 2178 843 2245 Ecclesia,
902 2176 991 2245 qui
1048 2176 1191 2247 apud
1248 2178 1419 2231 Deum
1464 2195 1572 2232 non
1604 2178 1880 2249 ligantur:

288 2273 530 2341 itemque
560 2268 758 2323 multos
810 2265 1043 2332 solvunt,
1079 2265 1168 2334 qui
1198 2264 1341 2334 apud
1372 2267 1542 2339 Deum
1580 2267 1731 2338 ligati
1758 2283 1885 2337 per-

288 2364 530 2415 manent.
563 2355 670 2411 Sed
699 2368 846 2424 saepe
900 2360 954 2407 et
996 2353 1309 2407 innocentes
1349 2353 1539 2425 ligant,
1574 2363 1628 2408 et
1655 2355 1707 2408 in
1738 2362 1887 2409 reatu

288 2461 671 2528 permanentes
699 2449 1003 2517 absolvunt,
1024 2457 1078 2504 et
1104 2450 1181 2505 sic
1201 2467 1384 2504 verum
1415 2466 1523 2506 non
1543 2451 1646 2506 erit
1665 2469 1677 2504 :
1704 2473 1722 2502 ι
1744 2450 1887 2520 Quo-

290 2541 746 2602 rumremiseritis
801 2547 1020 2611 peccata
1072 2539 1406 2594 remittantur
1433 2540 1529 2608 eis,
1579 2548 1631 2595 et
1659 2556 1886 2611 quorum

290 2631 619 2691 retinueritis
645 2636 851 2685 retenta
878 2635 1032 2683 erunt
1067 2625 1260 2697 (Joan.
1298 2630 1414 2698 xx).
1452 2651 1476 2679 ι

366 2739 479 2797 Sed
506 2736 783 2795 sciendum
815 2742 896 2790 est
943 2733 1086 2805 quod
1115 2750 1262 2805 saepe
1308 2750 1461 2790 sacra
1507 2735 1780 2807 Scriptura
1813 2734 1890 2791 sic

292 2831 363 2887 de
392 2845 451 2885 re
482 2827 662 2897 aliqua
690 2823 924 2894 loquitur
950 2829 1012 2877 ut
1036 2822 1164 2892 quid
1194 2822 1317 2877 inde
1348 2831 1631 2879 venturum
1660 2824 1730 2879 sit
1756 2839 1887 2894 pro-

296 2919 542 2975 nuntiare
597 2914 859 2981 videatur,
917 2920 970 2966 et
1025 2920 1206 2967 tamen
1261 2912 1510 2968 virtutem
1556 2912 1675 2981 ejus
1714 2912 1890 2983 magis

296 3031 461 3087 quam
491 3019 742 3069 eventum
773 3009 1058 3080 exprimat,
1091 3008 1216 3077 quia
1253 3024 1361 3063 non
1390 3008 1519 3078 quid
1545 3010 1761 3063 evenire
1787 3007 1889 3063 de-

294 3106 443 3175 beat,
474 3103 569 3157 sed
600 3099 729 3171 quid
756 3098 972 3154 evenire
1002 3098 1170 3169 pOssit
1205 3097 1468 3153 ostendat.
1495 3097 1656 3153 Verbi
1693 3097 1884 3169 gratia,

292 3194 428 3250 dicit
486 3190 721 3263 quodam
778 3188 897 3245 loco
954 3186 1229 3257 Scriptura
1259 3204 1271 3240 :
1307 3208 1329 3235 οι
1377 3185 1479 3254 Qui
1526 3185 1811 3241 crediderit
1836 3192 1888 3240 et

293 3282 598 3354 baptizatus
620 3277 777 3333 fuerit
804 3276 985 3333 salvus
1012 3275 1111 3330 erit
1141 3275 1330 3344 (Marc.
1362 3276 1512 3344 xw);
1562 3297 1584 3323 ι
1627 3282 1679 3328 et
1710 3281 1888 3330 tamen

295 3380 500 3435 scimus
529 3377 655 3448 quia
710 3374 865 3429 multi
919 3372 1198 3431 credentes
1225 3372 1552 3440 baptismum
1602 3371 1888 3440 accipiunt,

298 3469 392 3540 qui
423 3473 610 3538 postea
637 3464 808 3534 culpis
854 3461 963 3517 suis
1019 3460 1359 3532 exigentibus
1405 3459 1673 3530 reprobati
1703 3459 1772 3514 ad
1797 3476 1890 3514 sa-

299 3558 468 3613 lutem
495 3562 753 3610 mternam
784 3567 893 3606 non
938 3550 1272 3621 pertingunt.
1339 3550 1472 3603 Item
1503 3548 1557 3602 in
1587 3548 1692 3604 alio
1724 3548 1841 3603 loco
1874 3565 1887 3602 :

306 3676 329 3704 α
361 3651 466 3721 Qui
504 3648 792 3705 manducat
815 3662 1033 3702 carnem
1082 3662 1261 3701 meam
1315 3652 1367 3699 et
1411 3645 1550 3700 bibit
1576 3645 1892 3717 sanguinem

300 3755 486 3797 meum
544 3737 707 3793 habet
761 3736 927 3791 vitam
983 3742 1260 3800 aeternam,
1322 3741 1376 3788 et
1403 3734 1457 3788 in
1481 3733 1747 3803 judicium
1786 3750 1894 3790 non

301 3829 497 3897 veniet,
531 3826 626 3882 sed
655 3824 867 3881 transiet
900 3824 968 3879 de
997 3830 1170 3880 morte
1209 3822 1277 3878 ad
1315 3824 1478 3878 vitam
1508 3824 1697 3895 (Joan.
1734 3824 1829 3894 γι).
1866 3844 1888 3872 υ

302 3929 367 3983 Et
399 3934 578 3982 tamen
605 3924 800 3979 Paulus
817 3922 944 3978 dicit
973 3938 987 3975 :
1025 3944 1047 3970 α
1084 3920 1222 3990 Quia
1277 3920 1515 3991 quisquis
1555 3936 1749 3992 corpus
1775 3921 1895 3976 Do-

302 4016 437 4072 mini
458 4014 679 4086 indigne
710 4010 1033 4067 manducare
1063 4016 1115 4064 et
1143 4010 1365 4065 calicem
1411 4008 1601 4063 bibere
1628 4024 1893 4080 praesum-

300 4104 489 4177 pserit,
512 4101 775 4172 judicium
807 4099 914 4155 sibi
941 4098 1228 4153 manducet
1255 4106 1308 4154 et
1334 4098 1472 4153 bibit
1496 4097 1551 4170 (I
1580 4099 1702 4155 Cor.
1735 4098 1842 4168 xi.)
1865 4120 1887 4146 υ

304 4192 519 4262 Ubique
549 4207 679 4262 ergo
716 4189 895 4261 magis
924 4188 1090 4243 virtus
1135 4196 1590 4243 sacramentorum
1631 4186 1894 4255 exprimi-

306 4289 410 4350 tur,
441 4297 509 4336 ne
538 4277 683 4350 quod
712 4294 808 4349 per
854 4293 919 4333 ea
964 4276 1187 4346 quilibet
1229 4276 1610 4348 participantes
1654 4273 1896 4330 salvandi

301 4378 429 4445 sint,
485 4373 582 4430 sed
635 4372 781 4444 quod
835 4372 1029 4428 salvari
1088 4372 1298 4443 possint
1330 4372 1684 4445 signiﬁcatur.
1733 4370 1895 4440 Quasi

303 4466 614 4521 diceretur:
672 4462 842 4516 Tanta
892 4460 1060 4517 virtus
1115 4468 1195 4514 est
1248 4460 1522 4532 baptismi,
1574 4468 1630 4514 ut
1660 4460 1899 4530 quisquis

1991 2010 2299 2081 superbiam
2340 2027 2558 2067 omnem
2609 2021 2883 2083 peccatum
2914 2017 3135 2086 geritur,
3172 2035 3387 2074 necesse
3419 2029 3498 2075 est
3526 2030 3583 2077 ut

1992 2116 2091 2169 per
2120 2099 2472 2153 humilitatem
2520 2100 2697 2155 omnis
2753 2104 3066 2173 pcenitentia
3109 2107 3408 2177 condiatur,
3441 2126 3581 2179 qua-

1996 2204 2146 2252 tenus
2173 2197 2592 2253 inobedientiam
2644 2200 2951 2256 obedientia
3007 2202 3239 2277 frangat,
3298 2215 3351 2263 et
3388 2208 3583 2265 elatio-

1994 2286 2076 2340 nis
2133 2294 2393 2342 tumorem
2451 2288 2765 2343 humilitatis
2820 2290 3035 2347 devotio
3092 2303 3317 2363 premat.
3378 2297 3585 2355 Conve-

1993 2374 2145 2429 niens
2175 2390 2304 2447 ergo
2335 2375 2490 2430 valde
2514 2384 2610 2443 est,
2642 2385 2701 2431 ut
2730 2393 2828 2433 nos
2883 2380 2973 2449 qui
3010 2382 3288 2449 peccando
3312 2384 3426 2439 Deo
3455 2401 3583 2441 cons

1995 2477 2231 2527 tumaces
2260 2471 2458 2527 fuimus
2487 2474 2795 2545 paenitendo
2854 2475 3017 2530 etiam
3047 2478 3215 2532 servis
3244 2480 3343 2535 Dei
3369 2482 3581 2553 suppli-

1994 2585 2083 2624 ces
2107 2568 2293 2637 simus,
2325 2577 2377 2624 et
2405 2571 2566 2625 homo
2596 2571 2686 2640 qui
2730 2571 2799 2625 ad
2838 2572 2936 2626 Dei
2988 2576 3218 2645 gratiam
3250 2592 3582 2634 conservan-

1995 2657 2121 2713 dam
2170 2657 2465 2713 mediatore
2520 2676 2628 2715 non
2692 2660 2858 2731 eguit,
2904 2661 3019 2731 jam
3075 2680 3194 2719 eam
3266 2681 3582 2739 recuperare

1996 2763 2104 2802 non
2134 2747 2233 2801 nisi
2265 2764 2361 2818 per
2384 2748 2657 2803 hominem
2715 2750 3066 2805 mediatorem
3124 2755 3307 2824 possit.
3348 2757 3489 2812 Nam
3535 2765 3589 2813 et

1995 2846 2099 2899 hoc
2160 2844 2573 2902 saluberrimum
2637 2854 2718 2901 est
2768 2849 3060 2917 peccatori,
3118 2857 3175 2905 ut
3229 2852 3398 2909 discat
3426 2870 3587 2923 quam

1996 2932 2158 3004 longe
2189 2934 2463 3003 peccando
2489 2950 2521 2988 a
2550 2934 2665 2988 Deo
2722 2937 3019 2991 recesserit.
3074 2940 3215 2994 Cum
3236 2949 3414 2995 autem
3443 2942 3591 2996 ditii-

1997 3022 2166 3077 culter
2191 3022 2502 3093 paenitendo
2531 3022 2599 3076 ad
2628 3024 2801 3077 Deum
2847 3025 3003 3092 redit,
3037 3027 3163 3096 quia
3191 3036 3246 3082 et
3289 3030 3496 3086 cautior
3522 3030 3589 3085 de

1996 3117 2203 3187 reliquo
2234 3116 2476 3185 edicitur,
2512 3135 2633 3173 cum
2676 3135 2783 3174 non
2839 3121 2953 3175 sine
3009 3124 3161 3193 gravi
3194 3124 3377 3179 labore
3404 3126 3588 3196 poeni-

1916 3228 1965 3291 C
1999 3206 2125 3261 tenti
2154 3207 2329 3261 aditus
2380 3207 2727 3278 indulgentiae
2782 3210 3035 3278 aperitur.
3080 3211 3274 3267 Gemat
3302 3230 3433 3286 ergo
3461 3231 3589 3286 pec-

1997 3302 2164 3361 cator,
2223 3304 2275 3351 et
2329 3295 2574 3364 suspiret,
2625 3303 2679 3352 et
2727 3297 2918 3350 anxius
2961 3314 3060 3367 pro
3118 3308 3338 3370 peccato
3383 3318 3481 3358 suo
3514 3303 3586 3358 ti-

1999 3391 2161 3449 meat,
2192 3392 2245 3439 et
2291 3391 2630 3455 expavescat,
2689 3385 2945 3439 sollicitus
2988 3387 3265 3458 discurrat,
3298 3390 3588 3447 auxiliato-

1998 3488 2084 3526 res
2110 3480 2165 3527 et
2190 3473 2567 3527 intercessores
2620 3482 2839 3542 quierat,
2891 3484 3191 3543 prosternat
3216 3493 3272 3530 se
3318 3479 3591 3536 humiliter

2001 3569 2205 3625 homini
2258 3571 2347 3641 qui
2394 3570 2568 3626 noluit
2619 3571 2890 3626 humiliter
2942 3579 3113 3627 astare
3144 3576 3400 3643 Creatori,
3446 3585 3503 3632 ut
3532 3578 3590 3632 in

2001 3661 2105 3715 hoc
2133 3660 2293 3716 etiam
2326 3660 2464 3715 facto
2494 3660 2896 3729 quodammodo
2953 3662 3022 3716 ad
3084 3664 3256 3718 Deum
3284 3665 3497 3735 clamet,
3538 3674 3592 3722 et

2002 3755 2189 3812 dicat:
2261 3757 2412 3827 Vide,
2475 3758 2725 3826 Domine,
2804 3766 2854 3813 et
2926 3759 3226 3827 considera,
3279 3770 3331 3816 et
3376 3763 3590 3821 attende

2002 3847 2147 3915 quod
2202 3846 2369 3902 facio.
2433 3846 2556 3901 Scio
2602 3847 2842 3917 quidem,
2901 3849 3149 3913 Domine,
3189 3857 3241 3906 et
3269 3850 3441 3907 fateor
3466 3852 3594 3923 quia

2002 3935 2098 3989 tibi
2144 3934 2337 4003 subjici
2392 3934 2535 3989 nolle
2590 3934 2913 3991 damnabilis
2968 3937 3069 3991 fuit
3114 3938 3294 4005 elatio,
3336 3940 3431 3994 sed
3473 3941 3591 4011 jam

2002 4032 2221 4095 propter
2243 4031 2290 4078 te
2321 4038 2498 4079 coram
2554 4023 2775 4080 homine
2821 4026 3079 4096 prosterni
3112 4043 3217 4081 non
3248 4027 3335 4094 sit,
3387 4045 3589 4099 quaeso,

2005 4111 2100 4166 tibi
2131 4111 2473 4183 despicabilis
2500 4111 2734 4169 devotio.
2767 4115 3024 4185 Magnum
3065 4122 3145 4170 est
3192 4116 3334 4185 quod
3376 4117 3591 4185 abstuli,

2005 4218 2104 4256 nec
2133 4217 2323 4273 parum
2354 4201 2609 4271 estquod
2662 4202 2856 4257 reddo.
2904 4202 2950 4258 Ο
3009 4220 3171 4274 quam
3219 4206 3400 4262 suavis
3427 4215 3480 4262 et
3503 4207 3595 4277 ju-

2005 4299 2179 4354 cunda
2208 4299 2306 4354 Dei
2336 4298 2501 4353 nostri
2556 4299 2831 4355 miseratio
2887 4308 3057 4356 totum
3113 4302 3316 4357 bonum
3347 4303 3461 4375 ipse
3489 4320 3596 4360 no-

2003 4396 2170 4443 strum
2200 4388 2256 4443 in
2283 4387 2439 4442 nobis
2467 4396 2734 4458 operatur,
2776 4398 2831 4444 et
2876 4390 3021 4445 velut
3068 4400 3219 4462 pater
3272 4392 3515 4448 alludens
3540 4394 3597 4448 in

2004 4484 2127 4540 ﬁliis
2154 4485 2231 4540 sic
2262 4492 2428 4541 totum
2459 4484 2603 4550 facit,
2627 4493 2686 4539 ut
2722 4488 2871 4556 quasi
2914 4488 3048 4542 nihil
3091 4489 3270 4544 facere
3301 4490 3549 4545 videatur
3581 4494 3594 4547 ε

304 4560 439 4618 mild
461 4558 689 4615 ﬁdeliter
705 4559 971 4648 βίάονοῖθ
990 4558 1374 4648 αωθρθτίίνρθτ
1401 4557 1533 4612 illud
1553 4557 1621 4648 ad
1641 4565 1895 4648 interna?“
1923 4582 1976 4643 D
2011 4575 2148 4629 Ecce
2204 4581 2453 4645 peccator
2484 4582 2856 4643 compunctus,
2906 4576 3094 4647 gemit,
3126 4577 3380 4647 suspirat,
3419 4579 3596 4648 lacry-

304 4650 534 4708 salutem
582 4647 885 4719 pertingere
939 4647 1128 4717 possit.
1187 4648 1321 4701 Item
1371 4653 1516 4702 tanta
1540 4646 1705 4703 virtus
1732 4653 1812 4700 est
1840 4647 1895 4700 in

306 4738 615 4808 sumptione
668 4735 909 4805 corporis
969 4742 1021 4789 et
1066 4735 1344 4808 sanguinis
1397 4734 1525 4802 mei,
1560 4742 1615 4790 ut
1641 4750 1739 4804 per
1767 4735 1897 4790 illud

310 4835 613 4905 quicunque
653 4830 815 4901 digne
870 4830 1157 4901 sumpserit
1211 4838 1466 4885 aeternam
1521 4830 1685 4887 vitam
1713 4845 1900 4885 conse-

311 4922 403 4993 qui
430 4919 624 4992 possit.
664 4918 837 4973 Simili
867 4918 1028 4974 modo
1058 4919 1159 4974 hoc
1188 4918 1387 4973 dictum
1416 4919 1624 4974 aestimo
1648 4938 1659 4973 :
1689 4942 1711 4967 α
1744 4918 1897 4987 Quo-

310 5026 432 5065 rum
486 5007 797 5062 remiseritis
848 5014 1087 5077 peccata,
1142 5007 1482 5062 remittuntur
1537 5007 1632 5076 eis,
1677 5016 1729 5061 et
1758 5021 1900 5077 quo-

311 5123 431 5163 rum
488 5104 827 5173 retinueritis,
872 5111 1076 5159 retenta
1126 5111 1298 5160 erunt.
1364 5126 1386 5151 n
1444 5107 1523 5161 Ac
1576 5105 1620 5158 si
1667 5104 1901 5176 apertius

312 5197 577 5254 diceretur
608 5213 622 5249 :
650 5193 875 5250 Tantam
930 5191 1084 5248 vobis
1137 5199 1455 5265 potestatem
1493 5193 1550 5248 in
1591 5192 1822 5266 ligandis
1849 5200 1902 5249 et

313 5292 585 5351 solvendis
613 5290 845 5363 peccatis
892 5289 1089 5355 tribuo,
1148 5297 1205 5345 ut
1233 5289 1472 5361 quisquis
1501 5307 1536 5347 a
1562 5290 1717 5347 vobis
1744 5290 1902 5363 ligari

314 5388 588 5458 meruerit,
620 5387 764 5457 apud
793 5402 880 5441 me
908 5386 1111 5441 solutus
1167 5403 1283 5443 esse
1311 5403 1420 5442 non
1450 5388 1635 5461 possit,
1669 5395 1722 5442 et
1749 5388 1901 5458 quis-

317 5478 436 5549 quis
462 5493 495 5533 a
523 5475 679 5534 vobis
707 5474 842 5531 solvi
899 5473 1170 5543 meruerit,
1215 5475 1331 5545 jam
1389 5476 1533 5547 apud
1592 5493 1680 5530 me
1708 5476 1905 5548 ligatus

317 5592 427 5633 non
457 5575 543 5629 sit.
574 5572 806 5629 Audiant
845 5570 1109 5636 homines,
1159 5579 1212 5627 et
1264 5572 1570 5645 intelligant
1597 5582 1905 5644 peccatores

319 5663 463 5735 quod
492 5661 801 5734 praesidium
830 5659 907 5714 eis
934 5674 967 5714 a
993 5657 1107 5712 Deo
1137 5660 1463 5727 conceditur,
1513 5662 1657 5731 quod
1686 5677 1897 5716 rursum

314 5750 579 5824 judicium
637 5754 984 5821 praeparatur.
1030 5745 1292 5803 Fortassis
1344 5749 1518 5802 Deum
1556 5749 1784 5805 necdum
1813 5750 1903 5805 in-

322 5848 604 5925 ιει-ροιιωθ
633 5852 983 5919 praesumunt.
1047 5841 1262 5903 Habent
1315 5845 1562 5908 homines
1603 5847 1908 5909 sacerdotes

2003 4671 2199 4730 matur,
2258 4660 2540 4718 conﬁtetur
2590 4669 2797 4717 reatum
2846 4679 3022 4732 suum,
3074 4665 3308 4734 postulat
3355 4666 3591 4735 veniam,

2004 4752 2214 4824 ﬂagitat
2267 4750 2710 4819 misericordiam,
2757 4758 2811 4805 et
2857 4753 2959 4805 hoc
3012 4759 3181 4807 totum
3218 4752 3369 4821 quasi
3401 4770 3467 4808 ex
3496 4754 3594 4809 ho-

2008 4841 2152 4896 mine
2181 4856 2297 4895 esse
2325 4838 2577 4895 creditur.
2610 4836 2715 4892 Sed
2746 4839 2885 4908 quis,
2919 4855 3120 4908 quaso,
3174 4841 3277 4894 hoc
3316 4840 3461 4906 facit,
3494 4841 3597 4895 nisi

2006 4938 2097 4994 ille
2126 4938 2217 5008 qui
2250 4938 2392 4991 intus
2450 4934 2717 5006 praesidet,
2767 4942 2820 4990 ct
2849 4952 2941 4991 cor
2988 4936 3220 4991 hominis
3256 4936 3325 4991 ad
3374 4938 3476 4992 hoc
3507 4939 3595 4993 fa-

2006 5026 2256 5083 ciendum
2313 5026 2550 5080 movet?
2606 5022 2843 5080 Obsecro
2898 5032 2954 5079 ut
3003 5039 3110 5078 non
3164 5024 3235 5079 sit
3288 5040 3596 5095 onerosum,

2008 5118 2051 5170 si
2106 5114 2271 5170 breve
2331 5112 2490 5183 hujus
2546 5111 2622 5168 rei
2675 5113 2947 5184 quoddam
3023 5113 3333 5185 exemplum
3388 5130 3595 5186 propo-

2008 5220 2164 5260 suero
2195 5224 2208 5259 ἶ

2082 5294 2237 5349 Pater
2266 5291 2484 5362 quidam
2542 5290 2831 5361 quemdam
2875 5296 3244 5345 contumacem
3274 5290 3441 5346 ﬁlium
3473 5309 3597 5349 cum

2011 5398 2211 5456 magno
2243 5381 2422 5436 furore
2450 5379 2678 5449 expulit,
2725 5387 2782 5434 ut
2836 5379 2907 5434 ita
2954 5376 3177 5433 aﬂlictus
3208 5379 3478 5435 humiliari
3509 5381 3600 5436 di-

2011 5479 2198 5528 sceret.
2232 5470 2340 5527 Sed
2368 5470 2459 5524 illo
2515 5468 2570 5521 in
2613 5468 2951 5523 contumacia
2976 5483 3071 5521 sua
3116 5468 3430 5537 persistente
3460 5487 3599 5541 qua-

2012 5570 2137 5625 dam
2176 5569 2404 5623 discreta
2458 5566 2852 5637 dispensatione
2909 5564 3115 5619 consilii
3163 5582 3195 5619 a
3249 5574 3398 5636 patre
3430 5578 3603 5625 mater

2011 5658 2254 5726 mittitur,
2285 5664 2343 5711 ut
2369 5671 2479 5711 non
2507 5653 2657 5724 quasi
2686 5670 2720 5708 a
2745 5662 2897 5723 patre
2950 5653 3132 5719 missa,
3172 5655 3267 5710 sed
3297 5656 3449 5726 quasi
3479 5672 3604 5713 ma-

2012 5756 2163 5804 terna
2180 5762 2278 5817 per
2305 5761 2361 5800 se
2392 5744 2585 5816 pietate
2607 5741 2767 5798 ducta
2820 5741 3043 5799 veniens
3096 5742 3348 5799 muliebri
3387 5744 3602 5804 levitate

2014 5843 2342 5909 obstinatum
2391 5840 2714 5908 demulceat,
2746 5846 3119 5899 contumacem
3149 5840 3217 5897 ad
3247 5841 3601 5902 humilitatem
