3972 6452
460 444 598 500 1187

1553 434 1906 495 “’ERNERI
1962 436 2251 493 ABBATIS
2292 438 2348 493 S.
2403 436 2658 493 BLASII.

3629 448 3765 500 1188

460 570 659 633 flectat,
694 568 1047 623 vehementer
1072 572 1281 638 patrem
1312 563 1506 619 iratum
1525 563 1754 628 nuntiet,
1787 580 1846 619 se
1876 571 2057 619 tamen
2086 564 2140 625 A
2171 564 2309 628 haec,
2344 570 2398 619 et
2426 564 2699 620 custodiet
2716 564 3117 621 misericordias
3134 566 3350 622 Domini
3371 567 3402 621 ?
3431 569 3607 637 (Psal.
3629 571 3765 640 Cvr.)

457 660 888 714 interventuram
931 655 1215 727 spondeat,
1256 652 1472 709 veniam
1526 652 1822 723 promittat,
1864 655 2052 710 consi-

460 759 588 811 lium
607 756 795 810 salutis
814 763 1098 828 suggerat,
1114 753 1505 808 intercessores
1528 766 1779 823 quaerere
1804 752 2055 831 suadeat,

460 864 569 902 non
599 845 705 901 nisi
735 844 948 916 magnis
991 842 1251 914 precibus
1278 849 1489 913 patrem
1527 840 1737 911 placari
1782 856 1949 911 posse
1974 841 2058 895 di-

458 944 562 1001 cat,
596 949 819 992 causam
847 942 1027 989 tamen
1074 931 1157 988 rei
1213 947 1274 986 se
1329 937 1710 1000 suscepturam
1739 937 1973 996 asserat,
2005 937 2060 985 et

455 1026 523 1081 ad
554 1025 753 1079 bonum
786 1022 956 1079 tinem
1005 1037 1119 1078 rem
1160 1035 1380 1076 omnem
1429 1034 1490 1075 se
1518 1018 1901 1090 perducturam
1931 1034 2058 1091 pro-

457 1123 653 1178 mittat.
692 1119 904 1189 Videte,
937 1133 1153 1193 quaeso,
1190 1117 1237 1174 si
1266 1132 1378 1173 non
1407 1117 1480 1171 ita
1515 1131 1684 1172 causa
1712 1124 1898 1172 nostra
1929 1116 2055 1189 agi-

454 1221 562 1268 tur.
630 1212 958 1267 Peccantem
1018 1208 1196 1265 tilium
1252 1208 1404 1263 Deus
1459 1207 1622 1261 Pater
1652 1206 1809 1278 quasi
1845 1205 2056 1277 expulit

453 1302 622 1356 iratus
650 1319 665 1368 ;
698 1300 786 1356 cui
816 1297 1084 1356 tamenin
1110 1296 1392 1369 proposito
1422 1295 1583 1351 bonae
1617 1294 1910 1352 voluntatis
1940 1311 2055 1352 sum

452 1399 704 1454 fortassis
752 1412 1031 1469 nunquam
1073 1396 1246 1451 iratus
1283 1394 1409 1449 fuit.
1466 1392 1577 1449 Sed
1608 1393 1736 1464 quia
1763 1392 2053 1448 infirmitas

448 1490 685 1543 humana
715 1503 816 1557 per
843 1503 903 1542 se
934 1486 1003 1541 de
1032 1484 1189 1555 lapsu
1250 1498 1479 1554 surgere
1526 1497 1637 1537 non
1666 1481 1829 1550 valet,
1861 1482 1928 1536 ad
1958 1498 2054 1539 cor

451 1577 763 1648 peccatoris
786 1575 924 1630 mira
954 1575 1135 1647 gratia
1180 1572 1432 1638 mittitur,
1479 1571 1744 1627 sacerdos
1772 1570 2051 1628 interces-

450 1692 544 1731 sor
573 1673 856 1745 qumritur,
889 1680 950 1728 ut
1005 1672 1157 1727 Deus
1211 1670 1299 1727 cui
1343 1671 1515 1724 iratus
1545 1684 1655 1725 non
1685 1668 1865 1725 fuerat
1894 1684 2051 1725 com-

448 1765 721 1835 placetur.
774 1763 920 1833 Quid
956 1761 1138 1819 dicam
1175 1760 1206 1816 7
1255 1758 1391 1829 Quis
1430 1758 1651 1832 sapiens
1690 1766 1743 1815 et
1780 1758 2053 1830 intelliget

2063 1903 2137 1922 ..-

2163 653 2421 726 Nunquid
2489 654 2636 708 enim
2692 654 2967 725 superfluo
3032 655 3157 711 ideo
3226 655 3425 713 factum
3481 666 3566 714 est
3618 660 3766 730 quod

2167 750 2369 806 factum
2402 758 2500 817 est,
2536 751 2659 821 quia
2691 752 2836 807 Deus
2891 754 2961 807 ab
2992 752 3127 809 irato
3175 754 3229 808 in
3279 754 3568 827 prOpitium
3598 763 3768 814 muta-

2167 847 2257 893 tus
2290 855 2399 895 non
2439 847 2544 907 est,
2581 840 2671 911 qui
2699 842 2815 896 suis
2861 858 3147 913 nunquam
3179 844 3446 914 propitius
3485 861 3593 901 non
3623 855 3710 903 est
3736 846 3767 900 τ

2166 927 2364 984 Absit!
2409 928 2519 985 Sed
2561 944 2794 987 necesse
2832 939 2913 986 est
2952 930 3032 987 sic
3070 929 3207 1000 fieri,
3251 933 3372 1004 quia
3403 933 3561 990 aliter
3588 945 3768 991 reatus

2165 1025 2348 1082 meriti
2378 1025 2609 1082 sceleris
2638 1043 2748 1085 non
2779 1036 2959 1100 potest
2980 1029 3214 1100 expiari.
3238 1029 3486 1088 Necesse
3514 1041 3595 1088 est
3623 1048 3766 1105 ergo

2163 1115 2246 1172 sic
2274 1114 2415 1182 fieri,
2449 1115 2573 1187 quia
2604 1116 2751 1172 Deus
2778 1117 2883 1175 hoc
2941 1118 3102 1174 etiam
3129 1119 3273 1191 quod
3301 1120 3430 1176 dare
3459 1120 3759 1189 desiderat,

2164 1219 2196 1260 a
2225 1220 2285 1261 se
2310 1205 2560 1279 praecipit
2604 1205 2897 1278 postulari.
2954 1208 3199 1264 Necesse
3229 1216 3313 1265 est
3340 1225 3473 1283 ergo
3512 1210 3592 1267 sic
3616 1210 3761 1279 fieri,

2163 1302 2292 1375 quia
2342 1302 2449 1360 etsi
2504 1303 2559 1358 in
2601 1304 2718 1361 Deo
2778 1304 3075 1360 secundum
3132 1306 3467 1378 propositum
3499 1323 3634 1382 erga
3660 1324 3767 1365 nos

2162 1391 2243 1447 rei
2274 1407 2383 1448 non
2416 1391 2618 1461 fuerat,
2668 1393 2725 1447 in
2770 1392 2931 1450 nobis
2978 1402 3157 1450 tamen
3202 1394 3499 1451 secundum
3548 1405 3762 1452 reatum

2162 1480 2243 1536 ira
2269 1481 2551 1537 manebat.
2589 1480 2723 1551 Quir
2745 1496 2875 1539 cum
2898 1482 3082 1538 debita
3113 1482 3487 1541 satisfactione
3506 1485 3759 1554 solvitur,

2163 1586 2218 1634 ut
2249 1580 2324 1634 ita
2354 1579 2556 1647 dicam,
2586 1596 2696 1637 non
2755 1581 2903 1637 Deus
2945 1580 3170 1652 homini,
3205 1581 3303 1638 sed
3334 1582 3449 1639 Deo
3480 1582 3643 1640 homo
3670 1598 3764 1641 re-

2161 1666 2504 1726 conciliatur.

1441 2057 2065 2165 DOMINICA
2140 2056 2789 2164 VIGESIMA.

1665 2302 2055 2371 Secundum
2084 2302 2513 2369 Matthaaum.

524 2523 545 2549 υ
580 2497 929 2570 Loquebatur
957 2496 1121 2551 Jesus
1136 2510 1261 2550 cum
1281 2492 1566 2565 discipulis
1594 2492 1710 2548 suis
1729 2491 1782 2547 in
1799 2492 2036 2563 parabo-
2066 2499 2121 2559 Β
2153 2491 2299 2548 tione
2319 2491 2402 2548 lac
2432 2499 2486 2548 et
2512 2490 2623 2547 mel
2652 2499 3067 2563 processerunt.
3117 2493 3245 2561 Lac,
3278 2492 3331 2549 id
3362 2501 3445 2550 est
3472 2510 3610 2566 opus
3637 2494 3746 2552 mi-

441 2589 529 2657 lis,
550 2590 740 2644 dicens
765 2600 776 2640 :
797 2582 987 2641 Simile
1007 2584 1204 2639 factum
1228 2591 1311 2639 est
1328 2599 1559 2654 regnum
1577 2582 1842 2639 ccelorum
1860 2583 2040 2639 homi-

442 2680 496 2734 ni
513 2677 653 2748 regi.
676 2675 768 2747 qui
790 2673 913 2731 fecit
934 2674 1152 2743 nuptias
1173 2671 1285 2727 ﬁlio
1307 2687 1435 2737 suo,
1461 2694 1484 2721 ιο
1511 2680 1617 2728 etc.
1637 2670 1855 2741 (Matth.
1877 2679 2039 2748 χχιι.)

438 2769 496 2821 In
517 2764 793 2838 parabolis
811 2762 1038 2819 audiunt
1057 2761 1203 2833 quod
1223 2768 1414 2831 aperte
1432 2776 1540 2816 non
1563 2761 1918 2817 merebantur
1935 2777 2038 2817 au-

443 2864 579 2920 dire.
611 2862 806 2918 Sciens
836 2859 1103 2917 Dominus
1133 2859 1465 2915 voluntatem
1487 2858 1826 2915 saevientium
1848 2866 2039 2915 contra

439 2970 519 3021 se,
547 2950 902 3008 nihilominus
932 2958 1112 3004 tamen
1153 2948 1399 3019 increpat
1426 2947 1569 3005 illos.
1612 2948 1724 3004 Rex
1756 2948 1857 3004 iste
1888 2948 2038 3004 Deus

439 3043 600 3098 Pater
651 3047 762 3097 est.
826 3038 933 3109 Qui
991 3038 1123 3094 fecit
1170 3038 1387 3109 nuptias
1434 3036 1549 3094 tilio
1579 3053 1699 3104 suo,
1731 3037 1951 3110 quando
1980 3037 2037 3093 in

435 3148 591 3197 utero
622 3137 866 3210 Virginis
888 3152 1012 3193 eum
1042 3137 1295 3192 humanm
1332 3142 1541 3192 natura
1570 3135 1868 3205 conjunxit.
1901 3135 2037 3205 Qum

435 3228 749 3299 conjunctio
780 3243 846 3282 ex
876 3226 1094 3282 duabus
1123 3225 1332 3282 exstitit
1376 3225 1604 3295 naturis,
1658 3240 1768 3282 non
1796 3241 1863 3281 ex
1890 3224 2035 3282 dua-

430 3320 531 3374 bus
586 3316 859 3390 personis.
914 3314 1182 3387 Apertius
1244 3314 1353 3371 dici
1394 3322 1619 3386 potest:
1660 3314 1879 3385 Nuptiae
1908 3322 2035 3370 sunt

431 3409 668 3466 societas
701 3406 899 3462 Christi
929 3414 984 3461 et
1015 3404 1296 3473 Ecclesiae,
1316 3412 1421 3460 tam
1444 3421 1511 3460 ex
1544 3404 1747 3461 Judmis
1778 3418 1944 3475 quam
1966 3420 2033 3460 ex

428 3507 685 3581 gentibus
714 3510 1103 3578 congregatae.
1157 3502 1338 3573 Hujus
1377 3502 1575 3573 Sponsi
1617 3501 1895 3558 thalamus
1933 3501 2033 3557 fuit

424 3607 611 3653 uterus
646 3594 913 3667 Virginis.
944 3593 1318 3664 Congregatio
1342 3592 1616 3661 justorum
1646 3602 1882 3664 regnum
1909 3606 2028 3647 coe-

424 3686 602 3742 lorum
631 3684 852 3752 dicitur,
884 3682 1014 3756 quia
1050 3682 1106 3737 in
1135 3697 1198 3738 ea
1229 3681 1485 3738 ccelestes
1515 3680 1748 3738 virtutes
1778 3687 2025 3753 regnant.

425 3784 559 3854 Quae
588 3784 643 3839 in
676 3784 782 3840 hoc
810 3780 1006 3837 similis
1035 3787 1119 3837 est
1138 3780 1255 3836 Deo
1277 3780 1445 3847 Patri,
1466 3781 1595 3852 quia
1621 3780 1761 3837 sicut
1781 3778 1873 3835 ille
1890 3778 2027 3835 Filio

2150 2580 2482 2647 raculorum,
2515 2598 2614 2652 per
2643 2581 2787 2652 quod
2820 2580 2990 2636 rudes
3021 2582 3176 2653 quasi
3232 2584 3386 2654 pueri
3432 2592 3745 2641 sustentan-

2149 2679 2265 2734 tur;
2287 2670 2414 2740 mel,
2438 2671 2492 2725 id
2512 2680 2591 2725 est
2610 2670 2886 2743 eloquium
2924 2671 3207 2738 doctrinae,
3248 2679 3307 2727 ut
3340 2672 3413 2728 ait
3432 2672 3738 2744 PrOpheta:

2155 2792 2176 2817 ι
2214 2769 2392 2839 Quam
2421 2769 2601 2825 dulcia
2632 2769 2889 2825 faucibus
2918 2770 3055 2829 meis
3086 2770 3299 2842 eloquia
3330 2780 3419 2827 tua
3443 2788 3608 2843 super
3634 2772 3741 2828 mel

2148 2866 2200 2914 et
2230 2858 2411 2915 favum
2442 2859 2525 2915 ori
2554 2875 2678 2914 meo
2708 2861 2885 2930 (Psal.
2917 2861 3127 2928 cxmi).
3153 2883 3175 2907 ι
3201 2861 3343 2916 Bene
3374 2877 3510 2933 ergo
3538 2861 3736 2918 dictum

2147 2947 2246 3005 fuit
2272 2948 2513 3004 Abrahae
2543 2967 2555 3003 :
2588 2970 2612 2996 ι
2648 2948 2755 3003 Exi
2786 2949 2855 3003 de
2883 2957 3031 3004 terra
3082 2957 3201 3016 tua,
3236 2958 3289 3005 et
3316 2949 3387 3005 de
3416 2950 3737 3022 cognatione

2147 3052 2256 3115 tua,
2295 3070 2318 3095 ιν
2350 3045 2405 3101 id
2436 3054 2519 3102 est
2550 3046 2619 3102 de
2647 3046 2951 3115 Judaismo,
3003 3056 3057 3103 et
3085 3047 3155 3104 de
3190 3048 3604 3105 circumcisione
3650 3049 3738 3104 in-

2144 3135 2331 3207 tellige
2361 3136 2680 3191 exeundum
2720 3151 2846 3192 esse
2877 3137 2969 3209 qui
2996 3137 3195 3193 salvari
3244 3137 3382 3193 vult.
3420 3138 3536 3195 Nec
3564 3139 3735 3195 solum

2143 3224 2335 3293 Judmi,
2385 3224 2485 3281 sed
2543 3234 2596 3281 et
2652 3225 2836 3281 nullus
2891 3225 3055 3282 homo
3086 3234 3262 3298 potest
3297 3227 3625 3283 manducare
3651 3228 3735 3285 lac

2142 3333 2193 3380 et
2224 3325 2331 3380 mel
2362 3324 2482 3391 Dei,
2514 3323 2618 3379 nisi
2650 3332 2857 3381 terram
2888 3332 2939 3380 et
2970 3329 3349 3398 cognationem
3379 3342 3526 3381 suam
3561 3327 3731 3382 relin-

2141 3420 2290 3486 quat,
2323 3421 2383 3469 ut
2409 3422 2493 3469 est
2522 3413 2660 3469 illud
2688 3430 2701 3470 :
2737 3436 2760 3463 (ι
2790 3414 2909 3469 Nisi
2956 3418 3080 3486 quis
3109 3414 3397 3487 reliquerit
3443 3424 3653 3486 patrem
3681 3423 3732 3472 et

2139 3510 2397 3573 matrem,
2419 3510 2550 3574 etc.,
2573 3519 2682 3560 non
2704 3510 2889 3574 potest
2918 3519 3040 3559 esse
3064 3520 3221 3560 meus
3239 3504 3541 3576 discipulus
3563 3506 3720 3577 (Luc.

2139 3603 2282 3672 xw).
2324 3624 2348 3649 κ
2391 3602 2527 3658 Item
2565 3617 2579 3656 τ
2615 3625 2638 3650 ι
2683 3601 2787 3671 Qui
2817 3601 2935 3659 vult
2965 3618 3119 3659 meus
3139 3619 3265 3659 esse
3294 3602 3619 3673 discipulus,
3645 3602 3730 3657 ab-

2137 3699 2304 3764 neget
2325 3691 2686 3763 semetipsum
2707 3693 2872 3762 (ιω.
2901 3697 2998 3762 ix).
3028 3714 3051 3741 ιν
3076 3692 3501 3764 Relinquitergo
3520 3707 3724 3765 cogna-

2138 3780 2346 3837 tionem
2377 3796 2551 3846 suam,
2586 3782 2679 3853 qui
2705 3797 2815 3838 non
2842 3782 3141 3838 contemnit
3170 3798 3313 3846 eam,
3355 3781 3450 3837 sed
3487 3782 3578 3854 qui
3609 3781 3725 3853 plus

423 3891 523 3930 suo
551 3871 831 3942 conjunxit
862 3869 1187 3935 Ecclesium,
1235 3868 1312 3924 ita
1357 3869 1450 3924 illa
1500 3868 1856 3942 congregatio
1885 3866 2026 3925 filios
2055 3869 2105 3934 C
2135 3878 2315 3951 diligit
2342 3879 2517 3935 Deum
2551 3895 2710 3950 quam
2735 3888 2990 3951 parentes
3014 3894 3027 3949 ;
3058 3879 3313 3952 relinquit
3334 3888 3535 3934 terram
3552 3894 3722 3947 suam,

420 3980 550 4020 suos
575 3964 720 4035 quos
751 3962 870 4017 Deo
898 3965 1132 4032 generat
1178 3973 1281 4029 per
1323 3958 1549 4014 verbum
1592 3957 2020 4029 praedicationis,

418 4079 516 4135 per
545 4060 674 4117 fidei
705 4066 1045 4116 sacramenta
1074 4056 1364 4125 conjunxit
1391 4054 1654 4111 Ecclesia
1683 4054 1947 4111 ﬁdelium.

494 4185 515 4209 α
563 4159 635 4215 Et
678 4156 897 4214 vocavit
947 4155 1158 4226 plures,
1190 4163 1242 4209 et
1272 4155 1411 4209 hora
1439 4169 1610 4209 omnes
1639 4153 1787 4210 misit
1829 4168 2021 4210 servos

418 4266 545 4305 suos
592 4262 789 4304 vocare
835 4245 1094 4301 invitatos
1137 4243 1211 4299 ad
1262 4244 1503 4314 nuptias,
1545 4250 1599 4298 et
1627 4242 1887 4298 nolebant
1915 4257 2017 4298 ve-

417 4341 555 4395 nire.
584 4360 606 4387 ιι
633 4338 810 4391 Lucas
829 4334 1096 4389 describit
1116 4333 1218 4387 sub
1259 4332 1626 4404 appellatione
1647 4347 1820 4388 creua!
1843 4332 2005 4401 (Luc.

412 4436 533 4508 xxv)
564 4434 709 4507 quod
735 4431 1018 4488 Mattheus
1036 4430 1482 4502 dicitprandium
1524 4445 1669 4497 esse,
1705 4446 1828 4485 cum
1867 4428 2014 4501 apud

413 4528 667 4597 antiquos
689 4520 933 4594 quotidie
965 4520 1033 4575 ad
1062 4520 1249 4575 horam
1279 4534 1480 4576 nonam
1513 4519 1806 4591 prandium
1837 4517 2008 4585 ﬁeret,

413 4616 557 4690 quod
584 4628 740 4671 creua
771 4610 1087 4669 vocabatur.
1121 4610 1420 4665 Prandium
1448 4625 1544 4664 seu
1574 4624 1730 4666 caena
1760 4608 2012 4664 doctrina

409 4726 493 4773 est
515 4712 744 4787 justitiae
775 4719 828 4765 et
859 4707 1030 4765 verba
1067 4707 1268 4763 divina.
1318 4709 1511 4762 Manna
1540 4705 1774 4780 ﬁguram
1798 4707 2010 4763 habens

407 4806 561 4862 verbi
590 4804 643 4857 in
673 4803 895 4856 deserto
924 4797 1048 4853 ideo
1077 4797 1369 4853 dicebatur
1394 4811 1595 4851 manna
1624 4796 1826 4865 (Exod.
1870 4798 2004 4864 xw),

411 4896 555 4969 quod
611 4889 879 4947 llebraice
918 4887 1117 4943 dicitur
1153 4887 1286 4959 quid
1340 4891 1423 4942 est
1478 4887 1600 4953 hoc,
1658 4893 1717 4941 ut
1765 4885 2006 4958 quoties—

2133 3967 2226 4040 qui
2257 3970 2438 4024 carnis
2465 3985 2580 4024 suae
2633 3984 2744 4025 non
2800 3969 3047 4039 sequitur
3088 3968 3445 4039 voluptatem.
3480 3969 3555 4023 Ex
3585 3976 3721 4023 tem-

2130 4072 2263 4128 pore
2285 4058 2459 4129 Moysi
2489 4057 2653 4126 cmpit
2683 4057 2994 4114 convivium
3024 4058 3167 4112 istud
3191 4057 3482 4129 preparari
3511 4057 3720 4129 quando

2128 4154 2223 4211 lex
2254 4156 2382 4211 data
2411 4165 2513 4211 est.
2546 4155 2702 4224 Quod
2726 4156 3037 4211 convivium
3067 4156 3138 4210 ita
3165 4156 3397 4211 diversis
3435 4155 3717 4226 speciebus

2122 4244 2347 4317 justitiae
2377 4245 2697 4301 decoratum
2731 4253 2834 4309 est,
2854 4245 2993 4301 sicut
3023 4245 3209 4317 regale
3240 4245 3527 4316 prandium
3555 4244 3719 4300 diver-

2126 4343 2206 4398 sis
2237 4343 2375 4399 cibis
2405 4351 2661 4399 ornatur.
2701 4343 2777 4399 Ex
2808 4343 3005 4399 eodem
3032 4351 3274 4415 tempore
3304 4342 3545 4399 exierunt
3575 4341 3713 4398 invi-

2126 4440 2349 4499 tatores,
2384 4432 2440 4489 id
2469 4436 2553 4488 est
2584 4433 2890 4504 praphetm.

2197 4554 2220 4580 α
2256 4531 2458 4587 Iterum
2515 4530 2662 4586 misit
2689 4530 2828 4587 alios
2867 4546 3079 4598 servos,
3109 4530 3299 4588 dicens
3328 4546 3340 4585 :
3375 4529 3544 4587 Dicite
3572 4529 3709 4586 invi-

2120 4621 2247 4676 tatis
2281 4640 2294 4676 :
2330 4620 2478 4677 Ecce
2505 4620 2798 4691 prandium
2857 4637 3040 4677 meum
3098 4620 3310 4693 paravi.
3355 4620 3494 4677 tauri
3525 4621 3631 4676 mei
3658 4628 3704 4676 et

2119 4709 2289 4765 altilia
2317 4708 2522 4773 occisa,
2551 4721 2607 4765 et
2636 4709 2817 4765 omnia
2859 4718 3071 4781 parata.
3108 4710 3296 4766 Venite
3325 4710 3392 4764 ad
3420 4708 3651 4779 nuptias.
3677 4731 3697 4757 ιο

2118 4808 2272 4864 Servi
2303 4808 2464 4879 primi
2495 4808 2719 4863 fuerunt
2746 4809 3030 4879 prapbetaa
3069 4808 3353 4879 praenuntii
3384 4806 3699 4863 incarnatio-

2118 4898 2204 4952 nis
2228 4917 2243 4966 ;
2276 4897 2507 4953 secundi
2535 4906 2658 4953 sunt
2687 4897 2943 4968 apostoli,
2967 4898 3059 4970 qui
3088 4896 3232 4954 facta
3261 4903 3528 4952 asserunt.
3553 4896 3698 4951 Unde

401 5009 616 5068 cunque
672 4990 923 5045 audimus
989 4986 1227 5043 verbum
1296 4984 1589 5041 admoneat
1655 4998 1758 5041 nos
1823 4984 2002 5055 ipsum
2112 4986 2203 5044 hic
2261 4987 2461 5043 dicitur
2515 4986 2805 5059 prandium
2859 4996 3131 5059 paratum,
3186 4986 3241 5042 id
3284 4994 3365 5042 est
3394 4987 3696 5057 mysterium

400 5101 603 5141 nomen
640 5078 929 5150 requirere
961 5093 975 5131 :
1009 5075 1154 5146 Quid
1183 5083 1272 5131 est
1300 5075 1407 5131 hoc
1436 5074 1583 5147 quod
1616 5073 1914 5129 audimus?
1938 5075 2002 5130 Et

396 5178 535 5233 sicut
572 5173 758 5231 cibum
820 5182 945 5225 cum
1009 5163 1500 5230 masticaverimus,
1557 5163 1885 5220 dimittimus
1939 5162 1996 5219 in

2111 5084 2506 5142 incarnationis
2532 5084 2883 5156 completum,
2917 5092 2971 5141 et
3000 5085 3256 5141 introitus
3299 5084 3456 5155 regni
3489 5091 3695 5154 apertus

2107 5172 2200 5246 qui
2229 5182 2355 5231 ante
2386 5174 2563 5230 fuerat
2615 5175 2858 5231 clausus.
2923 5174 3085 5230 Tauri
3140 5182 3192 5230 et
3221 5173 3468 5247 saginata
3520 5172 3692 5229 occisa

397 5263 762 5325 stomachum,
822 5255 898 5311 ila
926 5263 979 5310 εἰ
1033 5254 1264 5310 verbum
1321 5253 1461 5309 bene
1516 5260 1809 5308 ῐτεὶοιεῑυω
1838 5267 1997 5309 οοπι-
2021 5236 2075 5299 D
2106 5236 2487 5335 intelliguntur
2505 5263 2681 5319 sancti
2709 5263 2899 5321 occisi.
2932 5262 3140 5320 Omnes
3159 5236 3443 5335 prophetas
3470 5267 3522 5317 et
3549 5260 3691 5316 Chri-

394 5351 764 5412 mendandum
796 5354 881 5403 est
907 5343 1186 5400 memorias
1214 5341 1369 5414 quasi
1397 5342 1703 5400 stomacho.
1745 5342 1996 5399 Invitatio

392 5451 488 5506 fuit
518 5446 739 5523 quando
767 5441 1033 5499 Dominus
1075 5439 1211 5496 dixit
1256 5439 1323 5494 ad
1354 5438 1681 5495 Abraham:
1719 5461 1741 5489 σι
1792 5439 1894 5495 Exi
1923 5440 1993 5496 de

391 5548 539 5595 terra
568 5548 660 5593 tua
695 5544 747 5589 et
795 5534 865 5589 de
898 5530 1226 5602 cOgnatione
1282 5537 1391 5595 tua,
1440 5538 1493 5584 et
1540 5528 1659 5584 veni
1702 5528 1758 5582 in
1789 5536 1992 5585 terram

392 5645 549 5700 quam
580 5633 958 5681 monstravere
987 5619 1106 5686 tibi,
1138 5628 1193 5674 et
1221 5619 1367 5674 dabo
1395 5618 1493 5674 tibi
1523 5618 1674 5672 illam
1707 5623 1766 5673 et
1792 5619 1988 5674 semini

389 5731 479 5778 tuo
511 5726 677 5787 (Gen.
704 5722 853 5787 xm).
896 5742 917 5767 η
953 5718 1131 5787 Quam
1147 5726 1350 5772 terram
1373 5718 1401 5771 ?
1436 5716 1988 5781 Orientalem,ﬂuen-

385 5818 499 5866 tem
534 5812 617 5865 lac
646 5818 695 5861 et
726 5807 856 5862 mel.
904 5806 1061 5875 Quod
1120 5822 1306 5861 verum
1341 5822 1449 5860 non
1480 5814 1563 5859 est
1609 5806 1677 5860 de
1710 5815 1854 5861 terra
1880 5809 1984 5862 Ju-

387 5908 541 5962 daeac.
571 5905 868 5973 Nunquam
895 5903 1041 5957 enim
1067 5900 1159 5956 illa
1196 5901 1350 5955 fluxit
1381 5900 1468 5956 lac
1494 5908 1549 5955 et
1577 5902 1713 5956 met.
1752 5902 1864 5958 Sed
1894 5911 1981 5957 est

388 5992 677 6054 rationalis
704 6005 815 6062 qua
835 5989 1083 6047 Christus
1110 5989 1373 6063 suscepit,
1420 5989 1491 6045 de
1529 5989 1694 6061 cujus
1721 5989 1983 6048 iam-

2105 5369 2221 5417 stus
2244 5361 2370 5418 ideo
2398 5361 2569 5418 occisi
2599 5369 2743 5429 sunt,
2801 5370 2861 5418 ut
2917 5362 3022 5418 hoc
3055 5360 3339 5434 spirituale
3368 5360 3688 5416 tabernacu—

2104 5451 2214 5507 lum
2248 5449 2477 5507 ﬁrmiter
2506 5450 2791 5522 ﬁgeretur.
2856 5452 2997 5506 Nam
3055 5451 3197 5507 sicut
3227 5451 3433 5507 viscera
3461 5448 3607 5521 agni,
3637 5446 3684 5501 id

2101 5558 2184 5606 est
2213 5549 2429 5623 eloquia
2474 5550 2681 5605 Christi
2737 5550 2989 5605 homines
3048 5565 3158 5605 non
3215 5551 3680 5611 manducaverunt,

2099 5640 2203 5694 nisi
2265 5647 2557 5711 postquam
2603 5640 2819 5695 occisus
2880 5648 2978 5705 est,
3038 5640 3135 5695 sed
3167 5646 3289 5709 post
3318 5645 3545 5693 mortem
3575 5636 3682 5704 ejus

2095 5726 2394 5801 Evangelia
2424 5728 2876 5799 praedicaverunt,
2910 5726 2991 5785 sic
3027 5736 3080 5783 et
3122 5728 3351 5790 viscera,
3386 5726 3441 5780 id
3471 5732 3553 5783 est
3581 5724 3682 5780 alo-

2096 5817 2220 5887 quia
2255 5818 2643 5888 prophetarum
2674 5832 2783 5873 non
2807 5825 2933 5872 sunt
2963 5826 3236 5887 suscepta,
3268 5815 3373 5872 nisi
3402 5824 3676 5885 postquam

2091 5905 2263 5962 occisi
2285 5913 2440 5962 sunt.
2478 5906 2537 5963 Si
2569 5907 2716 5964 enim
2774 5908 3147 5978 suscepissent
3188 5920 3481 5962 sermones
3510 5903 3674 5967 Isaias,

2089 6008 2369 6067 nunquam
2387 6004 2707 6054 serrusent
2735 6010 2886 6067 cum,
2908 5996 3007 6055 sed
3022 6004 3316 6070 postquam
3341 5992 3555 6053 occisus
3582 5999 3673 6061 est,
