3972 6418
242 424 399 478 118⁸)
1346 418 1870 476 DEFLORATIONI

1991 419 2087 475 SS.
2130 418 2440 475 PATRUM.
2482 452 2548 461 —
2586 421 2714 476 LIB.
2755 423 2826 479 II.
3439 426 3571 479 1190

241 545 439 601 Judaei
484 554 778 619 coeperunt
830 562 952 602 eum
1009 545 1219 618 lugere.
1285 545 1432 601 Sicut
1486 544 1629 599 enim
1685 544 1965 605 nulliusA
1993 543 2313 599 exercitibus
2340 545 2450 599 suis
2477 544 2708 616 perdidit
2758 544 3056 601 homicidas
3108 543 3229 600 illos
3283 552 3337 600 et
3389 545 3580 601 civita-

242 635 513 692 viventis
555 637 805 692 animalis
856 636 1060 692 viscera
1113 635 1518 702 manducantur,
1560 634 1633 689 ita
1686 631 1881 690 viven-
1991 640 2096 687 tem
2125 633 2338 687 illorum
2368 633 2659 689 succendit.
2698 654 2720 681 υ
2763 635 2945 705 Magni
2999 633 3239 689 criminis
3292 643 3583 705 arguuntur

247 726 400 780 tium
438 729 839 799 prophetarum
867 740 1142 783 sermones
1197 739 1357 780 nemo
1405 722 1654 794 suscepit.
1716 721 1881 794 Sagi-
1991 722 2080 793 qui
2108 737 2292 777 servos
2320 722 2464 794 regis
2492 722 2818 778 occiderunt.
2852 722 3079 792 Quando
3110 723 3257 777 venit
3296 723 3366 777 ad
3419 723 3584 780 ultio-

244 829 390 879 nata
433 830 573 879 sunt
600 823 776 894 gratia
804 823 900 880 Dei
933 823 1115 896 plena.
1178 823 1289 878 Nec
1343 820 1465 877 ideo
1516 820 1652 876 dixit
1704 826 1884 875 tauros

246 918 307 965 et
337 911 616 984 saginata
682 911 812 982 quin
860 911 997 967 tauri
1055 911 1270 966 fuerunt
1320 909 1572 983 saginati,
1625 906 1719 962 sed
1772 922 1883 965 non

246 1015 467 1056 omnes
502 1000 739 1074 saginati
768 999 982 1056 fuerunt
1009 999 1161 1056 tauri.
1196 997 1428 1068 Quidam
1474 998 1619 1053 enim
1675 1003 1882 1053 tantum

242 1098 564 1168 propheta:
592 1096 825 1166 fuerunt,
858 1096 1074 1167 quidam
1106 1104 1285 1152 autem
1316 1097 1591 1167 prophetae
1619 1102 1673 1150 et
1697 1111 1882 1150 sacer-

245 1184 448 1253 dotes,
473 1186 615 1241 sicut
642 1186 900 1241 Jeremias
920 1194 973 1240 et
1032 1185 1296 1242 Ezechiel.
1335 1184 1472 1256 Ergo
1502 1182 1746 1256 saginata
1791 1182 1881 1237 di-

251 1274 333 1329 cit
397 1276 705 1346 prophetas
762 1274 1154 1342 tantummodo,
1216 1273 1342 1344 quia
1402 1272 1591 1343 repleti
1666 1271 1884 1327 fuerunt

252 1370 491 1442 Spiritu
520 1379 705 1427 sancto
738 1385 753 1439 ;
787 1380 963 1426 tauros
990 1381 1168 1428 autem
1199 1371 1289 1441 qui
1329 1379 1383 1426 et
1431 1372 1709 1439 preplietaa
1759 1369 1880 1425 fue-

247 1467 390 1513 runt
424 1468 487 1513 et
511 1460 833 1514 sacerdotes.
869 1460 1013 1515 Sicut
1046 1460 1187 1514 enim
1221 1458 1354 1513 tauri
1387 1460 1548 1512 duces
1584 1466 1703 1511 sunt
1748 1474 1881 1529 gre-

255 1548 375 1618 gis,
409 1548 494 1601 ita
518 1557 569 1601 et
590 1550 894 1603 sacerdotes
915 1549 1184 1620 principes
1226 1548 1430 1618 pepuli.
1480 1547 1646 1601 Aliter
1677 1564 1688 1600 :
1721 1545 1881 1599 Tauri

246 1651 390 1699 sunt
422 1645 615 1700 Patres
645 1645 849 1700 Veteris
904 1643 1249 1708 Testamenti,
1310 1644 1399 1713 qui
1457 1642 1703 1696 inimicos
1758 1658 1883 1696 suos

249 1748 330 1789 ex
367 1733 741 1803 permissione
771 1733 905 1805 legis
935 1734 1083 1802 quasi
1116 1732 1367 1787 cornibus
1397 1730 1590 1785 virium
1621 1745 1881 1801 repercu-

249 1822 512 1879 tiebant.
553 1822 731 1877 Altilia
756 1838 886 1877 vero
916 1820 1221 1895 signiﬁcant
1268 1821 1453 1876 Patres
1493 1820 1632 1876 Novi
1688 1819 1881 1873 Testa-

1986 833 2112 874 nem
2140 819 2303 874 homo
2333 818 2536 886 siletur,
2569 826 2621 874 et
2646 836 2743 875 rex
2774 826 2976 875 tantum
3032 818 3249 875 dicitur.
3320 819 3581 877 Exerciti-

1988 906 2108 977 bus,
2138 907 2193 962 id
2222 906 2478 963 estmalis
2506 908 2714 979 angelis
2767 925 2860 965 seu
2916 908 3174 965 Romanis
3226 908 3325 964 sub
3383 910 3584 982 Vespa-

1988 997 2139 1052 siano
2168 1003 2220 1052 et
2248 996 2365 1051 Tito
2419 996 2634 1053 Iudaeos
2691 997 2977 1066 interemit,
3010 1001 3065 1053 et
3095 997 3581 1069 praevaricatricem

1988 1092 2569 1151 succenditcivitatem.
2628 1094 2722 1151 Vel
2777 1094 2849 1150 ita
2900 1110 2911 1147 :
2976 1094 3333 1163 Exercitibus,
3392 1095 3447 1150 id
3503 1102 3583 1151 est

1988 1182 2188 1237 sanctis
2216 1183 2424 1254 angelis
2454 1199 2550 1254 per
2577 1198 2710 1255 quos
2732 1181 2994 1252 judicium
3051 1182 3340 1252 exercebit,
3392 1199 3581 1254 perse-

1990 1279 2214 1341 quentes
2242 1272 2446 1342 perdet,
2480 1278 2533 1325 et
2559 1271 2850 1341 civitatem,
2880 1270 2934 1325 id
2966 1279 3045 1325 est
3099 1288 3313 1326 carnem
3373 1271 3426 1326 in
3475 1288 3581 1343 qua

1989 1359 2359 1415 habitaverant
2388 1376 2508 1414 cum
2537 1360 2717 1415 anima
2747 1360 2800 1413 in
2830 1361 3079 1432 gehenna
3102 1358 3379 1415 cremabit.

2066 1499 2087 1525 α
2121 1477 2269 1531 Tunc
2287 1476 2537 1532 aitservis
2557 1477 2665 1530 suis
2688 1476 2926 1546 :Nuptiae
2948 1477 3163 1547 quidem
3177 1485 3377 1547 parata
3410 1485 3534 1534 sunt
3560 1494 3574 1548 ;

1988 1564 2079 1618 sed
2104 1565 2192 1634 qui
2216 1565 2419 1620 invitati
2437 1571 2587 1619 erant
2608 1580 2714 1619 non
2754 1565 2965 1621 fuerunt
3004 1565 3173 1637 digni.
3225 1567 3301 1620 Ite
3349 1582 3478 1640 ergo
3507 1568 3576 1623 ad

1988 1654 2161 1708 exitus
2190 1654 2418 1719 viarum,
2452 1663 2503 1709 et
2545 1670 2889 1724 quoscunque
2927 1654 3235 1709 inveneritis
3280 1663 3466 1710 vocate
3510 1656 3577 1712 ad

1988 1752 2218 1823 nuptias.
2255 1774 2278 1800 ι
2315 1752 2371 1806 Si
2400 1751 2454 1805 in
2486 1750 2759 1822 Scriptura
2788 1768 2938 1807 sacra
2985 1751 3101 1807 vias
3155 1752 3391 1808 actiones
3438 1754 3577 1809 acci-

1989 1840 2185 1912 pimus,
2243 1841 2415 1897 exitus
2457 1839 2663 1895 viarum
2722 1839 3074 1913 intelligimus
3127 1841 3365 1897 defectus
3419 1842 3577 1900 actio-

248 1922 466 1988 rnenti,
501 1921 814 1994 evangelica
843 1928 1112 1993 praecepta
1141 1928 1386 1986 terentes,
1418 1927 1473 1976 et
1518 1917 1707 1990 pennis
1746 1933 1876 1973 san-
1904 1901 1959 1962 Β
1989 1901 2137 1997 hum,
2170 1901 2295 1999 ξιυία
2321 1928 2397 1983 ίιιί
2426 1928 2743 1999 plerumque
2800 1901 2957 1984 facﬁe
3011 1927 3080 1984 ad
3134 1929 3425 1986 Dominum
3483 1947 3577 1989 γε,

251 2018 369 2068 cte
404 2010 881 2083 contemplationis
905 2010 973 2064 ad
1002 2009 1254 2064 sublimia
1292 2010 1460 2064 elatos
1504 2024 1603 2078 per
1645 2006 1875 2080 gratiam

254 2106 501 2156 aeterna:
529 2098 875 2171 pinguedinis
902 2105 1211 2170 perceptam
1242 2096 1533 2169 saginatas,
1584 2095 1720 2152 sicut
1765 2094 1875 2150 alti-

254 2195 341 2253 lia
373 2194 631 2268 saginata
659 2194 907 2264 dicimus,
938 2194 1007 2250 ab
1056 2210 1121 2251 eo
1179 2195 1325 2265 quod
1378 2202 1457 2249 est
1509 2194 1675 2251 alere.
1734 2193 1875 2248 Nota

256 2283 423 2356 quod
449 2285 502 2338 in
524 2283 689 2357 priori
712 2284 1026 2340 invitatione
1047 2283 1178 2338 nihil
1219 2283 1285 2338 de
1328 2283 1489 2338 tauris
1534 2289 1588 2337 et
1639 2280 1874 2337 altilibus

257 2373 494 2441 dicitur,
535 2373 629 2428 sed
668 2372 723 2427 in
787 2372 1039 2441 secunda,
1108 2372 1233 2443 quia
1296 2372 1458 2438 Deus,
1522 2388 1643 2426 cum
1706 2369 1873 2425 verba

257 2473 395 2543 ejus
427 2471 612 2528 audire
641 2472 909 2539 nolumus,
967 2471 1214 2544 adjungit
1266 2470 1536 2540 exempla.
1598 2492 1619 2518 α
1654 2468 1870 2537 Omnia,

260 2560 470 2632 inquit,
501 2570 687 2631 parata
706 2569 846 2628 sunt,
886 2583 906 2609 υ
927 2561 1052 2630 quia
1085 2559 1343 2630 quidquid
1376 2559 1443 2614 ad
1478 2559 1704 2614 salutem
1733 2573 1874 2628 quie-

258 2650 429 2717 ritur,
464 2658 629 2705 totum
653 2650 771 2721 jam
802 2649 1150 2720 adimpletum
1182 2656 1261 2703 est
1306 2648 1361 2703 in
1415 2647 1717 2719 Scripturis.
1768 2645 1872 2715 Qui

261 2749 500 2823 ignarus
529 2757 627 2814 est,
660 2749 892 2804 inveniet
923 2748 997 2804 ibi
1028 2747 1157 2818 quid
1188 2747 1358 2802 discat
1388 2761 1403 2817 ;
1434 2746 1560 2818 quid
1580 2752 1873 2801 contumax

262 2848 353 2896 est
383 2846 436 2893 et
463 2845 732 2910 peccator,
765 2837 1001 2895 inveniet
1046 2835 1121 2892 ibi
1170 2835 1329 2891 futuri
1378 2834 1570 2905 judicii
1620 2832 1861 2905 ﬂagella.

263 2927 482 2984 Omnes
510 2927 619 2983 cibi
644 2926 986 2983 inveniuntur
1004 2926 1059 2980 in
1094 2924 1380 2997 Scripturis
1425 2931 1478 2979 et
1523 2923 1869 2996 parvulorum

264 3023 324 3074 et
364 3016 636 3087 majorum
650 3055 664 3070 .

350 3154 375 3182 α
419 3130 503 3186 Illi
540 3137 719 3186 autem
757 3129 1127 3202 neglexerunt,
1186 3136 1241 3185 et
1292 3127 1558 3195 abierunt,
1624 3125 1761 3183 alius
1811 3123 1868 3183 in

263 3220 462 3277 villam
490 3235 664 3287 suam,
696 3218 831 3275 alius
860 3233 988 3275 vero
1036 3217 1103 3272 ad
1150 3216 1572 3289 negotiationem
1626 3228 1799 3270 suam.
1835 3234 1858 3261 ν

263 3309 398 3364 Non
419 3308 555 3362 dixit
577 3306 852 3381 malignati
888 3314 1029 3374 sunt,
1072 3306 1168 3362 sed
1208 3306 1576 3378 neglexerunt,
1610 3302 1736 3373 quia
1758 3316 1867 3359 non

268 3422 467 3462 omnes
494 3405 662 3460 Judaei
692 3403 1063 3461 cruciﬁxerunt
1100 3404 1386 3471 Christum,
1430 3408 1521 3458 aut
1572 3400 1627 3457 in
1695 3406 1867 3456 morte

270 3496 396 3567 ejus
440 3502 842 3550 consenserunt.
900 3493 1090 3549 Omnis
1145 3501 1292 3548 actus
1346 3493 1613 3547 humanus
1662 3488 1866 3558 duplex

266 3591 374 3652 est,
407 3591 497 3639 aut
526 3583 654 3639 villa
683 3583 884 3639 scilicet
912 3589 1003 3638 aut
1032 3581 1351 3654 negotiatio.
1405 3580 1466 3635 In
1513 3578 1639 3635 villa
1663 3575 1865 3632 intelli-

268 3681 421 3756 gitur
449 3697 608 3737 omne
637 3696 774 3753 Opus
814 3688 1102 3749 terrenum,
1155 3679 1268 3734 sive
1322 3677 1379 3733 in
1433 3692 1585 3751 agro,
1644 3675 1756 3732 sive
1809 3674 1867 3733 in

269 3770 453 3834 vinea,
486 3769 598 3825 sive
629 3769 683 3823 in
730 3769 892 3835 ferro,
950 3776 1004 3825 et
1056 3766 1315 3840 quidquid
1369 3766 1553 3823 labore
1608 3779 1865 3820 manuum

268 3858 357 3914 ﬁt.
406 3857 565 3929 Quod
606 3865 785 3915 autem
822 3858 877 3913 in
920 3856 1103 3912 labore
1159 3872 1436 3925 manuum,
1494 3853 1588 3910 sed
1642 3861 1696 3911 et
1748 3852 1867 3911 aliis

267 3952 436 4012 lucris
489 3953 885 4023 consequimur,
943 3960 1001 4009 ut
1053 3952 1110 4006 in
1164 3951 1458 4008 honoribus
1523 3965 1863 4021 permanere,

271 4048 368 4100 aut
429 4043 486 4096 in
549 4042 760 4112 militia,
828 4048 919 4096 aut
981 4039 1035 4094 in
1100 4040 1464 4109 mercatione,
1539 4054 1701 4095 omne
1764 4038 1867 4092 hoc

271 4131 570 4204 negotiatio
600 4131 917 4205 appellatur.
970 4128 1193 4185 Duobus
1248 4143 1379 4201 ergo
1453 4125 1632 4185 verbis
1704 4141 1865 4183 omne

272 4246 412 4301 opus
465 4231 760 4285 humanum
815 4226 1076 4285 conclusit
1129 4225 1243 4285 sive
1302 4228 1605 4294 honestum,
1674 4231 1733 4281 ut
1787 4232 1867 4279 est

272 4318 419 4374 villae
448 4317 670 4373 cultura.
704 4316 858 4373 Unde
889 4316 1147 4372 Salomon
1179 4334 1191 4372 :
1230 4337 1252 4364 κ
1285 4316 1366 4371 Ne
1393 4314 1571 4370 oderis
1600 4312 1868 4383 operatio-

273 4423 401 4462 nem
431 4405 682 4461 rusticam
734 4405 934 4475 (Eccli.
992 4408 1109 4476 vn),
1146 4425 1167 4454 υ
1228 4402 1342 4461 sive
1398 4403 1755 4468 inhonestam,
1810 4408 1868 4457 ut

273 4510 359 4561 est
387 4504 681 4577 negotiatio
706 4488 1001 4575 dignitatis,
1041 4501 1154 4559 sive
1202 4501 1423 4568 militiae,
1483 4499 1596 4556 sive
1653 4515 1866 4556 merca-

275 4601 443 4649 turae:
476 4591 619 4647 unde
646 4592 780 4646 nihil
808 4599 965 4647 antea
1017 4590 1188 4647 Judaei
1237 4589 1507 4647 tenebant.
1565 4587 1673 4645 Sed
1728 4589 1866 4645 forte

275 4682 411 4738 dicis
444 4697 457 4736 :
490 4683 558 4739 Et
586 4680 767 4737 villam
798 4682 973 4736 colere
1004 4688 1281 4752 peccatum
1310 4686 1411 4747 est,
1454 4677 1582 4750 quia
1628 4677 1867 4749 impedi-

274 4789 515 4836 mentum
548 4788 625 4836 est
654 4780 681 4832 ε)
708 4778 832 4834 Non
859 4785 939 4835 est
976 4778 1182 4834 cultura
1226 4776 1368 4833 villa:
1413 4782 1712 4850 peccatum,
1769 4775 1865 4831 sed

272 4870 329 4925 in
357 4868 695 4939 praeferendo
724 4883 845 4923 eam
890 4867 1006 4924 Deo
1035 4866 1167 4923 facis
1222 4881 1338 4922 esse
1395 4872 1701 4937 peccatum.
1760 4866 1867 4920 Aut

262 4956 393 5015 ita:
429 4957 568 5014 Villa
596 4963 678 5012 est
722 4955 954 5013 mundus
1006 4956 1124 5023 iste,
1179 4955 1321 5012 circa
1381 4970 1544 5025 quem
1599 4961 1868 5011 amatores

272 5044 462 5101 mundi
516 5052 885 5117 occupantur;
944 5044 1236 5118 negotiatio
1303 5050 1482 5099 autem
1552 5042 1865 5119 praedicatio

271 5142 410 5216 legis
440 5150 493 5199 et
518 5142 820 5215 procuratio
851 5140 1038 5215 templi
1065 5155 1227 5213 quam
1257 5138 1405 5197 avari
1450 5137 1759 5196 sacerdotes
1811 5144 1866 5194 et

270 5232 450 5291 caeteri
496 5230 726 5288 ministri
756 5228 940 5303 templi
996 5228 1148 5307 quasi
1200 5228 1623 5303 negotiationem
1672 5225 1863 5283 existi-

269 5327 439 5378 mant.
471 5319 721 5393 Sequitur
749 5338 762 5377 :

345 5460 370 5487 α
405 5435 620 5508 Reliqui
647 5450 776 5493 vero
807 5440 1093 5490 tenuerunt
1119 5449 1306 5489 servos
1333 5433 1451 5503 ejus
1479 5446 1493 5501 ;
1553 5435 1612 5487 et
1666 5437 1863 5489 contu-

268 5523 679 5583 melia'aﬂ'ectos
731 5524 1120 5579 occiderunt.»
1183 5522 1265 5579 De
1319 5539 1416 5580 sua
1466 5527 1641 5576 morte
1698 5527 1858 5586 tacet,

266 5614 396 5685 quia
423 5614 478 5671 in
511 5612 672 5684 priori
704 5612 959 5683 parabole
980 5610 1105 5665 inde
1121 5611 1368 5667 dixerat:
1395 5617 1450 5665 et
1467 5608 1699 5665 ostendit
1715 5623 1861 5663 mor-

269 5718 377 5766 tem
434 5709 816 5779 discipulorum
872 5723 1110 5776 suorum,
1188 5722 1322 5778 quos
1391 5711 1513 5777 post
1578 5720 1859 5761 ascensum

262 5815 424 5858 suum
454 5797 764 5859 acciderunt
787 5797 979 5857 Judwi.

338 5926 370 5981 ,ι
399 5905 518 5961 Rex
544 5909 725 5961 mitam
748 5918 873 5960 cum
928 5900 1149 5964 vidisset
1202 5901 1366 5960 ἱτιωι
1419 5906 1518 5971 est,
1576 5903 1630 5958 et
1681 5896 1859 5955 missis

1982 2025 2152 2092 niunt,
2184 2040 2318 2095 quos
2345 2024 2401 2079 in
2448 2023 2671 2082 terrenis
2719 2022 2928 2081 actibus
2979 2040 3236 2096 prospera
3291 2026 3439 2085 nulla
3490 2044 3573 2087 co-

1983 2113 2261 2168 mitantur.

2058 2251 2080 2277 «ι
2115 2228 2179 2282 Ει
2206 2227 2406 2301 egressi
2428 2227 2567 2284 servi
2590 2226 2708 2298 ejus
2728 2226 2782 2282 in
2801 2226 2917 2283 vias
2948 2239 3413 2302 congregaverant
3458 2247 3573 2289 om-

1983 2333 2077 2371 nes
2106 2332 2240 2386 quos
2278 2316 2596 2371 invenerunt
2651 2316 2823 2371 malos
2879 2323 2930 2371 et
2985 2315 3174 2385 bonos,
3233 2325 3286 2373 et
3337 2319 3575 2390 impleta

1982 2412 2105 2459 sunt
2133 2404 2333 2476 nuptia:
2360 2404 2829 2459 discumbentium.
2867 2425 2890 2453 ιι
2926 2403 3028 2459 Per
3072 2405 3244 2461 malos
3297 2414 3349 2462 et
3398 2408 3572 2466 bonos

1983 2509 2164 2571 aperte
2195 2500 2491 2557 ostenditur
2520 2500 2645 2570 quia
2674 2517 2770 2572 per
2798 2499 3011 2572 nuptias
3050 2501 3285 2557 Ecclesia
3326 2503 3574 2576 designa~

1987 2598 2085 2657 tur,
2117 2606 2223 2661 qua
2252 2607 2393 2645 nunc
2421 2598 2473 2644 et
2503 2588 2787 2644 indiscreta
2825 2589 3066 2660 suscipit,
3124 2598 3176 2645 et
3228 2594 3570 2662 postmodum

1982 2678 2036 2735 in
2068 2678 2375 2752 egressione
2404 2676 2655 2732 discernit
2688 2697 2700 2733 :
2736 2677 2859 2731 Mali
2882 2677 3171 2734 miscentur
3214 2679 3387 2748 bonis,
3447 2683 3573 2753 quia

1980 2791 2051 2832 ne
2081 2792 2348 2849 quaquam
2379 2773 2623 2846 perducit
2652 2773 2854 2830 ferrum
2886 2774 3080 2831 animae
3108 2774 3176 2830 ad
3222 2776 3569 2835 subtilitatem

1981 2864 2243 2920 acuminis
2273 2865 2316 2919 si
2346 2864 2402 2918 in
2428 2864 2529 2919 hoc
2559 2879 2667 2919 non
2696 2863 2914 2919 eraserit
2967 2863 3096 2919 lima
3150 2864 3339 2921 aliena:
3394 2869 3572 2939 pravi-

1980 2953 2125 3010 tatis.
2164 2953 2374 3008 Debent
2428 2952 2573 3006 enim
2632 2951 2762 3007 boni
2817 2951 3040 3007 tolerare
3095 2953 3271 3010 malos
3324 2955 3460 3012 sicut
3512 2957 3569 3013 in

1978 3058 2103 3098 arca
2129 3041 2246 3096 Noe
2275 3040 2484 3095 diversa
2514 3040 2727 3095 fuerunt
2757 3056 2959 3115 genera
3013 3040 3345 3112 animalium,
3406 3052 3459 3099 et
3512 3046 3569 3101 in

1976 3138 2170 3195 horreo
2199 3143 2319 3190 sunt
2347 3150 2517 3207 grana
2544 3149 2665 3189 cum
2695 3133 2883 3207 paleis.

1894 3252 1946 3317 α
2051 3266 2073 3293 α
2108 3242 2330 3298 Intravit
2356 3249 2536 3297 autem
2564 3257 2660 3298 rex
2689 3249 2747 3297 ut
2774 3240 2979 3299 videret
3023 3243 3439 3303 discumbentes.
3498 3248 3566 3306 Et

1974 3332 2112 3387 vidit
2136 3332 2214 3387 ibi
2242 3330 2517 3388 hominem
2549 3346 2658 3387 non
2714 3331 2963 3385 vestitum
3011 3340 3158 3389 veste
3208 3334 3452 3404 nuptiali,
3513 3346 3567 3397 et

1974 3420 2051 3476 ait
2076 3420 2151 3476 illi
2183 3439 2195 3475 :
2227 3419 2430 3485 Amice,
2467 3417 2740 3489 quomodo
2771 3420 2875 3474 huc
2930 3417 3136 3476 intrasti
3194 3437 3303 3477 non
3360 3424 3566 3481 habens

1973 3526 2176 3576 vestem
2205 3514 2498 3589 nuptialem
2525 3516 2553 3569 ‘I
2587 3539 2608 3563 ιι
2644 3515 2780 3582 Rex,
2807 3513 2862 3568 id
2892 3523 2971 3571 est
2998 3515 3142 3573 Deus
3167 3516 3405 3588 intravit,
3458 3538 3566 3579 non

1974 3608 2105 3679 quin
2132 3605 2330 3677 ubique
2351 3604 2436 3673 sit,
2482 3602 2576 3660 sed
2634 3603 2725 3659 ubi
2780 3602 2895 3658 vult
2947 3603 3189 3675 aspicere
3244 3605 3320 3663 ibi
3374 3608 3568 3666 dicitur

1974 3711 2212 3769 praesens
2248 3709 2261 3765 ;
2293 3693 2384 3750 ubi
2415 3700 2597 3749 autem
2626 3708 2734 3749 non
2763 3691 2894 3759 vult,
2937 3690 3130 3748 dicitur
3184 3694 3402 3752 absens.
3468 3700 3563 3754 ln-

1974 3793 2133 3850 travit
2176 3800 2234 3849 ut
2272 3790 2499 3858 videret,
2555 3789 2612 3845 id
2668 3797 2748 3844 est
2792 3788 2962 3846 videri
3016 3789 3179 3847 faciat
3229 3792 3562 3867 singulorum

1973 3883 2183 3939 merita.
2213 3882 2293 3938 De
2322 3880 2497 3935 futuro
2527 3877 2760 3950 loquitur
2787 3878 2873 3935 hic
2898 3894 2998 3949 per
3042 3885 3285 3952 tempora
3338 3892 3563 3954 praeter.

1972 3973 2073 4028 ita.
2110 3971 2238 4028 Dies
2266 3967 2586 4040 aspectionis
2612 3966 2727 4022 dies
2756 3974 2834 4022 est
2864 3966 3053 4038 judicii
3108 3967 3321 4037 quando
3377 3970 3556 4030 visita-

1976 4078 2122 4129 turus
2148 4076 2229 4126 est
2261 4067 2587 4124 Christianos
2616 4065 2707 4138 qui
2760 4081 2922 4138 super
2971 4081 3213 4124 mensam
3253 4068 3558 4142 Scriptura-

1972 4176 2093 4215 rum
2121 4157 2458 4221 recumbunt,
2490 4153 2546 4209 id
2603 4161 2682 4211 est
2731 4155 3090 4225 requiescunt,
3152 4164 3204 4212 et
3258 4157 3564 4218 caelestibus

1972 4249 2246 4319 replentur
2271 4243 2551 4300 doctrinis.
2590 4242 2802 4298 Vestem
2833 4242 3126 4314 nuptialem
3179 4246 3362 4318 accipe
3415 4265 3561 4318 pm-

1973 4355 2132 4416 cepta
2155 4342 2373 4401 Domini
2405 4360 2416 4397 :
2451 4340 2508 4398 Si
2539 4339 2657 4411 quis
2686 4340 2849 4413 igitur
2875 4340 2930 4396 in
2960 4348 3201 4414 tempore
3223 4343 3411 4413 judicii
3441 4346 3563 4405 fue-

1974 4436 2043 4490 rit
2067 4434 2333 4499 inventus,
2364 4428 2464 4485 sub
2495 4428 2712 4484 nomine
2741 4428 3041 4485 Christiano
3091 4429 3306 4488 indutus
3360 4436 3568 4495 exuviis

1975 4522 2170 4580 veteris
2196 4517 2431 4577 hominis
2475 4515 2656 4575 audiet
2710 4516 2886 4573 illud:
2949 4540 2971 4567 α
3032 4518 3235 4588 Amice,
3295 4524 3565 4594 quomodo

1893 4613 1948 4676 D
1978 4623 2083 4677 huc
2121 4617 2326 4675 intrasti
2356 4617 2383 4669 ?
2418 4639 2441 4665 η
2468 4614 2717 4672 Amicum
2749 4622 2922 4683 vocat,
2955 4615 3080 4685 quia
3134 4617 3387 4673 invitatus
3445 4620 3564 4678 fuit.

1974 4709 2261 4781 Amplius:
2297 4704 2466 4761 Vestis
2508 4701 2759 4776 nuptialis
2814 4710 2892 4757 est
2946 4704 3194 4771 Charitas,
3256 4722 3415 4777 quam
3473 4711 3568 4766 ha-

1973 4800 2104 4855 bere
2132 4797 2290 4851 debet
2318 4793 2494 4850 omnis
2520 4790 2837 4864 baptizatus,
2872 4798 2923 4846 et
2944 4807 3063 4863 qua:
3112 4793 3184 4847 ita
3230 4795 3457 4850 habetur
3509 4797 3567 4853 in

1974 4896 2184 4954 duobus
2211 4892 2512 4968 praeceptis,
2537 4888 2589 4944 id
2602 4886 2755 4943 estin
2778 4887 3061 4943 dilectione
3096 4889 3195 4945 Dei
3224 4897 3276 4945 et
3304 4894 3559 4966 proximi,

1973 4988 2108 5043 sicut
2135 4985 2191 5040 in
2213 4981 2423 5039 duobus
2464 4979 2625 5052 lignis
2680 4977 2941 5049 superiori
2997 4985 3051 5033 et
3105 4978 3344 5035 inferiori
3401 4985 3564 5040 vestis

1974 5076 2185 5133 texitur.
2218 5071 2420 5139 Amice,
2451 5068 2599 5136 dicit,
2631 5083 2692 5122 ac
2720 5065 2763 5120 si
2794 5073 2975 5136 aperte
3005 5066 3146 5122 dicat
3179 5087 3191 5123 :
3248 5069 3451 5141 Amice,
3514 5080 3568 5130 et

1973 5181 2083 5221 non
2110 5162 2281 5219 amice
2313 5179 2325 5216 :
2360 5157 2531 5214 amice
2560 5171 2657 5227 per
2683 5153 2866 5223 ﬁdem,
2926 5154 3021 5211 sed
3076 5173 3183 5213 non
3240 5158 3411 5214 amice
3466 5177 3566 5231 per

1972 5257 2367 5331 operationem.
2406 5253 2472 5306 At
2517 5249 2609 5304 ille
2663 5246 2974 5304 obmutuit:
3032 5248 3133 5305 Hic
3186 5249 3565 5309 abscondimus

1971 5362 2157 5421 opera,
2197 5351 2252 5401 et
2288 5340 2524 5399 celamus
2576 5336 2740 5393 corda
2794 5344 3024 5405 nostra;
3076 5336 3171 5392 sed
3223 5337 3280 5393 in
3324 5337 3417 5395 illo
3474 5341 3564 5399 die

1972 5434 2187 5509 quando
2214 5432 2295 5489 sol
2323 5438 2377 5487 et
2402 5430 2529 5484 luna
2576 5433 2629 5482 et
2684 5431 2823 5480 totus
2871 5424 3105 5479 mundus
3155 5426 3318 5482 stabit
3360 5430 3559 5485 adver-

1971 5548 2088 5587 sum
2116 5545 2214 5585 nos
2241 5528 2295 5582 in
2344 5520 2705 5580 testimonium
2762 5525 3122 5589 peccatorum,
3178 5527 3232 5574 et
3276 5521 3319 5574 si
3373 5524 3557 5580 omnia

1971 5624 2198 5685 taceant,
2257 5616 2388 5686 ipsas
2438 5619 2617 5666 tamen
2671 5606 3026 5679 cogitationes
3084 5614 3278 5663 nostra
3332 5618 3386 5666 et
3439 5612 3557 5684 ipsa

1969 5723 2135 5781 opera
2163 5702 2468 5777 specialiter
2494 5698 2711 5754 stabunt
2756 5706 2878 5752 ante
2935 5695 3118 5752 oculos
3169 5706 3382 5755 nostros
3434 5711 3557 5758 ante

1969 5800 2163 5863 Deum,
2195 5793 2405 5849 dicente
2424 5786 2683 5860 Apostolo
2717 5803 2730 5841 :
2784 5808 2808 5836 ιι
2842 5784 3271 5857 Cogitationihus
3322 5788 3553 5846 invicem

1968 5889 2343 5955 accusantibus
2370 5893 2467 5945 aut
2491 5885 2656 5942 etiam
2685 5882 3099 5941 defendentibus
3125 5882 3182 5939 in
3199 5883 3288 5947 die
3341 5884 3556 5956 quando
