3972 6406
454 369 585 426 1191

1587 367 1931 426 WERNERI
1971 368 2256 427 ABBATIS
2293 370 2357 428 S.
2403 370 2626 429 BLASII

3606 384 3740 445 “92

439 492 771 565 judicaverit
800 491 1066 550 Dominus
1095 489 1312 550 occulta
1359 490 1643 548 hominum
1698 510 1799 567 per
1852 495 2041 552 Jesum
2070 494 2131 559 A
2159 496 2461 554 exteriores
2484 515 2499 564 ;
2521 506 2711 571 postea
2733 499 3014 573 patientur
3038 502 3194 561 ﬂetus
3226 511 3282 563 et
3304 507 3566 566 stridores
3606 510 3746 568 den-

448 591 722 648 Christum
755 592 940 662 (Rom.
980 590 1069 662 ιι).
1113 612 1136 640 ι

527 769 547 793 ε
583 745 737 801 Tunc
765 743 898 799 dixit
930 760 1025 799 rex
1058 743 1323 799 ministris
1356 759 1369 799 :
1403 744 1613 817 Ligatis
1648 743 1901 801 manibus
1928 743 2049 815 ejus

452 843 505 891 et
535 834 786 903 pedibus,
819 832 1014 889 mittite
1046 833 1099 887 in
1149 833 1406 889 tenebras
1455 834 1771 900 exteriores,
1820 833 1913 889 ubi
1951 836 2051 890 erit

450 925 609 980 ﬂetus
639 930 690 978 et
720 922 923 977 stridor
952 922 1218 978 dentium.
1258 945 1279 972 ι»
1309 922 1533 996 Ligatas
1563 938 1757 978 manus
1789 931 1843 978 et
1878 924 2049 995 pedes

455 1022 749 1093 ﬂetumque
780 1019 1063 1076 oculorum
1098 1029 1151 1076 et
1198 1020 1493 1076 stridorem
1543 1020 1806 1088 dentium,
1852 1019 1942 1076 vel
1983 1020 2053 1076 ad

453 1109 920 1181 comprobandam
966 1108 1393 1165 resurrectionis
1439 1108 1728 1164 veritatem
1786 1108 2049 1183 intellige,

452 1199 541 1256 vel
572 1206 723 1256 certe
753 1198 880 1253 ideo
910 1197 1144 1270 ligantur
1172 1214 1367 1253 manus
1396 1207 1447 1253 et
1475 1198 1668 1270 pedes,
1701 1205 1758 1253 ut
1785 1198 2055 1254 desistant

450 1299 597 1354 male
618 1296 860 1368 operari,
882 1304 933 1352 et
954 1311 1175 1353 currere
1200 1297 1270 1352 ad
1294 1295 1682 1351 etiundendum
1704 1295 2051 1369 sanguinem.

454 1387 590 1457 Qum
619 1401 764 1442 nunc
795 1395 994 1457 sponte
1021 1386 1264 1458 ligantur
1292 1386 1347 1440 in
1376 1385 1527 1452 vitio,
1559 1393 1689 1441 tunc
1709 1387 1762 1439 in
1783 1384 2052 1456 supplicio

451 1477 764 1550 ligabuntur
793 1474 1054 1530 dolendo.
1096 1475 1156 1529 In
1206 1475 1334 1530 ﬂetu
1385 1489 1606 1546 quoque
1661 1474 1943 1530 oculorum
1999 1482 2054 1530 et

449 1575 685 1631 stridore
715 1572 956 1628 dentium
989 1589 1088 1644 per
1116 1572 1495 1643 metaphoram
1526 1572 1897 1628 membrorum
1925 1588 2052 1629 cor-

449 1664 719 1737 poralium
749 1661 1075 1734 magnitudo
1104 1661 1416 1718 ostenditur
1444 1670 1861 1717 tormentorum.
1880 1661 2052 1717 Exte-

450 1754 627 1811 riores
657 1752 896 1808 tenebrae
926 1759 1050 1806 sunt
1079 1750 1420 1817 novissimae,
1466 1750 1523 1805 id
1569 1758 1651 1805 est
1691 1758 1896 1806 mterna
1943 1766 2050 1807 nox

2153 586 2313 643 tium.

2642 715 2931 790 Expositio
2958 717 3024 775 de
3043 719 3252 775 eodem.

2233 851 2255 879 α
2290 830 2435 886 Beati
2466 829 2559 904 qui
2586 832 2808 888 audiunt
2845 834 3075 890 verbum
3130 834 3250 903 Dei,
3310 842 3367 893 et
3440 838 3747 897 custodiunt

2154 918 2291 973 illud
2325 919 2338 976 l
2383 922 2542 989 (Luc.
2583 924 2696 993 xr.)
2722 923 2867 979 Multi
2889 932 3031 990 sunt,
3055 926 3382 993 charissimi,
3408 930 3496 1001 qui
3520 930 3743 985 verbum

2156 1009 2259 1064 Dei
2288 1025 2391 1067 nec
2418 1026 2553 1067 aure
2581 1013 2827 1084 corporis
2870 1014 3063 1070 audire
3094 1015 3302 1072 volunt.
3338 1018 3581 1092 Plerique
3610 1035 3745 1077 vero

2157 1097 2263 1155 hoc
2290 1115 2418 1155 aure
2450 1100 2670 1172 quidem
2699 1101 2943 1165 audiant,
2990 1104 3093 1159 sed
3141 1104 3363 1163 minime
3405 1107 3546 1163 beati
3594 1117 3742 1178 sunt,

2157 1188 2281 1261 quia
2311 1187 2444 1243 illud
2473 1191 2759 1260 opratione
2790 1207 2903 1247 non
2946 1192 3214 1266 dilligunt.
3246 1193 3351 1265 Qui
3397 1204 3577 1253 autem
3614 1197 3747 1255 illud

2157 1276 2392 1333 sollicita
2441 1294 2575 1335 aure
2630 1280 2877 1348 audiunt,
2934 1282 3146 1339 intento
3198 1284 3364 1342 corde
3418 1287 3743 1357 custodiunt,

2158 1366 2362 1423 devoto
2384 1382 2551 1439 opere
2575 1368 2807 1440 implere
2833 1378 3112 1442 satagunt.
3143 1373 3210 1427 Hi
3231 1373 3376 1430 beati
3431 1383 3573 1443 sunt,
3618 1376 3750 1451 quis

2159 1476 2282 1519 cum
2312 1464 2481 1521 verbo
2513 1464 2611 1521 Dei
2641 1465 2696 1520 in
2726 1475 2989 1523 aeternum
3013 1469 3381 1527 exsultabant.

2233 1612 2256 1637 α
2288 1590 2437 1645 Idem
2459 1591 2701 1647 Verbum
2719 1592 2887 1648 refert
2906 1593 3070 1651 hodie
3089 1596 3144 1650 in
3165 1598 3456 1671 evangelio
3473 1600 3619 1674 quod
3636 1601 3753 1675 qui-

2158 1676 2284 1733 dam
2319 1694 2411 1734 rex
2453 1679 2581 1735 fecit
2626 1680 2845 1752 nuptias
2883 1680 2993 1738 filio
3037 1700 3163 1740 suo.
3211 1684 3316 1755 Qui
3362 1688 3509 1744 misit
3554 1707 3745 1748 servos

2159 1778 2295 1819 suos
2342 1762 2601 1820 invitatos
2650 1782 2869 1836 vocare,
2903 1775 2956 1822 et
2992 1769 3254 1826 nolebant
3283 1772 3494 1830 venire.
3551 1776 3746 1833 Iterum

453 1848 841 1915 damnationis,
874 1847 1001 1920 quia
1048 1847 1335 1903 interiores
1391 1853 1517 1901 sunt
1567 1847 1782 1903 caecitas
1835 1846 2043 1903 cordis.
2077 1860 2130 1919 Β
2160 1851 2298 1908 alios
2328 1852 2476 1909 misit
2513 1872 2524 1908 :
2559 1855 2754 1926 quibus
2782 1866 2840 1911 ut
2875 1856 3118 1913 invitatis
3158 1860 3447 1931 prandium
3476 1874 3745 1936 paratum,

450 1939 690 2011 Repulso
721 1954 829 1994 uno
858 1937 1048 2010 iniquo
1073 1953 1236 1993 omne
1265 1951 1465 2008 corpus
1522 1937 1795 1993 malorum
1857 1936 2048 2009 expri-

452 2030 636 2098 mitur,
673 2036 726 2084 et
755 2027 1035 2100 generalis
1064 2025 1331 2082 sententia
1358 2025 1619 2083 infertur.

533 2185 553 2211 α
588 2159 741 2216 Multi
767 2166 950 2214 autem
977 2165 1104 2214 sunt
1144 2157 1340 2225 vocati,
1397 2157 1560 2229 pauci
1610 2173 1737 2215 vero
1791 2156 1977 2214 electi.
2021 2179 2043 2205 η

453 2260 586 2316 Tale
615 2265 701 2314 est
731 2256 874 2330 quod
908 2256 1034 2312 dicit
1069 2274 1082 2312 :
1112 2255 1236 2312 Non
1268 2273 1408 2312 unus
1464 2264 1674 2311 tantum
1718 2255 1786 2311 de
1843 2255 2049 2312 vocatis

455 2357 537 2406 est
568 2347 777 2418 ejectus
806 2347 875 2403 de
906 2346 1131 2418 nuptiis,
1166 2345 1265 2401 sed
1294 2346 1364 2402 de
1395 2345 1578 2401 multis
1621 2353 1702 2401 est
1729 2344 2049 2417 intelligen-

454 2439 605 2496 dum.
638 2435 821 2493 Divini
854 2435 998 2491 enim
1027 2435 1181 2491 verbi
1212 2450 1357 2491 nunc
1386 2433 1576 2507 epulas
1606 2434 1892 2502 sumimus,
1951 2434 2049 2489 sed

456 2537 513 2593 in
544 2538 632 2593 die
656 2534 847 2607 judicii
875 2551 969 2590 rex
998 2534 1208 2589 intrans
1233 2549 1335 2589 nos
1365 2533 1683 2606 distinguet.
1719 2533 1930 2589 Aliter:
1965 2533 2050 2588 Ex

452 2627 558 2684 hoc
586 2625 736 2699 quod
763 2640 875 2678 non
910 2623 1063 2689 dixit,
1115 2622 1340 2678 intravit
1394 2640 1487 2678 rex
1544 2631 1602 2678 ut
1652 2630 2047 2690 remuneraret,

455 2716 575 2783 sed,
610 2722 667 2770 ut
694 2712 936 2779 videret,
968 2712 1131 2767 datur
1160 2710 1402 2782 suspicio
1432 2728 1501 2767 ne
1528 2711 1669 2767 forte
1696 2711 1802 2768 hoc
1830 2727 1936 2767 non
1980 2711 2050 2767 de

455 2812 695 2872 vindicta
721 2810 909 2880 iudicii
937 2807 1293 2881 intelligatur.
1323 2810 1515 2882 Neque
1546 2810 1692 2866 enim
1717 2808 1851 2866 dixit
1885 2830 1897 2866 :
1929 2809 2051 2866 Mit-

462 2902 556 2957 tite
589 2917 710 2956 eum
745 2900 801 2955 in
832 2899 1092 2955 tenebras
1148 2897 1459 2967 inferiores,
1520 2899 1573 2954 id
1605 2906 1688 2955 est
1717 2898 1769 2953 in
1795 2897 2053 2955 inferiora

455 2991 577 3048 loca
615 2988 838 3045 inferni.
885 2989 1041 3044 Unde
1095 2985 1272 3042 alibi:
1327 3010 1349 3037 α
1397 2988 1466 3043 Et
1518 2988 1768 3061 eripuisti
1815 2989 2053 3044 animam

458 3105 642 3145 meam
671 3105 736 3143 ex
765 3085 976 3142 inferno
1004 3085 1251 3141 inferiori
1273 3087 1452 3158 (Psal.
1479 3088 1719 3160 Lxxxv),
1750 3111 1771 3136 ο
1798 3088 1895 3144 sed
1916 3087 2055 3143 dixit

454 3177 776 3235 exteriores.
807 3175 960 3248 Ergo
1003 3175 1307 3232 secundum
1354 3176 1495 3232 hanc
1553 3177 1881 3233 sententiam
1934 3176 2054 3234 dies

451 3265 790 3341 aspectionis
820 3265 941 3320 dies
971 3264 1291 3322 tentationis
1320 3272 1424 3336 est,
1450 3266 1672 3338 quando
1694 3266 1952 3340 dignatus
1975 3275 2058 3322 est

457 3374 667 3422 tentare
699 3362 1005 3421 Ecclesiam
1036 3378 1214 3426 suam,
1246 3372 1304 3418 ut
1331 3363 1512 3419 videat
1543 3365 1633 3437 qui
1662 3363 1827 3421 fidem
1855 3365 2057 3421 habeat

452 3465 505 3512 et
533 3470 728 3527 opera.
768 3453 994 3523 Quoties
1025 3469 1162 3525 ergo
1193 3460 1363 3509 tentat
1392 3452 1699 3509 Ecclesiam
1748 3453 2057 3528 ingreditur

453 3544 523 3602 ad
553 3561 695 3611 eam,
726 3551 789 3599 ut
816 3542 1001 3599 videat
1031 3542 1123 3614 qui
1155 3551 1282 3597 sunt
1312 3542 1466 3614 digni
1495 3543 1699 3614 nuptiis
1713 3544 2051 3611 caelestibus,

452 3651 507 3700 et
534 3641 581 3698 si
608 3649 736 3698 tunc
764 3639 972 3696 invenit
1000 3639 1285 3712 indignum
1307 3640 1564 3711 aliquem,
1589 3639 1886 3715 interrogat
1905 3657 2052 3698 eum.

454 3731 597 3801 Quia
626 3731 869 3786 humana
898 3728 1223 3800 simplicitas
1254 3728 1474 3785 difficile
1502 3729 1923 3787 fraudulentiam
1973 3731 2054 3786 si-

449 3821 669 3877 mulatas
708 3819 908 3876 mentis
960 3818 1241 3893 intelligit,
1298 3818 1512 3876 idcirco
1561 3820 1706 3877 hunc
1760 3820 2053 3893 indignum

452 3927 596 3977 coetu
625 3917 856 3989 nuptiali
887 3917 1036 3974 Deus
1065 3916 1217 3972 solus
1265 3916 1495 3974 invenit.
1560 3918 1813 3989 Nuptiale
1870 3923 2053 3975 autem

452 4008 842 4065 vestimentum
874 4012 958 4060 est
989 4003 1125 4060 fides
1156 4020 1314 4060 vera.
1381 4004 1537 4061 Unde
1592 4006 1871 4077 apostolus
1929 4007 2005 4063 ait
2037 4023 2051 4063 :

456 4121 478 4147 ι
514 4094 830 4167 Exspoliate
848 4109 952 4150 vos
973 4103 1211 4150 veterem
1240 4092 1515 4151 hominem
1537 4111 1658 4151 cum
1682 4095 1892 4152 actibus
1913 4096 2052 4166 ejus,

449 4194 747 4251 vestientes
775 4209 877 4249 vos
905 4207 1109 4248 novum
1141 4191 1232 4263 qui
1262 4191 1566 4249 secundum
1607 4193 1786 4248 Deum
1835 4202 2054 4251 creatus

454 4290 540 4339 est
568 4285 625 4337 in
652 4282 857 4351 justitia
888 4291 943 4338 et
996 4284 1286 4338 sanctitate
1325 4282 1571 4337 veritatis
1606 4282 1839 4354 (Coloss.
1889 4284 1996 4346 ιιι).
2024 4306 2045 4333 κ

452 4371 672 4428 Justitia
702 4372 934 4443 pertinet
964 4371 1032 4426 ad
1063 4371 1480 4428 conversionem
1525 4371 1743 4440 bonam,
1794 4373 2055 4430 sanctitas

451 4468 700 4525 veritatis
726 4467 792 4523 ad
820 4466 981 4523 ﬁdem
1013 4483 1229 4524 veram.
1270 4468 1632 4541 Interrogatio
1662 4475 1843 4526 autem
1890 4470 1951 4526 ﬁt
1994 4472 2054 4528 in

454 4557 881 4633 c0gitationibus
911 4555 1087 4629 impii,
1121 4557 1279 4629 quasi
1309 4556 1454 4614 dicat
1486 4576 1498 4613 :
1534 4559 1736 4631 thnid
1781 4561 2050 4617 Christia-

452 4673 558 4714 nus
590 4673 652 4713 es
682 4655 859 4713 factus
879 4657 907 4711 ‘i
928 4656 1114 4727 Opera
1136 4663 1228 4711 tua
1247 4672 1355 4712 non
1379 4664 1511 4712 sunt
1529 4656 1824 4714 Christiani
1877 4659 2053 4717 Habet

454 4755 584 4825 tale,
618 4770 747 4812 cum
780 4753 973 4811 viderit
1005 4753 1153 4809 Deus
1182 4770 1289 4810 non
1320 4755 1611 4811 habentem
1643 4756 1773 4827 quid
1820 4772 2051 4829 respon-

453 4845 579 4901 deat
608 4842 959 4900 conscientias
987 4858 1122 4908 suae,
1171 4843 1337 4898 tradit
1391 4859 1518 4900 cum
1565 4841 1844 4916 spiritibus
1889 4846 2054 4903 indu-

451 4935 710 4991 ctionum.
740 4933 880 4988 Nam
912 4932 1053 4987 mala
1081 4947 1180 5004 per
1206 4932 1386 4988 malos
1415 4931 1702 4990 ministros
1750 4934 1950 5006 reddit,
1996 4940 2049 4992 et

446 5031 621 5106 ligant
650 5030 700 5088 ei
730 5045 946 5098 manus,
977 5027 1034 5085 id
1064 5038 1147 5085 est
1170 5045 1344 5102 opera
1373 5030 1734 5100 rectitudinis,
1766 5040 1819 5088 et
1854 5033 2047 5106 pedes,

452 5130 507 5187 id
536 5137 622 5187 est
650 5136 830 5186 motus
860 5126 1078 5195 animae,
1110 5128 1311 5200 quibus
1342 5127 1545 5185 incedit
1566 5144 1677 5186 non
1704 5128 1775 5186 de
1803 5130 1928 5189 loco
1979 5134 2049 5191 ad

451 5228 663 5300 locum,
694 5230 795 5289 sed
824 5230 891 5286 de
912 5230 1057 5287 malo
1095 5229 1169 5286 ad
1189 5227 1415 5297 bonum,
1446 5233 1502 5286 et
1531 5230 1600 5287 de
1642 5231 1787 5287 bono
1829 5231 1899 5287 ad
1928 5247 2052 5289 ma-

446 5319 581 5389 lum,
627 5325 688 5377 ut
731 5322 813 5377 sic
849 5320 1110 5393 laqueum
1157 5319 1486 5391 perditionis
1535 5319 1807 5377 incurrat.
1859 5321 1930 5376 Et
1976 5321 2053 5380 ita

449 5420 674 5476 mittitur
711 5420 769 5475 in
811 5418 1125 5476 exteriores
1168 5417 1448 5487 tenebras,
1499 5418 1588 5474 vel
1634 5419 1925 5492 gentilium
1964 5422 2051 5479 vel

447 5516 764 5573 Judzeorum
811 5516 896 5573 vel
939 5517 1355 5573 haereticorum.
1406 5517 1472 5573 Et
1519 5515 1768 5573 forsitant
1821 5517 2050 5589 propin-

451 5605 670 5675 quiores
698 5614 826 5662 sunt
851 5606 1094 5662 tenebrae
1119 5606 1409 5679 gentilium
1440 5605 1533 5677 qui
1574 5604 1856 5662 veritatem
1888 5623 2050 5679 sper-

448 5709 585 5753 nunt
611 5717 776 5771 quam
819 5719 929 5759 non
976 5704 1260 5759 audierunt
1294 5719 1312 5769 ;
1376 5702 1689 5759 exteriores
1726 5710 1911 5761 autem
1946 5706 2049 5761 Ju-

449 5794 693 5851 dmorum
703 5798 802 5869 qui
830 5815 939 5855 non
960 5799 1331 5867 crediderunt,
1347 5800 1526 5873 magis
1553 5801 1854 5859 exteriores
1872 5802 2050 5860 haere-

454 5882 685 5940 ticorum
723 5884 819 5956 qui
851 5886 1185 5944 didicerunt.
1214 5888 1381 5946 Hodo
1395 5889 1682 5945 mittuntur
1710 5889 1766 5948 in
1793 5890 2049 5951 tenebras

2157 1950 2345 1998 tauros
2385 1950 2439 1997 et
2485 1942 2655 1997 altilia
2699 1944 2904 2013 occisa,
2955 1955 3004 2001 et
3047 1949 3233 2005 omnia
3268 1959 3463 2024 parata
3506 1953 3749 2011 dicerent

2157 2031 2446 2102 praecepit.
2484 2035 2549 2086 At
2576 2032 2653 2087 illi
2701 2034 3068 2107 negligentes,
3111 2038 3248 2094 alius
3278 2039 3332 2094 in
3362 2040 3569 2110 villam,
3609 2043 3748 2099 alius

2156 2120 2225 2175 ad
2256 2119 2680 2193 negotiationem
2709 2139 2861 2178 suam
2893 2123 3147 2182 abierunt
3178 2146 3192 2195 ;
3221 2128 3314 2183 alii
3353 2132 3531 2189 tentos
3560 2148 3748 2190 servos

2158 2225 2211 2273 et
2241 2219 2593 2274 contumeliis
2625 2220 2848 2278 aﬂ'ectos
2879 2223 3213 2281 occiderunt.
3258 2225 3408 2296 Quos
3434 2245 3530 2285 rex
3569 2231 3748 2286 missis

2158 2306 2491 2363 exercitibus
2520 2309 2775 2380 perdidit,
2809 2319 2862 2367 et
2890 2313 3161 2369 civitatem
3195 2316 3409 2373 illorum
3439 2321 3743 2377 succendit.

2157 2396 2373 2452 Deinde
2393 2397 2462 2451 ad
2492 2398 2667 2453 exitus
2688 2400 2900 2455 viarum
2934 2402 3098 2471 misit,
3150 2412 3203 2460 et
3257 2407 3525 2478 quoslibet
3582 2409 3749 2466 advo-

2158 2485 2274 2541 cari
2297 2485 2477 2555 jussit.
2514 2487 2809 2560 Postquam
2841 2498 3022 2548 autem
3081 2493 3320 2566 impletae
3366 2505 3495 2553 sunt
3550 2500 3749 2571 nuptia

2159 2575 2633 2644 discumbentium,
2667 2577 2883 2635 intrans
2907 2597 3000 2637 rex
3032 2582 3169 2639 vidit
3197 2586 3483 2657 quemdam
3515 2604 3623 2645 non
3643 2590 3745 2645 ha-

2159 2674 2287 2730 bere
2318 2683 2526 2731 vestem
2555 2675 2610 2731 in
2640 2676 2845 2747 nuptiis
2875 2678 3161 2748 utentium,
3188 2681 3359 2752 jussit
3400 2701 3520 2742 eum
3567 2686 3746 2760 ligatis

2159 2764 2415 2820 manibus
2443 2774 2497 2821 et
2522 2765 2755 2838 pedibus
2791 2765 2986 2839 projici
3024 2769 3079 2824 in
3127 2772 3379 2829 tenebras
3423 2776 3742 2847 exteriores,

2159 2853 2255 2910 ubi
2284 2863 2431 2910 esset
2459 2855 2619 2910 fletus
2645 2862 2699 2911 et
2728 2856 2932 2913 stridor
2960 2859 3237 2929 dentium;
3272 2862 3537 2937 dixitique
3552 2866 3747 2924 multos

2162 2966 2287 3009 esse
2316 2961 2561 3017 vocatos,
2594 2969 2799 3026 paucos
2816 2971 2949 3012 vero
2977 2957 3182 3015 electos
3203 2960 3430 3033 (Matth.
3456 2966 3609 3035 xxii).
3636 2965 3749 3023 Rex

2163 3041 2257 3113 qui
2285 3042 2501 3114 nuptias
2530 3042 2640 3099 ﬁlio
2671 3043 2797 3101 fecit
2826 3053 2909 3101 est
2937 3046 3087 3103 Deus
3109 3049 3288 3118 Pater,
3313 3051 3403 3124 qui
3426 3053 3551 3109 Iesu
3589 3054 3750 3119 Chri-

2163 3139 2248 3187 sto
2277 3130 2413 3188 Filio
2441 3147 2540 3188 suo
2569 3148 2831 3204 sponsum
2882 3135 3185 3193 Ecclesiam
3226 3140 3534 3212 conjunxit.
3586 3144 3751 3215 Hujus

2084 3228 2135 3293 C
2164 3228 2419 3301 nuptialis
2483 3230 2754 3287 thalamus
2811 3241 2931 3289 erat
2997 3250 3172 3293 sacrm
3226 3237 3467 3313 Virginis
3533 3250 3741 3300 uterus.

2148 3326 2323 3385 Servi
2352 3330 2443 3402 qui
2472 3329 2732 3387 invitatos
2762 3342 3108 3401 vocaverunt,
3140 3346 3297 3393 erant
3327 3341 3622 3412 prOphetae,
3660 3344 3753 3417 qui

2161 3427 2367 3484 Iudaeis
2414 3444 2515 3500 per
2564 3428 2900 3499 patriarchas
2947 3432 3199 3491 invitatos
3248 3436 3516 3494 Christum
3570 3441 3751 3498 incar-

2162 3517 2406 3574 nandum
2462 3518 2991 3590 praenuntiavernnt.
3065 3524 3170 3593 Qui
3227 3526 3411 3584 venire
3475 3529 3749 3600 nolebant,

2162 3614 2312 3663 erant
2340 3606 2394 3662 hi
2428 3608 2519 3679 qui
2552 3609 2833 3679 prophetis
2855 3626 2964 3667 non
2985 3613 3307 3671 credebant.
3335 3616 3487 3674 Servi
3508 3621 3751 3680 secundo

2159 3706 2316 3763 missi
2343 3706 2580 3778 apostoli
2610 3707 2829 3765 fuerunt
2857 3709 2950 3783 qui
2979 3728 3077 3783 per
3104 3721 3271 3770 totam
3313 3714 3554 3775 Iudaeam
3594 3720 3753 3777 Chri-

2161 3804 2305 3852 stum
2336 3811 2439 3867 pro
2493 3796 2653 3852 nobis
2699 3797 3035 3856 incarnatum
3065 3804 3535 3874 praedicaverunt.
3581 3810 3754 3869 Pran-

2161 3886 2309 3941 dium
2341 3893 2589 3957 paratum
2632 3892 2751 3943 erat
2793 3889 3032 3962 saginati
3075 3892 3247 3961 vituli,
3298 3894 3506 3953 scilicet
3553 3913 3752 3972 corpus

2160 3998 2259 4055 pro
2280 3982 2439 4039 nobis
2466 3983 2589 4055 jam
2619 3983 2885 4041 oblatum.
2916 3986 3075 4043 Tauri
3105 3988 3319 4048 feroces
3350 3994 3561 4064 tyranni
3591 3997 3753 4052 exsti-

2162 4079 2345 4127 terunt
2374 4072 2467 4144 qui
2496 4082 2687 4129 cuncta
2718 4074 2869 4131 orbis
2899 4091 3067 4150 regna
3097 4079 3547 4149 perdomuerunt.
3568 4086 3751 4144 Altilis

2160 4176 2294 4217 vero
2319 4170 2477 4218 erant
2505 4163 2837 4236 philosophi,
2878 4166 2969 4237 qui
2999 4168 3180 4223 omnia
3209 4173 3607 4241 perscrutando
3649 4192 3750 4233 vo-

2161 4249 2409 4307 laverunt
2436 4260 2617 4307 mente
2644 4269 2819 4325 usque
2869 4256 2938 4310 ad
3000 4255 3185 4313 sidera
3241 4258 3391 4315 caeli.
3456 4262 3520 4318 Hi
3584 4265 3751 4322 occisi

2162 4355 2342 4415 erant,
2375 4347 2505 4404 dum
2535 4348 2636 4405 Dei
2668 4350 2935 4423 sapientia
2964 4355 3328 4426 superborum
3358 4359 3519 4429 colla,
3553 4370 3606 4419 et
3654 4381 3750 4421 su-

2161 4434 2410 4492 blimium
2440 4437 2747 4495 calcaverat
2776 4438 3017 4498 humiles
3074 4450 3128 4501 et
3173 4461 3445 4518 pauperes
3499 4460 3749 4520 parentes

2162 4524 2429 4599 elegerat,
2460 4528 2781 4599 sapientiam
2812 4531 3160 4602 prudentium
3180 4537 3586 4609 reprobaverat,
3608 4541 3750 4599 idio-

2078 4592 2132 4654 D
2164 4631 2244 4678 tas
2274 4631 2326 4679 et
2356 4623 2631 4695 simplices
2657 4626 2906 4683 homines
2954 4630 3023 4684 ad
3080 4592 3488 4703 praedicandum
3546 4592 3749 4695 consti-

2161 4719 2361 4768 tuerat.
2398 4711 2594 4769 Omnia
2620 4723 2773 4771 erant
2800 4726 3013 4789 parata,
3047 4720 3175 4793 quia
3202 4732 3395 4781 cuncta
3424 4726 3497 4782 ad
3526 4727 3750 4787 salutem

2160 4802 2487 4873 pertinentia
2536 4803 2755 4860 fuerant
2809 4806 3049 4877 prolata.
3118 4810 3454 4884 Scripturam
3506 4818 3751 4875 omnibus

2162 4898 2474 4961 aperuerat,
2508 4891 2814 4964 baptismus
2842 4903 2895 4951 et
2922 4896 3240 4969 poenitentia
3269 4903 3474 4959 cunctis
3502 4905 3743 4976 patebat.

2161 4980 2231 5033 At
2257 4977 2334 5033 illi
2363 4978 2616 5053 neglecta
2646 4980 2841 5050 salute,
2900 4983 2971 5040 ad
2996 4986 2999 4991 ’
3028 4986 3241 5059 nuptias
3297 4989 3513 5047 Domini
3564 4994 3751 5052 venire

2160 5073 2480 5143 noluerunt,
2516 5077 2616 5134 sed
2643 5077 2783 5135 alius
2812 5079 2870 5135 in
2894 5080 3100 5152 villam,
3125 5084 3264 5142 alius
3318 5087 3387 5143 ad
3435 5088 3751 5163 negotiatio-

2159 5178 2287 5221 nem
2318 5164 2591 5234 abierunt,
2624 5168 2752 5241 quia
2779 5176 2987 5227 tantum
3017 5174 3251 5232 terrenis
3299 5174 3463 5234 lucris
3508 5179 3749 5239 inhiave-

2159 5261 2308 5321 runt,
2340 5262 2395 5310 et
2422 5254 2548 5313 ideo
2577 5256 2825 5315 cmlestia
2854 5274 3040 5318 amare
3077 5278 3187 5319 non
3240 5270 3552 5337 potuerunt.
3609 5270 3751 5327 Reli-

2161 5344 2253 5415 qui
2282 5359 2412 5401 vero
2443 5361 2641 5402 servos
2672 5348 2823 5421 regis
2868 5352 3215 5409 contumeliis
3266 5352 3490 5413 aﬂ'ectos
3530 5359 3747 5417 occide-

2159 5440 2304 5502 runt,
2344 5433 2471 5506 quia
2504 5435 2760 5493 Pharisaei
2788 5446 2842 5494 et
2891 5440 3169 5513 principes
3224 5445 3562 5502 sacerdotum
3613 5465 3748 5521 apo-

2158 5522 2328 5578 stolos
2358 5538 2603 5592 carcere,
2625 5526 2881 5594 vinculis,
2910 5530 3236 5588 verberibus
3253 5531 3570 5604 affecerunt,
3590 5553 3748 5610 quos.

2162 5610 2290 5668 jam
2316 5628 2385 5667 ex
2414 5612 2496 5669 eis
2522 5614 2859 5685 occiderunt,
2877 5616 3019 5675 alios
3041 5619 3112 5677 de
3131 5618 3329 5679 finibus
3348 5623 3462 5679 suis
3482 5639 3603 5682 cum
3622 5642 3750 5683 con-

2158 5700 2386 5757 tumelia
2421 5702 2802 5775 propulerunt.

2234 5829 2260 5856 α
2294 5807 2407 5865 Rex
2458 5818 2637 5867 autem
2686 5812 2873 5870 missis
2912 5816 3242 5876 exercitibus
3285 5819 3584 5879 homicidas
3625 5822 3748 5882 illos

2157 5895 2411 5969 perdidit,
2461 5906 2518 5959 et
2557 5900 2835 5962 civitatem
2879 5903 3096 5968 illorum
3142 5910 3440 5982 succendit,
3477 5936 3498 5959 -
3532 5915 3745 5988 quando
