3972 6400
226 414 356 469 1193

1133 399 1713 456 DEFLORATIONES
1755 398 1856 455 SS.
1904 399 2204 457 PATRUM.
2246 432 2313 444 --
2353 401 2570 456 LlB.II.

3374 403 3509 457 ΗΜ

222 543 355 589 nutu
414 531 513 588 Dei
545 528 776 585 Romani
819 526 1096 600 principes
1157 541 1279 580 cum
1336 525 1665 581 exercitibus
1719 525 1820 579 Ju-
1852 529 2087 589 Asunt.
2129 527 2193 582 Et
2249 527 2377 598 quia
2430 527 2545 582 haec
2601 526 2786 581 omnia
2828 542 2922 597 per
2982 525 3179 582 Christi
3223 526 3518 596 potentiam

227 625 401 678 dmam
451 621 820 682 intraverunt,
863 615 1167 686 parricidas
1221 615 1435 669 .ludaaos
1485 615 1653 668 variis
1683 630 1816 684 sup-

231 711 414 784 pliciis
489 710 906 773 interemerunt,
979 704 1252 758 civitatem
1310 703 1651 758 llierusalem
1707 701 1821 772 igni

233 806 661 862 succenderunt.
711 800 919 856 Deinde
949 800 1018 854 ad
1065 802 1241 854 exitus
1269 800 1476 855 viarum
1509 799 1658 854 servi
1681 799 1822 852 diri-

232 904 464 968 guntur,
536 901 586 947 et
630 889 904 962 quoslibet
968 905 1166 943 vocare
1216 889 1616 958 praecipiuntur,
1696 887 1824 958 quia

232 983 505 1056 profecto,
547 981 675 1035 dum
741 978 913 1032 Judaei
978 978 1046 1032 ad
1114 977 1327 1048 nuptias
1365 977 1464 1032 Dei
1503 976 1690 1032 venire
1727 993 1826 1030 re-

229 1090 442 1147 cusant,
498 1076 727 1149 apostoli
767 1077 820 1129 in
860 1075 1003 1130 viam
1061 1075 1306 1146 gentium
1355 1075 1638 1140 abeuntes,
1696 1073 1822 1128 ido-

230 1170 458 1224 lolatras
516 1167 587 1221 ad
630 1165 823 1236 epulas
887 1165 984 1218 Dei
1024 1164 1282 1218 invitant.
1329 1164 1503 1218 Bonos
1541 1171 1595 1218 et
1651 1162 1826 1217 malos

231 1263 738 1330 congregaverunt,
815 1253 941 1324 quia
1007 1252 1203 1306 multos
1244 1252 1505 1322 reprobos
1542 1267 1666 1307 cum
1704 1250 1825 1305 ele-

230 1355 336 1411 ctis
393 1353 462 1408 ad
501 1351 663 1406 fidem
716 1356 1021 1405 traxerunt.
1107 1349 1316 1419 Nuptia:
1367 1348 1827 1404 discumbentium

232 1442 553 1514 implentur,
632 1439 855 1509 quando
916 1453 1182 1494 numerus
1235 1437 1530 1492 electorum
1570 1436 1827 1507 implebi-

235 1540 344 1587 tur.
424 1532 537 1586 Rex
580 1528 806 1583 intrabit
859 1527 1269 1583 discumbentes
1326 1527 1534 1591 videre,
1611 1526 1828 1596 quando

235 1632 302 1686 ad
331 1630 595 1700 judicium
630 1629 808 1682 veniet
838 1635 1062 1680 cunctos
1102 1641 1201 1696 pro
1249 1625 1453 1679 meritis
1494 1625 1827 1691 discernere,

238 1721 381 1774 sicut
421 1719 679 1788 scriptum
721 1723 802 1768 est
836 1733 848 1768 :
897 1740 916 1762 (ι
955 1716 1142 1768 Veniet
1173 1714 1432 1767 Dominus
1490 1714 1539 1765 in
1565 1713 1830 1781 judicium

238 1826 362 1864 cum
409 1807 557 1860 omni
606 1808 887 1874 despecto,
936 1827 956 1849 ιι
1001 1804 1101 1856 hoc
1143 1814 1225 1855 est
1265 1812 1372 1854 tam
1414 1802 1704 1872 diligenter
1735 1801 1833 1870 ju-

1929 623 2054 669 sunt
2099 616 2305 681 sedata,
2364 615 2548 670 omnia
2579 623 2701 669 sunt
2731 615 2891 670 nobis
2939 615 3010 670 ad
3044 614 3272 671 salutem
3301 622 3511 686 parata.

1931 704 2060 759 Ideo
2113 705 2185 759 ob
2215 704 2364 758 nulla
2411 705 2631 775 negotia
2687 703 3056 776 negligemus,
3105 705 3238 776 quin
3293 711 3402 759 tota
3431 703 3517 760 l'e-

1933 801 2186 856 stinantia
2214 802 2281 856 ad
2313 802 2505 872 epulas
2537 802 2638 857 Dei
2668 803 2979 856 veniamus.
3017 800 3117 856 Dei
3147 801 3350 873 quippe
3379 817 3516 857 con-

1934 891 2134 945 vivium
2187 899 2270 945 est
2300 890 2556 961 perennis
2605 891 2728 945 vita:
2757 890 3040 962 gaudium.
3107 891 3188 944 Ad
3216 891 3321 946 hoc
3343 890 3522 946 currit

1935 978 2179 1050 quisquis
2211 979 2309 1033 Dei
2339 987 2602 1050 precepta
2656 979 2884 1049 implere
2932 981 3148 1050 satagit.
3182 980 3263 1033 De
3285 978 3519 1034 exitibus

1933 1076 2142 1130 viarum
2201 1076 2372 1131 vocati
2401 1076 2471 1131 ad
2525 1075 2741 1148 nuptias
2763 1076 2874 1144 jam
2928 1074 3340 1142 discumbimus,
3398 1076 3523 1146 quia

1932 1163 2004 1219 de
2034 1164 2198 1218 variis
2260 1165 2540 1220 erroribus
2595 1165 2665 1220 ad
2695 1173 3042 1221 sacramenta
3083 1163 3357 1220 dominica
3384 1179 3523 1220 con-

1936 1252 2213 1308 venimus.
2290 1255 2359 1308 Et
2403 1253 2547 1322 ideo,
2593 1253 2953 1320 dilectissimi,
2999 1260 3150 1308 veste
3179 1252 3404 1324 nuptiali
3431 1269 3522 1309 re-

1938 1349 2345 1422 splendeamus,
2404 1354 2464 1405 ut
2508 1349 2758 1406 videlicet
2787 1351 2961 1406 Deum
3015 1366 3114 1422 pro
3143 1351 3415 1418 omnibus,
3472 1360 3526 1408 et

1938 1438 2216 1509 proximos
2272 1448 2532 1510 tanquam
2564 1454 2663 1493 nos
2701 1438 2853 1509 ipsos
2881 1438 3197 1510 diligamus.
3237 1437 3415 1508 Quem
3469 1439 3528 1494 in

1940 1528 2044 1583 hac
2098 1535 2252 1582 veste
2307 1542 2409 1582 rex
2446 1528 2652 1581 intrans
2708 1543 2816 1581 non
2859 1527 3145 1595 invenerit,
3200 1527 3425 1600 ligatum
3456 1528 3526 1584 de

1941 1625 2191 1680 convivio
2228 1625 2351 1693 ejici
2381 1625 2433 1678 in
2491 1625 2748 1679 tenebras
2779 1624 3074 1679 infernales
3119 1624 3357 1693 jubebit.
3410 1626 3527 1681 Ho-

1943 1730 2063 1768 rum
2095 1724 2269 1768 autem
2305 1714 2551 1768 civitates
2583 1715 2714 1782 ipsis
2745 1713 2970 1783 perditis
2999 1723 3320 1768 cremantur
3349 1729 3381 1768 a
3402 1714 3528 1784 qui-

1947 1803 2044 1856 bus
2120 1803 2269 1856 servi
2345 1802 2500 1856 missi
2543 1803 2746 1870 injuriis
2801 1802 2977 1856 allecti
3032 1813 3348 1866 enecantur,
3408 1803 3531 1874 quia

239 1906 443 1960 dicabit
482 1904 536 1957 in
572 1905 675 1957 hoc
720 1901 923 1955 mundo
954 1900 1448 1970 despectissimum,
1492 1915 1648 1969 quam
1681 1897 1830 1954 omni
1860 1883 1911 1942 Β
1942 1900 2196 1954 nimirum
2218 1901 2554 1955 daemonibus
2583 1900 2848 1970 perdendi
2871 1899 3256 1969 permittuntur
3285 1918 3298 1954 :
3358 1915 3391 1954 a
3419 1899 3534 1972 qui-

240 1990 1006 2067 gloriaexcellentissimum.
1066 1989 1188 2042 Non
1249 1989 1474 2041 vestitus
1522 1997 1669 2042 veste
1727 2004 1833 2041 uu-

238 2081 394 2154 ptiali
434 2081 580 2136 foras
621 2078 930 2150 projicitur,
983 2077 1108 2148 quia
1155 2092 1354 2133 carens
1391 2075 1654 2132 cliaritate
1711 2076 1830 2140 Dei,

240 2179 448 2251 nuptiis
479 2177 601 2248 ejus
631 2177 724 2247 qui
777 2184 859 2230 est
890 2175 1126 2230 charitas
1184 2189 1292 2228 non
1342 2174 1673 2228 admittetur.
1734 2173 1838 2228 Ye-

242 2267 344 2322 stis
418 2281 652 2338 namque
727 2265 980 2335 nuptialis
1055 2271 1135 2318 est
1207 2263 1464 2328 charitas,
1504 2278 1602 2334 per
1673 2277 1839 2332 quam

242 2355 572 2427 adipiscitur
610 2362 813 2409 (eterna
874 2352 1111 2408 claritas.
1189 2353 1378 2406 Manus
1430 2360 1482 2406 et
1538 2351 1705 2422 pedes
1762 2351 1839 2405 ibi

243 2453 466 2507 funibus
506 2457 892 2522 pecccatorum
952 2447 1292 2517 ligabuntur,
1373 2464 1493 2516 quae
1532 2447 1619 2502 hic
1656 2446 1839 2518 pravis

244 2541 510 2612 operibus
585 2539 1059 2608 constringuntur.
1144 2536 1386 2591 Membra
1459 2535 1658 2608 quippe
1717 2552 1840 2608 qua:

245 2631 350 2685 hoc
381 2630 453 2684 ad
499 2627 702 2682 malum
749 2626 1022 2690 laxantur,
1072 2624 1148 2679 ibi
1187 2625 1256 2678 ad
1295 2624 1621 2696 supplicium
1677 2640 1840 2680 coar-

243 2736 483 2783 ctantur.
533 2727 594 2779 In
658 2723 916 2779 tenebras
987 2722 1289 2778 exteriores
1328 2722 1689 2792 projiciuntur
1744 2722 1840 2794 qui

243 2831 402 2874 nunc
468 2813 765 2869 interiores
803 2813 1055 2866 tenebras
1112 2811 1504 2866 delectabiliter
1541 2810 1836 2881 patiuntur.

246 2906 328 2959 lbi
367 2903 470 2959 erit
511 2904 669 2956 tletus
730 2908 783 2955 et
839 2900 1045 2956 stridor
1081 2900 1340 2964 dentium,
1375 2900 1502 2970 quia
1541 2899 1842 2954 transibunt

245 3003 318 3056 ab
347 3000 504 3072 aquis
536 2999 738 3054 nivium
769 2998 840 3052 ad
892 2996 1127 3052 calorem
1182 2997 1406 3051 nimium
1439 2997 1583 3065 (Job.
1649 2999 1831 3064 xxrv).

244 3095 290 3146 Α
329 3092 476 3144 fumo
514 3088 715 3143 etenim
764 3087 907 3157 ignis
946 3088 1150 3152 ﬂetum,
1212 3102 1241 3140 a
1272 3087 1437 3140 nimio
1494 3085 1699 3157 frigore
1739 3102 1839 3154 pa-

244 3181 454 3235 tiuntur
517 3177 801 3232 stridorem
897 3175 1168 3230 dentium.
1238 3198 1258 3222 α
1305 3174 1454 3228 Multi
1493 3183 1674 3228 autem
1714 3183 1839 3228 sunt

245 3278 446 3343 vocati,
479 3277 640 3348 pauci
681 3292 811 3331 vero
845 3275 1021 3340 electi,
1069 3297 1088 3320 ι»
1127 3274 1252 3345 quia
1291 3274 1545 3328 videlicet
1574 3273 1730 3326 multi
1769 3273 1839 3327 ad
1871 3239 1919 3302 Ο

246 3369 414 3422 fidem
454 3375 746 3430 vocantur,
824 3365 920 3418 sed
975 3364 1077 3417 soli
1141 3364 1297 3418 electi
1338 3363 1630 3416 salvantur.
1710 3364 1840 3416 Duae

248 3457 570 3512 vocationes
629 3462 771 3521 sunt,
815 3468 929 3507 una
979 3452 1233 3517 exterior,
1267 3451 1372 3504 alia
1419 3451 1674 3505 interior.
1741 3452 1843 3505 Per

248 3555 604 3616 exteriorem,
680 3551 832 3605 multi
877 3565 977 3620 per
1031 3548 1308 3620 apostolos
1369 3556 1421 3603 et
1457 3548 1843 3618 praedicatores

247 3642 429 3698 vocati
483 3649 607 3694 sunt
643 3641 714 3694 ad
754 3639 925 3693 ﬁdem
970 3653 984 3706 ;
1026 3654 1123 3708 per
1176 3637 1488 3691 interiorem
1540 3637 1697 3707 pauci
1745 3653 1845 3706 per

250 3732 449 3787 Filium
483 3729 640 3785 tracti
683 3735 805 3781 sunt
828 3727 898 3782 ad
939 3727 1174 3782 Patrem.
1210 3726 1309 3780 Per
1337 3726 1666 3780 exteriorem
1695 3725 1842 3780 mul-

251 3831 288 3885 ti
327 3833 512 3902 pisces
568 3843 785 3897 sagenaz
824 3825 949 3879 fidei
1016 3824 1364 3888 inhaeserunt,
1442 3839 1578 3894 quos
1633 3823 1842 3878 electo-

248 3935 342 3977 res
373 3919 568 3973 iterum
623 3915 771 3971 foras
808 3914 1076 3969 miserunt
1113 3931 1127 3978 ;
1184 3928 1284 3983 per
1341 3912 1652 3966 interiorem
1685 3910 1845 3982 pauci

247 4008 546 4073 latuerunt,
587 4021 727 4076 quos
776 4003 832 4058 in
869 4019 996 4058 vasa
1034 4001 1348 4073 elegerunt.
1383 4001 1538 4056 Nunc
1567 4008 1692 4054 sunt
1749 4016 1842 4056 re-

248 4104 416 4178 probi
476 4101 723 4176 permisti
762 4100 974 4168 electis,
1015 4107 1071 4154 ut
1121 4098 1296 4170 paleae
1359 4097 1590 4170 granis;
1631 4097 1844 4154 Christo

250 4201 434 4250 autem
478 4207 603 4248 cum
659 4189 962 4246 ventilabro
1040 4187 1314 4253 veniente,
1371 4187 1545 4257 paleae
1599 4203 1845 4242 excussae

248 4281 367 4354 igni
394 4278 823 4352 inexstinguibili
853 4277 1137 4333 traduntur
1182 4294 1195 4339 ;
1228 4291 1401 4349 grana
1431 4284 1613 4331 autem
1644 4275 1698 4330 in
1728 4277 1849 4331 hor-

251 4397 410 4437 reum
439 4377 922 4451 congregabantur
943 4375 1063 4430 Dei.

323 4495 390 4550 Et
427 4509 549 4559 nos,
625 4489 986 4555 dilectissimi,
1025 4489 1093 4543 ad
1131 4489 1345 4559 nuptias
1384 4487 1482 4543 Dei
1540 4505 1661 4543 cum
1701 4489 1844 4544 mul-

251 4585 324 4640 tis
381 4582 561 4638 vocati
617 4596 822 4646 sumus,

251 4698 376 4739 cum
399 4679 590 4752 paucis
619 4678 780 4734 electi
811 4678 1006 4732 simus.
1073 4676 1360 4730 Prandium
1415 4675 1574 4730 nobis
1604 4675 1845 4746 quotidie

250 4778 504 4844 paratur,
545 4769 675 4824 dum
727 4782 887 4822 sacra
917 4765 1193 4835 Scriptura
1239 4780 1362 4820 cum
1419 4779 1652 4834 c0rpore
1685 4764 1846 4819 Chri-

254 4860 327 4916 sti
383 4858 546 4914 nobis
599 4855 947 4928 proponitur.
985 4854 1146 4908 Tauri
1175 4853 1242 4908 ad
1273 4855 1377 4908 hoc
1405 4854 1718 4908 convivium
1745 4869 1844 4910 oc-

254 4957 357 5014 cisi
387 4963 533 5021 sunt,
585 4953 712 5026 quia
766 4951 998 5024 apostoli
1055 4950 1195 5006 tauri
1251 4949 1443 5023 gregis
1497 4951 1716 5005 Domini
1746 4967 1846 5022 pro

254 5045 579 5102 invitatione
607 5043 800 5098 harum
828 5041 1109 5112 epularum
1165 5038 1412 5096 exstincti
1445 5039 1845 5095 occubuerunt.

254 5135 338 5193 Ad
371 5135 476 5190 hoc
506 5132 668 5188 etiam
727 5129 1036 5188 convivium
1092 5129 1262 5184 altilia
1311 5127 1494 5184 occisa
1540 5137 1692 5194 sunt,
1723 5129 1849 5200 quia

256 5233 570 5306 quicunque
599 5229 670 5285 ad
701 5228 944 5285 coelestia
1002 5234 1185 5282 mente
1215 5225 1592 5294 convolantes,
1636 5242 1739 5297 pro
1764 5227 1849 5282 his

255 5320 438 5392 epulis
525 5317 781 5390 prostrati
837 5324 987 5372 sunt.
1048 5315 1210 5371 Tauri
1258 5329 1473 5386 quoque
1547 5324 1853 5385 persecuto-

255 5428 350 5483 res
409 5408 650 5472 fuerunt,
709 5406 801 5478 qui
831 5405 1086 5462 cornibus
1131 5403 1468 5461 crudelitatis
1497 5401 1688 5459 ﬁdeles
1718 5421 1850 5460 ven-

257 5508 572 5570 tilaverunt,
603 5504 700 5559 sed
731 5503 946 5558 Christo
1001 5501 1255 5557 veniente
1277 5501 1388 5568 jam
1419 5501 1663 5556 enervati
1692 5511 1840 5558 sunt.

263 5594 516 5651 Volatilia
572 5602 752 5648 autem
783 5589 1028 5646 hmretici
1084 5590 1423 5654 exstiterunt,
1471 5588 1563 5658 qui
1593 5591 1851 5658 quodam-

259 5686 428 5741 modo
477 5681 547 5735 ad
592 5682 702 5737 alta
749 5680 1090 5743 volaverunt,
1169 5677 1384 5747 quando
1438 5675 1494 5728 in
1537 5677 1731 5732 cmlum
1787 5695 1850 5735 os

260 5786 581 5854 posuerunt,
641 5787 696 5834 et
725 5777 1062 5849 iniquitatem
1093 5776 1144 5828 in
1197 5773 1422 5829 excelso
1451 5781 1645 5827 contra
1674 5776 1852 5834 Deum

263 5867 434 5926 locuti
463 5873 586 5922 sunt
618 5881 632 5934 ;
689 5866 786 5922 sed
816 5880 846 5919 a
902 5863 1201 5919 Catholicis
1246 5860 1371 5920 victi
1428 5868 1478 5919 et
1507 5863 1852 5924 exterminati

590 5983 851 6046 PATROL.
886 5978 1122 6045 CLVII.

901 4579 1213 4634 studeamus
1279 4578 1436 4631 bonis
1474 4578 1704 4641 actibus,
1783 4586 1922 4648 utD

1945 1991 2047 2044 bus
2095 1985 2493 2058 praedicatores
2556 1988 2648 2044 hic
2693 1988 3038 2044 contumeliis
3090 1987 3419 2059 atiliguntur,
3478 1999 3534 2046 et

1943 2093 2175 2148 corpora
2222 2078 2435 2132 illorum
2491 2077 2711 2132 demum
2761 2077 2873 2148 igni
2918 2077 3347 2150 inexstinguibili
3400 2094 3530 2135 suc-

1945 2176 2269 2231 cenduntur.

2017 2265 2096 2319 De
2125 2264 2209 2318 his
2258 2265 2461 2336 nuptiis
2518 2265 2690 2320 texuit
2737 2282 2828 2322 rex
2888 2265 3148 2322 Salomon
3195 2265 3354 2322 dulce
3407 2265 3532 2337 epi-

1941 2351 2280 2421 thalamium,
2311 2354 2441 2409 dum
2471 2355 2526 2409 in
2556 2354 2771 2413 laudem
2802 2356 3001 2427 Sponsi
3049 2362 3106 2411 et
3136 2355 3367 2427 Sponsae
3423 2371 3524 2426 per

1947 2451 2206 2522 Spiritum
2280 2453 2557 2508 concinuit
2629 2453 2855 2510 Cantica
2935 2453 3289 2510 canticorum.
3365 2453 3538 2508 Filius

1948 2541 2147 2612 quippe
2204 2543 2352 2611 regis
2409 2542 2742 2599 Hierusalem
2801 2543 3154 2614 desponsavit
3202 2542 3306 2596 sibi
3360 2539 3534 2598 ﬁliam

1947 2631 2098 2701 regis
2127 2631 2433 2703 Babylonis,
2467 2639 2858 2704 acceptamque
2889 2631 3116 2687 tradidit
3156 2631 3534 2700 erudiendam,

1948 2736 2112 2799 atque
2158 2729 2458 2784 ornandam
2511 2729 2614 2784 sub
2661 2745 2829 2785 manu
2871 2729 3157 2795 custodis;
3213 2729 3330 2801 ipse
3403 2744 3541 2785 vero

1949 2817 2083 2872 abiit
2131 2817 2404 2873 instruere
2431 2819 2766 2884 convivium,
2800 2819 3056 2889 quoniam
3084 2818 3262 2873 denuo
3292 2833 3544 2874 reversus

1950 2921 2074 2960 cum
2106 2905 2312 2978 ingenti
2371 2915 2633 2977 apparatu
2688 2907 3037 2978 maximoque
3090 2905 3238 2962 cultu
3291 2906 3543 2962 installa-

1950 3010 2068 3056 tum
2095 3003 2400 3058 introducet
2422 3003 2722 3058 thalamum
2775 3019 2958 3058 secum
2991 3003 3060 3058 ad
3092 3003 3331 3074 nuptias,
3365 3019 3544 3074 spon-

1952 3106 2026 3145 sa:
2081 3099 2370 3146 ornatores
2399 3091 2607 3146 ducens
2653 3091 2708 3144 in
2765 3091 3048 3161 palatium,
3109 3091 3229 3159 ejus
3259 3107 3387 3148 vero
3415 3108 3543 3148 cor-

1951 3185 2198 3248 ruptores
2229 3181 2448 3233 tradens
2477 3179 2530 3232 in
2561 3179 2802 3234 carceris
2832 3179 3182 3250 supplicium.
3244 3180 3357 3235 Rex
3410 3181 3545 3236 Hie-

1949 3276 2186 3330 rusalem
2245 3284 2326 3330 est
2360 3277 2524 3340 Deus,
2583 3276 2743 3344 cujus
2803 3275 2947 3330 lilius
2974 3284 3057 3330 est
3093 3276 3367 3331 Christus.
3425 3278 3541 3333 Rex

1949 3365 2231 3434 Babylonis
2285 3372 2366 3418 est
2412 3365 2688 3419 diabolus.
2749 3365 3034 3418 Gentilitas
3093 3380 3226 3420 vero
3283 3374 3394 3420 erat
3423 3368 3541 3433 ejus

1951 3452 2085 3520 lilia,
2119 3469 2239 3509 cum
2263 3463 2408 3509 esset
2440 3453 2761 3509 idololatria:
2807 3453 3011 3509 dedita.
3044 3454 3196 3508 Hanc
3225 3453 3342 3524 ipse
3372 3469 3406 3509 a
3437 3455 3541 3508 Pa-

1952 3558 2031 3605 tre
2060 3549 2413 3620 desponsavit
2468 3550 2593 3604 dum
2655 3565 2759 3621 pro
2811 3565 2878 3605 ea
2924 3548 3254 3623 sanguinem
3309 3550 3544 3606 fundens

1951 3639 2021 3695 de
2067 3638 2286 3694 diabolo
2340 3638 2394 3692 in
2469 3654 2634 3695 cruce
2706 3639 3069 3709 triumphavit.
3115 3639 3270 3695 Hanc
3330 3639 3545 3696 custodi

1951 3728 2196 3793 tradidit,
2256 3727 2382 3783 dum
2405 3743 2524 3784 eam
2555 3727 2733 3783 ordini
2765 3728 3050 3784 doctorum
3079 3727 3260 3783 divma
3308 3727 3434 3802 lege
3461 3729 3544 3784 in-

1953 3825 2292 3894 struendam,
2371 3825 2602 3896 gemmis
2657 3825 2912 3882 virtutum
2961 3825 3330 3881 decorandum
3387 3843 3545 3882 com-

1951 3914 2255 3970 mendavit.
2323 3916 2451 3985 Ipse
2507 3929 2636 3970 vero
2692 3915 2824 3970 abiit
2861 3913 3168 3970 convivium
3221 3929 3540 3985 procurare,

1952 4003 2076 4075 quia
2129 4002 2378 4074 profecto
2421 4003 2668 4060 ascendit
2708 4003 2765 4058 in
2819 4002 3040 4070 caelum,
3115 4003 3297 4058 locum
3346 4003 3397 4059 ei
3438 4019 3543 4075 ap-

1952 4109 2070 4156 tum
2125 4100 2180 4154 in
2207 4101 2372 4156 domo
2431 4100 2604 4156 Patris
2640 4116 2742 4172 per
2795 4100 2990 4156 multas
3043 4100 3360 4156 mansiones
3413 4117 3540 4171 pre-

1952 4205 2169 4262 parare.
2230 4189 2423 4245 Denuo
2452 4205 2573 4245 cum
2631 4189 2872 4245 exercitu
2926 4189 3174 4244 omnium
3221 4189 3544 4263 angelorum

1953 4278 2155 4344 veniet,
2212 4293 2443 4349 eamque
2473 4277 2544 4334 de
2576 4277 2917 4349 Babylonicae
2946 4277 3406 4351 peregrinationis
3445 4295 3544 4336 ex-

1953 4373 2076 4430 silio
2107 4381 2280 4436 eruet,
2340 4381 2505 4445 atque
2555 4373 2610 4428 in
2661 4373 2935 4430 civitatem
2993 4374 3170 4430 Patris
3226 4374 3311 4431 sui
3340 4375 3546 4449 glorio-

1955 4479 2066 4518 sam
2128 4461 2468 4518 Hierusalem
2528 4477 2651 4518 cum
2709 4477 2923 4518 summo
2999 4463 3238 4534 tripudio
3293 4464 3550 4520 introdu-

1955 4561 2058 4608 cet.
2136 4553 2284 4605 Tunc
2315 4550 2542 4620 Sponsa:
2566 4557 2859 4606 ornatores
2889 4551 3051 4606 simul
3081 4552 3378 4616 intrabunt,
3419 4553 3549 4623 quia

1955 4651 2046 4724 qui
2103 4650 2402 4705 Ecclesiam
2454 4649 2540 4705 hic
2571 4650 2788 4719 scriptis
2840 4650 2926 4705 vel
2957 4649 3114 4706 dictis
3171 4651 3545 4719 instruxerint,

1954 4748 2009 4795 et
2066 4737 2222 4794 bonis
2251 4737 2516 4809 exemplis
2546 4738 2986 4810 perornaverint,
3040 4754 3164 4794 cum
3215 4739 3312 4794 illa
3338 4747 3468 4796 tunc
3489 4741 3546 4795 in

1953 4829 2154 4900 nuptiis
2185 4827 2337 4898 Agni
2389 4835 2448 4881 ut
2473 4827 2555 4882 sol
2616 4826 2926 4899 fulgebunt.
2994 4828 3384 4884 Persecutores
3411 4845 3548 4885 vero

1957 4927 2048 5000 qui
2079 4943 2200 4982 eam
2256 4925 2567 4981 lacerantes
2592 4925 2704 4980 vim
2735 4924 3056 4994 intulerunt,
3119 4935 3171 4983 et
3197 4927 3438 4984 haeretici
3469 4936 3549 4983 at-

1957 5032 2064 5088 que
2092 5013 2429 5072 schismatici
2491 5013 2582 5085 qui
2613 5029 2731 5069 eam
2778 5019 3157 5085 corruperunt,
3189 5019 3319 5072 tunc
3347 5015 3400 5070 in
3432 5024 3546 5072 sta-

1957 5121 2132 5178 gnum
2205 5103 2351 5175 ignis
2415 5110 2467 5158 et
2515 5101 2793 5174 sulphuris
2854 5103 3008 5158 missi
3063 5110 3328 5176 perpetuo
3385 5105 3548 5162 arde-

1958 5196 2117 5250 bttnt.

2028 5319 2111 5374 Ne
2141 5317 2299 5388 hujus
2318 5323 2562 5373 exsortes
2619 5315 2859 5373 convivii
2915 5315 3106 5386 simus,
3162 5316 3328 5374 variis
3383 5317 3550 5376 docu-

1957 5407 2162 5464 mentis
2191 5405 2406 5460 instruit
2451 5421 2552 5460 nos
2607 5405 2904 5461 Dominus.
2960 5407 3159 5461 Narrat
3205 5405 3350 5461 enim
3404 5409 3551 5480 quod

1962 5498 2176 5570 quidam
2245 5494 2531 5550 ficulneam
2580 5495 2632 5549 in
2683 5494 2848 5550 vinea
2899 5511 3000 5550 sua
3048 5496 3318 5563 habuerit,
3376 5505 3430 5552 et
3457 5515 3556 5569 per

1963 5603 2074 5649 tres
2103 5606 2285 5647 annos
2313 5591 2560 5658 veniens,
2617 5588 2851 5645 fructum
2911 5590 2965 5644 in
3026 5607 3092 5647 ea
3129 5607 3238 5648 non
3267 5593 3553 5662 invenerit,

1961 5690 2112 5738 etne
2140 5680 2346 5735 diutius
2402 5688 2596 5734 terram
2649 5679 2850 5734 sterilis
2906 5689 3220 5750 occuparet,
3279 5683 3560 5741 succidere

1959 5769 2282 5843 praeceperit
2343 5770 2506 5839 (Luc.
2580 5767 2696 5837 xu).
2759 5767 3008 5824 Ficulnea
3067 5769 3270 5825 sterilis
3298 5771 3356 5825 in
3405 5773 3558 5828 vinea

1962 5871 2078 5926 erat
2108 5866 2407 5940 Synagoga
2435 5866 2492 5921 in
2541 5865 2667 5938 lege
2697 5864 3056 5925 infructuosa.
3095 5867 3177 5924 De
3229 5883 3338 5940 qua
3369 5869 3558 5928 Domi-

3168 5984 3244 6045 38
