3972 6414
502 362 641 416 1195

1644 366 1985 425 WERNERI
2024 370 2311 430 ABBATIS
2354 377 2414 429 S.
2452 377 2675 434 BLASII

3670 395 3822 451 1196

497 503 602 545 nus
632 486 813 545 tribus
866 487 1020 545 annis
1049 487 1285 546 fructum
1313 472 1583 562 quaesivit,
1634 491 1767 564 quia
1820 509 1937 549 eam
1968 502 2097 552 ante
2124 499 2182 563 Α
2212 498 2333 555 Deo
2388 516 2538 571 esse,
2570 504 2856 562 et‘bonum
2884 524 3025 566 esse.
3083 512 3351 571 Institutio
3398 518 3646 591 coujngii
3691 519 3812 574 du-

496 577 682 650 legem
736 593 837 649 per
887 577 1249 649 patriarchas,
1304 579 1409 636 sub
1456 580 1582 654 lege
1634 598 1737 653 per
1782 584 2099 655 prophetas,

498 667 601 722 sub
629 666 810 739 gratia
837 683 943 739 per
993 667 1275 740 apostolos
1329 668 1401 725 ad
1449 668 1684 729 fructum
1732 671 1863 728 boni
1916 673 2104 746 operis

492 765 730 823 monuit.
793 765 903 823 Sed
931 766 1057 838 quia
1096 782 1200 838 per
1255 766 1555 839 perﬁdiam
1600 770 1843 827 arefacta
1898 779 2101 829 terram

495 854 697 911 sterilis
751 856 1068 926 occupavit,
1127 856 1366 913 securim
1394 857 1587 928 judicii
1633 858 1720 914 sui
1750 858 1801 916 ei
1852 861 1922 915 ad
1950 862 2100 916 radi-

493 959 611 1000 cem
641 942 845 1014 posuit,
896 942 1026 1015 dum
1054 959 1174 1002 eam
1203 943 1391 1017 gladio
1435 945 1818 1003 Romanorum
1846 949 2097 1008 succidit.

491 1042 651 1098 Ficus
684 1040 847 1098 etiam
906 1040 1113 1098 sterilis
1171 1042 1228 1098 in
1287 1042 1463 1110 vinea,
1522 1052 1607 1099 est
1652 1045 1882 1117 quilibet
1933 1047 2099 1103 homo

491 1130 607 1186 sine
637 1130 796 1186 bonis
853 1130 1116 1201 Operibus
1164 1131 1220 1186 in
1275 1131 1555 1188 Ecclesia.
1594 1134 1675 1189 De
1732 1135 1838 1191 hoc
1892 1134 2099 1192 fructus

490 1219 651 1276 trium
677 1235 946 1276 annorum
985 1220 1265 1293 quaeritur,
1323 1220 1456 1277 dum
1511 1223 1757 1293 operatio
1814 1223 1943 1280 fidei
1972 1225 2099 1280 Tri-

487 1317 674 1373 uitatis
722 1317 794 1373 ab
823 1331 890 1372 eo
919 1316 1179 1389 exigitur.
1239 1317 1308 1374 Et
1363 1316 1472 1373 nisi
1530 1318 1691 1373 citius
1750 1319 2099 1377 confessione

487 1405 954 1472 circumfodiatur,
1032 1411 1086 1461 et
1142 1414 1359 1462 stercus
1432 1406 1770 1477 poenitentia
1824 1408 2093 1477 mittatur,

486 1504 661 1555 morte
703 1495 1000 1566 excidetur,
1076 1502 1131 1551 et
1189 1494 1247 1551 in
1317 1495 1508 1569 ignem
1564 1497 1836 1570 gehennae
1907 1499 2094 1556 mitte-

486 1603 572 1652 tur
581 1634 598 1651 ο

551 1685 672 1741 Hoc
726 1697 947 1756 quoque
1000 1681 1374 1756 praefiguravit
1428 1683 1631 1740 mulier
1658 1684 1936 1755 inclinata,
1993 1685 2094 1742 sed

484 1790 518 1832 a
552 1773 790 1831 Domino
836 1772 926 1844 pie
956 1779 1152 1828 sanata
1183 1772 1392 1843 (ibid).
1441 1774 1637 1830 Mulier
1665 1775 1736 1830 ad
1766 1782 1973 1831 terram
2002 1774 2093 1831 in-

2207 588 2333 660 plex
2388 599 2490 647 est.
2566 594 2684 650 Una
2740 605 2865 653 ante
2939 609 3221 670 peccatum
3279 604 3347 659 ad
3406 588 3664 675 ofﬁcium,
3694 609 3815 664 alia

2208 694 2333 759 post
2373 699 2652 761 peccatum
2710 695 2780 750 ad
2851 699 3171 756 remedium.
3251 702 3447 772 Prima,
3502 713 3561 760 ut
3615 715 3818 764 natura

2208 776 2704 854 multiplicaretur;
2760 787 3021 856 secunda,
3076 798 3131 845 ut
3186 798 3383 849 natura
3438 794 3808 867 exciperetur,

2209 872 2263 921 et
2333 867 2522 924 vitium
2623 872 2990 931 cohiberetur.
3071 877 3253 935 Prima
3324 881 3590 940 institutio
3658 901 3798 942 con-

2201 963 2419 1036 jugium
2472 970 2753 1040 proposuit
2806 972 2860 1027 in
2890 973 3102 1032 foedere
3158 978 3484 1050 dilectionis,
3538 991 3592 1038 ut
3646 984 3696 1039 in
3725 1002 3809 1042 eo

2206 1062 2355 1108 esset
2383 1067 2789 1115 sacramentum
2835 1063 3129 1137 societatis,
3188 1085 3307 1139 quas
3335 1069 3391 1124 in
3423 1072 3611 1142 spiritu
3665 1090 3811 1131 con-

2208 1148 2315 1196 stat
2367 1142 2511 1199 iuter
2538 1146 2713 1201 Deum
2772 1157 2824 1205 et
2852 1152 3113 1211 animam.
3174 1155 3429 1214 Ofﬁcium
3460 1170 3638 1217 autem
3657 1178 3803 1219 con-

2199 1238 2351 1312 jugii
2380 1241 2433 1295 in
2489 1245 2874 1304 commistione
2929 1253 3113 1308 carnis
3173 1258 3478 1326 proposuit,
3538 1261 3674 1315 utin
3728 1278 3807 1318 eo

2206 1339 2607 1387 sacramentum
2656 1344 2802 1391 esset
2856 1340 3137 1397 societatis
3193 1346 3340 1416 quod
3397 1347 3450 1401 in
3487 1363 3648 1405 carne
3703 1350 3809 1405 fu-

2204 1426 2328 1473 tura
2384 1429 2501 1477 erat
2546 1422 2692 1479 inter
2738 1426 3010 1484 Christum
3067 1440 3119 1487 et
3162 1434 3491 1492 Ecclesiam.
3550 1438 3809 1495 Secunda

2203 1515 2468 1573 institutio
2520 1522 2839 1597 conjugium
2894 1526 2951 1583 in
3008 1528 3215 1588 {uadere
3262 1533 3568 1591 dilectionis
3614 1538 3809 1594 sanci-

2203 1606 2296 1675 vit,
2333 1614 2391 1662 ut
2417 1624 2516 1679 per
2544 1611 2662 1680 ejus
2717 1614 2868 1670 bona
2926 1616 2983 1673 id
3041 1622 3188 1693 quod
3219 1621 3271 1675 in
3304 1624 3486 1679 carnis
3542 1628 3808 1682 commis-

2202 1694 2351 1751 tione
2373 1695 2705 1757 inlirmitatis
2758 1712 2876 1760 erat
2911 1714 2964 1762 et
3018 1708 3206 1765 delicti
3236 1720 3590 1769 excusaretur
3619 1732 3631 1780 ;
3664 1715 3793 1771 otii-

2201 1792 2347 1849 cium
2376 1802 2561 1853 autem
2606 1800 2851 1874 conjugii
2880 1802 2934 1857 in
2985 1807 3417 1864 commistionem
3445 1811 3623 1866 carnis
3654 1828 3795 1868 con-

454 1872 681 1928 ’clinata
709 1877 846 1939 erat,
878 1869 1179 1941 Synagosa
1207 1868 1311 1925 sub
1367 1870 1610 1940 pondere
1656 1871 1796 1944 legis
1831 1881 2081 1973 curvats.
2116 1864 2172 1926 B
2201 1884 2385 1953 cessit,
2442 1894 2502 1941 ut
2549 1887 2605 1943 in
2648 1864 2729 1945 eo.
2763 1864 2967 1962 praeter
3015 1896 3235 1967 generis
3291 1898 3790 1973 multiplicationem

483 1961 621 2032 Quae
674 1975 710 2018 a
737 1958 974 2016 Domino
996 1958 1250 2030 erigitur,
1291 1958 1423 2015 dum
1458 1960 1751 2018 multitudo
1779 1962 1850 2020 de
1879 1964 2090 2020 Iudaeis

481 2066 754 2108 conversa
806 2048 877 2107 de
932 2063 1104 2105 onere
1158 2046 1302 2121 legis
1359 2064 1460 2119 per
1532 2050 1764 2122 gratiam
1838 2052 2085 2124 eripitur.

479 2150 673 2207 Mulier
727 2149 924 2205 decem
974 2157 1026 2204 et
1064 2155 1191 2204 octo
1247 2147 1408 2203 annis
1444 2148 1735 2205 incurvata
1806 2158 1891 2207 est
1928 2167 2089 2224 quae-

480 2240 615 2297 libet
651 2239 837 2295 anima
874 2238 977 2294 sub
1038 2244 1269 2310 utraque
1334 2236 1461 2309 lege
1497 2237 1736 2295 infirma.
1813 2240 2086 2297 Denarius

478 2344 716 2403 namque
770 2327 843 2384 ad
883 2328 1051 2384 Vetus
1116 2327 1528 2383 Testamentum
1593 2337 1817 2401 prapter
1853 2330 2084 2387 decalo-

478 2443 610 2502 gum
661 2424 821 2498 legis,
890 2426 1283 2495 octogenarius
1339 2432 1521 2478 autem
1576 2424 1816 2495 pertinet
1853 2426 1926 2483 ad
1959 2429 2081 2483 No-

476 2533 606 2574 vum
633 2516 1044 2572 Testamentum
1092 2520 1319 2583 propter
1366 2520 1622 2569 octavam
1648 2514 1956 2572 Dominicm
1984 2533 2079 2571 rc-

477 2604 857 2663 surrectionis.
898 2604 1103 2659 Decem
1142 2617 1276 2673 ergo
1320 2608 1378 2658 et
1415 2610 1541 2659 octo
1579 2603 1741 2658 annis
1776 2604 1973 2660 mulier
1998 2606 2080 2662 in-

477 2712 760 2772 curvatur,
827 2703 959 2758 dum
997 2701 1178 2758 anima
1240 2700 1534 2772 utriusque
1571 2701 1711 2773 legis
1747 2704 2074 2773 pmvarica-

471 2796 621 2852 tione
649 2799 1045 2867 praegravatur,
1085 2788 1186 2846 sed
1221 2805 1253 2845 a
1289 2789 1522 2845 Domino
1575 2790 1647 2845 ad
1675 2790 1907 2847 salutem
1945 2794 2076 2850 sub-

468 2884 700 2950 levatur,
741 2883 871 2938 dum
912 2879 1088 2954 gratia
1141 2878 1312 2950 ipsius
1374 2895 1474 2950 per
1532 2880 1907 2951 paenitentiam
1960 2883 2071 2938 sal-

468 2989 643 3040 vatur.
720 2981 831 3036 Per
867 2992 1160 3050 pauperes,
1229 2976 1557 3046 charissimi,
1616 2976 1882 3034 debemus
1936 2995 2070 3051 per-

366 3086 367 3089 ‘
466 3072 659 3129 venire
686 3068 757 3126 ad
812 3066 1130 3126 convivium
1169 3065 1321 3131 Dei;
1369 3066 1631 3139 praecepit
1682 3067 1829 3125 enim
1871 3068 2071 3125 Domi-

464 3179 568 3219 nus
604 3177 676 3218 ne
719 3158 792 3216 ad
848 3157 1135 3231 prandium
1171 3163 1426 3212 nostrum
1474 3157 1676 3214 divites
1714 3157 1805 3215 vel
1866 3166 2069 3230 poten~

464 3270 548 3320 tes
585 3228 897 3325 invitemus,
930 3271 964 3313 a
1011 3255 1212 3328 quibus
1244 3255 1658 3313 retributionem
1687 3256 1781 3314 hic
1826 3257 2063 3329 recipie-
2097 3228 2149 3293 Ο

461 3367 584 3407 mus
616 3369 631 3419 ;
672 3348 774 3405 sed
801 3356 865 3403 ut
889 3346 961 3403 ad
1000 3345 1315 3403 convivium
1347 3353 1595 3402 nostrum
1635 3362 1926 3417 pauperes,
1958 3347 2063 3404 de-

459 3441 620 3507 biles,
652 3437 898 3502 claudos.
920 3450 1102 3493 oecos
1131 3449 1523 3503 convocemus,
1553 3450 1585 3491 a
1627 3435 1828 3507 quibus
1855 3435 2062 3492 nullam

457 3528 876 3586 retributionem
902 3540 1209 3597 speremus.
1276 3524 1393 3583 Hoc
1424 3523 1568 3580 enim
1600 3522 1886 3596 facientes,
1916 3525 2064 3581 beati

457 3627 684 3695 erimus,
741 3624 868 3697 quia
894 3622 1159 3696 recipient
1184 3636 1288 3681 nos
1316 3620 1374 3680 in
1422 3629 1635 3680 aeterna
1680 3622 2055 3691 tabernacula,

456 3733 579 3775 cum
606 3713 994 3775 defecerimus.

451 3896 527 3958 De
555 3896 915 3976 εαονατηθηρρ
946 3890 1201 3976 ambusti
1227 3895 1285 3976 ξι
1310 3889 1383 3976 με
1427 3891 1649 3976 erui"?
1688 3892 1963 3976 ρονξέῖιθξξν
1996 3897 2053 3950 ει

520 3984 700 4028 causa
727 3961 1140 4035 institutionis,
1190 3966 1246 4022 et
1287 3962 1354 4020 de
1410 3961 1635 4038 duplici
1679 3961 2050 4022 institutione

518 4038 791 4113 coniugii.

516 4162 659 4218 Dum
687 4157 874 4217 omnia
926 4161 1269 4215 sacramenta
1316 4162 1440 4227 post
1490 4162 1773 4227 peccatum
1797 4159 1857 4212 et
1909 4172 2047 4229 pro-

446 4252 567 4319 pter
619 4250 901 4315 peccatum
957 4238 1293 4313 sumpserint
1350 4238 1659 4308 exordium,
1714 4239 1891 4297 solum
1945 4257 2049 4297 nu-

446 4334 683 4408 ptiarum
712 4330 800 4388 vel
827 4329 1069 4401 conjugii
1098 4336 1501 4384 sacramentum
1531 4329 1697 4385 etiam
1725 4337 1852 4386 ante
1908 4344 2046 4403 pec-

443 4442 628 4491 catum
681 4428 885 4502 legitur
937 4426 1260 4493 institutum,
1318 4441 1429 4483 non
1498 4434 1687 4483 tamen
1742 4427 1813 4483 ad
1864 4443 2045 4485 reme-

444 4523 613 4591 dium,
689 4519 791 4576 sed
844 4516 915 4573 ad
974 4514 1239 4572 oﬂicium.
1293 4516 1356 4571 In
1383 4515 1640 4590 conjugio
1688 4524 1869 4573 autem
1925 4517 2044 4575 haec

440 4587 677 4684 primum
731 4605 1129 4664 consideranda
1157 4608 1284 4659 sunt
1342 4612 1394 4660 et
1451 4587 1852 4662 discernanda:
1885 4605 2041 4678 origo
2072 4587 2127 4651 D

442 4718 499 4766 et
525 4706 793 4765 institutio
848 4720 975 4761 cum
1029 4702 1195 4760 modo
1239 4709 1293 4758 et
1321 4700 1499 4760 causis
1557 4702 1693 4770 suis,
1751 4711 1805 4758 et
1853 4718 2043 4760 secun-

443 4799 572 4855 dum
631 4805 870 4868 tempus,
930 4801 983 4849 et
1036 4792 1211 4857 locus,
1272 4798 1328 4847 et
1379 4790 1519 4846 ritus
1576 4790 1827 4847 variatio.
1905 4792 2043 4848 Con-

432 4887 574 4960 jugii
602 4893 795 4943 auctor
850 4884 997 4939 Deus
1027 4890 1135 4938 est.
1178 4881 1303 4953 Ipse
1345 4879 1491 4936 enim
1547 4880 1863 4955 conjugium
1917 4897 2040 4937 esse

437 4984 722 5055 discernit,
780 4980 995 5056 quando
1034 4978 1322 5036 mulierem
1352 4976 1422 5034 ad
1449 4978 1905 5050 propagationem
1934 4996 2039 5052 ge-

437 5075 587 5133 neris
614 5070 839 5131 humani
866 5069 1074 5127 homini
1104 5067 1437 5140 adjutorium
1481 5066 1627 5125 fecit.
1673 5068 1847 5124 Adam
1894 5086 2038 5142 quo-

433 5182 538 5239 que
591 5163 649 5221 in
704 5159 898 5234 spiritu
952 5172 1298 5230 cognoscens
1356 5156 1428 5212 ad
1461 5172 1624 5229 quem
1651 5173 1812 5213 usum
1840 5158 2039 5216 mulier

436 5255 579 5314 facta
607 5259 774 5321 esset,
797 5264 921 5307 cum
940 5248 1173 5305 adducta
1200 5245 1274 5302 ad
1302 5260 1426 5301 eum
1453 5245 1666 5314 fuisset,
1689 5245 1823 5302 dixit
1846 5266 1893 5302 τι
1919 5248 2036 5304 Hoc

434 5360 581 5402 nunc
633 5357 699 5399 os
723 5357 793 5397 ex
844 5337 1070 5395 ossibus
1097 5335 1257 5402 meis,
1324 5341 1379 5391 et
1417 5349 1545 5391 caro
1572 5335 1643 5392 de
1671 5348 1839 5392 carne
1888 5351 2031 5393 mea.

436 5433 674 5507 Propter
727 5431 837 5487 boc
873 5426 1155 5498 relinquet
1198 5426 1366 5481 homo
1391 5431 1609 5496 patrem
1648 5440 1810 5481 suum
1828 5433 1885 5482 et
1912 5442 2036 5483 ma-

433 5529 575 5578 trem
630 5536 803 5586 suam,
860 5524 916 5573 et
964 5513 1265 5572 adherebit
1291 5513 1449 5569 uxori
1479 5529 1611 5583 suae,
1644 5521 1700 5569 et
1729 5523 1892 5570 erunt
1927 5516 2036 5573 duo

435 5609 493 5663 in
544 5624 706 5666 carne
734 5623 847 5664 una
900 5608 1074 5676 (Gen.
1113 5607 1203 5675 ιι).
1243 5626 1268 5653 ι
1328 5603 1578 5660 Christus
1608 5603 1774 5659 etiam
1802 5605 1856 5659 in
1878 5606 2029 5662 Cana

433 5696 676 5755 cum
726 5712 839 5753 non
866 5696 1043 5751 solum
1071 5693 1367 5766 praesentia
1421 5693 1719 5765 corporali,
1755 5694 1855 5750 sed
1883 5697 2038 5751 exhi~

432 5790 644 5850 bitione
671 5806 891 5864 quoque
942 5789 1198 5845 miraculi
1249 5789 1467 5861 nuptias
1522 5791 1867 5847 consecravit
1890 5794 2028 5863 (Job.

430 5888 514 5952 ιι).
573 5883 637 5941 In
672 5879 874 5953 quibus
926 5877 1182 5943 omnibus
1252 5876 1561 5939 ostenditur
1629 5879 1950 5953 coniugium
1998 5898 2031 5939 a

2196 1975 2575 2043 generantium
2623 1978 2910 2036 inﬁrmitas
2982 1985 3328 2057 exciperetur
3400 1991 3625 2061 (Ephes.
3709 1995 3791 2063 v).

2198 2068 2379 2138 Quare
2434 2080 2618 2129 autem
2696 2076 2999 2134 institutum
3052 2082 3121 2136 sit
3178 2084 3427 2158 conjugii
3474 2102 3798 2144 sacramen-

2195 2166 2310 2213 tum
2339 2162 2599 2231 apostolis
2632 2163 2827 2233 innuit,
2861 2167 2954 2222 ubi
2986 2169 3161 2225 virum
3193 2171 3490 2246 imaginem
3520 2176 3618 2232 Dei
3649 2193 3795 2244 esse,

2193 2261 2260 2303 ac
2308 2265 2406 2320 per
2434 2251 2540 2308 hoc
2582 2254 2990 2325 quodammodo
3046 2259 3329 2316 mulierem
3386 2263 3578 2320 animae
3627 2264 3798 2322 ratio-

2191 2345 2334 2401 nalis
2388 2355 2579 2419 typum
2635 2360 2859 2422 portare
2912 2357 3178 2413 ostendit.
3243 2356 3425 2428 Quare
3455 2361 3649 2418 iterum
3702 2363 3796 2419 in-

2191 2434 2439 2493 stitutum
2470 2437 2538 2493 sit
2562 2440 2739 2510 primo
2761 2443 3007 2517 conjugii
3066 2446 3322 2515 cilicium,
3380 2449 3499 2521 ipse
3527 2452 3674 2507 Deus
3701 2453 3795 2509 in-

2188 2523 2404 2580 stitutor
2430 2534 2484 2583 et
2535 2529 2820 2586 ordinator
2846 2535 3108 2604 ostendit,
3143 2536 3334 2593 dicens
3370 2556 3381 2592 :
3419 2557 3441 2591 r
3464 2540 3708 2598 Crescite
3735 2551 3793 2599 et

2186 2622 2640 2696 multiplicamini,
2663 2636 2715 2683 et
2733 2629 2940 2702 replete
2957 2639 3161 2688 terram
3185 2634 3359 2701 (Gen.
3385 2637 3446 2707 ι).
3485 2661 3506 2686 ι
3532 2637 3785 2695 Officium

2186 2713 2448 2784 conjugii,
2481 2715 2589 2771 hoc
2642 2725 2727 2773 est
2756 2720 2946 2775 carnis
2975 2724 3430 2795 commistionem,
3460 2737 3588 2783 ante
3607 2744 3782 2800 pecca

2182 2806 2294 2855 tum
2348 2818 2459 2857 non
2515 2804 2588 2859 ad
2641 2807 2950 2863 remedium
3004 2810 3355 2883 inﬁrmitatis,
3409 2816 3508 2871 sed
3534 2817 3603 2872 ad
3632 2817 3781 2873 mul-

2180 2897 2573 2969 tiplicationem
2622 2904 2794 2974 prolis
2851 2898 3157 2964 institutum
3188 2927 3353 2980 esse;
3412 2922 3533 2986 post
3587 2931 3781 2987 pecca-

2180 2993 2294 3042 tum
2341 2998 2523 3045 autem
2554 2991 2698 3047 idem
2756 2994 2935 3066 ipsum
2983 2997 3052 3052 ad
3100 3000 3403 3056 remedium
3452 3002 3779 3060 inﬁrmitatis

2177 3090 2521 3147 concessum,
2569 3080 2764 3138 beatus
2809 3086 3145 3157 Augustinus
3174 3095 3396 3145 testatur
3450 3090 3534 3147 his
3590 3094 3777 3150 verbis

2175 3172 2366 3231 dicens
2402 3194 2415 3230 :
2454 3199 2477 3225 α
2510 3178 2807 3252 Utriusque
2863 3199 3028 3239 sexus
3086 3184 3373 3244 infirmitas
3425 3190 3776 3261 prapendens

2173 3263 2230 3318 in
2275 3265 2491 3321 ruinam
2563 3269 2935 3342 turpitudinis,
3005 3282 3156 3331 recta
3214 3278 3496 3335 honestate
3554 3282 3773 3352 nuptia-

2171 3369 2293 3409 rum
2349 3355 2639 3427 excipitur,
2717 3367 2776 3414 ut
2831 3362 2977 3433 quod
3016 3364 3167 3419 sanis
3210 3375 3356 3423 esset
3410 3367 3645 3425 cilicium
3702 3370 3771 3426 sit

2169 3452 2397 3524 aegrotis
2452 3456 2779 3512 remedium.
2829 3480 2852 3507 υ
2889 3459 3022 3516 Item
3068 3461 3124 3516 in
3154 3464 3412 3536 conjugio
3468 3466 3617 3523 aliud
3646 3484 3770 3525 esse

2170 3548 2224 3596 et
2251 3541 2473 3598 alterius
2502 3546 2579 3600 rei
2629 3557 3036 3605 sacramentum
3066 3566 3184 3608 esse
3202 3552 3380 3623 ipsum
3429 3557 3765 3629 conjugium,

2168 3637 2222 3685 et
2251 3630 2398 3687 aliud
2429 3648 2559 3691 esse
2580 3643 2632 3690 et
2661 3635 2887 3693 alterius
2917 3639 2997 3695 rei
3014 3650 3417 3697 sacramentum
3437 3659 3563 3701 esse
3586 3646 3765 3718 ipsum

2164 3728 2413 3802 conjugii
2470 3730 2725 3800 officium,
2802 3733 2945 3792 idem
3008 3736 3127 3809 ipse
3184 3738 3240 3793 in
3289 3738 3428 3796 libro
3483 3743 3565 3798 De
3617 3742 3761 3800 bono

2163 3818 2409 3892 conjugii
2464 3828 2710 3890 testatur,
2769 3823 3008 3881 dicens:
3046 3850 3067 3876 α
3130 3829 3191 3882 In
3237 3830 3499 3904 conjugio
3554 3832 3760 3906 aliquid

2163 3904 2294 3962 boni
2346 3923 2472 3964 esse
2527 3910 2764 3981 videtur,
2796 3927 2907 3970 non
2938 3914 3113 3971 solum
3142 3926 3366 3989 prapter
3405 3904 3759 3995 propagatio-

2160 4020 2287 4061 nem
2319 4004 2575 4077 ﬁliorum,
2627 4010 2725 4065 sed
2755 4011 2920 4068 etiam
2956 4023 3179 4085 propter
3214 4015 3522 4073 naturalem
3566 4018 3620 4074 in
3668 4020 3756 4076 di-

2159 4109 2325 4150 verso
2352 4110 2491 4153 sexu
2519 4096 2866 4155 societatem.
2932 4102 3188 4175 Alioquin
3232 4111 3417 4160 tamen
3446 4122 3555 4162 non
3609 4108 3754 4165 dice-

2159 4190 2311 4239 retur
2339 4185 2653 4258 conjugium
2710 4188 2766 4243 in
2796 4190 3023 4247 senibus
3052 4192 3099 4247 si
3138 4192 3225 4249 vel
3271 4194 3583 4251 amisissent
3615 4197 3753 4254 ﬁlios

2156 4281 2246 4338 vel
2268 4298 2378 4339 non
2408 4284 2750 4357 genuissent,
2783 4286 2839 4342 in
2869 4289 3069 4361 quibus
3115 4290 3219 4347 etsi
3248 4294 3564 4350 emarcuerit
3594 4296 3754 4352 ardor

2159 4380 2354 4450 carnis,
2379 4381 2529 4455 viget
2559 4389 2739 4438 tamen
2759 4384 2897 4440 ordo
2917 4386 3252 4443 charitatis»
3306 4389 3439 4444 Item
3468 4389 3523 4444 in
3550 4390 3750 4461 nuptiis

2156 4469 2283 4541 plus
2331 4470 2477 4527 valet
2504 4472 2732 4529 scientia
2761 4476 3095 4532 sacramenti
3122 4476 3585 4548 quamfecunditas
3615 4496 3749 4537 ven-

2155 4559 2274 4616 tris.
2300 4560 2765 4633 »(Auousrmus.)
2790 4586 2811 4611 «
2839 4564 2995 4622 Unde
3011 4566 3228 4637 quidam
3247 4583 3355 4625 nou
3371 4568 3747 4642 intelligentes

2151 4655 2259 4713 hoc
2289 4656 2437 4728 quod
2466 4658 2670 4716 dictum
2700 4668 2819 4719 est:
2852 4662 2953 4718 Illa
2982 4663 3180 4720 mulier
3230 4678 3339 4722 non
3369 4670 3546 4736 potest
3574 4668 3744 4738 perti-

2149 4759 2281 4801 nere
2307 4746 2375 4801 ad
2408 4745 2609 4803 Christi
2638 4758 2692 4804 et
2718 4750 2984 4809 Ecclesiae
3029 4762 3452 4821 sacramentum,
3484 4770 3606 4812 cum
3636 4773 3744 4827 qua

2148 4834 2393 4890 noscitur
2418 4852 2532 4892 non
2564 4837 2732 4895 fuisse
2752 4841 2971 4897 carnale
3003 4843 3422 4910 commercium,
3479 4844 3743 4902 aestimant

2151 4930 2299 4987 enim
2354 4944 2759 4993 sacramentum
2811 4938 3057 5012 conjugii
3111 4955 3235 4997 esse
3282 4956 3393 4997 non
3419 4957 3602 5012 posse,
3651 4943 3740 4999 ubi

2148 5021 2458 5079 commistio
2487 5024 2729 5083 carnalis
2757 5042 2867 5084 non
2898 5027 3085 5085 fuerit.
3121 5029 3387 5087 Nesciunt
3415 5031 3560 5088 enim
3615 5032 3741 5104 quia

2146 5116 2388 5176 ofﬁcium
2415 5121 2686 5197 conjugii,
2717 5123 2774 5181 in
2802 5125 2982 5182 carnis
3020 5127 3417 5197 commistione,
3449 5128 3594 5184 illam
3621 5144 3740 5202 quia

2144 5216 2288 5274 inter
2307 5218 2582 5277 Christum
2605 5229 2659 5278 et
2680 5221 2985 5281 Ecclesiam
3004 5240 3104 5296 per
3120 5225 3304 5283 carnis
3337 5227 3738 5300 susceptionem

2145 5313 2290 5373 facta
2334 5325 2421 5374 est
2464 5319 2725 5378 unionem
2754 5321 2957 5395 ﬁgurat
2988 5340 3002 5378 :
3034 5332 3430 5397 proptereaque
3456 5324 3657 5382 Christi
3686 5328 3736 5382 et

2145 5411 2409 5470 Ecclesiae
2438 5424 2843 5474 sacramentum
2864 5434 2990 5475 esse
3020 5435 3130 5476 non
3158 5421 3352 5493 possit.
3387 5421 3492 5479 Ubi
3528 5421 3738 5479 carnale

2142 5516 2532 5572 commercium
2586 5533 2696 5575 non
2724 5519 2911 5585 fuerit,
2945 5521 3266 5595 coniugium
3295 5531 3480 5579 tamen
3526 5541 3733 5592 verum,

2144 5619 2198 5666 et
2226 5629 2415 5669 verum
2446 5616 2692 5689 conjugii
2721 5627 3121 5675 sacramentum
3154 5637 3299 5689 esse,
3357 5622 3519 5678 etiam
3549 5622 3594 5678 si
3622 5638 3736 5677 car-

2140 5702 2267 5757 nale
2312 5707 2703 5763 eommercium
2733 5723 2843 5764 non
2871 5707 3037 5765 fuerit
3066 5710 3449 5768 subsecutum.
3489 5711 3604 5768 lmo
3633 5728 3733 5783 po-

2138 5799 2247 5855 tius
2265 5807 2418 5859 tanto
2462 5804 2648 5861 verius
2673 5812 2728 5862 et
2756 5806 3000 5863 sanctius
3024 5822 3168 5879 esse,
3200 5818 3405 5883 quanto
3432 5809 3565 5866 nihil
3593 5809 3647 5866 in
3675 5826 3732 5867 se

2140 5888 2306 5947 habet
2355 5890 2506 5952 unde
2533 5894 2754 5954 castitas
2809 5895 3120 5971 erubescat,
3173 5899 3276 5959 sed
3328 5898 3474 5965 unde
3508 5898 3726 5961 castitas
