3956 6442
67 373 168 426 233

1255 372 1619 429 MORALIUM
1659 374 1729 428 IN
1768 372 2069 428 GENESIN
2108 371 2246 427 LIB.
2288 373 2422 428 VIII.

3491 377 3599 432 234-

59 505 192 570 fecit
220 503 329 557 tibi
358 505 578 566 Laban.
608 503 665 559 id
697 512 781 560 es:
815 502 1135 573 intelligere
1166 509 1218 559 te
1251 503 1352 559 feci
1385 518 1516 573 quze
1547 503 1787 559 adversa
1828 508 1869 558 Λ
1899 503 2153 558 labimur
2201 505 2369 571 (Psal.
2418 519 2490 571 Cl,
2542 504 2651 573 98).
2701 504 2860 560 Unde
2907 506 3166 575 psalmus
3206 515 3291 564 est
3318 522 3331 562 :
3368 508 3477 565 Pro
3508 509 3599 564 his

65 592 275 647 tuleris
326 601 573 663 propter
605 592 878 648 claritatis
921 600 1151 647 interna:
1182 592 1444 662 gloriam.
1479 592 1674 647 Laban
1707 593 1787 647 fe-

66 681 206 735 cisse
237 680 485 746 dicitur,
516 695 769 751 quorum
814 694 991 735 causa
1020 680 1127 735 fuit
1177 687 1241 736 ut
1275 681 1493 735 tierent.
1535 681 1659 736 Non
1692 681 1788 735 de-

69 770 164 824 bes
190 784 338 839 ergo
390 769 700 825 laseessere
736 783 837 838 pro
868 784 984 839 quo
1015 769 1114 824 tibi
1158 769 1398 839 contigit
1428 776 1589 825 tanta
1617 769 1785 825 ferre.

67 858 273 925 (Vens.
316 859 440 929 t3.)
491 861 603 927 Ego
640 873 759 911 sum
790 861 927 912 Deus
968 858 1171 921 Bethel,
1211 858 1265 913 id
1315 866 1399 913 est
1430 858 1636 913 domus
1666 858 1788 926 Dei,

69 947 288 1002 scilicet
324 948 482 1003 Deus
525 947 627 1017 qui
659 955 710 1002 te
740 947 975 1002 domum
1010 946 1173 1001 valeo
1204 946 1388 1002 facere
1431 961 1637 1013 meam,
1672 949 1786 1011 ubi,

67 1038 289 1089 munisti
343 1036 610 1105 lapidem,
655 1036 709 1090 id
752 1044 835 1090 est
886 1034 986 1090 ubi
1037 1048 1135 1104 per
1181 1049 1271 1090 me
1322 1035 1784 1102 inhabitatorem,

68 1126 169 1194 qui
200 1124 402 1180 oleum
432 1139 585 1192 sum,
639 1125 693 1179 id
727 1133 811 1179 est
840 1123 1110 1184 charitas.
1158 1124 1428 1179 leniorem
1474 1124 1786 1179 mitiorem-

69 1227 184 1282 que
231 1213 498 1269 habuisti
533 1214 641 1268 sub
689 1213 891 1268 timore
938 1212 1106 1281 empti
1148 1212 1416 1281 propositi
1460 1212 1787 1282 gravitudi-

68 1315 199 1355 nem
233 1309 291 1357 et
341 1302 707 1371 asperitatem
738 1321 752 1366 ;
801 1307 850 1354 et
881 1307 1062 1354 colum
1091 1304 1290 1355 vovisti
1316 1302 1472 1367 mihi,
1518 1316 1787 1371 persevc-

69 1388 235 1443 randi
270 1389 497 1444 scilicet
545 1390 695 1445 intra
736 1389 923 1459 ipsum
972 1388 1291 1458 diseiplinze
1336 1391 1601 1459 rigorem.
1636 1391 1787 1444 Nunc

69 1492 193 1543 ergo
242 1492 434 1545 surge,
473 1477 629 1547 quod
660 1484 744 1531 est
790 1477 1055 1546 quandiu
1088 1491 1265 1541 nunc,
1318 1477 1369 1531 it]
1403 1485 1487 1531 est
1536 1492 1787 1547 pl‘EDSEIlS

72 1573 304 1634 tempus
341 1565 543 1629 habes,
580 1574 653 1631 et,
700 1566 870 1635 juxta
904 1565 1239 1633 Apostolum
1280 1567 1566 1635 quandiu,
1616 1569 1787 1621 Hodie

70 1654 285 1708 dicitur
334 1655 525 1721 (Hebr.
577 1669 655 1719 ut,
708 1654 813 1722 l3),
863 1654 936 1709 ab
980 1654 1185 1708 inertia
1234 1663 1524 1722 excutere,
1569 1656 1638 1710 de
1689 1657 1785 1711 fu-

72 1750 202 1796 turo
230 1741 395 1796 enim
443 1742 694 1797 incertus
722 1756 819 1807 es;
854 1747 905 1794 et
945 1742 1194 1809 egredere
1226 1743 1480 1797 moribus
1510 1742 1579 1797 de
1613 1751 1784 1798 terre-

1898 591 2000 660 qui
2033 592 2549 647 commutabuntur
2581 595 2744 659 (Psat.
2779 608 2929 660 XLIV,
2966 598 3039 662 l).

1972 680 2141 735 Vens.
2203 684 2279 747 19,
2315 684 2402 735 ‘20.
2447 710 2519 722 —
2567 684 2643 736 Eo
2682 687 2915 751 tempore
2956 683 3148 737 Laban
3190 686 3330 737 ierat
3376 684 3451 737 ad
3481 690 3597 738 ton-

1898 768 2103 823 dendas
2152 785 2291 833 oves,
2330 779 2379 823 ct
2427 772 2626 825 Rachel
2672 774 2864 838 furata
2917 778 2996 825 est
3047 773 3198 826 idola
3246 776 3427 841 patris
3475 776 3590 828 sui.

1896 858 2185 925 Noluitque
2228 860 2389 913 Jacob
2423 864 2667 928 conﬁteri
2707 876 2884 914 socero
2916 876 3012 915 suo
3043 863 3189 930 quod
3232 866 3465 930 fugeret.
3522 865 3599 917 Eo

1899 950 2150 1014 tempore,
2204 948 2256 1001 id
2292 958 2372 1002 est
2426 962 2495 1003 ea
2543 949 2720 1003 animi
2774 950 3065 1019 temperie,
3121 964 3241 1020 qua
3284 952 3355 1005 ad
3418 952 3598 1006 Deum

1899 1035 2174 1101 tenditur,
2210 1036 2421 1101 Laban,
2466 1038 2617 1106 quod
2660 1046 2744 1092 est
2775 1039 3073 1094 charitatis
3103 1040 3343 1094 internae
3374 1040 3600 1093 deside-

1898 1122 2051 1177 rium
2099 1126 2259 1189 ierat,
2317 1126 2471 1194 quod
2503 1133 2604 1190 est,
2640 1126 2721 1180 ire
2768 1140 2871 1181 nos
2920 1127 3149 1193 fecerat,
3196 1128 3271 1180 ad
3301 1127 3600 1181 tondendas

1896 1226 2054 1275 oves,
2116 1213 2522 1281 exspoliandas
2581 1214 2842 1269 videlicet
2890 1216 3389 1283 supertluitatibus
3446 1216 3597 1285 cogi-

1898 1300 2179 1367 tationes;
2227 1303 2323 1356 sed
2360 1302 2649 1357 incassum
2683 1316 2831 1372 szepe
2872 1303 3114 1358 nitimur
3143 1318 3241 1359 eas
3283 1304 3595 1370 abscidere,

1897 1388 2036 1458 quia
2102 1391 2302 1443 Rachel
2362 1406 2492 1445 eum
2563 1391 2808 1446 videndo
2872 1392 3133 1446 omnium
3202 1392 3484 1461 principio
3541 1408 3599 1447 se

1896 1483 2061 1545 putat
2130 1477 2428 1541 inhzerere,
2496 1479 2691 1533 furtim
2743 1480 2915 1546 idola,
2967 1479 3022 1534 id
3080 1488 3163 1535 est
3214 1480 3597 1537 formularum

1896 1564 2302 1631 phantasmata
2352 1580 2450 1633 pro
2502 1567 2620 1633 ipso
2662 1567 2774 1619 Deo
2805 1567 2909 1621 sibi
2944 1568 3232 1623 contrahit
3280 1569 3335 1622 in
3388 1577 3595 1633 mente,

1894 1653 1965 1705 ad
2016 1666 2074 1706 se
2139 1655 2291 1707 enitn
2362 1653 2637 1707 relabitur
2700 1669 2773 1708 ex
2840 1656 3219 1709 humanitate.
3287 1657 3409 1711 Non
3473 1660 3597 1713 vult

1893 1741 2069 1793 Jacob
2116 1744 2358 1809 confiteri
2400 1757 2577 1795 socero
2636 1744 2782 1809 quod
2827 1743 3030 1811 fugiat,
3086 1744 3226 1811 quia
3280 1745 3450 1799 homo
3493 1747 3597 1799 etsi

70 1829 247 1883 nitate
276 1833 387 1883 tua
436 1836 707 1883 revertens
737 1832 795 1882 in
828 1836 1051 1897 terram,
1098 1844 1292 1885 veram
1340 1831 1551 1885 scilicet
1586 1831 1786 1885 solidi-
1824 1804 1868 1859 Β
1898 1828 2087 1882 videat
2139 1831 2277 1898 quid
2334 1844 2536 1884 cavere
2580 1831 2800 1895 debeat,
2854 1847 2968 1885 non
3013 1832 3139 1886 vult
3171 1839 3358 1886 tamen
3408 1834 3599 1888 carnis

72 1925 247 1971 tatem
294 1917 628 1972 viventium
672 1917 985 1987 regionem,
1018 1934 1137 1986 quaD
1181 1921 1494 1973 nativitatis
1543 1926 1646 1973 tum
1685 1926 1783 1983 est,

74 2006 126 2061 id
155 2014 238 2061 est
270 2006 644 2075 originaliter
674 2006 776 2061 tibi
808 2007 1071 2061 debetur.

146 2094 318 2149 Vsus.
359 2095 449 2147 14.
486 2125 555 2132 -
606 2094 806 2148 Dicunt
836 2095 1043 2149 Rachel
1075 2100 1125 2148 et
1152 2094 1278 2162 Lia,
1320 2110 1453 2151 eum
1488 2096 1703 2167 quibus
1733 2104 1786 2151 et

76 2191 225 2237 totus
280 2182 423 2237 vitae
475 2192 640 2238 actus
685 2192 740 2238 et
800 2184 1263 2239 intellectualiter
1314 2185 1415 2240 iste
1462 2193 1782 2241 tractatus:

76 2271 346 2341 Nunquid
402 2272 661 2325 habemus
723 2272 933 2325 residui
981 2273 1283 2340 quidquam
1329 2275 1388 2326 in
1430 2274 1786 2340 facultatibus

80 2365 126 2413 et
176 2360 507 2413 hereditate
552 2359 739 2413 domus
783 2362 964 2429 patris
1022 2364 1234 2415 nostri?
1277 2360 1437 2427 Quod
1483 2369 1568 2417 est
1604 2376 1616 2416 :
1650 2363 1782 2429 Nos,

81 2448 293 2517 quibus
324 2448 526 2503 decem
562 2448 786 2503 vicibus
816 2449 1061 2503 mutavit
1092 2450 1429 2515 mercedem,
1460 2451 1676 2519 quibus
1708 2459 1787 2506 tot

81 2536 450 2591 difficultates
486 2536 699 2606 injecit,
750 2537 891 2607 quid
922 2536 1168 2593 residere
1197 2538 1316 2606 spei
1363 2552 1595 2607 sperare
1623 2540 1787 2593 nobis

79 2626 392 2694 poterimus
444 2625 502 2679 in
535 2639 713 2695 regno
745 2632 800 2681 et
833 2625 1016 2696 gloria
1048 2626 1197 2680 Dei?
1227 2626 1426 2695 (Vens.
1463 2627 1571 2697 15.)
1604 2630 1787 2682 Nonne

82 2716 236 2780 quasi
278 2714 498 2766 alienas
544 2718 781 2780 reputat,
829 2713 996 2783 quasi
1030 2715 1177 2769 tnale
1217 2724 1451 2785 agentes
1495 2718 1786 2785 periculo-

85 2814 205 2855 rum
237 2800 671 2871 quzestionibus
713 2801 969 2871 gravat?
1010 2802 1238 2870 Vendit,
1272 2804 1409 2859 dum
1456 2805 1788 2859 tentationi-

83 2888 185 2943 hus
229 2889 410 2944 inseri
461 2889 796 2958 permittens
832 2897 1042 2945 nostrae
1080 2905 1185 2945 nos
1215 2891 1460 2947 libertati
1493 2893 1781 2947 subducit.

84 2980 314 3032 Pretium
345 2992 423 3033 ex
475 2977 802 3034 venditione
828 2979 1027 3048 exigit,
1075 2994 1208 3035 cum
1242 2981 1563 3050 gratiarum
1609 2982 1783 3037 actio-

1894 1926 2089 1968 amore
2143 1923 2426 1971 retractus
2474 1932 2711 1985 operum
2761 1918 3116 1973 exhibitione
3163 1918 3360 1987 fugam
3413 1922 3595 1989 culpae

1893 2002 2241 2069 exprimere,
2296 2004 2425 2060 licet
2478 2006 2710 2074 culpam
2759 2007 2937 2061 animi
2990 2006 3374 2063 rationalitate
3419 2010 3598 2063 ditiu-

1895 2091 2034 2158 giat.
2079 2090 2249 2146 Socer
2300 2107 2434 2148 vero
2484 2095 2635 2148 Deus
2687 2103 2809 2163 est,
2853 2096 3024 2165 cujus
3069 2095 3299 2150 liliabus
3346 2098 3593 2163 actioni,

1893 2184 1948 2232 et
1992 2180 2461 2249 contemplationi
2503 2182 2830 2252 jungimur,
2881 2180 2976 2236 cui
3018 2196 3186 2251 opere
3238 2185 3594 2252 potissimum

1894 2267 2257 2321 confitemur.

1966 2355 2137 2410 VERs.
2190 2358 2278 2419 2l,
2317 2357 2405 2408 22.
2457 2385 2524 2393 ——
2560 2356 2795 2424 Cumque
2839 2356 3037 2410 abisset
3088 2366 3198 2411 tam
3247 2361 3381 2428 ipse,
3433 2376 3598 2428 quam

1892 2446 2094 2500 omnia.
2163 2459 2282 2511 qua:
2331 2446 2481 2511 juris
2545 2442 2660 2512 ejus
2718 2449 2893 2506 erant,
2956 2452 3006 2499 et
3055 2462 3210 2499 amne
3278 2453 3598 2503 transmisso

1889 2538 2137 2601 pergeret
2185 2540 2383 2587 contra
2416 2547 2691 2587 acervum
2740 2534 3069 2600 testimonii,
3118 2537 3198 2588 sic
3228 2536 3380 2591 enim
3418 2539 3598 2593 inter-

1893 2629 2154 2689 pretatur
2219 2621 2453 2684 Galaad,
2530 2624 2842 2674 nuntiatum
2910 2629 2985 2675 est
3044 2625 3232 2677 Laban
3290 2625 3375 2677 dic
3442 2630 3597 2680 tertio

1893 2708 2039 2775 quod
2080 2711 2294 2776 fugeret
2343 2711 2527 2763 Jacob.
2584 2710 2889 2778 Postquam
2938 2712 3260 2767 intellectus
3304 2722 3358 2767 et
3403 2716 3599 2769 omnia

1893 2811 2025 2866 quae
2070 2797 2121 2851 ei
2178 2799 2385 2867 subjici
2434 2798 2643 2853 debent
2689 2799 2783 2868 pio
2832 2800 3112 2854 desiderio
3156 2803 3276 2870 jam
3322 2811 3491 2870 eunt,
3543 2812 3597 2859 et

1894 2886 2106 2940 fluctus
2155 2901 2431 2941 curarutn
2480 2888 2672 2942 swculi
2709 2892 3128 2956 transmittunt,
3180 2891 3252 2945 ad
3299 2905 3594 2958 acervum,

1893 2973 1994 3043 qui
2028 2973 2178 3028 infra
2226 2988 2327 3043 per
2356 2989 2607 3031 amorem
2643 2976 2892 3044 proximi
2936 2977 3230 3044 dilatatur,
3261 2987 3316 3033 et
3363 2994 3596 3035 sursum

84 3079 228 3131 nem,
280 3073 336 3120 et
385 3078 558 3120 omne
600 3066 905 3135 gaudium,
935 3081 1069 3121 cum
1119 3067 1177 3153 in
1210 3056 1549 3122 tentationes
1594 3069 1785 3123 varias

1985 3060 2080 3115 Dei
2121 3060 2419 3116 dilectione
2457 3062 2848 3128 acuminatur,
2899 3077 3070 3117 verus
3112 3063 3228 3131 ipse
3260 3066 3433 3120 Jacob
3468 3081 3595 3134 per-

86 3153 466 3209 ineiderimus
508 3167 543 3208 a
590 3153 753 3209 nobis
783 3154 992 3223 quaerit
1024 3142 1164 3225 (Jac:
1206 3171 1242 3223 ι,
1276 3158 1346 3221 ‘2).
1396 3157 1512 3211 Hoc
1550 3162 1785 3225 pretium

85 3239 195 3308 ipse
222 3241 477 3307 comedit,
527 3240 669 3310 quia
705 3254 839 3296 eum
869 3243 1228 3313 permaxime
1270 3244 1545 3312 patientia
1590 3255 1786 3300 nostra

86 3328 275 3396 pascit.
327 3328 527 3399 (Vsus.
566 3328 675 3397 16.)
709 3329 815 3384 Sed
862 3332 990 3383 tulit
1026 3332 1170 3385 Deus
1209 3348 1332 3401 opes
1370 3336 1551 3402 patris
1587 3337 1781 3401 nostri,

88 3421 133 3468 et
154 3417 302 3469 dedit
355 3418 512 3471 nobis
543 3433 605 3471 ac
645 3418 783 3482 ﬁliis
825 3422 1047 3486 nostris,
1093 3420 1146 3473 id
1188 3428 1272 3475 est
1302 3435 1335 3475 a
1367 3422 1577 3476 diaboli
1623 3423 1783 3477 cultu

88 3504 211 3559 tulit
242 3506 398 3561 Deus
440 3505 785 3561 naturaliter
814 3508 1146 3563 substantiae
1194 3518 1403 3565 nostra:
1434 3524 1468 3565 a
1500 3526 1557 3566 se
1588 3511 1788 3565 insitas

89 3591 396 3659 bonitates,
451 3602 506 3650 et
571 3594 701 3650 fecit
758 3602 874 3650 tam
927 3596 1059 3650 vitae
1112 3604 1321 3653 nostra:
1370 3598 1427 3653 in
1499 3600 1783 3667 praesenti,

90 3694 256 3749 quam
289 3683 453 3750 ﬁliis,
486 3682 539 3737 id
581 3690 666 3738 est
696 3682 909 3739 fructui
955 3685 1232 3740 mercedis
1262 3694 1471 3742 nostrze
1515 3688 1785 3757 profutu-

91 3783 197 3824 ras.
232 3772 378 3825 Tulit
427 3777 623 3826 autem
654 3774 798 3826 Deus
836 3788 959 3841 opes
1003 3777 1187 3841 patris
1219 3779 1409 3841 nostri,
1463 3776 1539 3830 ita
1569 3776 1784 3831 dictum

90 3867 188 3924 est,
221 3872 287 3914 ac
334 3859 383 3915 si
418 3860 574 3915 dicat
603 3874 737 3929 opes
768 3874 923 3927 suas,
960 3862 1109 3917 sicut
1144 3870 1229 3917 est
1279 3863 1421 3918 illud
1455 3878 1466 3917 :
1501 3864 1654 3919 Pluit
1684 3865 1788 3918 Do-

91 3946 276 4002 minus
300 3961 335 4002 a
368 3948 632 4014 Domino,
670 3949 723 4003 id
754 3956 838 4004 est
862 3962 895 4003 a
924 3950 1127 4018 seipse.
1165 3951 1231 4005 In
1266 3951 1560 4021 prophetis
1592 3953 1787 4008 abun—

92 4033 221 4091 dant
249 4036 406 4091 talia.
459 4038 571 4091 Fac
603 4037 798 4106 itaque
825 4038 1020 4093 omnia
1048 4053 1179 4108 quae
1226 4040 1494 4109 praecepit
1524 4041 1627 4096 tibi
1652 4056 1783 4097 cum

100 4135 222 4178 eum
257 4122 547 4194 intelligas
576 4124 634 4179 in
675 4126 833 4180 omni
864 4126 1035 4181 etiam
1075 4127 1421 4183 adversitate
1451 4128 1547 4183 tibi
1580 4144 1788 4198 coope-

102 4223 230 4265 rari.

166 4298 328 4355 Vsus.
382 4303 469 4366 l7,
513 4302 596 4354 18.
639 4328 714 4341 -
758 4300 1008 4356 Surrexit
1056 4305 1230 4371 igitur
1274 4305 1469 4371 Jacob,
1520 4311 1570 4359 et
1610 4305 1786 4375 impo-

1896 3149 1998 3217 git,
2028 3147 2223 3217 ibique
2257 3158 2519 3216 mortem,
2550 3164 2667 3219 qua
2694 3151 2895 3205 nubila
2928 3152 3094 3206 vallis
3124 3152 3300 3222 hujus
3330 3154 3593 3217 declinet,

1896 3237 2134 3291 invenit.
2185 3240 2281 3291 Die
2313 3241 2489 3305 tertio,
2543 3238 2595 3292 id
2644 3248 2727 3293 est
2758 3253 2859 3307 per
2906 3239 3223 3307 Trinitatis,
3271 3256 3401 3310 quin
3447 3243 3597 3298 Deus

1893 3332 2000 3393 est,
2046 3325 2481 3397 intelligentiam
2533 3329 2876 3382 nuntiamus
2914 3329 3219 3383 candidato
3264 3338 3595 3386 sanctorum

1894 3413 2173 3467 exercitui
2260 3414 2411 3483 fugae
2472 3423 2718 3481 nostiae,
2798 3431 2915 3485 qua
2982 3425 3209 3483 peccata
3270 3418 3592 3485 evitamus,

1895 3502 2179 3556 notitiam.
2228 3502 2278 3557 A
2325 3504 2538 3557 sanctis
2597 3504 2752 3557 enim
2810 3504 3147 3572 spiritibus,
3203 3513 3361 3560 tanto
3414 3507 3598 3575 magis

1894 3590 2251 3645 continentia
2314 3600 2513 3646 nostra
2578 3592 2862 3657 noscitur,
2931 3602 3153 3662 quanto
3213 3595 3430 3664 majore
3497 3595 3593 3649 Dei

1894 3682 2217 3750 cognitione
2251 3681 2629 3737 illustramur.

1969 3770 2133 3825 Vens.
2184 3773 2270 3824 23.
2305 3800 2374 3810 —
2421 3771 2523 3835 Qui
2571 3774 2867 3839 assumptis
2904 3772 3179 3837 fratribus
3226 3777 3360 3840 suis,
3412 3773 3465 3829 id
3513 3782 3595 3829 est

1894 3858 2194 3927 spiritibus
2241 3859 2517 3928 angelicis
2567 3858 2626 3913 in
2674 3868 2939 3915 nostrum
2992 3861 3280 3916 auxilium
3330 3862 3597 3931 precibus

1896 3946 2017 4001 veri
2069 3947 2259 4001 Laban
2306 3948 2498 4002 ascitis
2563 3948 2671 4002 sub
2725 3948 2837 4002 Deo
2895 3949 3060 4003 Patre
3115 3949 3393 4005 fratribus
3450 3950 3593 4017 suis,

1893 4038 2203 4099 persecutus
2244 4039 2322 4088 est
2364 4050 2482 4088 eum
2525 4042 2722 4103 septem
2755 4036 2965 4098 diebus,
3023 4036 3073 4089 id
3110 4044 3193 4090 est
3242 4038 3416 4091 totius
3463 4038 3595 4091 vitze

1897 4121 2100 4188 spatio,
2148 4136 2280 4191 quae
2323 4132 2532 4192 septem
2576 4122 2778 4179 diebus
2808 4125 3080 4190 volvitur,
3134 4124 3345 4179 divinis
3397 4140 3595 4194 prosea

1897 4209 2102 4277 quitur
2150 4210 2538 4275 adminiculis,
2572 4212 2795 4281 angelis
2822 4213 2894 4266 ad
2933 4226 3027 4266 eos
3061 4212 3442 4279 venientibus,
3493 4215 3596 4283 qui

1898 4297 2288 4353 haereditatem
2336 4300 2573 4369 capiunt
2613 4301 2817 4356 salutis
2866 4302 3066 4367 (Hebr.
3104 4316 3139 4367 ι,
3184 4301 3291 4368 lli);
3342 4301 3430 4357 vel
3463 4317 3596 4372 per-

101 4389 212 4440 titi:
261 4388 452 4442 liberis
499 4394 550 4441 et
591 4389 910 4457 conjugibus
949 4393 1065 4444 suis
1108 4407 1272 4461 super
1319 4394 1569 4463 camelos,
1622 4396 1778 4449 abiit.
1823 4400 1866 4453 ι)
1898 4386 2165 4454 sequitur
2190 4387 2330 4442 vitia
2357 4388 2531 4443 Jacob
2576 4388 2895 4458 impetratis
2927 4390 2977 4444 ei
3020 4391 3357 4445 muneribus
3397 4394 3595 4461 gratiae

106 4475 347 4543 Tulitque
392 4491 603 4530 omnem
657 4478 1042 4544 substantiam,
1084 4485 1134 4532 et
1175 4495 1379 4548 greges,
1428 4485 1477 4532 et
1516 4480 1789 4547 quidquid

104 4564 155 4615 in
193 4566 575 4632 Mesopotamia
606 4570 956 4633 acquisierat,
998 4583 1225 4636 pergens
1276 4569 1350 4621 ad
1380 4570 1533 4622 Isaac
1574 4576 1789 4637 patrem

101 4665 247 4704 suum
294 4655 354 4706 in
384 4658 589 4708 terram
636 4657 916 4710 Chanaan.
953 4655 1147 4726 Surgit
1193 4671 1324 4711 cum
1374 4671 1431 4711 se
1478 4658 1787 4712 adversum

103 4753 156 4795 se
182 4741 408 4797 animus
453 4742 641 4812 erigit.
676 4743 962 4814 Conjuges
990 4753 1045 4799 et
1091 4744 1299 4799 liberos
1340 4744 1574 4799 camelis
1607 4744 1785 4813 impo-

103 4828 197 4893 nit,
241 4844 374 4885 cum
406 4838 719 4901 utramque
760 4833 962 4898 vitam,
995 4839 1049 4887 et
1092 4846 1267 4901 opera
1311 4846 1383 4887 ex
1412 4833 1494 4887 eis
1538 4847 1639 4902 pro
1671 4833 1790 4887 sola

107 4916 298 4972 ctelesti
348 4918 613 4973 libertate
660 4928 978 4987 procreata,
1020 4925 1161 4973 ηε
1202 4921 1608 4989 ponderositati
1656 4934 1790 4975 car—

108 5001 189 5056 nis
216 5005 515 5073 przeponit,
540 5004 746 5075 hisque
773 5019 839 5061 ac
867 5006 912 5061 si
939 5006 1083 5077 jugo
1106 5007 1392 5076 deprimit.
1421 5009 1642 5064 Omnem
1667 5008 1794 5061 sub-

110 5094 370 5159 stantiam,
403 5093 696 5149 naturalia
740 5094 910 5161 dona,
943 5110 1151 5162 greges,
1192 5096 1384 5163 accipe
1433 5096 1789 5166 cogitatuum

112 5176 499 5249 frequentiam,
535 5195 665 5250 quae
710 5184 767 5235 in
793 5184 1202 5252 Mesopotamia,
1247 5183 1304 5238 id
1333 5191 1437 5249 est,
1473 5185 1530 5238 in
1572 5184 1793 5239 elevata

112 5269 405 5336 vocatione,
453 5268 611 5339 quod
640 5276 723 5324 est
767 5283 1021 5339 superna
1049 5271 1323 5340 dignatio.
1357 5271 1503 5327 Cum
1548 5272 1618 5326 ad
1649 5285 1792 5326 con-

115 5356 412 5413 versionem
468 5358 751 5423 venimus,
798 5359 1297 5428 eonquisivimus;
1344 5359 1541 5430 sicque
1572 5359 1646 5413 ad
1682 5376 1793 5428 pa-

120 5446 254 5505 trem,
285 5445 339 5500 in
396 5460 517 5516 quo
546 5446 743 5500 aeterni
789 5446 941 5502 risus
991 5447 1205 5518 gaudia
1252 5455 1407 5513 sunt,
1472 5450 1527 5502 in
1577 5455 1792 5503 terram

119 5544 313 5601 veram,
343 5535 560 5589 scilicet
609 5534 1012 5605 stabilitatem;
1047 5537 1309 5592 Chanaan
1359 5537 1513 5605 quod
1549 5543 1632 5591 est
1662 5550 1792 5591 mu-

121 5619 327 5676 tationis
352 5623 671 5693 pergimus,
710 5621 809 5678 ubi
838 5637 975 5678 vere
1006 5636 1042 5678 a
1070 5621 1547 5691 corruptibilitate
1575 5623 1790 5678 immu-

446 5721 730 5786 PATROL.
782 5721 987 5787 CLVI.

1900 4475 2275 4543 septiformis,
2327 4485 2383 4531 et
2427 4480 2487 4529 in
2532 4485 2707 4531 monte
2763 4479 2977 4533 Galaad
3023 4480 3477 4548 comprehendit,
3539 4481 3594 4535 in

1897 4564 2235 4619 excellentia
2277 4566 2486 4620 scilicet
2539 4566 2787 4634 proximi
2830 4576 2882 4621 et
2933 4567 3026 4621 Dei
3071 4568 3388 4631 eliaritatis,
3440 4572 3592 4639 quod

1896 4651 2138 4719 speciale
2182 4659 2266 4707 est
2310 4652 2697 4707 testimonium
2750 4663 2960 4707 nostra)
2988 4655 3450 4721 Christianitatis,
3494 4672 3599 4711 nos

1898 4740 2063 4807 plene
2093 4740 2329 4808 superni
2360 4740 2626 4794 candoris
2672 4741 2967 4795 delectatio
2997 4743 3392 4810 apprehendit.
3421 4747 3597 4799 Acer-

1897 4842 2009 4884 vus
2054 4836 2268 4895 autem,
2340 4835 2404 4883 ut
2453 4828 2613 4891 dixi,
2667 4830 2816 4883 infra
2882 4830 3256 4897 diffunditur,
3327 4834 3597 4901 superius

1899 4923 2267 4986 angustatur,
2299 4917 2357 4971 in
2403 4931 2521 4984 quo
2550 4925 2632 4971 est
2661 4926 2713 4972 et
2744 4933 2906 4973 amor
2938 4918 3210 4987 proximi,
3245 4928 3300 4974 et
3344 4928 3594 4977 contem-

1900 5004 2075 5074 platio
2150 5004 2269 5059 Dci.
2338 5004 2531 5072 (Vnus.
2605 5006 2716 5073 2i.)
2780 5007 3039 5074 thitque
3104 5010 3162 5060 in
3226 5012 3425 5063 somnis
3490 5012 3599 5063 sibi

1899 5094 2161 5147 dicentem
2211 5094 2383 5146 Deum
2417 5107 2429 5145 :
2463 5095 2600 5149 Cave
2650 5111 2716 5147 ne
2757 5096 3064 5163 quidquam
3113 5112 3302 5165 aspere
3353 5098 3597 5165 loquaris

1900 5186 2088 5236 contra
2113 5181 2293 5234 Jacob.
2349 5181 2563 5247 Laban,
2601 5182 2655 5236 id
2700 5190 2783 5237 est
2812 5184 3057 5237 candida
3090 5184 3183 5238 illa
3223 5184 3445 5251 civitas,
3476 5188 3595 5253 jam

1902 5270 1960 5325 in
2008 5268 2207 5323 divina
2252 5268 2446 5338 quiete
2500 5272 2812 5339 ροηδιιρίῑει,
2864 5272 3035 5337 videt,
3101 5272 3152 5326 id
3207 5281 3290 5328 est
3336 5274 3599 5342 intelligit

1903 5360 2083 5413 Deum
2146 5357 2254 5412 sibi
2307 5358 2682 5426 inspirantem
2738 5376 2852 5414 non
2910 5368 3110 5415 contra
3167 5362 3425 5417 homines
3476 5377 3600 5432 pro-

1902 5446 2042 5516 priae
2091 5455 2314 5501 naturm
2362 5447 2686 5515 participes,
2736 5449 2992 5517 qualibet
3040 5449 3346 5516 asperitate
3393 5450 3600 5505 debere

1902 5535 2138 5599 moveri,
2182 5535 2278 5589 sed
2306 5550 2426 5589 suae.
2472 5537 2776 5591 anterioris
2825 5536 3150 5602 fragilitatis
3200 5538 3475 5593 memoria
3520 5539 3602 5591 eis

1902 5624 2171 5692 eompati.
2700 5635 2738 5655 ο

3250 5730 3290 5783 8
