3972 6402
190 415 383 470 1197
1194 418 1780 476 DEFLOBATIONES
1820 420 1918 478 SS.
1953 423 2262 482 PATRUM.
2299 458 2370 468 —
2407 429 2531 483 LIB.
2574 431 2641 484 ll.
3426 441 3558 492 “98

179 539 548 612 glorietur.
573 543 718 596 Nam
748 549 799 595 et
829 541 1001 612 ipsum
1020 543 1331 612 conjugium
1355 552 1743 599 sacramentum
1766 553 1864 612 est,
1895 555 1953 613 Α
1983 551 2279 605 masculum
2335 559 2388 606 et
2445 553 2702 609 feminam
2767 563 2994 622 constat,
3066 567 3459 614 sacramentum
3515 568 3567 615 et

179 628 375 684 sicut
439 637 493 685 et
526 631 706 699 ipsum
737 628 975 728 cilicium
1031 631 1271 703 conjugii
1305 641 1695 688 sacramentum
1751 650 1865 688 esse
1973 637 2156 710 imago
2177 648 2289 695 est:
2323 649 2376 694 et
2404 641 2558 708 forte,
2610 650 2668 696 ut
2686 646 2990 713 expressius
3037 645 3264 716 dicatur,
3297 648 3414 718 ipsa
3461 665 3566 704 so—

181 719 627 788 cognoscitur.
675 717 782 773 Sed
811 717 1146 789 conjugium,
1212 728 1268 774 ut
1295 721 1493 776 dictum
1524 729 1620 788 est,
1679 737 1858 777 sacra-

1974 735 2160 806 cietas,
2219 754 2337 808 quae
2369 739 2602 794 exterius
2628 741 2685 796 in
2733 741 2992 814 conjugio
3021 751 3178 816 pacto
3212 745 3432 802 fcederis
3457 763 3566 802 ser-

181 814 504 860 mentum
564 814 619 861 et
676 807 818 860 illius
861 808 1129 862 societatis
1181 824 1302 878 qua:
1332 810 1385 863 in
1440 811 1626 879 spiritu
1682 818 1762 865 est
1788 811 1858 866 in-

1974 833 2152 879 vatur.
2191 827 2596 882 Sacramentum
2633 836 2684 884 et
2714 829 2880 902 ipsius
2909 833 3231 889 sacramenti
3276 851 3362 890 res
3381 841 3460 889 est
3487 835 3568 890 di-

184 901 296 948 ter
345 896 547 950 Deum
608 904 660 950 et
688 896 943 950 animam.
973 896 1221 951 Oﬁicium
1279 913 1405 952 vero
1435 899 1670 970 conjugii
1699 916 1858 954 sacra-

1975 912 2130 968 lectio
2159 923 2344 970 mutua
2398 916 2720 985 animorum,
2754 935 2872 990 qum
2913 919 2979 974 ad
3009 920 3242 976 invicem
3299 923 3569 979 societatis

185 1001 502 1084 meritum
563 993 846 1084 estigillius
866 994 1133 1084 societatis
1179 1012 1300 1064 quae
1330 995 1384 1049 in
1413 1011 1573 1051 carne
1604 1003 1682 1050 est
1731 996 1867 1051 inter
1975 1009 2027 1056 et
2049 1001 2265 1058 fmderis
2290 1003 2592 1077 conjugalis
2621 1006 2832 1062 vinculo
2862 1008 3172 1063 custoditur.
3199 1009 3262 1064 Et
3289 1013 3406 1066 haec
3451 1012 3569 1084 ipsa

187 1081 530 1135 Christum
565 1090 620 1136 et
647 1083 964 1137 Ecclesium.
999 1083 1265 1154 Scriptum
1298 1093 1393 1150 est,
1424 1085 1629 1154 inquit:
1659 1107 1680 1132 ι
1701 1085 1867 1139 Erunt
1973 1116 2152 1154 rursus
2207 1101 2440 1170 dilectio,
2497 1119 2603 1174 qua
2650 1104 2916 1160 masculus
2937 1113 2986 1160 οι
3042 1106 3244 1162 femina
3289 1107 3345 1161 in
3373 1081 3567 1164 δίωξιιί-

187 1169 340 1224 duo
425 1171 481 1223 in
531 1187 692 1225 carne
753 1187 858 1225 una
891 1173 1050 1238 (Gen,
1097 1174 1181 1240 ιι).
1218 1194 1239 1220 n
1274 1172 1344 1227 Et
1397 1173 1439 1226 si
1469 1173 1576 1228 duo
1607 1173 1660 1226 in
1707 1189 1858 1228 carne

1973 1196 2081 1244 tate
2109 1191 2347 1262 conjugii
2405 1191 2600 1246 animis
2618 1192 2888 1260 uniuntur,
2937 1204 3331 1251 sacramentum
3381 1204 3461 1252 est
3515 1204 3568 1252 et

191 1284 376 1334 ulla,
415 1269 534 1338 jam
570 1283 675 1324 non
709 1269 835 1332 duo,
869 1269 963 1322 sed
995 1287 1100 1324 una
1130 1286 1274 1324 caro.
1307 1271 1421 1325 Hoc
1449 1279 1528 1326 est
1553 1287 1863 1326 sacramen-
1973 1278 2189 1350 signum
2246 1279 2386 1334 illius
2416 1280 2718 1336 dilectionis
2759 1298 2867 1352 qua
2891 1283 3034 1338 Deus
3063 1283 3311 1340 rationali
3367 1285 3565 1341 animm

201 1363 359 1410 tum
399 1357 550 1426 quod
582 1356 657 1412 ait
683 1357 975 1428 Apostolus
1009 1376 1020 1412 :
1061 1381 1084 1405 α
1119 1359 1376 1429 Magnum
1408 1358 1462 1412 in
1493 1359 1701 1414 Christo
1729 1367 1781 1414 et
1809 1358 1866 1413 in
1974 1365 2114 1420 intus
2157 1383 2254 1439 per
2306 1368 2628 1425 infusionem
2682 1371 2871 1444 gratiae
2926 1388 3036 1426 sum
3109 1379 3162 1426 et
3216 1371 3431 1445 spiritus
3483 1374 3564 1429 sui

196 1445 506 1544 Ecclesia
564 1446 832 1518 (διήκει),
895 1466 918 1496 ι
963 1447 1031 1544 ad
1089 1447 1230 1517 quod
1287 1455 1677 1544 sacramentum
1737 1463 1864 1519 pcr-
1971 1455 2762 1530 participationeconjungitur.
2814 1461 3021 1532 Capula
3068 1459 3424 1532 igiturcarnis
3443 1447 3566 1533 qum

202 1535 435 1588 tinere
492 1549 604 1589 non
661 1541 838 1603 potest
894 1535 1108 1602 mulier,
1158 1551 1280 1590 cum
1328 1552 1432 1604 qua
1479 1535 1713 1590 noscitur
1755 1551 1858 1590 non

1973 1560 2096 1608 ante
2152 1562 2428 1626 peccatum
2479 1555 2531 1608 in
2580 1555 2836 1629 conjugio
2885 1556 3116 1613 ofﬁcium
3158 1559 3275 1627 fuit,
3335 1567 3388 1615 et
3443 1568 3565 1632 post.

207 1623 427 1677 fuisse
458 1623 679 1678 carnale
708 1623 1093 1678 commercium
1127 1642 1139 1679 :
1173 1632 1345 1696 potest
1376 1632 1554 1680 tamen
1597 1625 1866 1694 pertinere
1973 1623 2255 1714 peccat'um
2313 1644 2366 1697 ίη
2423 1643 2613 1700 eodem
2644 1623 2773 1718 pin'
2786 1647 3026 1703 remedio
3053 1623 3304 1703 concessa
3331 1623 3463 1716 est,“
3488 1650 3566 1705 sic

209 1719 304 1817 id
350 1718 512 1817 εξιίιξά
570 1727 1128 1817 εδοξδωεξηῑυῐξτοξοῐι
1184 1721 1520 1817 magﬂumif
1549 1720 1757 1817 Ebrist
1813 1727 1866 1817 εξ
1973 1731 2254 1801 utrobique
2309 1731 2566 1804 conjugio
2633 1733 2961 1806 adjungitur,
3021 1743 3077 1790 ut
3130 1753 3253 1791 cum
3309 1736 3563 1810 conjugio

213 1808 524 1874 Ecclesia,
585 1808 678 1862 sed
701 1808 878 1877 majus
932 1809 986 1862 in
1008 1809 1122 1864 Deo
1145 1817 1196 1863 et
1225 1810 1428 1863 anima.
1467 1808 1606 1878 Quid
1636 1809 1779 1863 enim
1836 1810 1858 1861 εὶ

1973 1826 2088 1896 ipsa
2108 1827 2192 1894 sit,
2225 1844 2333 1883 non
2352 1828 2664 1901 conjugium
2714 1847 2780 1884 ex
2811 1831 2946 1902 ipsa.
2981 1831 3120 1887 Nam
3142 1840 3193 1886 et
3221 1841 3344 1888 ante
3387 1833 3564 1906 ipsam

219 1896 298 1952 Si
347 1912 620 1968 magnum
651 1904 727 1950 est
757 1897 899 1966 quod
927 1896 980 1950 in
1011 1913 1169 1952 carne
1209 1905 1306 1964 est,
1341 1914 1596 1968 magnum
1627 1913 1734 1951 non
1789 1904 1858 1952 est

1977 1916 2289 1987 conjugium
2345 1933 2532 1972 verum
2562 1926 2659 1985 est,
2691 1926 2742 1973 et
2770 1919 2884 1973 sine
2915 1919 3030 1989 ipsa
3050 1930 3292 1975 sanctum
3323 1939 3438 1976 esse
3468 1937 3566 1994 po-

223 1986 300 2039 in
343 2001 461 2041 uno
493 1985 661 2040 multo
692 1985 868 2054 majus
903 1986 1046 2056 quod
1075 1987 1130 2040 in
1159 1987 1348 2056 spiritu
1402 1994 1498 2041 est.
1527 2009 1550 2034 α
1585 1987 1741 2054 Caro,
1773 1986 1858 2040 in-

1973 2013 2070 2059 test
2105 2014 2265 2061 :tunc
2286 2006 2500 2076 quidem
2531 2007 2572 2061 si
2605 2008 2697 2062 illa
2751 2024 2858 2062 non
2898 2009 3106 2064 adesset
3163 2010 3559 2080 infructuosius,

227 2083 402 2152 quit,
465 2083 598 2137 nihil
631 2084 866 2154 prodest,
899 2084 1114 2154 spiritus
1170 2083 1360 2154 estqui
1389 2083 1622 2138 viviﬁcat
1669 2084 1856 2150 (Joan.

1977 2109 2116 2149 nunc
2147 2102 2323 2150 autem
2355 2095 2398 2148 si
2430 2095 2521 2150 illa
2549 2111 2656 2150 non
2686 2095 2895 2150 affuerit
2913 2097 3192 2153 sincerius.
3233 2097 3389 2168 Quod
3419 2101 3564 2155 enim

231 2177 366 2242 γι).
408 2193 430 2218 ι
468 2173 526 2228 Si
556 2188 688 2243 ergo
719 2189 975 2243 magnum
1034 2173 1274 2242 estquod
1329 2173 1384 2226 in
1412 2189 1570 2227 carne
1600 2179 1697 2240 est,
1755 2187 1858 2225 ma-

1976 2190 2096 2252 post
2149 2192 2428 2255 peccatum
2485 2184 2677 2254 c0pula
2705 2185 2880 2240 carnis
2917 2186 2970 2240 in
3028 2187 3284 2260 conjugis
3339 2188 3566 2243 admitti-

227 2261 354 2330 jus
383 2261 570 2330 utique
593 2270 670 2315 est
702 2260 846 2330 quod
893 2261 948 2314 in
977 2261 1162 2332 spiritu
1195 2269 1292 2326 est,
1325 2261 1367 2314 si
1397 2268 1540 2316 recte
1571 2276 1667 2330 per
1719 2259 1858 2314 Scri-

1979 2281 2080 2338 tur,
2145 2272 2492 2344 indulgentiae
2575 2273 2751 2346 magis
2792 2281 2870 2328 est
2911 2281 2964 2328 et
3035 2275 3439 2344 compassionis,
3498 2291 3568 2330 ne

240 2366 483 2430 ptumm
514 2366 754 2412 sanctam
787 2359 930 2413 Deus
979 2375 1206 2430 sponsus
1232 2359 1443 2427 dicitur,
1475 2365 1528 2415 et
1556 2359 1736 2414 anima
1786 2373 1870 2412 ra-
1978 2362 2165 2417 vitium
2193 2361 2640 2432 concupiscentiae
2687 2362 2831 2432 quod
2862 2363 2918 2416 in
2971 2364 3207 2419 humana
3233 2380 3392 2420 carne
3450 2371 3572 2436 post

237 2456 486 2512 tionalis
508 2471 707 2528 sponsa
736 2463 972 2511 vocatur.
1011 2456 1224 2526 Aliquid
1246 2457 1487 2528 profecto
1534 2456 1672 2510 inter
1696 2456 1868 2510 Deum
1979 2458 2258 2525 peccatum
2318 2449 2598 2518 radicavit,
2683 2451 2888 2522 turpius
2966 2451 3025 2507 in
3071 2467 3290 2510 omnem
3374 2467 3568 2511 exces-

245 2553 317 2602 et
367 2545 612 2601 animam
671 2545 806 2616 ejus,
857 2543 1013 2615 cujus
1034 2544 1089 2600 id
1138 2545 1282 2616 quod
1312 2545 1367 2600 in
1420 2543 1678 2618 conjugio
1735 2543 1874 2598 inter
1979 2557 2097 2597 sum
2142 2538 2449 2612 proﬂueret,
2499 2538 2546 2594 si
2572 2555 2836 2610 nusquam
2865 2539 3010 2598 licita
3055 2540 3228 2614 excipi
3278 2540 3560 2614 potuisset.

1036 2935 1656 3044 DOMINICA
1743 2934 2353 3041 VIGESIMA
2422 2934 2816 3043 PRIMA

1524 3172 1922 3241 Secundum
1960 3173 2328 3242 Joannem.

341 3425 364 3450 ει
412 3400 542 3456 Erat
581 3397 801 3471 quidam
852 3395 1072 3468 regulus
1113 3394 1268 3464 cujus
1312 3392 1454 3448 ﬁlius
1497 3390 1868 3448 inﬁrmabatur
1897 3390 1947 3454 C
1975 3391 2270 3466 imaginem
2290 3392 2391 3450 Dei
2419 3392 2546 3450 facti
2589 3399 2732 3462 sunt,
2762 3390 2856 3447 sed
2884 3392 3115 3449 honores
3142 3398 3195 3449 et
3221 3389 3434 3450 divitias
3480 3409 3571 3452 ve-

261 3493 673 3560 Capharnaum.
736 3486 860 3553 Hic,
894 3500 1018 3540 cum
1066 3483 1303 3540 audisset
1346 3481 1474 3551 quia
1499 3481 1653 3537 Jesus
1700 3480 1871 3538 adve-
1980 3506 2257 3546 neramur.
2291 3490 2481 3547 Videte
2527 3489 2947 3546 distinctionem.
2979 3489 3218 3564 Regulus
3261 3491 3360 3547 iste
3387 3491 3573 3550 Domi-

255 3579 669 3637 niretaJudzea
697 3577 754 3632 in
809 3573 1112 3640 Galilaeam
1155 3571 1290 3627 abiit
1345 3570 1875 3642 Βάθυῐηνθιΐοεθδᾶί
1980 3594 2109 3634 num
2157 3578 2227 3634 ad
2254 3577 2478 3636 domum
2508 3594 2662 3636 suam
2713 3578 3036 3635 descendere
3091 3579 3359 3650 cupiebat,
3389 3587 3574 3637 centu-

257 3687 320 3736 ut
341 3677 694 3734 descenderet
735 3686 788 3731 et
802 3679 1016 3730 sanaret
1041 3670 1210 3726 ﬁlium
1233 3670 1368 3740 ejus.
1400 3667 1700 3739 Incipiebat
1727 3667 1872 3722 enim

252 3768 422 3826 mori.
477 3766 628 3824 Dixit
655 3779 786 3838 ergo
815 3763 967 3828 Jesus
995 3759 1065 3816 ad
1094 3776 1216 3816 eum
1252 3778 1264 3814 :
1301 3781 1324 3808 α
1357 3758 1470 3813 Nisi
1492 3757 1649 3830 signa
1676 3763 1871 3828 etpro-

259 3859 415 3930 digia
443 3855 704 3924 videritis,
763 3868 874 3908 non
901 3849 1136 3912 creditis,
1169 3855 1274 3904 etc.
1322 3849 1508 3918 (Joan.
1539 3849 1638 3917 Iv).
1675 3868 1698 3896 ι
1731 3846 1868 3902 Cre-

257 3955 466 4022 debat;
500 3952 595 4008 sed
643 3953 697 4005 in
739 3949 844 4005 ﬁne
891 3946 1176 4010 dubitavit,
1233 3945 1290 4000 in
1335 3946 1438 4000 hoc
1491 3943 1634 4013 quod
1679 3949 1865 4012 poten-

257 4044 394 4099 tiam
438 4043 555 4114 ejus
605 4039 816 4113 petivit.
883 4040 1194 4108 Agnoscens
1247 4033 1428 4103 itaque
1475 4033 1737 4088 Dominus
1773 4045 1868 4086 cor

264 4131 560 4188 diﬁidentis
605 4128 783 4202 arguit
837 4125 979 4181 illius
1007 4122 1384 4189 difﬁdentiam,
1435 4121 1620 4176 dicens
1650 4135 1663 4172 :
1697 4141 1718 4168 α
1750 4118 1864 4173 Nisi

261 4222 424 4294 signa
471 4225 524 4275 et
559 4216 811 4289 prodigia
837 4213 1078 4269 videritis
1105 4227 1213 4267 non
1268 4210 1501 4266 creditis.
1555 4231 1577 4259 υ
1613 4207 1866 4279 Prodigia

259 4317 535 4378 suntquae
563 4304 768 4376 aliquid
825 4300 1168 4375 portendunt.
1220 4300 1288 4354 Et
1316 4298 1510 4354 dicitur
1555 4296 1860 4369 prodigium

259 4405 414 4479 quasi
443 4401 746 4475 prodicium
781 4419 793 4456 :
826 4397 970 4470 quod
1009 4409 1168 4469 porro
1194 4395 1356 4468 dicat,
1415 4395 1469 4450 id
1497 4402 1575 4452 est
1594 4393 1862 4470 signiﬁcat

258 4502 468 4574 aliquid
498 4503 759 4558 futurum.
807 4497 906 4553 Illa
935 4511 1056 4568 quae
1075 4493 1425 4563 tuncﬁebant,
1459 4511 1524 4552 ea
1553 4510 1672 4565 quae
1715 4510 1860 4550 nunc

258 4607 495 4676 aguntur
511 4595 926 4672 portendebant.
977 4591 1154 4650 Omne
1182 4590 1489 4666 prodigium
1520 4599 1598 4646 est
1613 4591 1852 4663 signum,

255 4690 355 4747 sed
384 4705 495 4744 non
549 4684 895 4743 convertitur.
923 4681 1047 4753 quia
1100 4680 1315 4752 signum
1361 4687 1440 4736 est
1469 4687 1576 4736 tam
1607 4679 1674 4735 de
1707 4696 1851 4752 pm-

255 4745 415 4836 lerito
445 4785 496 4832 et
527 4773 774 4848 praesenti
804 4745 964 4843 quam
993 4770 1063 4825 de
1091 4745 1268 4824 fuiuro
1299 4782 1314 4837 ;
1345 4767 1652 4842 prodigium
1674 4745 1852 4826 autem
1883 4745 1934 4806 D

257 4886 341 4936 est
367 4883 572 4932 tantum
629 4874 698 4929 de
727 4872 928 4926 futuro.
961 4868 1188 4941 Signum
1211 4866 1310 4921 fuit
1335 4866 1403 4921 de
1432 4867 1680 4940 przesenti
1709 4865 1853 4938 quod

257 4966 524 5024 Dominus
554 4978 749 5036 aquam
799 4958 956 5016 vertit
982 4958 1037 5011 in
1068 4956 1273 5023 vinum,
1306 4954 1596 5028 designans
1621 4954 1852 5028 gloriam

257 5079 411 5120 suam
471 5061 607 5117 sicut
659 5056 890 5114 circulus
916 5053 1186 5127 signiﬁcat
1220 5051 1276 5105 in
1329 5051 1734 5123 prmsentiarum
1763 5049 1850 5107 vi-

256 5167 390 5212 num
410 5149 621 5210 venale.
656 5146 882 5218 Signum
911 5143 978 5199 de
1007 5140 1297 5213 praeterito,
1331 5148 1412 5199 est
1444 5138 1731 5214 vestigium
1761 5154 1853 5210 pe-

257 5243 388 5298 dum
431 5239 484 5293 in
515 5237 640 5294 nive
670 5249 960 5306 apparens.

335 5389 359 5416 ιι
391 5363 534 5422 Dicit
559 5361 630 5418 ad
649 5377 774 5417 eum
793 5359 1014 5432 regulus
1043 5376 1058 5415 :
1090 5357 1342 5424 Domine,
1371 5355 1636 5412 descende
1679 5352 1858 5426 prius-

258 5471 423 5528 quam
470 5451 731 5508 moriatur
768 5448 910 5504 ﬁlius
962 5463 1134 5503 meus.
1173 5445 1315 5501 Dicit
1343 5444 1392 5500 ei
1447 5445 1600 5499 Jesus
1631 5461 1644 5500 :
1679 5441 1847 5508 Vade,

256 5552 404 5608 ﬁlius
452 5557 571 5608 tuus
616 5547 768 5604 vivit.
795 5568 817 5596 ι
851 5545 1099 5600 indicans
1151 5559 1208 5598 se
1238 5557 1348 5597 non
1375 5540 1562 5598 deesse
1594 5538 1684 5594 ubi
1713 5537 1850 5594 invi-

264 5650 422 5710 tatur,
453 5638 571 5694 solo
589 5636 741 5708 jussu
770 5641 940 5690 sanat.
973 5634 1034 5688 In
1079 5634 1182 5686 hoc
1201 5645 1332 5704 ergo
1368 5629 1512 5700 quod
1541 5643 1694 5684 servo
1723 5643 1848 5682 cen-

262 5737 485 5798 turionis
514 5751 623 5794 non
642 5731 965 5804 dedignatur
1007 5743 1284 5785 occurrere
1310 5743 1435 5783 cum
1481 5726 1550 5782 ad
1578 5724 1747 5780 ﬁlium
1769 5739 1853 5778 re-

258 5828 374 5904 guli
426 5823 812 5896 dedignaretur
847 5820 924 5876 ire
963 5819 1124 5904 (Luc.
1182 5819 1300 5885 vn),
1323 5822 1504 5874 nostra
1556 5812 1856 5904 retunditur

257 5897 534 5989 superbia,
581 5909 709 5981 quia
761 5908 818 5964 in
842 5903 1151 5967 hominibus
1183 5917 1297 5966 non
1347 5909 1594 5962 naturam
1623 5915 1733 5971 qua
1784 5897 1856 5958 ad

1976 3665 2058 3722 rio
2079 3665 2362 3739 indignum
2409 3681 2468 3723 se
2497 3683 2614 3723 esse
2658 3666 2890 3723 dicebat.
2921 3666 3022 3723 Hic
3066 3683 3278 3725 cessum
3332 3676 3413 3725 est
3463 3670 3572 3726 ela-

1978 3755 2129 3823 tioni,
2187 3754 2299 3811 illic
2327 3769 2642 3811 concessum
2689 3763 2770 3812 est
2797 3755 3105 3823 humilitati,
3151 3764 3403 3828 tanquam
3449 3757 3573 3816 huic

1975 3843 2244 3900 diceretur
2291 3862 2304 3899 :
2353 3845 2482 3900 Noli
2535 3844 2670 3900 mihi
2728 3843 2946 3901 taedium
2985 3843 3168 3903 facere
3213 3865 3225 3903 :
3274 3847 3569 3917 potentiam

1974 3949 2152 3988 meam
2185 3933 2266 3988 vis
2311 3933 2367 3988 in
2397 3932 2560 3992 domo
2610 3940 2698 3990 tua
2723 3951 2734 3990 :
2759 3931 2927 3988 verbo
2957 3949 3176 4004 possum
3194 3934 3364 3992 ﬁlium
3423 3943 3569 3994 tuum

1973 4039 2184 4080 sanare.
2217 4021 2470 4078 Centurio
2524 4021 2830 4094 alienigena
2857 4021 3085 4078 credidit
3135 4039 3225 4080 me
3274 4024 3438 4084 verbo
3467 4027 3572 4080 hoc

1972 4128 2133 4183 posse
2188 4111 2365 4168 facere
2396 4125 2410 4184 ;
2441 4125 2541 4168 vos
2559 4109 2664 4166 nisi
2719 4109 2877 4183 signa
2905 4117 2959 4166 et
2977 4111 3226 4186 prodigia
3281 4113 3520 4170 videritis
3552 4131 3565 4168 :

1972 4217 2082 4258 non
2105 4200 2340 4257 creditis.

2047 4312 2068 4339 τι
2103 4289 2524 4346 Credidithomo
2581 4287 2819 4344 sermoni
2863 4305 3024 4360 quem
3045 4288 3181 4344 dixit
3209 4289 3259 4346 ei
3286 4291 3458 4359 Jesus,
3517 4297 3570 4346 et

1968 4379 2082 4435 ibat
2113 4395 2126 4434 :
2154 4379 2269 4451 jam
2315 4384 2494 4434 autem
2536 4391 2600 4434 eo
2629 4376 2987 4434 descendente
3034 4377 3175 4434 servi
3229 4387 3569 4436 occurrerunt

1965 4469 2035 4538 ei,
2063 4475 2122 4532 et,
2167 4466 2549 4524 nuntiaverunt
2577 4465 2816 4522 dicentes
2862 4467 2989 4537 quia
3021 4465 3165 4521 ﬁlius
3185 4467 3300 4536 ejus
3327 4468 3556 4526 viveret.

1964 4557 2339 4631 Interrogabat
2375 4569 2506 4627 ergo
2545 4555 2736 4611 horam
2791 4553 2862 4610 ab
2901 4555 2979 4609 eis
3008 4554 3062 4608 in
3092 4571 3198 4624 qua
3225 4555 3422 4611 melius
3458 4558 3562 4612 ha-

1959 4647 2153 4703 buerit.
2212 4645 2278 4700 Et
2308 4643 2557 4698 dixerunt
2611 4641 2660 4696 ei
2717 4641 2842 4712 quia
2873 4641 2988 4700 heri
3036 4642 3170 4696 hora
3189 4643 3420 4712 septima
3445 4645 3566 4699 reli.

1965 4735 2080 4808 quit
2109 4750 2233 4791 eum
2264 4731 2447 4788 febris.
2505 4728 2776 4804 Cognovit
2801 4743 2932 4801 ergo
2953 4736 3105 4800 pater
3131 4727 3258 4799 quia
3288 4729 3382 4785 illa
3427 4732 3564 4788 hora

1963 4831 2080 4880 erat
2123 4823 2181 4878 in
2233 4837 2338 4892 qua
2367 4819 2502 4874 dixit
2558 4818 2607 4875 ei
2661 4817 2816 4872 Jesus
2849 4835 2860 4872 :
2895 4817 3064 4882 Vade,
3117 4817 3243 4886 quia
3271 4815 3414 4873 ﬁlius
3443 4825 3562 4876 tuus

1963 4913 2142 4981 vivit;
2175 4918 2229 4966 et
2254 4907 2480 4966 credidit
2519 4907 2635 4980 ipse
2679 4913 2733 4962 et
2777 4905 2970 4961 domus
3017 4905 3134 4976 ejus
3163 4911 3290 4960 tota.
3327 4925 3350 4953 ιι
3385 4907 3562 4976 Coepit

1960 5004 2126 5059 homo
2157 4998 2378 5056 credere
2396 4996 2522 5068 quia
2567 4994 2830 5052 Dominus
2857 5009 3012 5064 teque
3065 4993 3258 5050 absens
3311 5009 3558 5066 corpore,

1957 5097 2017 5145 ut
2069 5105 2307 5160 prasens
2360 5092 2619 5152 sanaret;
2649 5091 2707 5140 et
2769 5084 2848 5138 sic
2897 5083 3093 5138 meruit
3139 5081 3367 5137 salutem
3419 5081 3554 5138 ﬁlio.

1957 5181 2082 5235 Non
2109 5193 2241 5251 ergo
2271 5173 2468 5231 difﬁdit
2489 5173 2555 5229 de
2585 5171 2954 5229 misericordia
2972 5186 3156 5229 servos
3174 5170 3556 5244 interrogando

1958 5268 2027 5324 de
2045 5269 2198 5332 hora,
2253 5264 2350 5320 sed
2403 5262 2674 5319 desiderat
2713 5269 2772 5318 ut
2817 5260 2987 5317 virtus
3039 5259 3223 5317 divina
3277 5275 3556 5316 servorum

1967 5356 2304 5414 confessione
2351 5353 2602 5426 plurimis
2626 5351 2944 5408 innotescat.
2995 5349 3094 5405 Vel
3110 5363 3178 5403 ne
3198 5363 3327 5404 casu
3361 5349 3560 5406 sanitas

1956 5445 2269 5518 contigisset
2314 5441 2704 5513 interrogabat,
2737 5439 2864 5510 quia
2908 5437 3132 5494 forsitan
3151 5436 3391 5493 nondum
3425 5454 3556 5510 per-

1960 5537 2098 5592 fecte
2123 5531 2402 5589 credebat.
2467 5531 2527 5585 In
2555 5527 2729 5601 ﬁgura
2748 5527 2917 5583 sancti
2948 5525 3177 5597 Spiritus
3205 5526 3552 5598 septiformis,

1957 5626 2014 5684 in
2044 5638 2150 5694 quo
2199 5621 2378 5678 omnis
2429 5618 2575 5674 salus
2627 5616 2884 5685 consistit,
2938 5615 3154 5688 reliquit
3209 5631 3335 5672 eum
3390 5615 3556 5674 febris

1959 5717 2093 5771 hora
2144 5711 2400 5782 septima.
2465 5705 2640 5764 Tarde
2696 5703 2919 5760 credens
2972 5704 3191 5776 regulus
3219 5704 3323 5762 iste
3363 5703 3558 5778 ﬁgurat

1958 5801 2176 5862 Iudaeos
2231 5798 2304 5854 ad
2357 5795 2521 5852 ﬁdem
2571 5792 2792 5851 difﬁcile
2847 5791 3144 5862 venientes,
3203 5793 3377 5866 qualis
3447 5799 3562 5850 erat

1964 5895 2200 5955 Thomas
2248 5904 2372 5952 cum
2401 5885 2608 5948 audiret
2654 5901 2670 5943 :
2737 5905 2760 5938 α
2818 5881 2976 5958 Veni,
3013 5881 3167 5955 mitte
3192 5883 3298 5944 huc
3334 5896 3554 5942 manum
