3972 6452
479 409 618 466 1199

481 544 627 590 tuam
686 551 698 589 :

474 625 603 696 xx).
647 645 670 671 »

597 750 675 807 De
703 747 948 822 ﬂagellis
975 743 1092 816 Dei,
1125 747 1181 801 et
1209 741 1278 801 de
1301 742 1532 816 gemina
1556 742 1946 816 percussione.

547 876 759 934 Divina:
801 871 1080 944 sapientiae
1106 869 1372 926 subtilitas
1415 867 1554 926 sicut
1577 867 1802 924 interius
1829 875 1888 925 ut
1932 867 2080 924 testis

479 973 744 1024 scrutatur
783 961 1158 1031 conscientias,
1209 959 1284 1016 ita
1327 959 1564 1014 exterius
1607 957 1813 1030 irrOgat
1866 973 2075 1029 ptenas,

477 1065 536 1113 ut
561 1070 750 1113 verum
778 1053 848 1108 sit
904 1049 1266 1107 testimonium
1298 1049 1596 1120 prophetae,
1651 1048 1776 1118 quia
1829 1047 1945 1119 ipse
2001 1053 2081 1103 est

479 1155 531 1204 et
559 1143 704 1200 testis
758 1149 813 1198 et
833 1141 1026 1212 judex.
1068 1138 1329 1196 Ordinata
1377 1144 1455 1193 est
1484 1137 1758 1193 miseratio
1804 1136 1903 1192 Dei
1961 1151 2080 1206 qua

477 1213 625 1308 prius
656 1231 933 1289 hominem
982 1229 1070 1285 hic
1099 1245 1195 1301 per
1239 1227 1467 1324 ﬂagella
1485 1243 1518 1282 a
1546 1225 1781 1324 peccatis
1806 1224 2079 1324 emendat,

481 1333 534 1382 et
560 1329 751 1396 postea
778 1320 848 1377 ab
885 1327 1088 1376 aeterno
1117 1315 1383 1390 supplicio
1412 1315 1624 1372 liberat.
1669 1315 1883 1371 Electus
1935 1315 2082 1370 enim

481 1413 582 1471 Dei
611 1410 895 1469 doloribus
921 1408 1049 1468 vita:
1089 1408 1250 1479 hujus
1279 1405 1540 1476 atteritur,
1571 1413 1630 1460 ut
1675 1403 1964 1477 perfectior
1990 1401 2084 1458 fu-

481 1522 615 1569 tura:
668 1509 796 1566 vita:
850 1509 1104 1564 lucretur.
1157 1506 1515 1576 Nequaquam
1572 1503 1718 1559 Deus
1751 1499 2084 1572 delinquenti

481 1601 673 1676 parcit,
733 1613 894 1670 quem
925 1604 1266 1690 peccatorem
1292 1592 1646 1690 aut-ﬂagello
1674 1591 1984 1690 temporali.
2015 1589 2084 1648 ad

483 1689 863 1764 purgationem
916 1685 1058 1751 ferit,
1114 1691 1207 1740 aut
1244 1682 1454 1752 judicio
1491 1689 1692 1738 aeterno
1749 1677 2083 1750 puniendum

482 1785 759 1858 relinquit,
800 1791 892 1840 aut
942 1781 1058 1852 ipse
1105 1780 1162 1835 in
1208 1797 1266 1836 se
1313 1782 1480 1836 homo
1535 1777 1846 1852 paenitendo
1899 1777 2087 1850 puniet

481 1876 627 1950 quod
655 1874 800 1930 male
853 1869 1068 1928 admisit
1099 1889 1112 1924 :
1147 1885 1210 1925 ac
1238 1869 1466 1940 proinde
1526 1876 1604 1924 est
1627 1867 1770 1964 quod
1801 1867 1946 1964 Deus
1989 1865 2082 1964 de—
2110 1903 2162 1964 Β

479 1969 744 2045 linquenti
774 1983 882 2024 non
928 1973 1138 2039 parcet.
1195 1965 1346 2020 Justo
1405 1963 1688 2037 temporali
1744 1961 1961 2034 ﬂagella
2013 1961 2082 2017 ad

481 2071 684 2121 aeterna
709 2056 999 2130 proﬁciunt
1035 2053 1240 2130 gaudia
1272 2071 1286 2108 :
1321 2053 1555 2124 ideoque
1583 2061 1638 2108 et
1661 2051 1842 2122 justus
1868 2051 1923 2106 in
1960 2066 2086 2124 pa:-

480 2162 565 2218 nis
617 2156 858 2232 gaudere
913 2153 1095 2223 debet,
1132 2159 1186 2208 et
1213 2151 1414 2224 impius
1457 2151 1516 2206 in
1546 2149 1994 2224 prosperitatibus
2033 2149 2091 2204 ti-

478 2267 647 2308 mere.
669 2249 859 2317 Neque
905 2243 1044 2314 justo
1084 2258 1259 2313 neque
1304 2240 1541 2314 reprobo
1598 2241 1742 2296 Deus
1787 2238 2090 2295 misericor-

479 2341 626 2396 diam
657 2333 996 2406 etjuslitiam
1036 2331 1327 2387 subtrahit.
1388 2331 1529 2385 Nam
1559 2337 1612 2385 et
1658 2329 1833 2385 bonos
1860 2327 1949 2383 hic
1992 2344 2090 2400 per

481 2425 824 2486 aﬂlictionem
849 2421 1078 2492 judicat,
1111 2427 1164 2475 et
1201 2419 1313 2475 illic
1339 2435 1438 2490 per
1466 2419 1866 2474 miserationem
1900 2433 2088 2472 remu-

479 2525 650 2582 nerat,
711 2522 766 2570 et
807 2512 981 2568 malos
1003 2511 1088 2566 hic
1117 2515 1427 2566 remunerat
1470 2524 1569 2579 per
1597 2507 1950 2580 temporalem
1981 2506 2088 2561 cle-

484 2605 768 2668 mentiam,
829 2609 883 2657 et
911 2600 1023 2656 illic
1043 2599 1198 2671 punit
1223 2613 1322 2670 per
1374 2605 1636 2654 aeternam
1660 2597 1952 2667 justitiam.
1989 2597 2086 2650 In-

485 2698 588 2752 hac
616 2695 724 2752 vita
753 2693 901 2748 Deus
955 2695 1143 2761 parcet
1181 2687 1366 2758 impiis
1397 2701 1410 2757 ;
1437 2694 1492 2742 et
1517 2694 1702 2742 tamen
1747 2701 1857 2741 non
1901 2691 2089 2756 parcet

481 2784 691 2842 electis.
731 2783 793 2836 In
824 2779 917 2834 illa
941 2784 1126 2850 parcet
1181 2775 1386 2842 electis,
1419 2791 1528 2831 non
1557 2783 1738 2830 tamen
1758 2781 1942 2846 parcet
1987 2773 2090 2828 ini-

474 2875 612 2946 quis.
653 2869 960 2928 Periculosa
1013 2873 1096 2921 est
1146 2865 1203 2920 in
1223 2867 1326 2921 hac
1371 2864 1482 2920 vita
1509 2863 1766 2921 securitas
1796 2862 2081 2924 malorum.

481 2971 538 3020 et
579 2963 850 3019 bonorum
901 2955 1057 3012 dolor
1100 2953 1440 3026 tranquillus.
1497 2954 1639 3010 Nam
1694 2953 1912 3024 iniquus
1965 2957 2087 3024 post

481 3059 712 3109 mortem
760 3048 984 3103 ducetur
1027 3043 1348 3100 cruciandus
1387 3057 1403 3114 ;
1439 3043 1614 3114 justus
1671 3059 1802 3099 vero
1854 3041 2088 3098 dormiet

476 3157 600 3224 post
653 3147 897 3205 laborem
924 3159 1160 3198 securus.
1195 3142 1320 3198 Non
1365 3149 1570 3197 tantum
1599 3141 1666 3196 de
1713 3140 2086 3212 corporalibus

1643 397 1981 458 WEBNERI
2019 395 2312 459 ABBATIS
2353 401 2410 459 Β.
2449 402 2670 460 BLASli

751 539 804 589 et
848 529 960 588 noli
1005 543 1122 586 esse
1175 511 1500 595 incredulus,
1546 523 1642 582 sed
1677 523 1853 582 ﬁdelis
1880 523 2073 598 (Joan.
2103 534 2162 596 Α
2189 526 2424 600 respicit,
2455 528 2544 587 vel
2587 529 2659 585 ad
2712 529 2926 588 veniam
2975 533 3064 590 vel
3106 533 3174 590 ad
3230 535 3544 595 vindictam.
3567 539 3656 596 Ad
3686 557 3800 598 ve-

3653 416 3806 472 i200

2185 616 2328 672 niam
2385 617 2522 674 sicut
2575 618 2796 676 Petrum
2827 635 2843 691 ;
2875 621 2944 678 ad
2971 621 3285 694 vindictam,
3335 627 3472 684 sicut
3515 628 3646 684 dum
3709 630 3797 686 fa-

2183 714 2270 763 cta
2296 706 2662 765 Sodomorum
2689 725 2747 765 se
2775 710 3156 770 descensurum
3185 723 3239 772 et
3266 723 3321 772 et
3342 717 3578 774 visurum
3609 727 3792 775 testa-

2185 803 2290 851 tur.

2258 941 2512 999 Trimoda
2539 942 2747 1002 ratione
2776 945 2922 1004 Deus
2941 963 3076 1020 quos
3093 949 3320 1008 voluerit
3339 955 3581 1025 percutit,
3628 955 3687 1011 id
3708 963 3796 1012 est

2186 1028 2257 1085 ad
2295 1031 2698 1090 damnationem
2727 1037 3007 1108 reprobos,
3031 1039 3097 1094 ad
3121 1042 3497 1114 purgationem
3529 1061 3666 1116 quos
3695 1061 3794 1101 er-

2185 1135 2306 1175 rare
2361 1121 2505 1177 videt
2548 1123 2772 1192 electos,
2821 1126 2892 1180 ad
2946 1128 3320 1199 probationem
3362 1133 3552 1204 justos.
3602 1135 3792 1192 Primo

2188 1225 2426 1281 namque
2453 1212 2617 1268 modo
2672 1214 2934 1288 Egyptus
2960 1233 3100 1274 cassa
3123 1227 3201 1274 est
3233 1220 3301 1276 ad
3359 1221 3790 1294 damnationem,

2188 1309 2427 1366 secundo
2474 1310 2660 1380 modo,
2708 1329 2915 1386 pauper
2961 1314 3192 1373 Lazarus
3235 1319 3304 1374 ad
3360 1321 3740 1394 purgationem
3774 1337 3790 1393 ;

2191 1396 2346 1454 tertio
2379 1399 2566 1466 modo,
2597 1417 2882 1473 percussus
2909 1413 2989 1460 est
3005 1404 3109 1461 Job
3128 1406 3197 1461 ad
3233 1407 3630 1477 probationem.
3655 1411 3796 1468 Fla-

2191 1486 2426 1559 gellatur
2444 1488 2608 1545 homo
2644 1489 2966 1564 plerumque
2983 1509 3016 1550 a
3043 1494 3160 1551 Deo
3188 1504 3310 1553 ante
3363 1506 3663 1570 peccatum,
3724 1517 3796 1556 ne

2191 1585 2366 1641 malus
2383 1586 2450 1640 sit
2477 1594 2536 1642 ut
2580 1587 2796 1654 Paulus,
2843 1591 2934 1662 qui
2989 1591 3204 1650 Satanae
3259 1597 3454 1669 angelo
3501 1597 3794 1671 instigante

2191 1673 2370 1729 carnis
2425 1677 2688 1734 tolerabat
2741 1679 2988 1736 stimulos
3012 1683 3089 1751 (11
3118 1684 3243 1740 Cor.
3275 1690 3406 1757 xu).
3462 1686 3798 1758 Flagellatur

2193 1763 2358 1818 etiam
2397 1772 2452 1820 et
2495 1773 2623 1836 post
2665 1776 2946 1837 peccatum
2995 1779 3056 1826 ut
3099 1773 3418 1846 corrigatur,
3455 1783 3510 1830 ut
3538 1775 3594 1831 in
3648 1781 3797 1849 Apo-

2192 1852 2350 1923 stolo,
2382 1854 2472 1924 qui
2525 1855 2747 1912 traditus
2805 1857 3020 1915 Satanas
3059 1860 3115 1916 in
3161 1861 3432 1920 interitum
3487 1866 3684 1944 carnis,
3737 1875 3797 1922 ut

2192 1951 2410 2022 spiritus
2463 1953 2646 2010 salvus
2691 1965 2831 2011 esset
2884 1957 2936 2026 (I
2970 1959 3092 2016 Cor.
3124 1964 3202 2033 v).
3247 1963 3372 2020 Non
3427 1971 3607 2021 tamen
3645 1966 3793 2036 juste

2193 2049 2493 2097 murmurat
2547 2043 2638 2114 qui
2697 2044 2866 2101 nescit
2911 2062 3007 2102 cur
3034 2051 3274 2120 vapulat.
3311 2052 3451 2109 Nam
3479 2053 3600 2111 ideo
3647 2056 3795 2111 Deus

2193 2129 2512 2202 plerumque
2549 2130 2756 2202 justum
2803 2134 3061 2208 flagellat,
3121 2155 3189 2196 ne
3229 2140 3296 2196 de
3347 2143 3552 2214 justitia
3595 2161 3793 2217 super-

2192 2227 2349 2285 biens
2375 2229 2551 2286 cadat.
2584 2233 2648 2286 In
2695 2233 2794 2288 hac
2813 2233 2924 2292 vita
2951 2235 3098 2292 Deus
3135 2245 3283 2296 tanto
3303 2242 3480 2314 magis
3533 2243 3707 2299 studet
3737 2251 3796 2299 ut

2194 2325 2400 2388 parcat,
2459 2327 2660 2389 quanto
2723 2323 2900 2395 magis
2955 2327 3318 2398 exspectando
3391 2330 3648 2404 ﬂagellat,
3697 2333 3795 2388 sed

2194 2406 2330 2463 alios
2375 2407 2620 2466 feriendo
2675 2412 2916 2484 corrigit.
2949 2414 3028 2468 De
3065 2416 3260 2486 quibus
3282 2418 3448 2476 dicit:
3483 2442 3506 2473 ι
3541 2422 3604 2476 Et
3661 2439 3796 2494 quos

2194 2511 2318 2552 amo
2365 2513 2535 2570 arguo
2565 2506 2618 2554 et
2643 2501 2850 2573 castigo
2907 2503 3089 2574 (Hebr.
3121 2506 3247 2576 xu).
3292 2530 3314 2557 ι»
3349 2510 3496 2566 Alios
3552 2511 3795 2568 feriendo

2194 2586 2348 2657 punit
2403 2601 2538 2656 quos
2592 2587 3032 2662 incorrigibiliter
3103 2594 3474 2668 delinquentes
3527 2601 3715 2671 aspicit
3777 2615 3790 2670 ;

2194 2643 2212 2657 .
2419 2643 2437 2656 .
2694 2643 2702 2645 ν
2776 2643 3021 2662 ’o"”"""
3106 2643 3474 2668 *v-----r~~"-‘~
3527 2643 3713 2671 ωτι-ν·-
3777 2643 3790 2670 ι

2193 2691 2434 2746 quosque
2459 2675 2576 2747 jam
2602 2693 2710 2733 non
2747 2678 2849 2734 sub
2877 2679 3163 2754 disciplina
3219 2694 3274 2740 ut
3298 2687 3441 2743 ﬁlios
3473 2696 3640 2760 pater,
3697 2690 3793 2746 sed

2191 2763 2429 2820 districta
2475 2764 2820 2822 damnatione
2857 2777 2914 2824 ut
2961 2771 3143 2828 hostes
3177 2774 3512 2833 adversarios
3539 2780 3788 2850 percutit.

2193 2851 2272 2906 De
2328 2853 2522 2923 quibus
2577 2855 2707 2912 dicit
2763 2871 2780 2912 :
2841 2881 2863 2908 cc
2923 2859 3166 2934 Flagello
3218 2863 3421 2922 inimici
3473 2868 3710 2938 percussi
3741 2876 3790 2925 te

2192 2951 2543 3024 castigatione
2572 2955 2775 3010 crudeli
2805 2954 2944 3024 (Jer.
2993 2961 3154 3032 xxx).
3191 2985 3213 3011 »
3248 2963 3562 3022 Etiterum:
3600 2991 3623 3016 ιι
3648 2966 3791 3037 Quid

2192 3041 2395 3097 clamas
2424 3041 2494 3097 ad
2517 3059 2604 3098 me
2633 3061 2795 3117 super
2830 3047 3150 3106 contritione
3185 3058 3273 3107 tua
3291 3054 3320 3106 εἰ
3339 3055 3658 3112 Insanabilis
3711 3064 3792 3112 est

2193 3138 2350 3195 dolor
2397 3146 2518 3196 tuns
2563 3141 2767 3214 (ibid)
2805 3163 2828 3193 »
2861 3143 3014 3200 Unde
3065 3150 3427 3222 unusquisque
3483 3153 3697 3210 festinet
3737 3162 3790 3210 et

480 3245 843 3320 passionibus,
900 3239 996 3297 sed
1026 3239 1190 3296 etiam
1221 3239 1289 3295 de
1344 3238 1676 3311 spiritalibus
1703 3238 1866 3294 debet
1919 3237 2083 3294 intel-
2111 3264 2161 3331 C
2195 3228 2401 3331 “"1994:
2437 3246 2501 3284 οε
2531 3230 2694 3286 δίωυί
2717 3231 2948 3331 ierim}:
2977 3236 3086 3331 ξ’ίῐθ
3115 3237 3232 3331 eius
3260 3256 3382 3295 cum
3436 3243 3618 3314 ουῙρδο
3675 3244 3791 3300 F19"

482 3337 600 3412 ligi,
623 3343 683 3392 ut
711 3331 928 3406 quando
958 3329 1181 3402 quisque
1229 3328 1284 3428 in
1303 3343 1529 3428 corpore
1557 3335 1650 3384 aut
1667 3328 1722 3383 in
1741 3336 1922 3428 mente
1977 3326 2083 3428 ﬂa-

481 3426 627 3500 gella
673 3423 915 3490 sustinet,
969 3427 1190 3475 tantose
1238 3417 1294 3474 in
1347 3417 1453 3473 line
1500 3417 1830 3481 remunerari
1885 3424 2083 3490 speret.

483 3517 640 3588 Smpe
670 3511 882 3570 occulto
904 3507 1004 3565 Dei
1029 3507 1236 3578 judicio
1267 3514 1424 3562 extra
1440 3505 1658 3580 ﬂagella
1684 3507 2083 3579 correptionum

485 3611 704 3685 reprobi
733 3611 787 3666 in
818 3611 924 3665 hoc
979 3604 1184 3662 mundo
1210 3613 1352 3676 sunt,
1383 3605 1623 3675 dumque
1651 3605 1820 3660 multa
1871 3605 2090 3661 damna-

484 3703 619 3761 bilia
659 3697 994 3758 commisisse
1048 3695 1317 3762 videntur,
1375 3693 1613 3766 despecti
1667 3701 1847 3750 tamen
1904 3709 1937 3750 a
1973 3695 2089 3750 Deo

488 3793 636 3848 nullo
667 3783 1062 3846 emendationis
1111 3783 1336 3840 verbere
1368 3781 1652 3839 feriuntur.
1707 3783 1832 3838 Plus
1857 3781 2088 3855 corripi-

489 3890 574 3938 tur
599 3879 818 3952 ﬂagello
839 3875 933 3946 qui
959 3889 992 3930 a
1021 3874 1136 3929 Deo
1167 3871 1428 3945 diligitur,
1460 3871 1504 3927 si
1525 3870 1850 3942 peccaverit,
1877 3871 2090 3928 dicente

487 3975 658 4027 Amos
685 3966 985 4040 propheta:
1017 3985 1039 4013 ιι
1060 3961 1462 4018 Tantummodo
1480 3976 1580 4018 vos
1605 3959 1838 4034 cognovi
1866 3977 1935 4018 ex
1963 3975 2090 4016 om-

490 4059 650 4116 nibus
693 4053 1005 4113 nationibus
1050 4057 1225 4120 terrze,
1273 4049 1473 4106 idcirco
1521 4049 1752 4106 visitabo
1781 4065 1942 4123 super
1993 4067 2094 4108 vos

493 4164 684 4206 omnes
710 4143 1021 4215 iniquitates
1039 4145 1244 4198 vestras
1283 4140 1494 4212 (Amos.
1517 4138 1622 4206 nl).
1660 4161 1683 4187 κ
1717 4138 1892 4208 Quem
1947 4139 2092 4197 enim

493 4246 672 4320 diligit
695 4245 843 4300 Deus
869 4239 1128 4312 corripit:
1155 4263 1178 4288 α
1193 4239 1460 4312 Flagellat
1480 4252 1698 4295 omnem
1718 4237 1892 4294 filium
1933 4254 2094 4310 quem

495 4341 688 4414 recipit
707 4339 890 4410 (Hebr.
921 4341 1062 4406 xm).
1097 4357 1120 4384 »
1160 4335 1328 4392 Valde
1383 4335 1742 4392 necessarium
1772 4343 1854 4392 est
1891 4333 2098 4408 justum

501 4432 558 4487 in
586 4432 690 4487 hac
715 4427 828 4486 vita
855 4425 1002 4483 vitiis
1031 4423 1222 4482 tentari
1251 4431 1304 4480 et
1320 4423 1593 4481 verberari
1619 4424 1858 4498 ﬂagello,
1885 4424 2099 4492 ut,dum

497 4519 642 4578 vitiis
686 4517 944 4592 pulsatur,
973 4513 1040 4570 de
1086 4512 1376 4570 virtutibus
1397 4529 1505 4572 non
1557 4513 1833 4585 superbiat
1891 4528 1906 4570 :
1968 4513 2099 4570 dum

497 4635 631 4677 vero
677 4621 769 4673 aut
789 4612 956 4672 animi
995 4618 1090 4668 aut
1134 4610 1312 4668 carnis
1338 4609 1525 4668 dolore
1568 4611 1828 4680 atteritur,
1852 4627 1885 4667 a
1912 4629 2042 4668 mun

499 4723 686 4766 amore
739 4703 1058 4762 retrahatur.
1109 4699 1326 4758 Tentari
1384 4707 1565 4758 autem
1622 4707 1836 4774 oportet
1871 4701 2099 4773 justum,

499 4798 597 4856 sed
624 4792 918 4854 tentatione
947 4791 1148 4865 plagae,
1199 4806 1310 4846 non
1341 4790 1632 4847 tentatione
1689 4789 1934 4848 luxuria.
1993 4791 2104 4848 Du-

503 4897 615 4954 rius
660 4893 805 4952 circa
857 4905 985 4946 suos
1037 4889 1238 4946 electos
1287 4888 1346 4943 in
1374 4889 1476 4944 hac
1524 4887 1634 4946 vita
1659 4888 1806 4944 Deus
1833 4889 1968 4962 agit,
2021 4897 2100 4960 ut,

501 4987 631 5044 dum
689 4979 1000 5040 fortioribus
1053 4978 1256 5052 ﬂagelli
1313 4977 1546 5034 stimulis
1600 4977 1881 5043 feriuntur,
1957 4977 2106 5034 nulla

499 5077 911 5143 oblectamenda
939 5075 1218 5150 praesentis
1245 5075 1370 5134 vitae
1399 5075 1684 5145 delectent,
1699 5076 2104 5148 sed,cu:lcstem

499 5183 754 5256 patriam,
811 5176 906 5234 ubi
923 5183 1072 5234 certa
1120 5174 1337 5246 requies
1381 5181 1741 5248 exspectatur,
1797 5174 2106 5232 indesinen-

501 5281 584 5330 ter
608 5269 934 5330 desiderent.
993 5264 1208 5322 Electos
1238 5264 1399 5336 hujus
1443 5263 1570 5321 vitae
1613 5263 1934 5323 adversitate
1981 5281 2104 5338 pro-

499 5362 639 5435 bari,
667 5367 728 5418 ut
751 5353 1048 5415 secundum
1080 5353 1294 5411 Petrum
1309 5351 1578 5425 judicium
1605 5369 1641 5410 a
1665 5353 1832 5412 domo
1873 5354 1978 5410 Dei
2010 5354 2105 5412 in-

503 5453 670 5526 cipiat
691 5451 876 5523 (Patr.
899 5446 1002 5517 iv),
1033 5443 1162 5499 dum
1205 5443 1263 5500 in
1285 5443 1388 5501 hac
1413 5441 1527 5500 vita
1551 5443 1754 5502 electos
1806 5459 1932 5502 suos
1959 5445 2105 5502 Deus

493 5539 685 5610 judicii
702 5536 922 5610 ﬂagello
947 5533 1202 5608 castigat.

573 5656 806 5714 Gemina
827 5657 1006 5710 autem
1027 5657 1108 5706 est
1122 5649 1395 5722 percussio
1425 5649 1628 5723 divina,
1652 5665 1761 5710 una
1789 5651 1845 5709 in
1899 5653 2102 5710 bonam

499 5752 734 5814 partem,
765 5757 872 5812 qua
924 5738 1258 5812 percutimur
1284 5755 1465 5805 carne,
1499 5748 1558 5796 ut
1585 5741 1938 5799 emendentur
1968 5757 1982 5813 ;
2013 5741 2101 5799 al-

503 5843 639 5908 tera,
695 5853 803 5910 qua
872 5837 1223 5894 vulneramur
1290 5837 1620 5894 conscientia
1701 5846 1756 5896 et
1821 5839 2100 5908 chaﬁtate,

504 5931 567 5985 ut
606 5929 781 5987 Deum
819 5923 1090 5984 ardentius
1151 5921 1464 6000 diligarhus.
1519 5924 1755 5988 Gemino
1785 5943 1938 5988 more
1958 5929 2106 5988 Deus

2193 3317 2397 3390 gellum
2449 3334 2684 3390 namque
2713 3327 2836 3377 tuuc
2873 3322 3030 3379 diluit
3086 3327 3298 3398 culpam
3340 3347 3462 3386 cum
3509 3333 3794 3390 mutaverit

2193 3406 2382 3464 vitam.
2433 3408 2574 3463 Nam
2623 3409 2777 3481 cujus
2806 3427 2986 3469 mores
3024 3430 3134 3470 non
3189 3427 3359 3474 mutat
3404 3419 3639 3478 actiones
3684 3439 3790 3478 non

2196 3495 2401 3568 expiat.
2433 3497 2627 3555 Omnis
2682 3501 2960 3569 percussio
2979 3502 3183 3572 divina,
3241 3515 3334 3562 aut
3385 3511 3631 3583 purgatio
3667 3512 3788 3569 vitae

2197 3586 2480 3656 praesentis
2505 3594 2602 3654 est,
2619 3587 2932 3645 autinitium
2971 3607 3150 3662 ptrue
3177 3598 3465 3668 sequentis.
3513 3601 3651 3656 Nam
3683 3602 3789 3672 qui-

2196 3674 2424 3730 busdam
2447 3675 2664 3748 ﬂagella
2719 3677 2789 3733 ab
2818 3681 2920 3736 hac
2971 3683 3082 3738 vita
3118 3683 3392 3754 inchoent,
3423 3695 3476 3743 et
3503 3689 3558 3744 in
3591 3698 3787 3747 eterna

2197 3772 2543 3842 percussione
2573 3774 2888 3846 perdurant.
2952 3778 3108 3834 Unde
3135 3797 3233 3852 per
3279 3784 3496 3856 Moysen
3530 3785 3786 3844 Dominus

2198 3860 2374 3917 dicit:
2412 3883 2434 3911 ιι
2470 3860 2620 3935 Ignis
2665 3866 2868 3921 exarsit
2921 3866 3077 3924 inira
3105 3885 3247 3941 mea,
3292 3881 3346 3928 et
3372 3874 3578 3932 ardebit
3625 3893 3782 3948 usque

2197 3950 2266 4006 ad
2293 3950 2754 4009 inferosdeorsum
2767 3953 2953 4027 (Deut.
2985 3959 3187 4031 χχχιι).
3223 3983 3247 4011 ιι

2273 4097 2320 4152 Α
2341 4095 2662 4167 quibusdam
2693 4097 2800 4155 dici
2845 4099 2982 4156 solet
3015 4121 3026 4158 :
3067 4125 3090 4152 τι
3121 4102 3244 4160 Non
3269 4105 3479 4176 judicat
3531 4109 3672 4166 Deus
3709 4110 3790 4168 bis

2203 4182 2261 4238 in
2281 4184 2516 4257 idipsum
2563 4185 2869 4258 (Nahumr,
2903 4193 2954 4259 9,
2980 4190 3140 4261 juxta
3195 4194 3388 4267 LXX).
3413 4219 3436 4246 η
3464 4197 3567 4268 Qui
3623 4209 3790 4258 tamen

2205 4289 2315 4329 non
2359 4274 2640 4331 attendunt
2722 4276 2872 4348 illud,
2931 4279 3077 4350 quod
3133 4282 3268 4339 alias
3339 4286 3595 4358 scriptum
3647 4298 3723 4345 est
3773 4309 3787 4348 :

2211 4384 2234 4410 ι
2258 4363 2412 4420 Iesus
2437 4364 2699 4436 populum
2751 4365 2818 4421 de
2849 4373 2989 4424 terra
3035 4369 3290 4440 liberans,
3315 4375 3547 4432 secundo
3567 4393 3658 4435 eos
3707 4379 3789 4450 qui

2207 4467 2317 4508 non
2347 4452 2688 4511 crediderunt
2715 4456 2950 4527 perdidit
2977 4455 3131 4532 (Jud.
3165 4463 3249 4532 v).
3292 4485 3314 4510 »
3349 4462 3608 4534 Quamvis
3657 4467 3786 4522 enim

2208 4551 2253 4607 si
2307 4569 2416 4609 una
2471 4553 2634 4624 culpa
2679 4553 2765 4610 bis
2818 4571 2928 4613 non
2975 4559 3288 4630 percutitur,
3319 4578 3426 4618 una
3473 4571 3648 4622 tamen
3673 4581 3787 4638 per-

2045 4611 2099 4666 di
2125 4631 2180 4694 D
2209 4641 2385 4698 cussio
2441 4611 2780 4716 ﬂagellorum
2828 4611 3168 4716 sequentium
3213 4611 3287 4704 ﬁt,
3315 4649 3525 4707 initium
3565 4611 3787 4710 tormren-

2209 4747 2405 4797 torum.
2455 4740 2594 4798 Hinc
2641 4750 2722 4800 est
2803 4745 2946 4814 quod
2999 4745 3056 4800 in
3105 4747 3318 4804 Psalmo
3357 4751 3610 4822 scriptum
3655 4760 3727 4808 est
3772 4771 3784 4810 :

2216 4853 2239 4879 α
2273 4827 2604 4902 Operiantur
2652 4831 2789 4887 sicut
2843 4831 3086 4906 diploide
3143 4836 3462 4894 confusione
3492 4857 3590 4897 sua
3628 4843 3784 4913 (Psal.

2211 4921 2386 4992 cvm).
2423 4942 2444 4968 η
2479 4919 2690 4991 Diplois
2718 4920 2862 4977 enim
2895 4922 3101 4994 duplex
3129 4932 3210 4980 est
3238 4927 3632 5000 vestimentum,
3661 4928 3786 5001 quod

2211 5007 2508 5082 figuraliter
2553 5009 2783 5066 induunt
2828 5011 2920 5083 qui
2963 5019 3016 5068 et
3071 5015 3356 5087 temporali
3406 5033 3566 5090 paena
3609 5026 3786 5076 actema

2211 5098 2553 5156 damnantur.
2601 5099 2755 5156 Unde
2812 5108 2866 5157 et
2915 5102 3213 5160 Jeremias:
3251 5127 3273 5155 ιι
3299 5105 3556 5164 Contritio
3589 5131 3612 5157 »
3637 5107 3785 5180 inquit

2219 5218 2426 5276 «super
2470 5202 2848 5260 contritionem
2899 5201 3040 5275 (Jer.
3099 5207 3198 5277 ιν),
3243 5229 3268 5260 c
3301 5209 3358 5266 id
3403 5218 3482 5266 est
3534 5209 3782 5269 damnatio

2211 5291 2452 5366 gemina,
2492 5299 2546 5348 et
2581 5292 2669 5350 hic
2698 5301 2751 5348 et
2787 5293 2842 5348 in
2895 5294 3075 5352 futuro
3101 5297 3320 5355 saeculo.
3369 5299 3436 5355 Et
3466 5298 3609 5356 idem
3629 5300 3780 5357 alibi:

2217 5403 2241 5432 «ι
2277 5382 2344 5438 Et
2373 5380 2575 5454 duplici
2618 5382 2940 5441 contritione
3001 5392 3220 5443 contere
3246 5403 3342 5444 eos
3391 5389 3525 5459 (Jer.
3581 5391 3727 5460 χιιι),
3756 5409 3776 5440 ι

2211 5471 2268 5528 id
2313 5478 2394 5529 est
2446 5471 2668 5544 gemina
2711 5488 2873 5545 paena
2927 5475 3198 5546 praesenti,
3255 5476 3457 5533 scilicet
3513 5485 3566 5534 et
3611 5478 3779 5537 futura.

2212 5570 2549 5642 Quibusdam
2605 5579 2810 5630 secreto
2852 5572 2952 5629 Dei
2972 5572 3180 5643 judicio
3211 5575 3298 5630 hic
3340 5576 3482 5632 male
3539 5585 3639 5643 est,
3690 5577 3781 5632 illic

2210 5660 2372 5728 bene,
2429 5659 2632 5716 scilicet
2673 5668 2750 5726 ut,
2782 5660 2911 5716 dum
2942 5660 3035 5718 hic
3053 5663 3296 5736 castigati
3323 5665 3672 5738 corriguntur,
3723 5666 3781 5722 ab

2210 5759 2414 5808 mterna
2440 5748 2790 5806 damnatione
2818 5751 3135 5808 liberentur.
3170 5751 3504 5822 Quibusdam
3535 5770 3662 5811 vero
3709 5755 3782 5813 hic

2211 5839 2353 5898 bene
2381 5846 2480 5905 est,
2512 5837 2624 5896 illic
2649 5839 2814 5907 male,
2846 5841 2984 5896 sicut
3022 5840 3100 5896 illi
3128 5842 3324 5899 accidit
3349 5843 3440 5914 qui
3469 5843 3557 5900 hic
3612 5851 3782 5915 poten-

2213 5929 2304 5989 tia:
2380 5927 2623 5988 claritate
2678 5931 3020 6005 conspicuus,
3075 5939 3200 6006 post
3264 5940 3493 5996 mortem
3537 5935 3778 6007 gehenne
