3972 6400
213 405 350 457 120!

1155 398 1745 458 DEFLORATIONES
1787 400 1892 457 SS.
1938 400 2246 460 PATRUM.
2288 431 2356 444 -—
2387 401 2514 458 LIB.
2546 402 2594 456 II

3388 404 3525 461 1202

209 527 444 598 ignibus
504 522 744 579 traditur
801 522 1142 579 cruciandus.
1199 525 1370 580 Porro
1417 525 1740 596 quibusdam
1769 532 1824 580 et
1851 526 1909 588 Α
1937 524 2064 581 liter
2083 525 2338 582 multatur
2367 526 2424 581 in
2456 541 2640 594 carne,
2671 533 2731 583 ut
2756 527 3038 596 sentiatur,
3066 535 3229 602 atque
3249 525 3526 584 intellecta

209 616 313 670 hic
341 621 396 670 et
427 613 539 667 illis
571 611 719 668 male
748 620 852 677 est,
883 613 1016 686 quia
1045 613 1250 683 corrigi
1277 613 1526 670 nolentes
1556 622 1609 670 et
1637 613 1828 686 ﬂagel-

215 703 324 758 lari
354 704 409 757 in
439 703 544 758 hac
575 701 691 755 vita
722 701 1000 772 incipiunt,
1042 709 1096 757 et
1139 701 1193 756 in
1241 710 1444 758 aeterna
1472 704 1827 774 percussione

224 801 591 855 damnantur.
633 798 856 853 Certum
886 808 969 853 est
997 799 1141 855 enim
1190 807 1336 854 tanto
1383 799 1634 873 immergi
1664 817 1827 872 quos-

227 890 360 945 dam
392 888 793 959 desperationis
815 886 1104 957 profundo,
1140 896 1196 943 ut
1225 904 1326 945 nec
1356 903 1456 960 per
1485 890 1701 960 flagella
1731 905 1829 946 va-

225 979 380 1034 leant
409 976 714 1032 emendari.
742 977 820 1031 De
851 977 1045 1048 quibus
1087 992 1184 1048 per
1227 979 1550 1048 prophetam
1581 978 1779 1034 dicitur
1813 993 1825 1033 :

238 1100 258 1123 κ
308 1076 538 1129 Frustra
567 1073 816 1144 percussi
866 1073 1007 1129 ﬁlios
1053 1081 1303 1140 vestros;
1345 1075 1690 1146 disciplinam
1720 1091 1828 1131 non

229 1171 562 1235 receperunt
619 1165 761 1232 (Jer.
800 1163 886 1231 ιι).
923 1183 944 1214 ι
1007 1162 1326 1233 Plerumque
1371 1164 1556 1232 justus
1599 1164 1824 1236 plangit,

229 1271 286 1317 et
316 1261 499 1316 nescit
521 1269 697 1314 utrum
731 1275 830 1330 pro
858 1260 1112 1314 omnibus
1149 1260 1390 1330 peccatis
1421 1260 1535 1316 suis
1563 1261 1830 1332 poeniten-

230 1352 310 1407 tia
352 1350 584 1421 patiatur
611 1347 846 1420 flagella,
896 1363 966 1402 an
1011 1364 1111 1419 pro
1142 1364 1249 1403 uno
1287 1353 1496 1404 tantum
1531 1368 1542 1403 :
1577 1358 1627 1404 et
1658 1349 1833 1405 nescit

229 1455 359 1513 qum
391 1440 459 1492 sit
488 1437 648 1508 culpa
679 1437 770 1491 illa
801 1452 901 1508 pro
919 1452 1026 1508 qua
1055 1437 1251 1492 meruit
1272 1437 1382 1508 pati
1403 1437 1673 1506 ejusmodi
1695 1454 1830 1508 sup-

230 1538 423 1609 plicia,
459 1545 510 1591 et
540 1551 642 1607 pro
673 1536 793 1605 ipso
827 1535 1084 1606 ambiguo
1106 1535 1336 1590 maxime
1367 1537 1421 1590 in
1443 1551 1677 1591 maerore
1706 1552 1832 1592 ver-

232 1634 416 1682 satur.
485 1624 749 1692 Quamvis
808 1624 1030 1696 flagella
1071 1625 1276 1694 justum
1306 1639 1337 1679 a
1366 1624 1605 1695 peccatis
1645 1625 1834 1680 absol-

231 1723 394 1782 vant,
427 1714 608 1769 adhuc
631 1722 808 1768 tamen
864 1714 964 1767 sub
1013 1712 1268 1768 vindictae
1297 1722 1441 1767 metu
1472 1713 1734 1779 turbatur,
1765 1728 1835 1769 ne

233 1811 508 1866 instantes
539 1810 589 1865 ei
648 1809 827 1881 plaga:
890 1807 1160 1864 sufficiant
1199 1809 1269 1863 ad
1300 1810 1586 1881 purganda
1613 1809 1832 1866 delicta.

1936 615 2276 671 emendetur.
2329 617 2471 672 Nam
2525 615 2690 672 citius
2742 615 2969 674 vulnera
3012 619 3197 675 carnis
3226 617 3528 674 sentiuntur

1936 720 2098 776 quam
2126 705 2328 760 animae
2361 722 2374 760 :
2407 705 2638 778 ideoque
2669 721 2770 776 per
2817 707 3006 763 carnis
3035 706 3253 778 flagella
3276 713 3527 763 errantes

1936 793 2095 849 citius
2152 793 2520 866 corriguntur.
2571 795 2689 850 Hoc
2731 796 2929 867 quippe
2983 794 3227 852 indicant
3273 794 3328 850 in
3373 793 3524 849 Pauli

1935 890 2110 947 oculis
2150 905 2450 964 squammae
2487 891 2820 948 inﬁdelitatis
2877 894 3020 964 (Act.
3071 895 3176 962 rx).
3224 891 3358 962 Quae
3394 892 3524 947 dum

1934 979 2175 1035 multata
2222 988 2344 1036 sunt
2394 995 2489 1051 per
2543 979 2968 1052 increpationem
3021 983 3078 1036 in
3116 981 3288 1038 oculis
3317 979 3522 1049 carnis,

1937 1067 2221 1124 confestim
2243 1067 2423 1124 soluta
2453 1077 2540 1125 est
2567 1068 2762 1125 duritia
2790 1071 3008 1126 mentis.

2007 1175 2105 1228 Est
2133 1174 2437 1246 perniciosa
2468 1175 2673 1231 sanitas
2703 1193 2827 1248 quae
2866 1176 2936 1231 ad
2966 1174 3388 1232 inobedientiam
3416 1175 3524 1230 bo-

1936 1262 2139 1318 minem
2169 1262 2342 1319 ducit.
2381 1265 2480 1318 Est
2509 1271 2562 1318 et
2593 1264 2823 1319 salubris
2852 1263 3134 1320 inﬁrmitas
3163 1281 3287 1337 quae
3315 1280 3416 1336 per
3445 1263 3527 1318 di-

1940 1351 2120 1406 vinam
2152 1353 2552 1424 correptionem
2581 1354 2782 1409 mentis
2820 1353 3076 1409 duritiam
3124 1352 3343 1426 frangit.
3383 1353 3529 1408 Lan-

1938 1464 2084 1522 guor
2105 1447 2326 1516 animm,
2383 1449 2442 1504 id
2499 1457 2582 1504 est
2618 1458 2968 1518 peccatorum
3014 1448 3298 1505 inﬁrmitas
3335 1448 3526 1521 perni-

1939 1537 2112 1593 ciosa.
2154 1538 2231 1592 De
2260 1552 2367 1610 qua
2397 1538 2560 1594 etiam
2606 1538 2934 1609 Apostolus:
2965 1563 2986 1586 α
3037 1538 3172 1608 Quis
3206 1536 3526 1604 inﬁrmatur,

1939 1634 1993 1682 et
2023 1641 2128 1698 ego
2148 1642 2256 1682 non
2289 1641 2422 1682 uror
2468 1627 2542 1697 (II
2595 1628 2718 1683 Cor.
2766 1629 2872 1696 ιιι),
2909 1650 2930 1677 υ
2991 1628 3131 1682 Nam
3161 1626 3528 1682 inﬁrmitatem

1943 1723 2127 1780 carnis
2156 1723 2341 1779 utilem
2373 1739 2496 1780 esse
2526 1723 2670 1780 idem
2693 1724 2990 1796 Apostolus
3006 1724 3281 1796 approbat
3301 1723 3491 1780 dicens
3516 1741 3530 1778 :

1950 1835 1971 1860 σι
2016 1811 2248 1881 Quando
2276 1812 2535 1878 inﬁrmor,
2569 1821 2696 1868 tunc
2724 1812 2917 1868 fortior
2948 1830 3067 1868 sum
3097 1813 3171 1881 (II
3198 1815 3321 1869 Cor.
3355 1815 3478 1871 xu).
3506 1837 3528 1861 -

238 1899 481 1955 Proinde
511 1914 646 1969 ergo
678 1898 804 1952 dum
838 1897 1156 1967 pmnitentia
1184 1898 1404 1968 patitur,
1439 1907 1488 1952 et
1513 1898 1692 1952 futura
1720 1914 1837 1968 per-
1865 1883 1918 1942 Β
1950 1901 2295 1956 Murmurare
2319 1901 2373 1954 in
2396 1900 2628 1974 flagellis
2666 1901 2764 1956 Dei
2812 1908 3070 1972 peccator
3115 1902 3282 1956 homo
3310 1915 3419 1957 non
3444 1900 3539 1955 de-

234 1987 506 2054 timescit,
571 1987 812 2058 quodam
868 1986 1033 2041 modo
1109 1986 1245 2041 sicut
1296 1986 1371 2041 ait
1424 1988 1688 2058 propheta
1743 2002 1841 2058 pro

242 2077 362 2132 suis
393 2075 634 2147 peccatis
664 2074 907 2146 duplicia
939 2074 1159 2146 recipit.

367 2237 443 2292 De
475 2235 818 2304 inﬁrmitate
849 2236 1058 2300 carnis,
1093 2239 1148 2290 et
1184 2236 1490 2292 tolerantia
1521 2235 1729 2292 diuina:

859 2308 1249 2378 correptionis.

324 2469 461 2524 Esse
500 2474 712 2524 constat
771 2466 1064 2522 nonnullos
1122 2466 1372 2536 ejusdem
1429 2466 1708 2540 qualitatis
1739 2467 1845 2522 ho-

254 2557 434 2612 mines
464 2555 557 2627 qui
613 2556 865 2610 nesciunt
901 2555 1121 2626 corrigi,
1174 2555 1279 2610 nisi
1310 2556 1449 2611 alios
1480 2555 1725 2612 viderint
1754 2556 1848 2610 fla-

257 2647 480 2720 gellari,
534 2644 723 2713 sicque
792 2643 1081 2715 proﬁciunt
1136 2645 1543 2713 comparatione
1580 2645 1848 2700 malorum

251 2744 382 2798 dum
424 2742 527 2797 sibi
567 2741 621 2795 id
661 2740 910 2797 accidere
949 2742 1136 2796 timent
1167 2742 1220 2795 in
1248 2757 1356 2811 quo
1394 2741 1532 2796 alios
1562 2742 1743 2812 perire
1779 2741 1850 2797 vi-

251 2833 407 2887 dent.
450 2829 729 2898 Quosdam
757 2829 945 2883 videns
969 2831 1114 2884 Deus
1145 2830 1287 2885 nolle
1313 2831 1536 2900 proprio
1567 2835 1693 2886 voto
1722 2845 1848 2886 cor-

253 2921 453 2990 rigere,
531 2917 919 2974 adversitatum
996 2919 1162 2990 tangit
1237 2917 1505 2981 stimulis;
1582 2919 1850 2990 quosdam

255 3016 419 3072 etiam
485 3015 782 3084 prwsciens
829 3016 975 3070 Deus
1016 3016 1245 3070 multum
1309 3031 1536 3086 peccare
1591 3032 1756 3086 posse
1793 3015 1848 3070 in

257 3106 510 3170 salutem,
554 3103 792 3175 flagellat
823 3119 920 3159 eos
975 3105 1218 3176 corporis
1249 3105 1586 3169 inﬁrmitate,
1619 3122 1687 3160 ne
1714 3119 1848 3175 pec-

257 3201 404 3260 cent,
463 3200 522 3247 ut
577 3193 660 3248 eis
713 3191 897 3247 utilius
945 3193 1012 3248 sit
1050 3193 1228 3265 frangi
1286 3193 1640 3264 languoribus
1667 3194 1735 3248 ad
1764 3207 1845 3247 sa.

245 3293 441 3360 lutem,
486 3307 650 3363 quam
697 3307 920 3346 manere
959 3291 1258 3347 incolumes
1296 3292 1364 3346 ad
1405 3291 1836 3347 damnationem.

246 3380 499 3436 Visitatio
527 3381 624 3435 Dei
657 3395 760 3434 nec
802 3397 1022 3450 semper
1068 3381 1121 3434 in
1171 3381 1378 3435 bonum
1427 3379 1711 3450 accipitur,
1743 3395 1845 3435 nec

247 3485 473 3539 semper
501 3470 556 3523 in
593 3468 816 3522 malum.
863 3469 921 3522 In
983 3469 1184 3523 bonum
1232 3469 1376 3524 enim
1421 3469 1678 3539 accipitur
1707 3469 1845 3523 sicut

253 3593 276 3618 α
320 3568 490 3622 Visita
521 3583 622 3622 nos
654 3567 706 3622 in
737 3567 961 3622 salutari
991 3575 1084 3622 tuo
1114 3568 1298 3635 (Psat.
1329 3568 1423 3628 cv)
1450 3587 1461 3622 :
1501 3590 1521 3615 υ
1556 3567 1610 3621 in
1640 3567 1842 3621 malum

248 3673 382 3713 vero
406 3657 560 3725 juxta
595 3656 768 3711 illud:
807 3678 829 3703 «τ
867 3659 924 3710 In
975 3665 1222 3727 tempore
1250 3657 1570 3711 visitationis
1599 3673 1712 3712 sua:
1752 3671 1846 3726 pe-

248 3746 441 3802 ribunt
476 3747 612 3814 (Jer.
645 3747 723 3814 x).
761 3767 782 3790 ι»
817 3745 1011 3799 Tribus
1067 3761 1134 3799 cx
1162 3745 1344 3801 causis
1390 3744 1728 3800 inﬁrmitates
1757 3760 1844 3799 ac-

249 3843 443 3900 cidunt
473 3842 818 3912 corporibus.
859 3842 912 3896 id
953 3850 1036 3896 est
1073 3859 1136 3897 ex
1167 3851 1412 3914 peccato,
1458 3859 1523 3898 ex
1553 3843 1844 3898 tentatione

251 3939 306 3986 et
336 3947 400 3986 ex
434 3931 850 4000 intemperantia
878 3930 1057 3985 carnis
1094 3933 1179 3986 vel
1218 3931 1518 4002 passionis.
1577 3931 1687 3986 Sed
1719 3931 1847 3986 huic

249 4029 433 4075 tamen
464 4019 779 4075 novissimae
809 4021 1046 4074 humana
1093 4028 1273 4090 potest
1309 4020 1580 4076 medicina
1617 4035 1847 4075 succur-

251 4133 413 4181 rere;
478 4116 585 4170 illis
625 4131 758 4170 vero
797 4116 910 4171 sola
968 4116 1146 4187 pietas
1204 4117 1404 4173 divinae
1435 4117 1842 4173 misericordias.

253 4205 362 4274 Qui
391 4203 722 4260 valentiores
751 4211 874 4258 sunt
900 4212 956 4260 et
985 4206 1124 4270 sani,
1156 4205 1285 4261 utile
1330 4215 1414 4261 est
1450 4206 1556 4260 illis
1585 4205 1846 4260 infirmari

253 4300 310 4350 et
339 4309 449 4349 non
504 4308 757 4364 peccare,
792 4309 858 4347 ne
906 4310 1006 4364 per
1037 4294 1284 4366 vigorem
1326 4294 1514 4349 salutis
1553 4295 1751 4350 illicitis
1784 4310 1844 4350 se

254 4382 603 4438 sordidantes
631 4381 986 4451 cupiditatum
1033 4392 1086 4438 et
1127 4383 1353 4439 luxuria:
1394 4383 1682 4439 desideriis
1711 4399 1846 4455 pec-

256 4488 401 4536 cent.
433 4479 641 4534 Duritia
681 4495 801 4550 quae
843 4488 1078 4537 mentem
1130 4480 1321 4552 premit
1351 4497 1453 4538 nec
1481 4481 1710 4537 sentitur
1737 4481 1846 4536 uti-

1879 3239 1928 3302 C

1953 1999 2059 2066 bet,
2078 1998 2201 2070 quia
2232 1998 2468 2054 maxime
2497 2015 2594 2070 per
2623 2000 2727 2054 hoc
2756 2015 2863 2070 quo
2891 1999 3182 2070 corripitur
3201 1997 3536 2054 emendatur.

1953 2087 2336 2160 Unusquisque
2395 2095 2575 2143 autem
2615 2096 2742 2143 tunc
2791 2088 2962 2143 levius
3009 2095 3190 2159 portat
3219 2087 3364 2159 quod
3393 2086 3541 2156 pati-

1954 2183 2055 2239 tur,
2089 2176 2134 2230 si
2167 2191 2266 2231 sua
2295 2177 2609 2232 discusserit
2637 2176 2779 2231 mala
2826 2193 2925 2248 pro
2977 2177 3176 2249 quibus
3205 2176 3281 2230 illi
3311 2175 3544 2230 infertur

1953 2273 2236 2329 retributio
2260 2274 2432 2343 justa.
2481 2275 2672 2330 Discat
2725 2289 2838 2328 non
2894 2288 3234 2328 murmurare
3275 2271 3366 2344 qui
3395 2271 3542 2326 mala

1952 2363 2192 2436 patitur;
2233 2361 2448 2418 etiamsi
2503 2363 2720 2434 ignorat
2771 2378 2867 2418 cur
2907 2361 3048 2416 mala
3094 2360 3334 2432 patiatur
3361 2367 3414 2415 et
3444 2375 3543 2432 per

1954 2453 2056 2508 hoc
2075 2453 2222 2524 juste
2251 2468 2311 2507 se
2333 2451 2442 2522 pati
2461 2451 2751 2506 arbitretur
2805 2465 2903 2521 per
2942 2449 3086 2522 quod
3117 2464 3184 2506 ac
3212 2449 3305 2505 illo
3328 2448 3540 2518 judica-

1955 2558 2065 2620 tur,
2097 2552 2254 2622 cujus
2283 2565 2557 2622 nunquam
2581 2548 2783 2618 injuste
2801 2547 3004 2618 judicia
3025 2555 3168 2603 sunt.
3197 2546 3301 2616 Qui
3323 2545 3544 2619 flagella

1955 2640 2207 2705 sustinet,
2249 2647 2299 2694 et
2322 2646 2511 2695 contra
2534 2639 2707 2694 Deum
2764 2643 3083 2703 murmurat,
3119 2635 3378 2706 justitiam
3402 2633 3545 2703 judi-

1955 2730 2126 2788 cantis
2157 2735 2396 2785 accusat.
2431 2727 2535 2796 Qui
2567 2742 2700 2783 vero
2726 2742 2786 2782 se
2822 2742 2851 2780 a
2875 2725 3025 2794 justo
3055 2725 3336 2796 cognoscit
3357 2722 3546 2792 judice

1955 2827 2065 2901 pati
2101 2843 2221 2898 quia
2249 2825 2493 2890 sustinet,
2527 2825 2688 2880 etiam
2718 2823 2763 2878 si
2784 2824 2888 2879 hoc
2914 2838 3016 2894 pro
3041 2837 3148 2895 quo
3178 2821 3379 2892 patitur
3397 2820 3545 2892 igno-

1957 2925 2056 2980 ret,
2090 2931 2191 2988 pro
2221 2917 2325 2970 hoc
2355 2923 2532 2968 tamen
2557 2910 2883 2982 justiﬁcatur
2919 2927 3022 2983 per
3050 2910 3195 2983 quod
3225 2917 3280 2966 et
3308 2909 3549 2980 seipsum

1957 3013 2177 3061 accusat
2205 3011 2258 3058 et
2287 3003 2386 3058 Dei
2415 3001 2671 3070 justitiam
2709 3000 2916 3064 laudat,
2951 3002 3084 3056 Dum
3127 3015 3192 3054 ex
3221 2997 3387 3053 rebus
3415 3013 3548 3068 pro-

1957 3093 2134 3165 speris
2160 3092 2342 3161 justus
2381 3089 2627 3161 exempla
2665 3096 2890 3160 praestet
2929 3087 3273 3154 hominibus,
3315 3100 3546 3142 necesse

1957 3198 2040 3246 est
2068 3205 2190 3244 eum
2248 3188 2446 3242 iterum
2485 3194 2540 3241 et
2576 3185 2992 3241 adversitalibus
3039 3184 3215 3255 tangi,
3276 3190 3545 3254 quatenus

1957 3280 2075 3348 ejus
2126 3275 2384 3348 patientia
2421 3273 2836 3344 comprobetur,
2884 3279 2942 3327 ut
2980 3273 3158 3328 denuo
3213 3270 3544 3326 fortitudinis

1951 3368 2280 3423 documenta
2332 3380 2396 3420 ex
2463 3378 2528 3419 eo
2584 3369 2823 3429 sumant,
2866 3361 2960 3432 qui
3008 3357 3388 3432 prosperitatis
3425 3359 3543 3428 ejus

1952 3464 2362 3534 temperantiam
2399 3466 2765 3532 agnoverunt.
2813 3458 2917 3528 Qui
2945 3457 3296 3530 passionibus
3335 3455 3541 3512 animae

1953 3553 2241 3608 insidiante
2280 3549 2593 3606 adversario
2618 3547 2908 3616 cruciatur,
2971 3562 3080 3601 non
3125 3546 3327 3604 idcirco
3355 3545 3543 3603 credat

1953 3659 2014 3699 se
2056 3641 2284 3697 alienari
2316 3655 2350 3694 a
2386 3638 2604 3694 Christo
2649 3636 2741 3707 qui
2778 3636 2906 3692 talia
2952 3634 3174 3708 patitur,
3229 3635 3328 3692 sed
3365 3635 3542 3708 magis

1952 3756 2051 3812 per
2077 3739 2182 3794 hoc
2210 3739 2325 3793 Deo
2363 3733 2854 3792 commendabilem
2892 3749 2952 3789 se
2989 3748 3114 3788 esse
3149 3732 3439 3800 existimet,
3472 3731 3539 3798 si,

1952 3839 2082 3894 dum
2115 3837 2230 3891 haec
2258 3833 2476 3906 patitur,
2495 3831 2679 3887 laudet
2700 3832 2874 3887 Deum
2893 3830 3073 3900 potius
3093 3845 3252 3904 quam
3267 3837 3540 3886 acccuset.

1953 3926 2037 3982 Ad
2067 3939 2314 3996 magnam
2343 3922 2623 3977 utilitatem
2653 3919 2837 3975 divino
2877 3918 3086 3988 judicio
3112 3933 3270 3974 mens
3292 3918 3424 3987 justi
3451 3915 3544 3972 di-

1953 4023 2133 4079 versis
2178 4021 2494 4094 passionum
2532 4017 2918 4074 tenlationibus
2951 4015 3147 4088 agitur.
3197 4015 3302 4072 Pro
3342 4014 3540 4086 quibus

1953 4113 2000 4168 si
2033 4114 2146 4168 Deo
2176 4111 2380 4184 gratias
2408 4107 2602 4179 egerit,
2635 4122 2858 4177 suaeque
2903 4104 3096 4174 culpa,
3131 4103 3276 4174 quod
3305 4102 3430 4158 talia
3457 4102 3541 4157 di-

1953 4217 2095 4274 gnus
2124 4200 2197 4254 sit
2225 4199 2355 4270 pati,
2388 4195 2749 4268 reputaverit,
2789 4195 2893 4251 hoc
2921 4191 3062 4264 quod
3094 4208 3162 4248 ex
3203 4190 3462 4264 passione
3490 4189 3542 4246 ei

1951 4289 2212 4346 acciderit
2249 4303 2346 4358 pro
2382 4285 2674 4342 virtutibus
2735 4281 3092 4355 reputabitur,
3152 4280 3276 4354 quia
3326 4288 3377 4336 et
3406 4277 3540 4335 divi-

1953 4394 2081 4435 nam
2111 4375 2362 4450 agnoscit
2392 4374 2689 4441 scicutiam,
2723 4380 2777 4430 et
2805 4387 2958 4428 suam
2998 4369 3223 4444 culpam
3249 4367 3530 4441 intelligit.

906 4757 1520 4863 DOMINICA
1593 4757 2199 4863 VIGESIMA
2277 4749 2892 4859 SECUNDA.

1476 4959 1874 5026 Secundum
1927 4959 2346 5025 Mattheeum.

344 5153 365 5178 α
402 5125 591 5184 Simile
619 5132 700 5181 est
728 5141 959 5198 regnum
991 5124 1248 5182 caelorum
1272 5123 1475 5181 homini
1499 5123 1621 5196 regi
1641 5123 1734 5196 qui
1762 5137 1863 5178 vo-
1891 5126 1945 5186 D
1976 5137 2046 5178 no
2074 5120 2450 5194 peccaminum
2478 5118 2690 5176 veniam
2718 5114 2876 5173 nobis
2904 5127 3003 5171 suo
3029 5125 3278 5182 munere,
3308 5119 3418 5166 non
3443 5121 3551 5164 no-

266 5219 367 5274 luit
399 5215 673 5272 rationem
703 5229 909 5285 ponere
929 5230 1050 5271 cum
1074 5212 1250 5268 servis
1277 5214 1392 5267 suis
1410 5214 1628 5280 (Matth.
1654 5211 1860 5281 xvni).»

271 5306 559 5363 Familiare
589 5312 672 5358 est
703 5303 875 5374 Syris,
909 5311 960 5358 et
1008 5302 1240 5358 maxime
1293 5301 1610 5366 Palaestinis,
1640 5301 1707 5355 ad
1740 5315 1863 5355 om-

271 5420 400 5461 nem
434 5417 742 5457 sermonem
774 5416 931 5454 suum
986 5399 1271 5470 parabolas
1320 5398 1579 5469 jungere,
1622 5404 1682 5452 ut
1721 5395 1868 5467 quod

273 5511 372 5566 per
402 5489 639 5558 simplex
674 5497 1002 5558 praeceptum
1041 5487 1218 5542 teneri
1247 5494 1580 5556 nou-potest,
1611 5501 1708 5555 per
1722 5483 1869 5538 simi-

277 5581 567 5638 litudinem
600 5585 866 5631 teneatur.
894 5578 1139 5649 Regnum
1159 5576 1420 5631 caelorum
1444 5574 1694 5645 iutellige
1718 5570 1870 5627 Chri-

280 5689 443 5742 stum,
486 5676 610 5729 ideo
649 5683 865 5728 terreno
905 5674 1022 5745 regi
1083 5671 1460 5733 assimilatum,
1507 5678 1564 5723 ut
1619 5669 1871 5724 ostendat

283 5770 536 5834 Oportere
567 5758 683 5812 sine
711 5773 935 5812 numero
965 5756 1174 5811 veniam
1225 5756 1356 5809 dare
1396 5752 1671 5807 conservis
1703 5750 1872 5821 poeni-

287 5851 546 5915 tentibus,
579 5861 701 5902 cum
730 5860 832 5916 per
860 5843 1144 5917 Evangelii
1173 5841 1399 5917 gratiam
1421 5840 1663 5896 omnium
1692 5838 1871 5896 omni-

1973 5220 2085 5268 stro
2115 5210 2309 5266 merito
2336 5209 2566 5282 largitus
2596 5207 2683 5264 sit.

2050 5331 2072 5357 α
2101 5309 2168 5364 Et
2195 5323 2320 5364 cum
2351 5305 2606 5377 coepisset
2647 5306 2914 5360 rationem
2961 5316 3184 5374 ponere,
3225 5297 3440 5355 oblatus
3470 5305 3556 5354 est

1976 5398 2026 5454 ei
2040 5413 2178 5453 unus
2200 5397 2294 5469 qui
2315 5395 2548 5452 debebat
2567 5393 2757 5450 decem
2778 5391 2949 5446 millia
2967 5391 3106 5446 talen
3117 5399 3191 5446 ta.
3224 5389 3356 5444 Cum
3373 5393 3557 5443 autem

1975 5503 2085 5544 non
2143 5485 2371 5541 haberet
2413 5483 2558 5539 unde
2611 5481 2887 5549 redderet,
2933 5479 3095 5550 jussit
3139 5493 3263 5534 eum
3294 5475 3560 5532 Dominus

1977 5581 2278 5639 venundari
2309 5590 2362 5637 et
2391 5596 2620 5637 uxorem
2649 5579 2766 5647 ejus
2794 5581 2850 5634 et
2879 5576 3019 5633 ﬁlios
3036 5583 3091 5632 et
3117 5575 3436 5645 omniaquae
3454 5571 3565 5628 ha-

1979 5672 2158 5736 bebat,
2201 5678 2253 5724 et
2282 5670 2461 5725 reddi.
2508 5696 2529 5716 ιι
2566 5667 2810 5724 Christus
2858 5665 3180 5722 meritorum
3229 5660 3566 5719 examinator

1973 5762 2088 5830 jam
2113 5774 2212 5830 per
2240 5757 2550 5828 Scripturas
2578 5773 2702 5812 cum
2733 5755 2907 5812 servis
2951 5754 3212 5810 rationem
3241 5751 3418 5824 ponit.
3457 5751 3567 5806 De-

1981 5863 2100 5904 cem
2132 5844 2296 5902 millia
2332 5845 2535 5903 talenta
2580 5845 2817 5903 debebat
2865 5844 2954 5916 qui
2991 5843 3061 5902 de
3084 5837 3566 5900 innumerabilibus
