3972 6412
422 394 561 450 1203

1567 385 1905 442 WERNEBI
1962 383 2248 442 ABBATIS
2305 382 2364 440 S.
2421 383 2638 442 BLASII

3599 397 3732 450 1204

421 513 658 590 peccatis
685 516 772 573 vel
800 504 1172 573 criminalibus
1216 511 1484 569 rationem
1529 509 1836 566 redditurus
1873 518 2010 566 erat.
2053 509 2106 572 Α
2135 509 2381 567 conservi
2409 509 2507 579 tui,
2539 510 2676 568 sicut
2703 517 2756 569 et
2784 527 2890 586 ego
2935 511 3006 569 tui
3037 513 3282 570 misertus
3319 532 3436 572 sum
3468 517 3584 575 ?Et
3619 518 3734 576 ira-

424 608 559 663 Cum
587 613 769 662 autem
797 621 908 661 non
936 605 1160 661 haberet
1204 602 1349 660 vires
1389 616 1564 672 neque
1606 600 1840 672 gratiam
1885 600 2032 656 unde

427 694 737 752 satisfacere
768 701 964 766 posset,
996 692 1166 749 sensit
1200 691 1256 746 in
1297 689 1586 762 Scripturis
1623 689 1750 760 quia
1779 689 1912 746 tales
1934 690 2032 760 ju-

423 793 517 850 bet
569 793 714 848 Deus
770 791 1087 860 venundari,
1147 797 1350 846 esterno
1415 786 1668 844 incendio
1734 785 2032 858 mancipari

425 898 550 940 cum
575 897 747 939 uxore
776 887 827 937 et
855 880 998 950 ﬁliis,
1028 883 1133 936 hoc
1161 889 1241 935 est
1267 895 1391 934 cum
1440 877 1752 949 insipientia
1796 885 1850 931 et
1881 877 2032 949 cogi-

424 971 716 1026 tationibus
742 970 922 1026 malis.
951 969 1134 1026 Justus
1177 984 1307 1026 vero
1336 983 1460 1023 cum
1504 982 1673 1023 uxore
1702 981 1768 1021 ac
1797 966 1941 1035 ﬁliis,
1976 965 2034 1020 id

429 1076 508 1123 est
526 1084 648 1122 cum
678 1067 943 1138 sapientia
973 1074 1026 1122 et
1071 1064 1491 1138 cogitationibus
1523 1063 1700 1128 bonis,
1731 1080 1788 1118 se
1817 1061 2032 1135 glorifi-

423 1165 664 1213 caturum
697 1156 979 1228 promittit.
1029 1155 1268 1211 Pretium
1316 1154 1520 1226 quippe
1563 1152 1768 1211 venditi
1816 1153 2029 1224 suppli-

422 1248 564 1304 cium
593 1246 835 1302 damnati
863 1246 1209 1318 intelligitur.

499 1373 524 1404 ιι
565 1351 858 1409 Procidens
913 1361 1094 1408 autem
1130 1365 1317 1410 servus
1357 1349 1448 1406 ille
1503 1348 1734 1421 rogabat
1762 1363 1908 1418 eum,
1939 1347 2029 1402 di-

425 1458 551 1498 cens
581 1458 598 1500 :
631 1441 950 1497 Patientiam
1007 1441 1150 1497 habe
1193 1440 1248 1496 in
1304 1456 1414 1506 me,
1473 1445 1526 1495 et
1580 1438 1767 1494 omnia
1800 1437 2026 1493 reddam

428 1532 541 1587 tibi.
578 1553 601 1580 υ
635 1531 853 1587 Timore
907 1533 1176 1603 gehennae
1239 1529 1549 1585 humiliatus
1594 1527 1726 1583 dicit
1757 1547 1769 1582 :
1807 1551 1829 1577 σι
1866 1529 2028 1582 Parce

422 1620 576 1691 mihi,
607 1619 841 1676 Domine
866 1639 878 1676 :
913 1627 968 1676 et
994 1635 1099 1692 ego
1129 1619 1354 1675 credens
1383 1633 1447 1674 ac
1473 1617 1743 1688 pmnitens
1769 1616 2028 1672 charitate

425 1718 669 1790 opariam
723 1717 1124 1774 multitudinem
1171 1723 1537 1789 peccatorum.
1587 1736 1610 1764 υ
1666 1714 1773 1771 Sed
1828 1722 2029 1770 notan-

425 1807 556 1863 dum
585 1805 729 1862 unde
757 1807 861 1864 hoc
912 1823 1114 1863 nomen
1168 1806 1312 1863 servi
1347 1805 1527 1875 primo
1556 1804 1612 1859 in
1637 1805 1881 1860 Latinam
1912 1804 2024 1858 lin-

423 1911 592 1970 guam
637 1895 916 1952 inductum
973 1895 1061 1952 sit.
1111 1894 1220 1951 Sed
1271 1874 1418 1950 enim
1463 1893 1609 1950 bella
1636 1894 1740 1949 hoc
1767 1894 2027 1949 fecerunt.
2057 1874 2112 1936 Β

424 1995 566 2051 Nam
595 2009 721 2050 cum
750 1995 915 2049 homo
959 1993 1156 2064 aliquis
1196 2000 1478 2065 superatus
1505 1991 1574 2047 ab
1605 1991 1712 2047 alio
1753 1991 1876 2062 jure
1904 1990 2036 2046 belli

425 2092 479 2139 et
505 2090 691 2154 posset
718 2082 914 2152 occidi,
975 2083 1103 2155 quia
1141 2089 1267 2139 tunc
1313 2088 1557 2138 servatus
1584 2089 1682 2150 est,
1715 2087 1896 2137 tamen
1924 2096 2035 2136 ser-

429 2190 529 2232 vus
556 2180 639 2229 est
665 2172 989 2246 appellatus.

499 2302 524 2331 ς
563 2279 812 2337 Miserius
867 2287 1048 2335 autem
1103 2277 1368 2334 Dominus
1421 2277 1562 2334 servi
1620 2277 1784 2346 illius,
1833 2277 2035 2334 dimisit

430 2385 575 2436 eum,
652 2377 708 2424 et
778 2368 1023 2424 debitum
1087 2367 1294 2422 dimisit
1342 2366 1412 2424 ei.
1458 2389 1481 2420 ι»
1545 2365 1800 2424 Peccator
1833 2383 2036 2439 rogans

427 2459 624 2529 accipit
676 2458 884 2514 donum
942 2459 1136 2514 decem
1189 2457 1422 2512 millium
1478 2457 1824 2524 talentorum,
1870 2457 1926 2512 id
1954 2465 2036 2512 est

425 2549 644 2606 veniam
699 2562 919 2604 suorum
977 2547 1414 2612 commissorum,
1463 2563 1588 2603 cum
1649 2545 1755 2601 sibi
1810 2546 2036 2602 assumit

427 2646 700 2703 medelam
731 2661 894 2716 quam
923 2646 1071 2702 Deus
1125 2644 1196 2701 ad
1242 2646 1349 2700 hoc
1404 2644 1649 2700 instituit.
1707 2645 1823 2700 Hoc
1851 2652 2032 2700 autem

427 2733 508 2803 ﬁt,
535 2735 584 2790 si
609 2735 886 2792 lavacrum
915 2733 1172 2806 baptismi
1215 2748 1324 2788 non
1353 2729 1494 2800 ﬁcte,
1526 2733 1613 2788 vel
1642 2733 1687 2787 si
1717 2742 1904 2804 postea
1927 2733 2035 2789 ba-

425 2824 687 2894 ptismum
713 2822 1048 2894 pmnitentite
1093 2821 1291 2879 devote
1336 2821 1612 2894 suscipiat.
1655 2822 1918 2877 Dimissus
1945 2821 2038 2878 ita-

430 2929 536 2984 que
565 2929 599 2968 a
627 2911 857 2969 vinculis
886 2909 1166 2984 praesentis
1220 2911 1429 2967 timoris
1481 2911 1756 2983 egreditur
1796 2911 1852 2965 in
1880 2927 2034 2982 spem

427 3002 631 3058 salutis.

503 3120 528 3150 ι
591 3099 856 3171 Egressus
907 3106 1087 3154 autem
1139 3113 1326 3153 servus
1380 3097 1469 3152 ille
1523 3097 1731 3154 invenit
1772 3114 1938 3154 unum
1967 3097 2038 3154 de

428 3189 704 3246 conservis
751 3187 864 3243 suis
920 3186 1012 3259 qui
1068 3186 1306 3242 debebat
1335 3187 1384 3242 ei
1429 3194 1647 3244 centum
1677 3185 1948 3255 denarios,
1983 3195 2038 3243 et

431 3287 620 3335 tenens
670 3275 970 3334 suﬂ‘ocabat
1018 3292 1165 3345 eum,
1225 3275 1454 3332 dicens:
1513 3276 1698 3333 Redde
1739 3277 1886 3347 quod
1931 3277 2034 3334 de-

429 3375 547 3434 bes.
582 3398 604 3425 »
668 3375 898 3430 Centum
954 3372 1300 3429 denariorum
1357 3371 1571 3429 debitor
1629 3381 1744 3429 erat
1771 3389 1934 3444 quem
1967 3374 2038 3431 de

431 3464 701 3536 aliquibus
729 3461 1036 3520 commissis
1079 3462 1137 3518 in
1180 3462 1401 3518 fratrem
1428 3478 1529 3533 per
1555 3461 1850 3519 vindictam
1880 3479 2036 3519 exar-

428 3554 557 3611 dere
575 3559 805 3611 constat.

505 3672 529 3699 α
569 3651 637 3706 Et
687 3649 975 3722 procidens
1016 3664 1308 3706 conservus
1361 3646 1481 3717 ejus
1515 3648 1749 3719 rogabat
1788 3665 1912 3704 eum
1953 3649 2036 3704 di-

431 3756 599 3796 cens:
660 3739 982 3797 Patientiam
1040 3739 1181 3795 habe
1238 3738 1294 3792 in
1349 3754 1459 3806 me,
1493 3745 1546 3794 et
1592 3738 1780 3795 omnia
1807 3738 2034 3794 reddam

435 3829 552 3886 tibi.
588 3851 610 3880 υ
637 3829 960 3886 Emendabo
1017 3827 1222 3884 scilicet
1257 3827 1484 3884 consilio
1509 3827 1592 3884 vel
1616 3827 1823 3900 judicio
1850 3828 2037 3885 Eccle-

430 3928 526 3984 size
555 3927 700 3998 quod
729 3927 953 3998 deliqui.

509 4057 533 4084 «ι
571 4034 670 4090 Ille
700 4042 880 4090 autem
908 4032 1109 4103 noluit;
1139 4032 1238 4088 sed
1267 4031 1474 4090 abiitet
1502 4033 1648 4088 misit
1674 4049 1796 4088 eum
1826 4033 1884 4089 in
1911 4050 2034 4090 car-

433 4139 613 4180 cerem
642 4123 814 4180 donec
865 4122 1123 4179 redderet
1176 4122 1442 4179 debitum.
1477 4143 1501 4171 η
1563 4123 1750 4180 Noluit
1799 4125 2038 4196 seipsum

434 4213 775 4270 considerare
844 4220 903 4268 ut
976 4212 1033 4268 in
1087 4212 1276 4283 spiritu
1329 4212 1565 4268 lenitatis
1622 4213 2043 4270 misericorditer

436 4309 642 4374 ageret,
672 4301 768 4357 sed
793 4301 1013 4357 recessit
1041 4317 1074 4356 a
1103 4301 1250 4358 bono
1279 4302 1469 4375 gratiae
1513 4318 1676 4373 quam
1709 4313 2036 4374 susceperat,

435 4400 655 4456 mittens
681 4414 1001 4455 conservum
1056 4399 1112 4454 in
1162 4415 1436 4456 carcerem
1493 4399 1627 4455 dirae
1658 4401 2036 4471 tribulationis,

435 4489 588 4560 quasi
614 4488 683 4544 ad
712 4491 815 4544 hoc
843 4489 1089 4545 fortassis
1126 4497 1183 4544 ut
1231 4489 1305 4546 ita
1359 4489 1599 4545 debitum
1633 4491 1837 4562 peccati
1865 4492 2040 4549 solve-

2064 3239 2115 3304 C

2142 608 2224 656 tus
2249 599 2504 658 dominus
2529 601 2650 672 ejus
2694 601 2914 658 tradidit
2967 619 3090 660 eum
3146 606 3737 678 tortoribus'quoadus-

2141 706 2244 761 que
2298 689 2547 746 redderet
2603 691 2912 748 universum
2969 693 3230 749 debitum.
3268 717 3290 744 υ
3353 696 3572 753 Vocatio
3619 700 3736 756 haec

2141 788 2198 843 ﬁt
2226 789 2368 845 intus
2397 790 2451 845 in
2481 791 2828 861 conscientia,
2883 793 3083 848 scilicet
3129 810 3249 848 cum
3299 795 3416 866 quis
3453 795 3505 851 in
3535 797 3734 870 despe-

2140 879 2403 934 rationem
2435 879 2641 935 incidit.
2699 882 2844 936 Deus
2899 890 3077 938 autem
3109 883 3249 954 apud
3281 901 3438 955 quem
3481 886 3624 942 nulla
3656 897 3738 943 est

2143 968 2519 1025 transmutatio
2568 986 2670 1025 nec
2712 971 3096 1027 vicissitudinis
3124 974 3464 1031 obumbratio
3494 977 3631 1040 (Jac.
3669 981 3733 1048 ι),

2141 1068 2304 1123 modo
2359 1069 2608 1123 misertus
2661 1069 2872 1138 dicitur,
2955 1071 3083 1142 quia
3137 1087 3303 1142 opera
3355 1073 3737 1132 misericordiae

2140 1157 2439 1226 impendit;
2471 1158 2636 1214 modo
2668 1159 2853 1228 iratus,
2888 1159 3014 1230 quia
3063 1161 3120 1215 in
3149 1170 3464 1234 perpetuum
3497 1165 3735 1236 punien-

2138 1245 2266 1301 dum
2292 1246 2441 1316 justo
2464 1247 2674 1316 judicio
2704 1250 2950 1306 tartareis
2975 1249 3234 1306 ministris
3263 1253 3441 1308 tradit.

2213 1369 2236 1395 α
2272 1348 2362 1405 Sic
2388 1356 2443 1402 et
2469 1348 2625 1404 Pater
2651 1365 2804 1404 meus
2859 1350 3090 1406 caelestis
3145 1351 3306 1408 faciet
3349 1353 3520 1421 vobis,
3549 1355 3593 1410 si
3623 1370 3736 1411 non

2137 1436 2446 1492 remiseritis
2473 1437 2841 1509 unusquisque
2899 1439 3046 1494 fratri
3102 1456 3198 1496 suo
3255 1441 3322 1496 de
3369 1442 3618 1498 cordibus
3647 1461 3736 1500 ve-

2136 1526 2276 1580 stris.
2315 1549 2336 1575 ιι
2367 1528 2588 1582 Constat
2642 1527 2788 1598 quia,
2839 1528 2884 1582 si
2932 1529 3034 1585 hoc
3063 1529 3208 1600 quod
3249 1529 3305 1584 in
3333 1547 3430 1587 nos
3458 1531 3732 1603 delinqui-

2138 1631 2238 1691 tur,
2272 1639 2340 1680 ex
2370 1624 2530 1680 corde
2584 1641 2693 1681 non
2733 1625 3068 1694 dimittimus,
3119 1635 3174 1683 et
3228 1627 3358 1684 illud
3399 1645 3578 1685 rursus
3606 1632 3731 1686 cxi-

2135 1714 2280 1785 gitur
2306 1713 2449 1784 quod
2477 1715 2635 1770 nobis
2663 1731 2761 1787 per
2813 1716 3185 1786 paenitentiam
3236 1717 3513 1774 dimissum
3571 1720 3736 1775 fuisse

2139 1802 2538 1876 gaudebamus.
2601 1805 2924 1861 Universum
2969 1805 3236 1876 siquidem
3278 1805 3514 1863 debitum
3545 1809 3738 1865 merito

2140 1902 2447 1972 persolvent
2492 1901 2736 1974 duplices
2783 1903 2967 1959 animo
2997 1911 3052 1959 et
3079 1903 3440 1961 inconstantes
3479 1906 3534 1960 in
3562 1908 3739 1963 omni-

2140 1991 2242 2047 bus
2297 1992 2398 2048 viis
2452 1992 2585 2062 suis,
2643 2007 2778 2062 quos
2830 1992 3106 2062 parabolae
3163 1994 3400 2050 exclusio
3437 1996 3741 2065 specialiter

2143 2081 2388 2152 percutit.
2412 2082 2520 2152 Ipsi
2551 2098 2786 2152 namque
2832 2081 2955 2138 ficte
2997 2090 3378 2140 conversantes
3414 2083 3468 2139 in
3497 2085 3740 2143 Ecclesia

2142 2195 2241 2234 nec
2285 2179 2596 2252 proximum
2643 2179 2852 2235 sincero
2900 2179 3094 2236 aﬁ‘ectu
3153 2179 3404 2254 diligunt,
3463 2199 3560 2238 nec
3605 2199 3740 2255 pure

2140 2269 2307 2324 solius
2335 2268 2436 2324 Dei
2467 2268 2660 2324 intuitu
2688 2268 2894 2340 aliquid
2931 2269 3152 2326 faciunt.
3185 2268 3342 2340 Quod
3372 2287 3502 2344 ergo
3540 2287 3740 2344 rogan-

2145 2358 2286 2413 tibus
2315 2358 2590 2413 dimiserat
2623 2358 2787 2427 Deus,
2847 2359 2902 2413 in
2950 2360 3056 2414 hoc
3108 2359 3359 2415 videlicet
3403 2361 3529 2430 quia
3555 2377 3740 2416 sacra-

2144 2465 2448 2512 mentorum
2464 2457 2904 2513 communionem
2932 2457 3286 2524 contulerant,
3312 2458 3368 2512 in
3387 2473 3583 2513 vanum
3605 2475 3741 2531 gau-

2143 2545 2272 2602 dent
2301 2546 2406 2602 sibi
2435 2562 2550 2602 esse
2593 2545 2874 2601 dimissum
2905 2561 3133 2616 quorum
3177 2545 3322 2604 ﬁctio
3360 2547 3641 2619 impedivit
3670 2564 3740 2602 ne

2143 2651 2328 2691 veram
2402 2637 2736 2708 susciperent
2791 2635 3183 2691 remissionem.
3259 2637 3457 2691 Rursus
3509 2637 3743 2710 exigitur

2143 2735 2392 2805 quamvis
2419 2752 2516 2807 per
2541 2735 2915 2806 paenitentiam
2943 2734 3222 2789 dimissum
3255 2734 3418 2790 fuisse
3445 2742 3737 2807 reputatur.

2143 2823 2428 2880 Orationes
2457 2839 2710 2896 namque,
2765 2823 2996 2894 jejunia,
3047 2824 3425 2896 eleemosynm,
3472 2831 3525 2878 et
3550 2824 3633 2879 his
3659 2825 3742 2878 si-

2141 2913 2312 2981 milia,
2362 2929 2487 2970 cum
2545 2913 2651 2968 sint
2703 2912 2903 2968 directe
2955 2912 3318 2982 querentibus
3345 2928 3614 2968 summum
3642 2913 3741 2969 bo-

2140 3028 2271 3066 num
2322 3011 2565 3067 remedia
2608 3019 2974 3084 peccatorum,
3029 3009 3166 3065 ﬁctis
3220 3027 3362 3082 vaga
3391 3010 3735 3067 ﬂuctuatione

2142 3101 2340 3156 mentis
2391 3108 2670 3156 vertuntur
2731 3100 2786 3154 in
2843 3099 2993 3155 falsae
3034 3099 3150 3172 spei
3201 3100 3538 3155 securitatem
3583 3107 3637 3154 et
3682 3099 3740 3153 iu

2145 3190 2349 3262 peccati
2380 3189 2679 3247 fomentum
2705 3208 2716 3245 :
2751 3189 2886 3245 Hinc
2915 3197 2992 3245 est
3017 3188 3148 3244 illud
3179 3208 3191 3244 :
3232 3212 3254 3238 «
3301 3189 3364 3244 Et
3425 3187 3596 3244 oratio
3625 3189 3744 3258 ejus

2141 3279 2236 3334 ﬁat
2279 3279 2336 3334 in
2391 3286 2671 3350 peccatum
2716 3279 2894 3348 (Psal.
2950 3279 3127 3349 cvm).
3171 3300 3193 3327 η
3255 3278 3407 3334 Prius
3460 3286 3738 3348 acceptam

2143 3391 2356 3447 quoque
2387 3375 2602 3446 plenam
2633 3382 2978 3446 peccatorum
3025 3373 3495 3443 condonationem,
3531 3381 3585 3429 et
3609 3373 3740 3428 inti-

2142 3481 2249 3521 mae
2276 3465 2466 3538 gratiae
2496 3464 2864 3520 adhaesionem
2893 3463 3048 3518 multi
3089 3463 3440 3519 criminaliter
3463 3469 3730 3531 corruunt,

2141 3571 2198 3620 ut
2229 3566 2413 3621 Petrus
2434 3571 2487 3620 et
2515 3563 2711 3631 David,
2751 3563 2843 3633 qui
2872 3563 3122 3618 fortiores
3166 3569 3526 3617 surrexerunt.
3557 3563 3736 3616 Justus

2143 3654 2286 3710 enim
2317 3654 2361 3709 si
2381 3653 2634 3709 ceciderit
2675 3667 2783 3708 non
2839 3651 3140 3718 collidatur,
3185 3652 3312 3722 quia
3357 3651 3620 3706 Dominus
3646 3651 3735 3721 qui

2143 3744 2285 3816 rapit
2307 3745 2515 3816 justum
2548 3759 2616 3798 ne
2645 3741 2849 3798 malitia
2895 3742 3142 3797 immutat
3193 3741 3311 3811 ejus
3353 3756 3604 3810 sensum;
3650 3757 3738 3796 ca-

2142 3839 2288 3897 denti
2335 3839 2596 3912 supponit
2623 3855 2846 3894 manum
2876 3855 3028 3894 suam
3076 3840 3258 3909 (Prol.
3317 3838 3528 3908 xxxvi),
3559 3844 3618 3892 ut
3645 3838 3734 3908 qui

2143 3930 2288 3986 cadit
2315 3947 2412 4002 per
2465 3928 2830 3985 inﬁrmitatem
2877 3927 3072 3994 carnis,
3105 3942 3208 3998 per
3235 3927 3603 3999 pmnitentiam
3650 3943 3738 3982 re-

2143 4027 2352 4092 surgat.
2391 4018 2528 4089 Quis
2570 4034 2703 4091 ergo
2744 4017 2941 4073 audeat
2985 4017 3164 4072 dicere
3213 4016 3283 4072 de
3323 4022 3400 4072 sic
3453 4017 3738 4088 assumptis

2144 4119 2198 4175 in
2218 4120 2417 4192 gratia,
2439 4127 2499 4174 ut
2525 4119 2671 4175 Deus
2701 4133 2971 4188 quemque
3019 4116 3131 4174 labi
3176 4117 3450 4189 permittat
3475 4131 3645 4186 usque
3671 4115 3738 4170 ad

2146 4209 2582 4266 damnationem.
2623 4209 3006 4264 Verumtamen
3033 4207 3078 4262 si
3109 4223 3244 4277 quos
3268 4206 3513 4262 damnari
3542 4205 3736 4261 contin-

2143 4313 2239 4379 gat
2269 4321 2284 4376 ;
2341 4307 2527 4362 dicunt
2553 4305 2774 4376 quidam
2806 4305 2970 4375 justa
3000 4304 3336 4374 parabolam,
3369 4303 3494 4374 quia
3521 4311 3738 4373 peccata

2144 4396 2292 4466 prius
2345 4395 2567 4451 dimissa
2597 4395 2761 4452 etiam
2801 4393 3012 4464 judicio
3061 4393 3320 4449 Ecclesiae
3376 4392 3737 4464 temporaliter

2145 4485 2331 4558 punita
2358 4484 2603 4551 redeunt,
2625 4491 2684 4540 ut
2711 4484 3035 4541 aiternaliter
3077 4484 3385 4555 puniantur.
3419 4483 3568 4537 Sicut
3594 4481 3734 4536 enim

432 4587 535 4648 ret,
567 4596 634 4633 ne
665 4577 793 4649 quid
822 4577 877 4633 in
909 4577 1087 4634 futuro
1115 4579 1334 4652 gravius
1362 4579 1651 4636 ulciscendi
1693 4588 2022 4636 remaneret.
2061 4610 2114 4670 D
2140 4583 2348 4654 justitia
2375 4583 2518 4639 delet
2545 4591 2665 4639 acta
2721 4589 2959 4653 peccata,
3016 4581 3092 4637 sic
3149 4581 3409 4650 injustitia
3451 4579 3734 4636 succedens

436 4678 634 4734 Evenit
688 4679 888 4750 itaque,
933 4678 1091 4748 juxta
1145 4678 1482 4749 Apostolum,
1529 4677 1675 4748 quod
1703 4679 1797 4735 illa
1825 4679 2036 4735 tristitia

438 4767 774 4836 absorbetur,
807 4775 860 4823 et
885 4767 985 4822 iste
1031 4767 1188 4840 periit
1236 4768 1328 4839 qui
1378 4766 1598 4824 fratrem
1627 4767 1760 4836 odit,
1791 4775 1844 4823 et
1869 4768 1926 4823 in
1954 4769 2036 4824 ri-

435 4871 570 4929 gore
591 4856 816 4926 justitiae
845 4855 1062 4912 excedit
1105 4854 1188 4926 (II
1223 4857 1346 4914 Cor.
1381 4855 1464 4926 ιι).
1499 4855 1600 4911 Pro
1658 4871 1766 4927 quo
1813 4873 2035 4913 excessu

434 4957 690 5030 scriptum
723 4966 804 5013 est
835 4977 846 5014 :
886 4980 908 5008 ‹ι
969 4958 1066 5013 Est
1085 4957 1263 5028 justus
1316 4957 1407 5029 qui
1456 4956 1596 5027 perit
1624 4956 1678 5011 in
1701 4955 1912 5027 justitia
1938 4975 2036 5015 sua

435 5047 646 5114 (Ecclc.
685 5049 786 5118 vn)
799 5088 812 5102 .
857 5069 880 5096 »

511 5177 536 5204 α
577 5154 834 5210 Videntes
863 5161 1042 5211 autem
1073 5153 1316 5211 conservi
1371 5154 1491 5224 ejus
1521 5169 1642 5224 quae
1667 5153 1869 5210 ﬁebant
1895 5171 2035 5211 con-

436 5244 623 5302 tristati
653 5252 776 5300 sunt
805 5244 989 5301 valde.
1056 5244 1122 5299 Et
1176 5251 1438 5300 venerunt
1467 5251 1518 5299 et
1547 5251 1902 5300 narraverunt
1928 5245 2034 5302 do-

430 5334 579 5392 mino
635 5349 734 5391 suo
790 5334 978 5390 omnia
1023 5349 1145 5405 quae
1202 5333 1346 5390 facta
1376 5333 1614 5389 fuerant.
1655 5352 1681 5384 ιι
1717 5333 2035 5406 Spirituales

428 5433 518 5500 qui
545 5435 730 5490 omnia
779 5432 1028 5504 judicant
1074 5432 1200 5488 talia
1240 5432 1484 5487 videntes
1520 5432 1919 5499 contristantur,
1982 5439 2036 5490 et

428 5524 676 5578 nuntiant
710 5521 947 5580 Domino
977 5521 1047 5578 ad
1103 5521 1505 5595 corrigendum,
1537 5521 1655 5591 ejus
1683 5521 2033 5594 implorantes

428 5610 710 5668 auxilium.

499 5727 522 5754 α
568 5707 718 5765 Tunc
747 5710 968 5766 vocavit
1025 5710 1177 5764 illum
1237 5709 1492 5764 dominus
1535 5725 1680 5775 suus,
1714 5715 1765 5764 et
1795 5709 1871 5764 ait
1895 5710 1972 5764 illi
2011 5730 2024 5766 :

419 5785 584 5850 Serve
614 5807 871 5867 nequam,
901 5811 1066 5853 omne
1093 5798 1333 5853 debitum
1363 5798 1544 5854 dimisi
1601 5798 1714 5867 tibi,
1766 5799 2021 5868 quoniam

415 5881 616 5949 τομεὶὶ
675 5900 792 5942 me.
853 5879 1051 5939 Nerine
1107 5901 1242 5954 ergo
1299 5885 1536 5956 Oportuit
1583 5893 1636 5941 et
1682 5894 1733 5941 te
1771 5886 2022 5943 misereri

2137 4672 2401 4742 justitiam
2422 4671 2659 4742 perimit,
2683 4687 2789 4743 qua
2840 4671 3094 4726 damnata
3139 4678 3326 4726 contra
3381 4669 3561 4740 priora
3606 4684 3732 4740 pec-

2144 4770 2263 4819 cata
2291 4762 2439 4818 nulla
2465 4768 2711 4818 remanet
2763 4760 3054 4817 medicina.
3111 4759 3256 4818 Dicit
3301 4759 3446 4813 enim
3475 4757 3730 4813 Dominus

2141 4877 2242 4932 per
2267 4861 2586 4932 pr0phetam
2615 4877 2628 4914 :
2668 4883 2690 4907 α
2724 4857 2863 4928 Quia
2892 4874 3208 4928 quacunque
3238 4856 3324 4911 die
3351 4857 3524 4927 justus
3552 4870 3733 4925 pecca-

2144 4951 2296 5016 verit,
2319 4965 2509 5006 omnes
2531 4948 2754 5020 justitia:
2800 4948 2915 5018 ejus
2945 4948 2999 5002 in
3029 4946 3301 5002 oblivione
3333 4952 3487 5002 erunt
3513 4944 3727 5016 (Ezech.

2141 5042 2324 5110 xvm).
2354 5062 2374 5086 »
2401 5039 2504 5095 Ubi
2535 5055 2664 5111 ergo
2685 5054 2793 5094 non
2827 5037 2986 5093 fuerit
3014 5036 3288 5092 charitatis
3319 5033 3728 5106 perseverantia,

2143 5138 2290 5193 nulla
2341 5136 2612 5192 sufficiens
2664 5144 2744 5192 est
2795 5133 3138 5204 paenitentia.
3205 5132 3357 5189 Unde
3417 5152 3450 5184 a
3506 5129 3732 5203 peccatis

2142 5227 2316 5282 soluto
2371 5226 2608 5282 dicitur:
2663 5246 2689 5272 α
2737 5223 2904 5291 Vade,
2963 5231 3018 5278 et
3072 5221 3304 5292 amplius
3358 5221 3468 5275 noli
3514 5233 3731 5290 peccare

2143 5326 2327 5396 (Ιοαη.
2358 5327 2498 5393 vm).
2537 5345 2558 5372 ιδ
2610 5323 2908 5380 Saeculares
2953 5336 3170 5392 quoque
3219 5321 3366 5392 leges
3394 5325 3614 5389 prepter
3644 5317 3727 5372 iu-

2139 5413 2494 5487 gratitudines
2523 5412 2783 5484 quasdam
2811 5418 3070 5467 revocant
3098 5408 3457 5464 manumissos
3479 5407 3548 5462 ad
3585 5407 3731 5478 prio-

2139 5530 2254 5569 rem
2281 5512 2613 5567 servitutem.
2649 5509 2957 5582 Opponitur
3002 5515 3180 5563 autem
3207 5507 3472 5576 propheta
3501 5523 3513 5558 :
3554 5527 3576 5553 α
3609 5505 3724 5558 Non

2139 5617 2426 5682 consurget
2455 5607 2653 5681 duplex
2693 5606 2964 5663 tribulatio
3022 5606 3272 5674 (Nahum
3299 5604 3362 5673 ι).
3399 5625 3420 5649 οι
3457 5603 3551 5658 Vel
3578 5601 3726 5670 juxta

2137 5701 2299 5757 aliam
2341 5698 2745 5755 translationem
2793 5716 2805 5751 :
2844 5719 2866 5744 «ι
2925 5695 3049 5750 Non
3089 5693 3356 5763 judicabit
3389 5694 3528 5747 Deus
3570 5689 3652 5746 bis
3678 5689 3728 5744 in

2137 5798 2392 5870 idipsum.
2428 5819 2450 5844 ι»
2485 5795 2593 5851 Sed
2622 5811 2730 5850 non
2771 5801 2870 5861 est,
2899 5801 2959 5847 ut
3006 5790 3171 5862 aiunt,
3221 5789 3440 5863 duplex.
3492 5789 3602 5844 imo
3630 5803 3730 5843 una

2138 5885 2409 5943 tribulatio
2458 5893 2509 5942 et
2546 5901 2655 5941 una
2702 5882 2928 5955 punitio,
2982 5897 3104 5938 cum
3135 5897 3225 5952 qui
3254 5895 3360 5936 non
3393 5895 3470 5934 est
3503 5878 3586 5932 hic
3615 5877 3728 5933 suf-
