3972 6402
285 386 317 437 1
332 386 443 441 ἱθὸ

1200 391 1778 454 DEFLORATIONES
1816 399 1922 456 SS.
1967 400 2267 460 PATRUM.
2297 433 2369 445 —
2395 404 2523 461 LIB.
2564 406 2635 461 II.

3455 416 3589 472 1206

288 503 558 611 ficienter
585 509 828 611 punitus,
860 517 1055 611 postea
1107 508 1347 581 punitur.
1367 508 1518 611 ‘l‘ioﬂu
1547 505 1894 611 ἰγτθῑίοιξρῦί-
1923 512 1977 574 Α
2008 523 2261 581 doctores
2289 527 2429 583 sacri
2473 528 2675 598 eloquii
2719 530 3049 607 scripserunt
3088 518 3362 609 originale
3388 552 3588 611 pecca-

290 594 430 650 liter
457 612 679 669 quoque
709 605 895 668 putant
912 599 1125 670 priores
1143 598 1406 669 peccandi
1424 596 1648 653 affectus
1668 596 1897 661 redisse,

285 683 459 753 juxta
489 687 813 756 parabolam
854 688 907 742 in
937 702 1045 759 qua
1102 688 1325 758 spiritus
1354 686 1662 741 immundus
1691 692 1897 755 septem

296 781 450 835 alios
483 783 708 853 spiritus
726 785 1021 855 nequiores
1043 801 1107 839 se
1137 800 1425 839 assumens
1453 784 1581 839 dicit
1612 802 1624 838 :
1659 806 1681 831 α
1709 782 1902 838 Rever-

299 877 390 925 tar
419 871 476 924 in
506 872 731 928 domum
762 889 940 929 meam
971 875 1117 928 unde
1146 874 1288 927 exivi
1318 877 1477 939 (Luc.
1510 880 1607 940 ιι).
1644 895 1666 919 ιι
1687 870 1898 926 Etenim

297 968 565 1030 peccator
603 960 658 1015 in
714 970 841 1018 actu
880 962 1040 1017 unius
1077 961 1376 1018 criminalis
1406 977 1679 1033 apparens
1733 959 1903 1014 multa

293 1055 697 1128 intelligendus
770 1067 854 1113 est
929 1059 1133 1113 habere
1173 1058 1229 1114 in
1288 1058 1499 1124 affectu,
1540 1058 1678 1113 sicut
1723 1056 1902 1126 justus

294 1144 471 1200 multo
545 1146 727 1217 plures
773 1147 932 1202 habet
992 1148 1221 1202 virtutes
1276 1147 1473 1202 atl'ectu
1538 1161 1699 1217 quam
1755 1153 1899 1200 actu.

290 1232 432 1289 Aliis
474 1249 608 1289 vero
638 1234 851 1290 videtur
878 1235 1023 1307 quod
1054 1251 1153 1306 pro
1184 1236 1293 1289 illis
1322 1234 1582 1304 peccatis,
1607 1234 1675 1289 de
1706 1233 1903 1305 quibus

291 1322 463 1377 homo
486 1323 603 1379 Deo
630 1340 731 1395 per
750 1324 1121 1396 pwnitentiam
1145 1322 1425 1390 satisfecit,
1448 1339 1557 1378 non
1578 1324 1647 1377 sit
1669 1322 1904 1393 amplius

291 1419 629 1490 puniendus,
685 1421 785 1476 etsi
842 1430 1033 1491 postea
1090 1422 1174 1476 vel
1235 1421 1430 1475 similia
1498 1419 1585 1475 vel
1642 1420 1905 1492 graviora

290 1518 621 1574 committat.
659 1519 917 1574 Peccator
951 1519 1169 1590 quidem
1202 1518 1267 1574 fit
1312 1518 1450 1573 sicut
1478 1518 1626 1587 prius
1668 1523 1808 1583 erat,
1850 1524 1906 1571 et

291 1621 397 1675 pro
434 1607 821 1677 ingratitudine
853 1607 1247 1661 misericordia)
1293 1607 1395 1660 sibi
1443 1606 1684 1675 inpensae
1727 1607 1902 1676 magis

291 1720 425 1758 reus
449 1704 697 1760 efﬁcitur.
730 1706 1058 1760 Universum
1103 1721 1235 1775 ergo
1272 1705 1521 1759 debitum
1572 1703 1901 1773 persolven-

292 1792 432 1847 dum
453 1793 639 1847 dicunt
667 1809 774 1848 non
821 1794 951 1848 illud
1005 1795 1150 1865 quod
1191 1794 1307 1862 jam
1359 1793 1722 1848 condonatum
1761 1798 1898 1853 erat,

2000 619 2116 668 tum
2179 614 2234 669 in
2299 616 2572 688 baptismo
2625 620 2857 677 transire
2914 632 3085 693 reatu,
3149 627 3248 682 sed
3297 643 3588 685 remanere

2000 719 2119 766 actu
2152 730 2165 767 :
2199 715 2441 785 corporis
2471 716 2676 773 scilicet
2706 718 3011 787 dissolutio,
3042 731 3095 779 et
3122 740 3416 782 numerosa
3445 736 3585 781 tem-

2002 800 2259 869 poralium
2292 802 2595 860 defectuum
2637 808 2940 864 multitudo.
2992 809 3151 879 Quod
3194 813 3267 869 ad
3309 815 3415 871 hoc
3461 814 3587 888 qui-
3676 884 3677 887 η

1999 889 2125 943 dem
2156 889 2425 960 plurimun
2466 893 2629 963 valet,
2661 897 2786 967 quia
2825 898 3004 954 omnis
3040 900 3217 956 virtus
3263 902 3320 958 in
3360 901 3590 960 infirmi-

2000 992 2105 1039 tate
2134 986 2411 1056 perﬁcitur
2448 990 2534 1057 (II
2569 990 2697 1047 Cor.
2752 993 2855 1063 xu)
2888 1009 2900 1049 :
2933 993 3093 1051 simul
3121 995 3285 1053 etiam
3314 1014 3383 1054 ne
3429 999 3587 1071 quis-

2004 1074 2256 1145 baptismi
2287 1078 2521 1145 gratiam
2552 1080 2624 1134 ob
2651 1082 2939 1151 praesentis
2967 1083 3091 1140 vitae
3136 1083 3446 1143 felicitatem
3485 1104 3588 1160 pe-

2001 1170 2155 1232 teret,
2185 1173 2237 1219 et
2260 1166 2340 1222 sic
2370 1182 2470 1222 nec
2486 1168 2641 1223 istam
2663 1169 2829 1242 digne
2855 1171 3079 1228 haberet
3100 1190 3200 1229 nec
3235 1174 3305 1229 ad
3325 1182 3587 1233 aeternam

2002 1262 2337 1331 perveniret.
2379 1264 2468 1321 Sic
2488 1281 2705 1338 quoque
2733 1268 2962 1324 actualis
2991 1271 3201 1341 peccati
3230 1288 3331 1343 per
3349 1272 3590 1330 viviﬁca-

2003 1351 2202 1404 tionem
2252 1353 2445 1407 mentis
2491 1362 2697 1410 :eterna
2744 1372 2916 1427 poena
2961 1358 3208 1414 relaxata
3264 1360 3596 1433 relinquitur

2004 1441 2337 1509 temporalis,
2388 1450 2446 1496 ut
2494 1446 2640 1515 quod
2709 1444 2898 1501 illicita
2957 1447 3153 1503 animis
3208 1448 3589 1516 delectatione,

2002 1537 2119 1592 sive
2149 1538 2309 1592 etiam
2359 1541 2565 1596 carnali
2612 1542 2887 1614 voluptate
2933 1545 3264 1602 commissun
3310 1555 3393 1603 est
3439 1549 3596 1603 satis-

2003 1626 2249 1680 factionis
2270 1628 2630 1684 amaritudine
2647 1629 2810 1701 digne
2832 1641 3098 1705 purgetur
3115 1634 3185 1689 ab
3206 1635 3442 1701 homine,
3466 1637 3592 1691 dum

2003 1714 2147 1782 licet,
2181 1720 2263 1786 ne;
2283 1717 2580 1773 districtius
2610 1735 2643 1773 a
2675 1720 2789 1775 Deo
2833 1722 3090 1791 puniatur
3133 1722 3189 1778 in
3221 1722 3416 1779 futuro.
3449 1724 3593 1780 Nul-

2007 1813 2117 1866 lum
2148 1815 2291 1868 enim
2322 1816 2523 1871 malum
2553 1819 2790 1887 praeterit
2818 1820 3165 1890 impunitum.

292 1888 397 1980 Sed
449 1890 647 1980 ΔΡοιιιὶε
694 1889 1124 1980 misericordiam
1183 1906 1347 1961 quam
1408 1890 1527 1943 aliis
1578 1888 1896 1980 impellflel‘e
1926 1871 1978 1930 Β
2078 1902 2362 1959 Confessio
2416 1871 2581 1977 igitur
2627 1871 3324 1966 convenienterque—tilum
3379 1919 3480 1980 est,
3538 1920 3599 1967 ut

289 1977 505 2047 debuit,
537 1994 635 2049 pro
664 1995 732 2035 eo
761 1980 907 2051 quod
937 1979 1370 2035 misericordiam
1396 1986 1697 2047 acceperat.
1742 1976 1895 2032 Unde
1998 1991 2087 2061 qui
2126 1991 2181 2046 in
2219 2007 2322 2048 ειη
2361 2002 2629 2065 potestate
2670 1996 2878 2067 ροείιυε
2904 2013 2936 2052 ε
2980 1999 3096 2054 Deo
3122 1976 3475 2068 discesserat;
3497 2000 3598 2056 sub

289 2082 345 2130 et
374 2074 503 2128 alibi
539 2091 554 2128 :
590 2098 613 2123 α
648 2073 772 2144 Qua
801 2091 1062 2131 mensura
1090 2076 1266 2131 mensi
1309 2075 1540 2141 fueritis,
1581 2074 1898 2130 remetietur
1995 2080 2104 2136 alio
2152 2080 2365 2151 positus
2411 2098 2535 2139 cum
2584 2085 2884 2142 humilitate
2926 2095 2981 2143 et
3023 2086 3313 2144 devotione
3360 2090 3588 2146 rediret.

286 2163 454 2219 vobis
497 2163 719 2234 (Hatth.
752 2166 870 2234 vn).
906 2188 927 2213 υ
962 2165 1106 2220 Talis
1140 2180 1273 2237 ergo
1326 2174 1405 2221 est
1454 2163 1713 2235 parabola
1752 2178 1819 2253 ac
1849 2164 1883 2217 si

1997 2176 2127 2232 Ideo
2176 2179 2323 2234 Deus
2386 2180 2619 2237 instituit
2665 2184 3008 2240 sacerdotem
3048 2185 3168 2241 sive
3209 2185 3488 2253 vicarium,
3545 2195 3599 2243 et

286 2253 505 2343 dicatur
538 2270 551 2306 :
585 2253 642 2309 Si
671 2253 793 2308 aliis
816 2268 927 2309 non
956 2254 1122 2310 vultis
1154 2254 1419 2343 misereri
1455 2254 1603 2343 sicut
1633 2252 1897 2343 Dominus
1997 2267 2151 2335 quasi
2180 2268 2474 2336 medicum,
2506 2271 2590 2327 cui
2619 2280 2970 2343 ρεοοειοηπη
3016 2273 3250 2329 vulnera
3296 2275 3367 2330 ιιι
3395 2289 3599 2331 καί.-

287 2340 551 2431 misertus
617 2350 719 2431 est
757 2342 932 2407 vobis,
995 2351 1223 2413 peccata
1286 2342 1668 2407 condonanda,
1734 2342 1897 2431 Pater
1996 2356 2125 2410 dum
2175 2357 2582 2431 detegerentur,
2619 2340 2682 2416 in
2724 2369 2981 2431 peccem,
3023 2376 3133 2417 non
3176 2377 3211 2417 ι
3253 2378 3335 2429 δε,
3385 2362 3483 2419 “ad
3525 2364 3597 2419 ab

286 2429 529 2526 ccclesiis
558 2431 661 2526 hoc
689 2429 929 2486 debitum
961 2432 1193 2502 exigeta
1215 2432 1396 2487 vobis.
1428 2431 1711 2486 zEstimant
1730 2430 1898 2501 igitur
1995 2453 2100 2508 alio
2135 2429 2371 2526 anu-0,},
2417 2429 2739 2512 humilitati;
2774 2473 2939 2514 causa
2988 2457 3378 2515 εειίετιοιίοηίε
3416 2460 3597 2515 medi-

286 2518 495 2617 ἀξθίυω
522 2518 588 2573 δά
617 2527 881 2575 ‘errorem
912 2536 1038 2575 esse
1065 2521 1219 2619 'QE‘Od
1260 2521 1607 2619 θξροδίίοτθδ
1652 2534 1896 2618 fumium
1996 2545 2173 2599 cinam
2203 2518 2484 2616 suscipiat.
2519 2547 2656 2601 Sunt
2686 2547 2828 2601 enim
2859 2555 3200 2603 sacramenta
3242 2548 3398 2619 quasi
3440 2564 3597 2618 quc—

285 2608 435 2707 Ῑξξίθῗ
461 2616 950 2707 δδδθνυηξτυξδυδ
992 2609 1137 2681 ﬂigi
1177 2610 1323 2707 (1³ρά
1369 2625 1472 2706 Ρθίξ
1518 2608 1896 2707 ῐξωοίιθηίίθω
1995 2632 2122 2687 dam
2177 2608 2491 2704 emplastra.
2534 2634 2731 2691 Evenit
2797 2634 2978 2707 itaque
3043 2636 3198 2707 prius
3237 2608 3524 2693 contritum
3545 2643 3600 2692 et

288 2697 768 2806 ᾳ¹¹¹³¹⁸⁵⁰ξ¹ξηθτδξ
816 2698 970 2806 Nufl‘c
1011 2706 1188 2752 autem
1235 2698 1303 2752 de
1342 2712 1666 2753 rcm'sswne
1695 2711 1894 2768 pecca'
1997 2730 2337 2786 humiliatum
2367 2731 2679 2788 conﬁrmari
2696 2734 2751 2788 in
2780 2733 3145 2799 confessione,
3183 2741 3238 2789 et
3270 2733 3598 2806 plerumque

303 2802 486 2851 torum
516 2792 832 2866 diligentius
861 2795 1167 2850 videamus.

553 2884 648 2939 DE
680 2884 1104 2939 REMISSIONE
1146 2882 1644 2939 PECCATORUM.

374 2972 433 3025 In
466 2972 905 3027 reconciliatione
954 2972 1262 3043 peccatoris
1294 2972 1361 3026 ad
1396 2974 1564 3027 Deum
1604 2971 1706 3025 tria
1752 2985 1889 3026 con-

296 3069 592 3125 sideranda
618 3079 762 3137 sunt,
795 3070 1048 3127 videlicet
1079 3071 1264 3127 cordis
1292 3070 1564 3134 contritio,
1596 3068 1710 3125 oris
1756 3082 1893 3123 con-

1995 2829 2251 2890 pcccator
2300 2822 2418 2876 solo
2481 2821 2674 2878 timore
2729 2822 2817 2878 vel
2880 2822 3143 2879 Ecclesia
3203 2823 3601 2879 consuetudine

1996 2909 2269 2965 sacerdoti
2300 2919 2659 2981 praesentatus
2697 2927 2794 2982 per
2820 2912 3159 2968 sacerdotale
3187 2910 3421 2968 cilicium
3465 2928 3597 2969 vere

1993 3008 2394 3080 compungitur,
2443 3023 2510 3063 ac
2549 3008 2745 3079 plenus
2799 3009 3069 3064 charitate
3130 3009 3364 3066 recedit.
3433 3010 3593 3065 Non-

1994 3095 2129 3149 nulli
2157 3097 2320 3150 etiam
2359 3111 2461 3152 nec
2491 3104 2621 3152 tunc
2650 3112 2714 3151 ex
2744 3097 2917 3153 corde
2959 3098 3206 3164 redeunt,
3255 3097 3355 3152 sed
3403 3104 3594 3153 tamen

287 3164 481 3229 fessio,
514 3180 739 3234 Operum
779 3163 1094 3220 satisfactio.
1142 3164 1388 3236 Prmcipit
1417 3163 1562 3218 enim
1611 3162 1883 3233 Scriptura

1995 3183 2165 3239 forma
2208 3184 2540 3255 paenitentia:
2587 3200 2749 3255 quam
2792 3185 3094 3256 suscipiunt
3121 3162 3380 3256 paulatim
3428 3186 3617 3247 nutrit.

283 3252 543 3309 scindere
581 3253 748 3309 corda
793 3261 845 3309 et
893 3253 1241 3320 vestimenta,
1288 3251 1531 3309 confiteri
1570 3251 1886 3307 alterutrum

299 3359 550 3422 peccata,
593 3358 648 3406 et
689 3352 876 3408 facere
922 3351 1122 3423 dignos
1165 3351 1373 3407 fructus
1414 3349 1771 3420 poenitentize.
1828 3348 1896 3405 Et

288 3439 593 3495 notandum
627 3439 748 3509 quia
780 3440 932 3494 multi
964 3456 1064 3510 pro
1085 3442 1323 3510 peccatis
1346 3446 1592 3510 gemunt,
1618 3453 1724 3493 non
1748 3437 1892 3509 quod

307 3536 540 3599 peccata
587 3528 665 3582 eis
710 3528 1087 3599 discipliceant
1117 3536 1336 3598 prOpter
1381 3526 1574 3591 Deum,
1620 3527 1715 3580 sed
1759 3541 1890 3597 pro-

285 3634 413 3697 pter
439 3640 678 3695 pmnam.
711 3625 857 3680 Talis
907 3625 1068 3698 igitur
1090 3626 1296 3681 tristitia
1348 3626 1464 3680 sive
1501 3624 1739 3697 gemitus
1775 3641 1885 3681 non

283 3722 368 3771 est
398 3714 581 3770 cordis
614 3715 867 3770 contritio
895 3715 962 3769 ad
994 3715 1244 3783 salutem,
1279 3716 1375 3770 sed
1407 3715 1599 3769 mentis
1630 3723 1883 3770 conster-

284 3802 434 3857 natio
460 3802 529 3856 ad
560 3802 991 3857 damnationem.
1049 3803 1138 3859 Sic
1188 3804 1386 3859 etenim
1434 3802 1563 3857 mali
1603 3803 1656 3855 in
1699 3802 1881 3858 futuro

282 3898 565 3955 dolebuut.
615 3899 919 3955 Nonnullos
976 3898 1137 3955 etiam
1202 3899 1423 3969 paenitet
1472 3916 1731 3971 peccasse
1782 3916 1878 3972 pro

278 3988 405 4044 sola
486 3989 698 4060 peccati
754 3988 1104 4060 turpitudine,
1144 3988 1297 4060 juxta
1338 3989 1469 4044 illud
1520 3989 1874 4061 pliilosOphi:

281 4109 303 4135 ε
341 4086 401 4142 Si
426 4087 620 4142 scirem
641 4087 776 4143 deos
808 4088 1231 4153 condonaturos,
1265 4095 1315 4142 et
1363 4088 1611 4143 homines
1650 4087 1877 4159 ignora-

276 4184 448 4240 turos,
508 4191 619 4229 non
665 4190 972 4247 peccarem.
1024 4198 1046 4223 υ
1113 4175 1412 4231 Froctuosa
1465 4183 1642 4230 autem
1690 4176 1876 4231 cordis

274 4262 529 4320 contritio
593 4271 695 4328 est,
754 4280 876 4317 curn
938 4263 1059 4335 quis
1108 4264 1176 4318 de
1242 4272 1470 4336 peccato
1530 4279 1645 4338 quo
1704 4266 1873 4319 Deum

273 4360 501 4417 offendit
530 4360 695 4424 dolet,
719 4369 771 4416 et
807 4359 933 4416 inde
979 4360 1254 4428 turbatur,
1274 4360 1397 4434 quia
1420 4362 1669 4434 iniquitas
1690 4377 1875 4418 amore

266 4449 492 4521 justitiaz
542 4450 645 4504 sibi
686 4449 964 4521 displicet.
1020 4450 1156 4506 Hinc
1195 4460 1277 4505 est
1310 4450 1440 4506 illud
1485 4469 1497 4503 :
1538 4474 1558 4498 «
1594 4452 1871 4518 Peccator,

2008 3281 2059 3337 in
2082 3281 2163 3337 eis
2182 3282 2509 3338 charitatem
2547 3299 2668 3339 cum
2700 3283 3021 3339 humilitate.
3075 3282 3356 3353 Plerisque
3402 3283 3593 3338 simili-

2003 3379 2105 3438 ter,
2151 3386 2275 3427 cum
2326 3372 2663 3443 resipiscant,
2712 3372 2932 3443 prodest
2971 3371 3272 3442 baptismus
3311 3370 3383 3426 ad
3424 3386 3590 3441 quem

1999 3467 2203 3515 tantum
2257 3458 2382 3517 ﬁcte
2418 3467 2792 3516 accesserunt.
2832 3462 3138 3515 Mensuram
3164 3467 3344 3517 autem
3372 3467 3589 3531 tempo-

1996 3549 2069 3603 ris
2104 3550 2159 3604 in
2188 3550 2404 3622 agenda
2450 3549 2773 3621 poenitentia
2816 3549 3024 3605 idcirco
3060 3564 3298 3605 canones
3334 3548 3392 3604 in
3446 3548 3591 3605 arbi-

1995 3638 2095 3694 trio
2166 3638 2471 3695 sacerdotis
2531 3638 2883 3711 intelligentia
2936 3645 3194 3706 statuunt,
3252 3637 3381 3709 quia
3440 3636 3585 3709 apud

1994 3738 2167 3791 Deum
2214 3753 2322 3791 non
2362 3741 2567 3792 tantum
2608 3736 2754 3792 valet
2800 3752 3060 3792 mensura
3115 3736 3381 3807 temporis
3423 3751 3585 3806 quam

1987 3825 2196 3880 doloris
2227 3847 2241 3887 ;
2271 3841 2375 3882 nec
2421 3826 2749 3882 abstinentia
2796 3834 3002 3880 tantum
3035 3824 3282 3880 ciborum
3326 3833 3581 3896 quantum

1987 3913 2332 3970 mortificatio
2398 3914 2675 3970 vitiorum.
2735 3915 2970 3985 Propter
3046 3913 3191 3985 quod
3256 3912 3583 3985 paenitentiae

1986 4015 2233 4081 tempora
2274 4011 2381 4067 fide
2427 4020 2482 4067 et
2524 4012 2942 4068 conversatione
2970 4010 3345 4083 poenitentium
3386 4009 3581 4067 abbre-

1985 4100 2186 4157 vianda
2224 4100 2564 4172 praecipiunt,
2607 4109 2662 4156 et
2716 4100 3060 4174 negligentia
3105 4099 3433 4171 protelanda
3471 4097 3582 4155 exi-

1983 4190 2230 4245 stimant.
2255 4191 2460 4246 Tamen
2488 4204 2587 4261 pro
2615 4189 2944 4261 quibusdam
2986 4188 3161 4261 culpis
3200 4188 3349 4244 modi
3397 4187 3578 4260 poeni-

1983 4286 2169 4343 lentiae
2212 4294 2338 4341 sunt
2393 4285 2653 4357 impositi,
2687 4287 2843 4354 juxta
2888 4302 3030 4358 quos
3077 4293 3295 4342 eaeteraa
3335 4302 3571 4357 perpen-

1983 4376 2176 4431 dendce
2200 4383 2326 4431 sunt
2351 4375 2544 4445 culpas,
2573 4389 2699 4430 cum
2729 4375 2799 4430 sit
2829 4374 2987 4431 facile
3014 4392 3112 4447 per
3138 4374 3365 4431 eosdem
3386 4375 3576 4433 modos

1984 4465 2276 4521 vindictam
2306 4473 2360 4521 et
2386 4479 2678 4521 censuram
2724 4479 2997 4520 canonum
3036 4464 3339 4527 aestimare.
3390 4465 3577 4522 Scien-

274 4563 379 4618 qua
430 4547 567 4602 hora
612 4546 959 4618 ingemuerit,
1010 4547 1193 4603 salvus
1241 4548 1341 4603 erit
1380 4547 1599 4615 (Ezech,
1633 4550 1804 4619 xvni).
1841 4572 1864 4597 ι
1898 4593 1949 4652 D
1981 4555 2309 4609 dumiamen
2346 4560 2554 4625 quanto
2602 4552 2722 4622 quis
2759 4561 3003 4624 tempore
3048 4559 3288 4607 moratur
3346 4554 3400 4607 in
3439 4568 3574 4623 pec-

271 4645 488 4702 Etenim
538 4662 660 4702 cum
724 4646 841 4701 Deo
910 4645 1040 4701 nihil
1094 4646 1307 4701 tardum
1362 4644 1439 4713 fit,
1479 4646 1609 4701 nihil
1651 4647 1873 4733 absens,

273 4751 476 4816 quanto
498 4742 656 4799 citius
685 4758 815 4799 vere
861 4742 1057 4815 aliquis
1096 4743 1342 4815 parnitet,
1390 4751 1535 4799 tanto
1574 4744 1731 4800 citius
1785 4746 1877 4819 qui

276 4849 362 4897 est
389 4857 636 4913 praisens
661 4840 900 4896 dimittit.
936 4841 1089 4899 Unde
1120 4850 1174 4897 et
1202 4840 1381 4898 David
1416 4856 1429 4896 :
1467 4862 1490 4893 ι
1527 4842 1647 4898 Dixi
1681 4860 1695 4898 :
1728 4843 1875 4899 Con-

276 4939 479 4995 fitebor
506 4939 794 4994 adversum
824 4955 910 4994 me
940 4939 1259 5009 injustitiam
1290 4954 1474 4994 meam
1509 4939 1770 5007 Domino,
1823 4951 1877 4998 et

271 5032 324 5082 tu
357 5027 612 5082 remisisti
641 5027 975 5097 impietatem
1004 5027 1212 5099 peccati
1261 5028 1370 5084 mei
1407 5029 1595 5093 (Psal.
1639 5030 1813 5099 xxxx).
1844 5054 1866 5079 ι

270 5123 601 5192 Deliberavi,
636 5124 844 5181 scilicet
871 5124 926 5179 in
954 5125 1123 5180 corde
1153 5141 1276 5181 meo
1306 5123 1647 5198 ﬁrmiterque
1675 5126 1869 5199 dispo-

269 5222 349 5277 sui
364 5221 493 5277 illnd
511 5221 654 5293 quod
670 5221 919 5277 commisi
944 5224 1342 5279 contemnendo
1372 5224 1543 5280 Deum
1557 5240 1865 5295 exsecrere,

267 5325 493 5387 propter
532 5318 705 5373 Deum
745 5318 1058 5375 accusando
1088 5318 1380 5388 meipsum.
1417 5320 1574 5376 Unde
1604 5330 1655 5376 et
1682 5322 1817 5379 illud
1851 5339 1864 5378 :

271 5438 292 5461 α
330 5415 510 5468 Justus
530 5414 584 5467 in
606 5415 875 5485 principio
893 5423 1181 5470 accusator
1200 5423 1281 5469 est
1302 5416 1387 5471 sui
1424 5419 1604 5487 (Prov.
1630 5423 1809 5492 xvm).
1839 5446 1860 5467 -

267 5502 367 5556 Est
399 5510 581 5556 autem
609 5504 785 5557 Deum
810 5512 1093 5572 peccatum
1113 5503 1400 5573 dimittere,
1449 5515 1701 5563 aeternam
1741 5526 1865 5579 poe-

263 5602 387 5640 nam
419 5602 518 5656 pro
547 5587 638 5640 illo
668 5587 910 5641 debitam
943 5586 1193 5642 relaxare
1228 5603 1326 5655 per
1358 5590 1705 5647 collationem
1729 5610 1867 5663 prae-

266 5672 433 5725 εεηιὶμ
466 5669 675 5741 gratiae.
712 5671 822 5724 lloc
853 5671 1101 5742 equidem
1135 5669 1192 5723 tit
1219 5669 1272 5724 in
1302 5672 1563 5741 parvulis,
1595 5690 1719 5729 cum
1760 5677 1864 5733 ba—

268 5768 449 5838 ptismi
496 5768 775 5822 lavacrum
838 5767 1127 5837 suscipitur
1175 5784 1189 5820 :
1238 5767 1341 5822 hoc
1387 5776 1441 5822 et
1485 5768 1539 5822 in
1597 5771 1863 5827 adultem’s

271 5873 397 5911 cum
443 5855 641 5912 mentis
684 5854 900 5911 caecitas
951 5853 1367 5924 compunctione
1425 5855 1674 5913 solvitur.
1723 5859 1861 5916 Hine

1987 4643 2141 4709 catis,
2195 4652 2344 4699 tanto
2386 4643 2437 4700 ei
2480 4642 2696 4713 agenda
2746 4649 2829 4697 est
2866 4641 3197 4713 paenitentia.
3239 4641 3375 4700 Cum
3411 4642 3577 4714 igitur

1986 4740 2209 4797 arbitrio
2255 4740 2596 4797 sacerdotum
2645 4737 2963 4810 temporalis
3003 4753 3166 4810 poena
3203 4739 3413 4809 peccati
3451 4757 3574 4813 pro-

1985 4838 2182 4896 teletur
2206 4839 2292 4897 vel
2345 4839 2711 4906 abbrevietur,
2743 4838 2812 4894 de
2835 4853 2903 4894 ea
2947 4836 3130 4909 plures
3166 4835 3483 4910 intelligunt
3512 4840 3576 4895 il-

1985 4927 2079 4983 lud
2123 4945 2247 4985 esse
2292 4929 2538 4986 dictum:
2587 4951 2609 4976 ιι
2655 4927 2894 4996 Quorum
2952 4926 3286 4992 remiseritis,
3342 4938 3572 5000 peccata

1982 5035 2327 5091 remittuntur
2387 5036 2489 5102 eis,
2546 5044 2599 5092 et
2644 5050 2872 5107 quorum
2927 5034 3282 5099 retinueritis,
3343 5043 3564 5093 retenta

1978 5131 2107 5180 sunt
2128 5127 2318 5194 (Joan.
2345 5127 2470 5196 xx).
2529 5148 2552 5175 ιο
2593 5127 2756 5180 Poena
2799 5124 2942 5180 enim
2964 5124 3173 5195 peccati
3193 5132 3421 5181 vocatur
3439 5142 3569 5199 pec-

1974 5228 2176 5289 catum,
2202 5222 2349 5291 juxta
2390 5223 2537 5296 quod
2570 5239 2771 5280 nomen
2810 5238 2992 5281 causa:
3021 5222 3351 5279 transfertur
3387 5224 3457 5280 ad
3487 5225 3572 5281 ef-

1975 5310 2199 5367 fectum.
2257 5312 2334 5368 Ex
2378 5312 2658 5383 praedictis
2699 5314 2883 5384 itaque
2912 5311 3257 5369 manifestum
3298 5320 3382 5371 est
3427 5314 3575 5387 quod

1974 5407 2093 5463 aliis
2132 5407 2349 5463 dimittit
2391 5410 2538 5465 Deus
2581 5426 2680 5480 per
2715 5410 3071 5467 ministerium
3127 5412 3474 5469 sacerdotum
3521 5421 3574 5468 et

1973 5505 2258 5567 peccatum
2298 5505 2348 5553 et
2378 5512 2598 5568 pinnam
2640 5499 2847 5568 peccati
2878 5519 2894 5567 ;
2924 5500 3043 5556 aliis
3090 5500 3264 5557 solam
3307 5509 3584 5574 tempora-

1972 5595 2083 5651 lem
2114 5609 2348 5664 paruam,
2382 5594 2511 5665 quia
2544 5594 2655 5661 jam
2701 5597 2911 5664 peccati
2946 5597 3202 5655 tenebras
3229 5608 3283 5655 et
3313 5601 3579 5673 gehennae

1974 5683 2244 5738 vinculum
2312 5683 2599 5739 solverat:
2659 5684 2806 5753 quod
2855 5700 2955 5754 per
3014 5686 3280 5744 Lazarum
3325 5689 3584 5765 ostendit.

1971 5771 2220 5828 Accessit
2249 5771 2391 5827 enim
2421 5779 2474 5826 et
2503 5771 2723 5826 vocavit
2751 5786 2893 5836 eum,
2944 5781 2997 5829 et
3039 5784 3294 5832 vocatum
3337 5775 3584 5832 vivifica-

1972 5860 2070 5927 vit,
2124 5867 2176 5915 et
2212 5858 2465 5919 vivticato
2510 5859 2585 5915 ait
2619 5876 2633 5913 :
2670 5882 2692 5908 α
2717 5859 2820 5915 Exi
2871 5859 3038 5928 fares,
3081 5884 3105 5911 υ
3157 5872 3212 5920 et
3240 5865 3309 5920 de
3348 5880 3414 5920 eo
3450 5864 3586 5920 dixit
