3972 6440
425 380 565 438 1207

1554 379 1893 439 WERNERI
1940 378 2231 439 ABBATIS
2270 381 2333 437 S.
2389 381 2606 439 BLASII

3596 386 3724 445 4208

426 503 712 578 discipulis
740 505 854 562 suis
882 526 902 565 :
937 530 956 556 ει
991 503 1197 564 Solvite
1224 519 1368 575 eum,
1396 504 1452 561 et
1483 502 1643 560 sinite
1658 503 1813 561 abire
1835 505 2022 575 (Joan.
2052 506 2107 568 A
2140 504 2197 561 Si
2236 521 2373 562 vero
2425 516 2653 580 propter
2697 525 2849 565 suam
2897 524 3190 582 personam
3235 510 3341 567 hoc
3404 510 3625 579 faceret,
3664 528 3726 569 ne

424 596 524 665 ιι).
561 617 584 644 ιι
620 593 880 654 Similiter
919 596 1069 654 venit
1094 595 1167 651 ad
1208 600 1580 667 peccatorem,
1619 602 1674 651 et
1704 602 1865 651 voeat
1903 610 2029 651 eum
2137 593 2350 652 scilicet
2390 595 2605 653 infamis
2642 607 2700 655 et
2741 599 3166 672 contemptibilis
3212 600 3355 673 apud
3394 600 3532 657 alios
3564 600 3724 670 fieret,

426 698 529 756 per
554 684 827 743 internam
847 684 1262 757 aspirationem,
1294 690 1350 739 et
1376 689 1557 740 morte
1595 683 1804 755 peccati
1843 682 2031 741 disce-
2137 693 2398 764 superbia,
2426 696 2754 754 damnabilis
2777 708 2943 755 esset,

424 779 590 837 dente
616 778 935 850 viviﬁcatur,
969 788 1119 839 eteo
1145 778 1420 837 vivificato
1463 778 1594 836 dicit
1633 787 1691 835 ut
1737 787 1902 836 exeat
1942 777 2031 835 fo-

428 883 540 937 ras,
571 869 629 927 id
656 877 739 927 est
775 886 877 942 per
905 868 1312 927 confessionem
1342 885 1404 925 se
1433 868 1809 926 sacerdotibus
1841 876 2033 925 osten-

429 957 547 1017 dat.
595 959 676 1016 De
712 974 816 1016 ove
846 967 900 1016 et
935 959 1315 1017 sacerdotibus
1357 958 1431 1015 ait
1465 973 1477 1013 :
1506 981 1527 1007 ι
1576 958 1782 1015 Solvite
1824 974 1969 1024 eum,
2007 979 2029 1006 »

430 1055 487 1112 id
533 1062 618 1113 est
654 1063 914 1113 revocate
955 1071 1024 1114 ac
1055 1056 1387 1124 Ecclesium,
1434 1077 1457 1104 α
1492 1062 1548 1112 et
1592 1054 1753 1111 sinite
1792 1054 1969 1120 abire,
2005 1073 2029 1104 κ

426 1144 532 1201 hoc
588 1151 675 1201 est
714 1161 840 1204 cum
879 1144 1001 1202 aliis
1043 1144 1308 1202 fidelibus
1355 1144 1674 1202 conversari
1719 1152 1774 1201 et
1813 1157 2036 1216 perma-

427 1256 581 1297 nere.

1096 1338 1381 1397 DIVISIO.

492 1439 727 1497 Dimittit
752 1440 901 1497 Deus
927 1446 1159 1512 peccata
1186 1455 1249 1494 ex
1281 1455 1341 1495 se
1370 1438 1491 1510 ipso
1535 1445 1588 1494 et
1627 1453 1726 1509 per
1767 1437 2040 1509 semetip-

426 1555 567 1604 sum,
598 1540 815 1613 quando
842 1538 973 1595 vult.
1009 1540 1161 1595 Unde
1190 1539 1267 1593 ait
1311 1553 1412 1609 per
1452 1538 1772 1609 prophetam
1810 1555 1822 1592 :
1862 1558 1885 1584 ι
1917 1538 2040 1610 Ego

426 1629 693 1686 Dominus
721 1628 877 1685 solus
904 1627 1065 1684 deleo
1102 1626 1446 1699 iniquitatem
1485 1634 1540 1682 et
1579 1633 1805 1697 peccata
1852 1626 2042 1697 populi

427 1720 584 1789 (hat.
618 1718 767 1790 xw).
803 1740 826 1766 ι
858 1717 993 1773 Inde
1021 1716 1348 1773 Ambrosius
1382 1734 1396 1780 ;
1431 1737 1454 1768 ι
1490 1715 1589 1772 Ille
1618 1715 1775 1772 solus
1816 1722 2041 1787 peccata

426 1815 648 1872 dimittit
675 1815 769 1889 qui
797 1814 947 1873 solus
973 1830 1071 1887 pro
1115 1813 1359 1887 peccatis
1397 1821 1483 1869 est
1520 1820 1789 1869 mortuus.
1838 1814 2039 1869 Sacer-

2211 783 2373 840 Patet
2398 801 2531 857 ergo
2560 803 2626 843 ex
2655 788 2963 853 antedictis,
2998 788 3127 861 quia
3148 788 3465 859 pcnuitentia
3505 798 3589 847 est
3628 807 3733 846 me-

2139 872 2508 931 dicamentum
2538 876 2798 945 vulneris,
2833 892 2960 948 spes
2989 878 3199 942 salutis,
3230 886 3286 934 et
3333 895 3531 935 nomen
3563 880 3731 951 ipsum

2142 982 2419 1045 sumptum
2444 983 2527 1031 est
2554 991 2588 1031 a
2617 993 2779 1049 paena
2808 993 2915 1050 qua
2946 978 3127 1033 anima
3176 980 3463 1047 cruciatur,
3515 989 3567 1035 et
3614 997 3733 1037 caro

2140 1062 2520 1134 mortiﬁcatur,
2544 1074 2599 1122 et
2644 1066 2785 1123 dicta
2824 1078 2909 1124 est
2949 1069 3265 1139 pmnitentia
3315 1070 3472 1141 quasi
3508 1070 3734 1142 punien-

2144 1153 2241 1209 tia.
2302 1154 2407 1223 Qui
2437 1156 2811 1227 paenitentiam
2841 1166 3030 1231 agunt,
3053 1158 3178 1214 ideo
3198 1158 3427 1230 capillos
3446 1168 3498 1215 et
3517 1160 3738 1215 barbam

2143 1252 2405 1319 nutriunt,
2473 1260 2533 1308 ut
2608 1262 2915 1311 monstrent
2980 1256 3369 1312 abundantiam
3437 1258 3735 1323 criminum,

2145 1338 2344 1409 quibus
2382 1346 2641 1409 peccator
2685 1348 2967 1410 gravatur.
3026 1341 3274 1397 Ciliciam
3322 1343 3471 1415 quod
3518 1342 3742 1398 induunt

2145 1428 2348 1483 indicat
2378 1428 2807 1484 recordationem
2835 1438 3183 1500 peccatorum
3203 1440 3428 1503 prapter
3458 1433 3640 1488 haedos
3668 1431 3739 1488 ad

2146 1518 2423 1574 sinistram
2453 1516 2683 1574 futuros.
2728 1517 2886 1588 Quod
2923 1528 3108 1577 autem
3158 1522 3341 1577 cinere
3383 1530 3743 1593 asperguntur

2147 1622 2483 1686 peccatores,
2531 1615 2768 1671 ostendit
2818 1617 2944 1689 quia
2992 1617 3130 1674 cinis
3179 1626 3323 1685 sunt,
3367 1625 3423 1675 et
3452 1619 3505 1673 in
3552 1618 3742 1690 pulve-

2147 1720 2269 1760 rem
2341 1712 2700 1760 revertentur.
2779 1705 3061 1777 Lacrymae
3131 1707 3513 1779 paenitendum
3603 1708 3742 1779 apud

2147 1794 2329 1850 Deum
2359 1808 2457 1865 pro
2477 1793 2798 1865 baptismate
2827 1803 3164 1867 reputantur.
3198 1796 3409 1868 Duplex
3434 1799 3518 1853 est
3567 1799 3743 1869 poeni-

832 1868 1449 1962 'AEéuittar‘ia'smaa
1478 1911 1707 1975 peccata
1743 1901 2038 1970 dimittere,
2068 1868 2121 1928 Β
2151 1893 2334 1950 lentiae
2362 1893 2615 1966 gemitus.
2651 1893 2750 1949 Vel
2779 1894 2907 1949 dum
2938 1894 3246 1968 plangimus
3273 1897 3421 1969 quod
3448 1868 3587 1953 male
3609 1912 3745 1970 ges-

426 2010 540 2053 non
566 2012 641 2052 ex
667 2011 749 2063 se,
782 1993 881 2051 sed
909 2009 983 2051 ex
1011 1993 1188 2066 gratia
1209 1993 1264 2048 in
1294 1992 1376 2049 eis
1405 2000 1459 2049 et
1487 2008 1589 2065 per
1618 2007 1717 2048 eos
1776 2000 2041 2064 operante

428 2091 738 2150 secundum
765 2090 1048 2148 arbitrium
1066 2105 1178 2147 non
1213 2105 1429 2156 eorum,
1458 2090 1560 2145 sed
1598 2089 1718 2145 Dei.
1765 2090 1921 2146 Sicut
1957 2096 2042 2145 est

428 2181 566 2239 illud
607 2199 624 2238 :
678 2204 701 2229 α
749 2181 831 2236 Tu
882 2196 943 2236 es
983 2179 1135 2236 solus
1184 2178 1276 2252 qui
1323 2177 1467 2235 facis
1519 2178 1792 2234 mirabilia
1848 2179 2031 2249 (Psal.

424 2273 596 2339 un),
630 2292 654 2321 υ
688 2285 819 2327 cum
850 2269 1006 2326 multi
1033 2268 1285 2326 homines
1313 2268 1590 2324 mirabilia
1628 2267 1880 2337 fecerint,
1941 2267 2042 2323 sed

428 2376 543 2418 non
578 2376 647 2417 ex
689 2375 756 2416 se
791 2359 933 2417 sicut
972 2360 1144 2414 Deus.
1202 2360 1360 2415 Item.
1398 2380 1421 2406 α
1481 2358 1660 2415 Nemo
1710 2358 1888 2414 bonus
1933 2356 2041 2413 nisi

431 2458 585 2515 solus
631 2459 778 2514 Deus
826 2457 1016 2528 (Marc.
1056 2457 1171 2526 xvi)
1225 2473 1240 2511 :
1289 2478 1314 2505 ι
1347 2455 1474 2527 quia
1513 2471 1584 2511 ex
1622 2471 1683 2512 se
1725 2455 1921 2512 bonus.
1970 2455 2042 2510 Et

427 2548 584 2606 multi
632 2546 883 2604 homines
912 2545 1041 2603 boni
1070 2553 1195 2602 sunt
1227 2562 1241 2601 :
1279 2568 1302 2594 σι
1337 2545 1436 2601 sed
1465 2560 1578 2601 non
1606 2559 1675 2602 eo
1720 2544 1886 2601 modo
1930 2560 2041 2617 quo

402 2658 405 2663 ·
428 2640 609 2695 Deus.
648 2660 671 2686 ιι
704 2636 898 2692 Nullus
912 2635 1077 2708 igitur
1098 2635 1203 2691 nisi
1224 2635 1376 2691 Deus
1391 2643 1570 2705 potest
1593 2634 1762 2690 alium
1784 2635 2030 2691 salvere.

429 2734 591 2805 Quod
629 2733 847 2805 quidem
897 2732 1121 2796 faceret,
1164 2733 1215 2787 si
1252 2747 1318 2788 ex
1350 2747 1411 2787 se
1447 2740 1673 2802 peccata
1719 2732 2037 2788 dimitteret.

429 2823 595 2894 Quod
642 2822 807 2879 etiam
858 2837 1021 2879 nemo
1068 2828 1265 2893 praeter
1312 2829 1663 2892 nosmetpsos
1706 2822 1881 2893 possit
1938 2837 2039 2878 nos

425 2921 713 2987 damnare,
751 2920 1060 2976 ostenditur
1095 2918 1169 2974 ibi
1204 2936 1218 2973 :
1256 2941 1279 2967 α
1313 2917 1504 2975 Anima
1539 2934 1666 2975 mea
1698 2919 1754 2974 in
1784 2920 2038 2976 manibus

425 3012 565 3069 meis
594 3026 819 3081 semper
839 3008 1033 3079 (Psat.
1071 3010 1288 3077 cxvm).
1326 3031 1348 3056 η
1375 3008 1689 3064 Notandum
1718 3010 1866 3082 quod
1905 3011 1953 3065 si
1991 3010 2039 3065 is

427 3102 522 3175 qui
553 3102 671 3159 vult
711 3098 985 3166 confiteri,
1040 3096 1270 3154 articulo
1331 3097 1678 3155 necessitatis
1695 3097 2038 3165 imminente,

2151 1984 2343 2052 simus,
2378 1983 2465 2039 vel
2494 1982 2806 2056 plangimus
2842 1985 2987 2056 quod
3017 2000 3127 2041 non
3154 1987 3370 2059 egimus
3398 1986 3545 2059 quod
3578 2001 3746 2058 agere

2151 2072 2461 2128 debuimus.
2488 2072 2588 2128 llle
2608 2088 2736 2129 vere
2767 2073 3140 2144 paenitentiam
3185 2076 3304 2148 agit
3333 2076 3423 2148 qui
3462 2091 3563 2133 nec
3580 2076 3747 2147 paeni-

2152 2178 2270 2227 tere
2309 2170 2585 2241 praeterita
2625 2170 2881 2245 negligit,
2937 2187 3040 2229 nec
3084 2172 3399 2244 paenitenda
3434 2173 3739 2230 committit.

2152 2258 2257 2329 Qui
2307 2275 2437 2316 vero
2479 2260 2753 2330 lacrymas
2801 2260 3178 2318 indesinenter
3230 2262 3425 2333 fundit,
3470 2271 3526 2319 et
3569 2272 3749 2318 tamen

2150 2373 2382 2429 peccare
2419 2373 2528 2414 non
2559 2357 2765 2414 desinit
2792 2358 2896 2415 hoc
2915 2358 3211 2415 lamentum
3239 2360 3425 2429 habet,
3470 2360 3567 2417 sed
3595 2377 3750 2416 mun-

2151 2457 2429 2513 dationem
2455 2471 2566 2513 non
2594 2457 2780 2522 habet,
2812 2456 2958 2529 quia,
2990 2457 3120 2513 dum
3151 2457 3328 2528 ipsam
3369 2474 3533 2530 quam
3570 2457 3750 2514 ﬂendo

2150 2546 2446 2618 impetrare
2492 2546 2673 2618 potuit
2729 2548 2942 2601 veniam
2989 2546 3306 2613 contemnit,
3374 2547 3589 2603 fletibus
3639 2546 3752 2603 suis

2149 2635 2414 2690 munditia
2462 2636 2750 2702 subtrahit,
2809 2643 2864 2691 et
2909 2643 3034 2692 ante
3082 2636 3184 2691 Dei
3227 2636 3446 2693 occulas
3496 2635 3751 2692 sordidas

2148 2731 2311 2789 etiam
2350 2732 2497 2804 ipsas
2540 2732 2817 2806 lacrymas
2865 2732 3014 2789 facit.
3066 2731 3168 2802 Qui
3232 2750 3422 2791 veroa
3485 2733 3753 2790 desiderio

2149 2823 2348 2879 mentis
2378 2822 2628 2893 quaedam
2661 2823 2790 2899 vitia
2821 2831 3092 2891 resecant,
3125 2823 3253 2879 dum
3280 2822 3335 2878 in
3365 2823 3486 2879 aliis
3515 2823 3755 2897 graviter

2147 2922 2469 2993 perdurant,
2536 2920 2794 2993 pauciora
2837 2920 3057 2993 quidem
3108 2921 3253 2978 mala
3312 2921 3543 2995 diligunt
3589 2938 3747 2996 quam

2146 3020 2322 3093 prius,
2356 3020 2454 3076 sed
2485 3019 2590 3074 nisi
2613 3019 2793 3075 minus
2821 3019 3024 3075 malum
3054 3019 3305 3093 diligant,
3331 3036 3441 3077 non
3486 3019 3618 3075 fiunt
3673 3020 3748 3075 mi

2147 3133 2250 3173 nus
2278 3116 2428 3173 mali.
2476 3117 2684 3172 Tantus
2723 3116 2869 3173 enim
2901 3130 3303 3189 nonnunquam
3338 3116 3571 3173 affectus
3624 3116 3753 3172 mali

428 3206 543 3250 non
572 3198 772 3265 potest,
806 3188 953 3263 quod
982 3186 1034 3245 ei
1063 3187 1403 3244 ministraret
1430 3187 1667 3243 visibilis
1697 3190 1975 3256 sacerdos,
1992 3188 2040 3246 si

2161 3215 2237 3264 est
2266 3206 2321 3262 in
2346 3222 2456 3262 uno
2485 3205 2734 3277 crimine,
2765 3214 2823 3261 ut
2843 3206 3022 3278 magis
3051 3186 3249 3262 alienet
3279 3221 3311 3262 a
3340 3205 3569 3262 Domino
3592 3221 3755 3277 quam

427 3291 668 3355 adesset,
728 3288 834 3344 hoc
880 3285 1135 3359 supplere
1186 3299 1300 3343 non
1345 3284 1675 3359 dedignatur
1731 3285 2042 3343 invisibilis.

428 3380 513 3437 De
559 3392 671 3452 quo
706 3377 764 3433 in
826 3374 1213 3434 Ecclesiastico
1244 3391 1261 3432 :
1293 3374 1438 3432 Ecce
1496 3374 1761 3432 sacerdos
1816 3389 2049 3448 magnus

435 3477 611 3548 (Eccl.
647 3477 797 3547 xcv).
835 3498 859 3525 ι»
914 3474 985 3529 Et
1030 3471 1342 3545 Apostolus
1381 3491 1396 3528 :
1448 3496 1471 3522 ιι
1519 3472 1709 3529 Plures
1752 3473 1881 3531 facti
1925 3479 2054 3528 sunt

441 3565 786 3633 sacerdotes,
818 3562 1024 3620 idcirco
1050 3569 1201 3635 quod
1236 3569 1414 3620 morte
1456 3562 1879 3633 prohiberentur
1918 3577 2054 3634 per-

438 3678 672 3722 manere
706 3679 719 3717 :
750 3662 857 3719 hoc
896 3668 1082 3717 autem
1124 3666 1312 3715 manet
1356 3659 1415 3715 in
1455 3668 1739 3729 aeternum,
1793 3659 2054 3716 sacerdo-

439 3754 577 3810 tium
634 3752 845 3810 habens
885 3748 1283 3822 sempiternum
1340 3750 1531 3820 (Hebr.
1598 3755 1717 3821 vn).
1754 3771 1778 3801 ι
1822 3750 1880 3806 Si
1933 3747 2056 3822 quis

444 3857 579 3900 vero
608 3858 681 3898 ex
720 3847 1038 3912 contemptu
1066 3838 1154 3895 vel
1184 3854 1252 3894 ex
1279 3838 1618 3912 negligentia
1648 3855 1757 3897 non
1787 3837 2057 3897 confitea-

445 3939 549 4001 tur,
582 3937 795 3990 constat
825 3928 960 4002 quia
987 3943 1100 3985 non
1126 3928 1296 3984 habet
1325 3944 1511 3985 veram
1539 3929 1726 3986 cordis
1763 3929 2057 3987 contritio-

447 4044 597 4100 nem,
630 4035 685 4086 et
713 4032 831 4083 tum
849 4040 952 4098 pro
994 4024 1091 4081 illo
1127 4031 1355 4096 peccato
1401 4025 1551 4098 quod
1597 4042 1709 4082 non
1760 4028 1875 4085 vult
1902 4030 2062 4087 confi-

448 4119 553 4176 teri
578 4133 735 4186 eum,
770 4116 898 4189 quia
925 4114 1170 4171 instituta
1199 4114 1463 4172 Ecclesia
1488 4115 1745 4191 negligit,
1793 4121 2063 4178 aeternali-

449 4215 536 4265 ter
561 4206 875 4281 puniendus
902 4220 1027 4262 esse
1057 4203 1417 4261 convincitur.
1447 4205 1649 4262 Dicunt
1668 4215 1847 4263 autem
1869 4209 1979 4266 Leo
2008 4224 2065 4273 et

456 4305 813 4371 Ambrosius,
844 4303 915 4361 de
961 4302 1321 4360 sacramentis
1368 4311 1421 4359 et
1461 4303 1726 4361 Maximus
1755 4324 1770 4361 :
1803 4327 1827 4359 ι
1861 4308 2064 4382 Lacry-

461 4410 585 4453 mas
616 4395 768 4451 Petri
809 4392 959 4467 lego,
1005 4391 1410 4450 confessionem
1432 4407 1542 4449 non
1557 4393 1795 4451 invenio.
1820 4418 1843 4445 ιι
1869 4398 2067 4454 Delent

459 4500 594 4558 ergo
622 4482 880 4555 lacrymae
902 4481 1059 4538 Petri
1105 4490 1352 4555 peccata,
1383 4499 1505 4556 quas
1543 4483 1724 4556 pudor
1757 4493 1841 4542 est
1886 4486 2066 4545 confi-

453 4581 583 4640 teri.

538 4681 648 4739 Sed
694 4679 980 4737 sciendum
1026 4677 1152 4752 quia
1205 4676 1573 4737 confessionis
1608 4679 1880 4740 institutio
1922 4697 2067 4739 non-

468 4781 600 4839 dum
645 4778 939 4853 promulga
978 4777 1159 4834 fuerat
1199 4776 1257 4833 in
1310 4777 1589 4849 primitiva
1636 4779 1913 4849 Ecclesia,
1980 4782 2070 4839 vel

470 4884 597 4959 quia
625 4883 817 4940 Petrus
846 4880 1135 4939 confessus
1156 4879 1341 4948 fuerit,
1379 4879 1507 4938 licet
1536 4881 1823 4954 Scriptura
1852 4899 1961 4941 non
1983 4900 2072 4942 re-

467 4976 634 5043 ferat,
682 4973 823 5029 sicut
869 4970 1102 5029 credere
1140 4970 1393 5044 cogimur
1446 4972 1728 5043 apostolos
1770 4973 2071 5047 baptizatos

466 5074 675 5132 fuisse:
708 5069 855 5144 quod
897 5068 1120 5142 quando
1158 5067 1245 5124 vel
1285 5069 1560 5141 quomodo
1602 5069 1804 5128 factum
1849 5073 1923 5128 sit
1960 5088 2072 5130 non

468 5164 737 5235 legimus:
782 5157 1128 5229 Quibusdam
1175 5165 1356 5214 tamen
1402 5157 1620 5215 videtur
1668 5176 1742 5215 ex
1773 5160 2071 5233 dispensa-

468 5254 618 5311 tione
647 5252 869 5307 Petrum
898 5246 1183 5304 reticuisse
1211 5246 1619 5305 confessionem
1646 5249 1717 5307 de
1751 5252 2068 5325 negatione,

464 5351 594 5426 quia
615 5349 663 5407 si
689 5350 835 5405 hunc
862 5353 1067 5402 tantum
1096 5343 1363 5403 Ecclesiae
1392 5346 1753 5404 architectum
1783 5357 1891 5405 tam
1933 5364 2071 5420 gra-

464 5442 607 5499 viter
650 5438 745 5497 alii
798 5435 982 5493 adhuc
1046 5433 1248 5490 infirmi
1286 5434 1554 5493 corruisse
1583 5437 1883 5506 novissent,
1920 5439 2073 5496 mul-

466 5546 581 5596 tum
610 5538 875 5595 adversus
901 5550 1025 5592 eum
1063 5532 1411 5591 scandalizati
1440 5532 1700 5592 fuissent.
1741 5536 1864 5607 Quo
1910 5535 1970 5593 ﬁt
2009 5546 2074 5594 ut

471 5626 676 5684 salubri
705 5622 1142 5697 dispensatione,
1174 5622 1249 5679 ita
1280 5624 1426 5696 quod
1465 5639 1574 5680 non
1587 5633 1881 5698 propterea
1909 5635 2071 5685 ειειι-

414 5778 419 5781 .
459 5723 660 5781 naliter
686 5721 990 5794 puniretur,
1020 5721 1280 5778 reticeret
1307 5720 1508 5794 aliquis
1534 5722 1590 5779 id
1622 5723 1766 5781 unde
1804 5725 1856 5782 ei
1901 5733 2073 5783 testa—

461 5819 618 5868 retur
644 5810 982 5868 conscientia
1012 5828 1029 5865 :
1061 5809 1210 5883 quod
1237 5810 1284 5865 si
1312 5808 1473 5868 alicui
1502 5811 1732 5885 diceret,
1762 5813 1930 5871 celari
1962 5831 2073 5873 non

457 5914 647 5979 posset
679 5914 772 5965 :et
799 5906 847 5963 si
867 5906 1110 5963 sciretur
1151 5905 1407 5966 Ecclesia
1425 5907 1553 5968 inde
1574 5910 2061 5969 scandalizaretur.

2154 3296 2320 3353 etiam
2362 3295 2550 3351 multa.
2617 3294 2758 3352 Illud
2801 3303 2981 3351 autem
3027 3302 3241 3351 certum
3286 3302 3374 3351 est
3414 3295 3580 3368 quod,
3628 3294 3754 3350 dum

2155 3385 2277 3459 quis
2305 3385 2363 3442 in
2390 3392 2568 3442 morte
2595 3387 2757 3441 unius
2784 3385 3029 3442 criminis
3054 3384 3205 3455 jacet
3231 3384 3286 3440 in
3306 3384 3413 3441 alio
3434 3384 3667 3457 irrigari,
3708 3391 3761 3440 et

2156 3482 2427 3540 vivificari
2458 3499 2571 3540 non
2594 3490 2796 3556 potest,
2829 3491 2888 3539 ut
2907 3499 3134 3556 prorsus
3154 3482 3421 3549 deleatur,
3454 3481 3553 3539 sed
3581 3483 3759 3538 inter-

2159 3574 2289 3630 dum
2338 3574 2409 3630 ad
2456 3573 2873 3629 diminutionem
2914 3588 3093 3644 poena:
3128 3572 3646 3645 compluitur,juxta
3689 3572 3761 3626 il-

2160 3664 2251 3720 lud
2283 3663 2565 3736 prophetae
2599 3678 2613 3718 :
2649 3683 2674 3715 ε
2718 3662 2860 3717 Pluit
2878 3662 3145 3718 Dominus
3176 3677 3341 3733 super
3376 3676 3541 3717 unam
3583 3660 3764 3718 civita-

2160 3768 2293 3831 tem,
2325 3767 2379 3817 et
2408 3775 2516 3816 non
2549 3758 2685 3831 pluit
2713 3774 2881 3831 super
2904 3759 3068 3814 aliam
3100 3759 3282 3827 (Amos
3311 3758 3407 3829 ιν).
3452 3780 3473 3806 η
3519 3757 3764 3827 Quorum

2164 3867 2343 3916 autem
2386 3865 2609 3932 peccata
2660 3857 2714 3912 in
2756 3856 2974 3929 publico
3022 3864 3174 3925 sunt,
3229 3857 3284 3911 in
3341 3855 3559 3929 publico
3602 3856 3766 3911 debet

2165 3965 2289 4006 esse
2319 3947 2639 4020 poenitentia
2665 3963 2768 4019 pro
2798 3953 3048 4018 tempora
3079 3962 3201 4018 qua:
3230 3946 3522 4019 episcOpus
3561 3945 3766 4002 discer-

2166 4038 2264 4095 nit.
2302 4039 2507 4094 Eorum
2537 4037 2696 4093 etiam
2727 4035 3102 4093 reconciliatio
3130 4036 3186 4091 in
3215 4034 3437 4107 publica
3454 4034 3614 4090 debet
3643 4049 3768 4091 esse

2170 4137 2243 4194 ab
2264 4136 2542 4209 episcopo,
2576 4135 2699 4191 sive
2727 4151 2757 4190 a
2785 4133 3317 4208 presbyteris,jussu
3350 4142 3527 4190 tamen
3554 4132 3771 4205 episco-

2167 4252 2388 4311 porum,
2428 4236 2571 4293 sicut
2602 4250 2843 4292 canones
2873 4233 3339 4290 Africaniconcilii
3373 4239 3655 4288 testantur.
3685 4232 3769 4287 De

2170 4327 2273 4384 hac
2302 4327 2504 4399 quippe
2533 4324 2765 4382 solemni
2795 4323 3130 4396 paenitentia,
3163 4331 3222 4377 ut
3250 4322 3324 4377 ait
3351 4321 3684 4393 Augustinus
3702 4319 3771 4375 ad

2169 4416 2567 4484 Macedonium,
2612 4414 2844 4487 intelirgi
2873 4420 3086 4485 Oportet
3113 4412 3224 4485 qud
3260 4411 3389 4467 dicit
3421 4427 3435 4466 :
3473 4434 3494 4461 α
3529 4411 3650 4466 Non
3689 4416 3772 4466 est

2175 4516 2333 4572 locus
2383 4512 2639 4570 secundae
2687 4510 3040 4583 paenitentiae.
3077 4531 3099 4557 ιι
3144 4507 3404 4574 Quamvis
3442 4523 3577 4581 ergo
3618 4513 3773 4562 caute

2092 4602 2147 4663 D
2178 4603 2576 4675 salubriterque
2601 4601 2881 4674 provisum
2912 4600 3002 4666 sit,
3034 4605 3093 4653 ut
3110 4597 3264 4655 locus
3292 4596 3774 4668 hujushumillimae

2177 4701 2508 4775 poenitentiae
2537 4697 2708 4756 semel
2737 4697 2793 4753 in
2825 4695 3075 4753 Ecclesia
3097 4694 3451 4762 concedatur,
3492 4710 3560 4750 ne
3589 4694 3774 4749 medi-

2178 4791 2368 4850 cinalis
2395 4789 2643 4845 minusve
2674 4787 2821 4843 utilis
2851 4793 3003 4843 esset
3031 4784 3275 4858 aegrotis,
3318 4800 3439 4856 quas
3466 4791 3616 4839 tanto
3659 4797 3777 4839 ma-

2178 4891 2267 4964 gis
2296 4888 2532 4946 salubris
2579 4894 2681 4953 est,
2709 4892 2914 4959 quanto
2942 4884 3124 4939 minus
3145 4881 3567 4953 contemptibilis
3594 4881 3772 4938 fuerit.

2178 4980 2315 5051 Quis
2345 4986 2528 5035 tamen
2557 4976 2756 5033 audeat
2784 4975 2901 5030 Deo
2929 4973 3115 5030 dicere
3149 4992 3161 5028 :
3195 4971 3380 5042 Quare
3401 4972 3529 5029 huic
3550 4970 3773 5043 homini,

2180 5078 2273 5151 qui
2317 5084 2442 5150 post
2513 5075 2745 5148 primam
2802 5071 3178 5145 paenitentiam
3230 5086 3418 5125 rursus
3471 5086 3531 5125 se
3573 5067 3778 5141 laqueis

2179 5162 2482 5236 iniquitatis
2508 5158 2821 5233 obstringit,
2838 5158 3020 5214 adhuc
3046 5157 3243 5213 iterum
3274 5154 3455 5226 parcis
3473 5155 3503 5209 ?
3533 5153 3671 5223 Quis
3691 5170 3778 5210 au-

2178 5253 2307 5309 deat
2336 5251 2523 5309 dicere
2542 5264 2680 5322 erga
2700 5249 2833 5304 istos
2863 5262 2975 5303 non
3003 5246 3094 5317 agi
3144 5242 3291 5313 quod
3328 5244 3622 5316 Apostolus
3658 5244 3732 5298 ait
3759 5259 3773 5300 :

2186 5368 2209 5399 ι
2235 5348 2467 5421 Ignoras
2497 5344 2619 5417 quia
2650 5341 2914 5415 patientia
2960 5340 3061 5396 Dei
3102 5339 3171 5394 ad
3201 5338 3571 5411 paenitentiam
3593 5344 3643 5393 te
3672 5338 3776 5393 ad-

2180 5435 2377 5493 ducit?
2407 5436 2583 5505 (Rom.
2608 5448 2667 5491 ιι.
2694 5436 2713 5503 )
2748 5455 2770 5481 ιι
2804 5433 2911 5486 Aut
2938 5430 3009 5485 ad
3037 5428 3175 5485 istos
3206 5443 3315 5483 non
3346 5425 3773 5498 pertinerequod

2181 5534 2450 5607 scriptum
2494 5538 2578 5587 est
2609 5548 2623 5587 :
2660 5552 2683 5579 α
2715 5528 2867 5585 Beati
2916 5542 3110 5582 omnes
3153 5525 3245 5599 qui
3293 5522 3575 5581 confidunt
3611 5522 3666 5577 in
3706 5537 3775 5578 eo

2181 5632 2474 5705 (Psalm),
2531 5654 2554 5680 ι
2600 5636 2655 5686 et
2689 5628 2835 5699 quod
2854 5626 3057 5682 dicitur
3102 5644 3114 5680 ε
3155 5648 3178 5673 α
3230 5623 3472 5679 Viriliter
3516 5622 3678 5693 agite,
3726 5629 3779 5678 et

2181 5722 2519 5781 confortetur
2546 5735 2641 5775 cor
2669 5725 2932 5785 vestrum,
2954 5730 3149 5771 omnes
3162 5713 3256 5785 qui
3282 5712 3515 5785 speratis
3530 5712 3582 5766 in
3597 5710 3776 5766 Domi-

2181 5836 2252 5878 no
2282 5820 2461 5892 (Prol.
2505 5817 2614 5888 ιιι).
2651 5840 2673 5867 ιο
2717 5815 2881 5885 Cujus
2919 5820 3103 5869 autem
3133 5819 3355 5885 peccata
3386 5807 3602 5866 occulta
3631 5815 3771 5876 sunt,

2180 5918 2234 5968 et
2264 5916 2574 5983 spontanee
2602 5903 2947 5964 confessione
2976 5901 3076 5961 soli
3104 5900 3424 5975 presbytero
3451 5897 3539 5958 vel
3557 5895 3774 5969 episco-
