3972 6494
323 482 462 536 1209

1240 479 1817 537 DEFLORATIONES
1857 479 1956 535 SS.
2001 477 2298 540 PATRL'M.
2339 516 2407 526 -—
2446 486 2571 543 ΗΒ.
2616 490 2687 543 ΙΙ.

3478 495 3611 549 1210

316 619 394 676 po
427 603 703 671 revelata,
730 602 939 660 occulta
969 603 1133 659 debet
1161 619 1284 660 esse
1301 606 1643 678 poenitentia,
1676 621 1744 661 ne
1771 602 1924 658 inﬁr-
1954 603 2009 665 A
2044 607 2170 681 quia
2198 609 2302 667 cito
2355 617 2635 668 transeunt
2666 628 2678 682 ;
2712 630 2832 687 qum
2860 623 3039 673 autem
3081 632 3181 673 nos
3211 624 3393 673 contra
3439 618 3615 673 Deum

320 698 401 749 ml
480 693 535 748 in
586 693 836 749 Ecclesia
907 694 1364 764 scandalizentur,
1425 694 1675 750 videntes
1731 708 1921 765 poenas

319 798 519 839 eorum
552 797 781 852 quorum
811 782 1045 852 penitus
1093 782 1348 855 ignorant
1376 798 1592 839 causas.
1639 781 1711 837 Et
1739 782 1921 838 scien-

320 880 459 935 dum
489 879 620 950 quia
659 877 911 933 similiter
936 878 1289 935 circumvenit
1322 881 1545 936 Satanas
1574 896 1675 951 per
1702 879 1925 934 nimiam

324 967 609 1033 duritiam,
628 976 684 1023 ut
701 970 1024 1038 peccatores
1038 976 1263 1039 pereant
1279 968 1924 1040 desperando,quomodo

322 1056 382 1112 in
413 1055 581 1111 nimia
625 1057 949 1112 remissione
1010 1058 1362 1128 corrigendo.
1397 1058 1552 1114 Unde
1616 1057 1871 1113 Salomon
1907 1074 1922 1113 :

334 1168 357 1194 σι
392 1146 516 1200 Non
545 1144 791 1201 declines
844 1145 917 1201 ad
981 1145 1263 1201 dexteram
1313 1162 1493 1216 neque
1555 1145 1623 1201 ad
1649 1146 1924 1202 sinistram

328 1235 519 1305 (Prov.
553 1237 630 1302 tv)
643 1274 657 1289 .
701 1257 725 1283 ι

325 1356 619 1429 Expositio
634 1358 910 1428 evangelii
936 1372 948 1412 :
987 1380 1009 1405 «
1058 1359 1255 1415 Simile
1269 1362 1353 1414 est
1365 1374 1597 1432 regnum
1611 1360 1875 1416 cwlorum
1894 1382 1915 1407 ιι

400 1496 423 1520 υ
460 1473 604 1527 Beati
650 1471 740 1544 qui
770 1472 1087 1528 custodiunt
1111 1474 1395 1542 judicium,
1439 1483 1488 1529 et
1521 1473 1718 1530 faciunt
1752 1475 1923 1545 justi-

319 1561 452 1616 tiam
479 1562 533 1615 in
566 1562 715 1616 omni
745 1564 1176 1632 tempore(Psal.
1209 1566 1319 1630 ev).
1360 1587 1381 1611 ιι
1413 1564 1525 1618 Ουυ
1548 1564 1920 1631 suutjudicia:

322 1659 504 1715 Unum
561 1659 705 1731 quod
729 1660 817 1715 hic
848 1676 947 1730 per
998 1660 1210 1728 judices
1239 1661 1440 1717 Christi
1499 1662 1731 1717 vicarios
1762 1678 1923 1718 exer-

323 1755 482 1804 cetur
506 1763 520 1817 ;
542 1747 689 1803 aliud
722 1750 865 1818 quod
924 1748 979 1803 in
1010 1750 1327 1805 novissimis
1355 1766 1456 1821 per
1502 1750 1795 1819 Christum,
1830 1751 1924 1823 qui

319 1852 354 1892 a
385 1836 621 1892 Domino
660 1839 990 1894 constitutus
1050 1846 1132 1893 est
1156 1838 1322 1908 judex
1378 1839 1627 1894 vivorum
1671 1848 1724 1895 et
1761 1856 1922 1895 mor-

325 2020 491 2077 malis
546 2021 886 2087 discernere,
947 2021 1107 2077 bonis
1164 2023 1325 2089 bona,
1384 2023 1543 2078 malis
1566 2023 1709 2079 mala
1762 2024 1924 2079 retri-

325 2110 523 2166 huere.
558 2110 648 2167 Sic
677 2110 926 2166 Christus
956 2111 1008 2165 in
1033 2109 1248 2180 judicio
1279 2112 1453 2167 bonos
1483 2128 1516 2167 a
1544 2112 1699 2167 malis
1731 2116 1813 2167 est
1841 2112 1923 2167 di-

324 2216 631 2274 screturus,
666 2216 720 2263 et
741 2208 903 2276 justis
934 2208 1153 2280 gaudia.
1188 2209 1367 2280 impiis
1398 2210 1662 2281 supplicia
1691 2218 1768 2265 est
1794 2210 1921 2266 red-

320 2296 561 2352 diturus.
611 2296 881 2353 Judicium
915 2313 1050 2368 ergo
1081 2297 1394 2353 custodiunt
1424 2299 1516 2371 qui
1564 2298 1780 2354 Domini
1809 2298 1921 2355 cul-

317 2391 474 2441 tores
506 2385 759 2459 diligunt,
804 2386 1020 2441 Domini
1050 2394 1458 2458 contemptores
1505 2395 1791 2457 respuunt.
1820 2387 1922 2442 Ju-

318 2474 530 2531 dicium
590 2489 809 2547 quoque
868 2475 1170 2531 observare
1223 2484 1307 2530 est
1362 2476 1475 2530 suis
1508 2476 1663 2531 malis
1711 2476 1921 2532 meritis

319 2571 636 2644 quempiam
666 2571 864 2644 dignas
894 2587 1083 2643 pmnas
1113 2571 1386 2642 irragare.
1426 2572 1529 2641 Qui
1557 2574 1700 2627 enim
1734 2589 1793 2628 se
1834 2572 1920 2628 his

318 2660 546 2732 vigiliis,
576 2660 800 2730 jejuniis
833 2669 884 2715 et
938 2661 1058 2715 aliis
1089 2660 1196 2732 piis
1226 2661 1499 2716 laboribus
1529 2677 1629 2733 pro
1683 2660 1920 2734 peceatis

321 2757 595 2830 affligunt,
631 2757 775 2812 beati
824 2765 966 2825 sunt,
1000 2757 1125 2829 quia
1152 2774 1261 2813 non
1293 2773 1414 2814 cum
1444 2759 1622 2829 impiis
1660 2767 1916 2815 aeternum

316 2845 589 2915 judicium
650 2845 930 2900 subibunt.
967 2846 1108 2901 Duae
1158 2854 1282 2901 sunt
1331 2847 1494 2902 etiam
1543 2848 1781 2916 justitiw,
1812 2862 1921 2902 una

321 2935 615 2999 naturalis,
648 2934 857 2990 scilicet
884 2935 1076 2990 divina
1133 2950 1148 3005 ;
1208 2936 1381 2991 altera
1420 2936 1920 3006 consuetudinaria,

320 3023 580 3080 videlicet
609 3024 865 3079 humana.
897 3024 1177 3079 Naturalis
1196 3032 1276 3079 est
1289 3024 1500 3094 justitia
1543 3025 1659 3080 Deo
1688 3024 1916 3092 servire,

320 3111 643 3185 parentibus
672 3111 900 3168 obedire
937 3132 951 3178 ;
983 3114 1478 3182 consuetudinaria,
1512 3113 1685 3185 leges,
1718 3122 1921 3169 statuta

320 3201 674 3273 praelatorum
706 3202 1023 3267 observare,
1057 3209 1109 3257 et
1138 3218 1261 3257 cum
1292 3202 1503 3257 civibus
1551 3203 1910 3258 concordare.

2033 700 2260 757 facimus
2313 701 2473 757 valde
2511 704 2701 774 gravia
2733 712 2877 772 sunt,
2937 706 3061 778 quia
3092 723 3197 762 nos
3251 707 3305 761 in
3342 707 3616 762 interitum

2031 798 2303 862 mergunt.
2341 790 2497 847 Unde
2544 792 2780 848 caelestis
2811 795 3165 851 scholasticus
3196 812 3297 850 nos
3325 796 3510 851 docuit
3563 805 3621 851 ut

2034 887 2404 943 conditionem
2426 905 2548 945 cum
2573 890 2761 959 judice
2796 891 3081 957 faciamus,
3116 901 3171 948 ut
3211 892 3420 949 scilicet
3467 894 3626 949 nobis

2033 976 2217 1032 debita
2244 985 2426 1032 nostra
2486 978 2564 1033 sic
2594 979 2788 1034 dimitti
2818 988 3082 1050 petamus,
3118 980 3257 1037 sicut
3277 998 3375 1037 nos
3404 983 3622 1038 debito-

2032 1065 2190 1120 ribus
2218 1067 2420 1121 nostris
2442 1067 2989 1137 relaxamusUllatth.
3031 1076 3132 1133 γι).
3158 1095 3179 1118 »ι
3197 1073 3264 1126 Ει
3283 1072 3438 1125 Petro
3460 1071 3627 1125 inter-

2031 1163 2266 1227 rogante
2321 1155 2534 1227 quoties
2591 1155 2745 1211 fratri
2794 1158 2999 1228 peccati
3050 1168 3196 1214 esset
3245 1158 3625 1214 dimittendum

2032 1243 2080 1298 si
2118 1259 2293 1315 usque
2322 1244 2545 1315 septies,
2576 1261 2685 1300 non
2716 1262 2891 1317 usque
2922 1247 3145 1317 septies,
3172 1248 3362 1319 inquit,
3398 1248 3492 1303 sed
3523 1265 3624 1302 us-

2034 1358 2140 1414 que
2172 1342 2485 1412 septuagies
2515 1343 2719 1411 septies
2742 1344 2967 1412 (Matth.
3005 1347 3142 1414 xu),
3170 1346 3221 1400 id
3249 1354 3328 1401 est
3351 1345 3622 1417 quadrin-

2031 1431 2209 1504 gentis
2240 1432 2530 1503 nonaginta
2573 1431 2783 1488 vicibus
2817 1449 2830 1495 ;
2864 1434 2969 1489 hoc
3026 1442 3107 1488 est
3138 1442 3193 1489 ut
3259 1434 3519 1505 quidquid
3568 1435 3621 1489 in

2031 1520 2191 1575 nobis
2244 1520 2575 1591 delinquitur
2621 1521 2981 1576 dimittamus.
3042 1523 3106 1576 Et
3153 1523 3280 1577 item
3340 1524 3623 1593 Scriptura

2031 1609 2159 1664 dicit
2194 1623 2207 1663 :
2244 1632 2266 1655 «ι
2302 1610 2479 1663 Homo
2517 1609 2721 1663 homini
2753 1619 2932 1664 servat
2955 1610 3111 1674 iram,
3148 1619 3199 1666 et
3233 1627 3263 1666 a
3292 1612 3407 1667 Deo
3437 1621 3625 1682 sperat

2030 1707 2464 1762 misericordiam
2490 1709 2719 1775 (Ecclcs.
2744 1712 2961 1777 xxvm).
3009 1730 3029 1757 α
3066 1708 3169 1777 Qui
3202 1725 3339 1781 ergo
3393 1725 3500 1764 non
3531 1710 3623 1765 di-

2029 1796 2189 1852 mittit
2227 1796 2432 1850 homini
2478 1796 2534 1850 in
2586 1812 2645 1850 se
2700 1798 2952 1867 pcccanti
2998 1812 3273 1868 nunquam
3333 1798 3623 1853 dimittitur

2028 1893 2082 1941 et
2112 1886 2167 1940 in
2197 1886 2368 1941 Deum
2416 1885 2683 1956 peccanti,
2733 1885 2844 1941 imo
2873 1885 2927 1940 in
2958 1886 3241 1941 tormentis
3270 1887 3338 1941 ab
3359 1903 3425 1942 eo
3455 1887 3624 1961 exigi-

2029 2070 2138 2127 Sed
2167 2070 2305 2125 dicis
2340 2085 2353 2124 :
2384 2071 2507 2125 Non
2543 2085 2765 2140 possum
2797 2069 3068 2125 dimittere
3098 2072 3148 2126 ei
3184 2071 3274 2142 qui
3329 2071 3460 2126 mihi
3493 2072 3624 2128 facit

2028 2159 2298 2228 injuriam,
2329 2174 2431 2214 nec
2461 2174 2651 2213 amare
2677 2158 2829 2213 illum
2859 2174 2891 2213 a
2920 2174 3026 2231 quo
3056 2159 3236 2230 patior
3258 2159 3610 2217 calumniam.

2028 2247 2076 2304 Ο
2104 2248 2297 2315 amice,
2331 2247 2460 2319 quid
2491 2247 2618 2303 fecit
2648 2246 2744 2301 tibi
2786 2247 2833 2300 is
2863 2263 3025 2319 quem
3058 2248 3258 2319 quaeris
3314 2249 3567 2304 occidere
3593 2253 3622 2304 ‘?

2026 2336 2281 2393 Amicum
2312 2352 2512 2402 meum,
2545 2335 2746 2407 inquis,
2766 2335 2985 2391 occidit.
3018 2337 3223 2408 thuid
3243 2337 3313 2392 ad
3344 2346 3395 2392 te
3415 2338 3624 2394 occisio

2026 2424 2290 2480 hominis.
2327 2424 2533 2480 Omnes
2590 2424 2735 2479 servi
2767 2440 2955 2479 sumus
3009 2424 3170 2481 unius
3200 2425 3418 2481 Domini
3473 2427 3621 2498 regis

2027 2522 2289 2585 omnium,
2322 2522 2413 2594 qui
2437 2522 2620 2591 justus
2642 2521 2819 2591 judex
2843 2521 3145 2579 vindicabit
3177 2538 3368 2579 omnes
3399 2523 3622 2592 injurias

2025 2611 2338 2667 hominum.
2377 2609 2483 2679 Qui
2512 2625 2647 2681 ergo
2675 2610 2952 2665 hominem
2984 2612 3272 2678 occiderit,
3321 2628 3431 2667 non
3460 2612 3515 2667 in
3546 2621 3617 2681 te,

2029 2701 2128 2755 sed
2156 2699 2210 2754 in
2240 2699 2391 2753 illum
2420 2698 2706 2770 delinquit,
2758 2699 2917 2768 cujus
2947 2715 3168 2754 servum
3199 2699 3419 2756 occidit.
3453 2701 3522 2754 Et
3576 2700 3623 2755 si

2025 2787 2153 2844 inde
2181 2788 2441 2843 ultionem
2499 2787 2717 2859 qumris,
2751 2787 3041 2858 dupliciter
3091 2804 3221 2843 reus
3252 2789 3360 2843 eris
3396 2805 3408 2844 :
3437 2789 3490 2843 in
3512 2804 3623 2845 uno

2028 2887 2174 2957 quod
2202 2902 2526 2944 conservum
2575 2895 2725 2941 tuum
2754 2886 3045 2948 occideris,
3063 2886 3116 2941 in
3140 2888 3312 2943 altero
3344 2887 3488 2961 quod
3516 2888 3620 2944 do-

2026 2977 2175 3033 mino
2201 2984 2291 3032 tuo
2313 2975 2583 3049 judicium
2617 2992 2783 3031 suum
2811 2975 3128 3031 abstuleris.

2098 3127 2269 3201 Igitur
2291 3129 2337 3183 si
2367 3127 2720 3183 homicidium
2752 3127 2894 3183 facto
2925 3127 3012 3183 vel
3042 3127 3275 3185 consilio
3304 3126 3622 3185 vindicave—

2026 3216 2117 3285 ris,
2154 3232 2278 3273 cum
2307 3216 2601 3273 homicidio
2632 3217 2819 3289 utique
2848 3217 3223 3284 damnaberis,
3257 3216 3387 3288 quia
3447 3239 3468 3264 α
3530 3215 3624 3287 qui

323 3290 479 3346 Beati
509 3297 636 3345 sunt
663 3305 800 3363 ergo
831 3290 927 3361 qui
959 3289 1224 3359 justitiam
1279 3291 1333 3345 in
1362 3291 1507 3346 omni
1537 3298 1778 3361 tempore
1830 3295 1920 3347 ta-

2028 3306 2139 3362 odit
2161 3304 2379 3362 fratrem
2400 3321 2581 3374 suum,
2637 3306 2912 3361 homicida
2943 3314 3024 3362 est
3058 3324 3071 3369 ;
3105 3313 3159 3361 et
3177 3305 3266 3361 hic
3294 3320 3404 3361 non
3459 3305 3625 3360 habet

322 3388 497 3455 ciunt,
532 3388 661 3462 quia
690 3404 722 3444 a
746 3388 957 3458 justitia
1005 3388 1179 3444 Patris
1196 3406 1295 3463 per
1333 3390 1759 3459 Christumiusta
1800 3389 1920 3447 vitae

323 3477 547 3551 praemia
579 3477 902 3551 percipiunt.

391 3600 732 3656 Hodiernum
763 3601 1118 3675 evangelium
1147 3610 1334 3660 monet
1360 3617 1460 3659 nos
1489 3603 1562 3659 ad
1586 3602 1805 3674 justitiae
1827 3604 1921 3675 ju-

318 3688 552 3746 dicium.
595 3689 735 3745 Dicit
790 3707 1023 3763 namque
1053 3691 1201 3764 quod
1251 3692 1477 3762 quidam
1508 3709 1599 3748 rex
1653 3693 1921 3750 rationem

321 3790 452 3833 cum
509 3776 686 3831 servis
735 3776 849 3831 suis
884 3777 1085 3848 posuit,
1144 3777 1233 3833 cui
1263 3779 1475 3834 oblatus
1506 3786 1589 3834 est
1637 3795 1797 3847 unus,
1831 3780 1923 3851 qui

321 3863 521 3921 decem
565 3864 739 3921 millia
768 3865 969 3921 talenta
998 3866 1206 3921 debuit.
1247 3868 1314 3922 Et
1344 3867 1471 3939 quia
1498 3867 1641 3923 unde
1671 3868 1924 3924 redderet

316 3968 432 4008 non
465 3952 675 4021 habuit,
708 3953 968 4009 dominus
999 3970 1121 4010 eum
1179 3970 1303 4011 cum
1345 3971 1518 4011 uxore
1548 3970 1614 4012 ac
1660 3955 1782 4011 filiis
1809 3972 1923 4013 om-

319 4041 596 4114 nibusque
622 4042 734 4097 suis
761 4043 1064 4098 vcnundari
1086 4044 1267 4112 jussit.
1300 4043 1405 4113 Qui
1436 4045 1725 4116 procidens
1753 4046 1923 4101 mise-

320 4130 617 4186 ricordiam
649 4131 969 4201 postulavit,
1002 4139 1055 4187 et
1083 4132 1335 4188 dominus
1363 4133 1639 4200 misertus,
1663 4133 1845 4189 omnia
1873 4134 1923 4189 ei

319 4218 562 4275 donavit.
582 4219 1054 4293 Illiveroegresso
1094 4220 1309 4276 debitor
1324 4230 1541 4276 centum
1574 4222 1922 4277 denariorum

319 4307 509 4363 obviat
541 4323 557 4378 ;
590 4324 751 4381 quem
784 4314 983 4365 tenens
1047 4307 1293 4378 snﬁ‘ocat,
1324 4309 1591 4367 violenter
1646 4311 1922 4384 stringens

320 4416 379 4463 ut
404 4407 648 4463 debitum
679 4408 897 4462 reddat.
937 4406 1040 4476 Qui
1072 4407 1233 4462 etiam
1264 4408 1379 4479 ipse
1396 4409 1693 4479 procidens
1710 4408 1923 4463 miseri-

320 4496 570 4554 cordiam
626 4496 897 4567 poposcit,
931 4496 1026 4551 scd
1059 4496 1193 4551 nihil
1249 4496 1299 4552 ei
1330 4496 1551 4568 profuit.
1581 4498 1718 4552 Nam
1750 4497 1922 4553 mise-

320 4602 440 4642 rum
490 4584 707 4641 carceri
737 4585 1044 4656 mancipat,
1082 4584 1258 4641 donec
1291 4585 1530 4641 debitum
1560 4585 1751 4642 solvat.
1801 4585 1922 4654 Quo

2027 3402 2240 3467 partem
2293 3393 2347 3449 in
2366 3403 2574 3450 aeterna
2603 3394 2712 3449 vita
2743 3396 2930 3461 (Joan.
2956 3398 3066 3466 ιιι).
3095 3418 3117 3443 ι)
3141 3398 3230 3461 At,
3259 3401 3317 3449 tu
3344 3393 3486 3448 boue
3516 3393 3620 3462 vir,

2026 3506 2124 3549 cur
2154 3491 2237 3547 vis
2267 3491 2417 3546 illius
2457 3492 2709 3547 membra
2754 3492 3030 3557 mutilarc,
3065 3508 3227 3563 quem
3256 3490 3453 3546 summi
3508 3490 3624 3544 Im-

2024 3582 2292 3653 peratoris
2346 3579 2510 3635 Filius
2539 3597 2727 3636 secum
2784 3581 2901 3635 vult
2937 3595 3277 3653 conregnare
3308 3582 3335 3633 ?
3367 3579 3620 3647 Abstulit,

2025 3668 2223 3742 inquis,
2257 3668 2401 3725 bona
2429 3685 2573 3725 mea.
2608 3669 2744 3738 Quae
2773 3669 2914 3725 bona
2942 3672 2970 3724 ‘?
3000 3672 3233 3735 Aurum,
3288 3668 3487 3739 inquis,
3533 3674 3625 3723 aut

2026 3764 2336 3829 argentum,
2368 3766 2459 3813 aut
2487 3774 2706 3831 equum,
2739 3766 2833 3814 aut
2879 3757 3085 3830 aliquid
3135 3757 3429 3827 ejusmodi.
3465 3756 3625 3812 Oho-

2022 3863 2133 3914 mo,
2157 3863 2336 3903 nonne
2365 3848 2545 3903 nudus
2577 3848 2633 3902 in
2675 3849 2825 3903 hunc
2864 3848 3127 3902 mundum
3164 3846 3380 3914 venisti,
3412 3854 3465 3901 et
3492 3844 3625 3901 nihil

2024 3937 2221 3992 horum
2270 3943 2450 3992 tecum
2506 3935 2790 3992 attulisti?
2844 3936 2962 3993 Nec
3008 3937 3231 3991 dubium
3262 3936 3391 4007 quin
3445 3935 3626 3990 nudus

2026 4027 2189 4081 etiam
2218 4025 2288 4081 de
2314 4025 2520 4080 mundo
2550 4025 2826 4091 discedas,
2867 4033 2921 4080 et
2951 4024 3133 4080 omnia
3163 4025 3251 4079 hic
3305 4023 3617 4094 relinquas.

2025 4116 2142 4171 Huc
2171 4114 2426 4170 universa
2457 4114 2525 4169 de
2553 4121 2700 4169 terra
2756 4122 3050 4180 venerunt,
3082 4120 3137 4169 et
3173 4113 3371 4169 iterum
3424 4113 3480 4167 in
3511 4120 3626 4167 ter-

2024 4218 2150 4259 ram
2170 4203 2445 4259 redibunt.
2478 4202 2630 4258 Nihil
2657 4201 2830 4257 habes
2860 4202 2949 4257 hic
2971 4202 3272 4273 prOprium,
3305 4201 3403 4257 sed
3455 4207 3623 4256 totum

2026 4308 2110 4357 est
2136 4299 2375 4355 alienum
2411 4317 2424 4354 :
2464 4322 2488 4348 ι
2525 4298 2746 4353 Domini
2804 4306 2888 4354 est
2919 4306 3064 4354 terra
3094 4307 3147 4354 et
3165 4299 3447 4369 plenitudo
3502 4299 3627 4369 ejus

2028 4390 2210 4459 (Psal.
2249 4390 2432 4459 XXIII).
2478 4411 2500 4436 ν»
2533 4389 2612 4443 De
2645 4387 2804 4443 bonis
2835 4388 2947 4442 suis
2966 4395 3172 4458 partem
3202 4387 3299 4442 tibi
3330 4389 3624 4455 concessit,

2025 4473 2279 4545 quamdiu
2324 4473 2433 4528 sibi
2470 4472 2668 4544 placuit
2702 4490 2715 4537 ;
2748 4488 2872 4528 cum
2910 4472 3114 4528 diutius
3144 4480 3197 4527 te
3216 4473 3625 4539 haberenoluit,

2024 4573 2189 4629 alium
2242 4573 2435 4630 tollere
2458 4573 2642 4642 jussit.
2705 4572 2957 4640 Quandiu
2987 4571 3158 4628 voluit
3185 4572 3334 4627 bona
3373 4587 3471 4626 sua
3525 4571 3628 4627 Job

321 4682 506 4739 audito
560 4681 812 4737 dominus
842 4697 1059 4737 servum
1117 4696 1352 4754 nequam
1381 4689 1610 4738 reme“
1666 4682 1802 4738 dure
1830 4681 1918 4736 ίη,
1948 4675 2004 4739 D
2033 4662 2221 4717 tribuit
2252 4681 2266 4729 ;
2298 4677 2421 4718 cum
2452 4661 2647 4716 iterum
2678 4661 2781 4715 sibi
2812 4661 3016 4733 placuit
3046 4660 3096 4715 ei
3125 4658 3381 4715 auferens
3409 4659 3629 4714 diabolo

321 4779 531 4844 crepat,
580 4771 872 4827 tortoribus
903 4771 1086 4837 tradit,
1119 4771 1430 4825 universum
1475 4771 1721 4826 debitum
1763 4771 1833 4825 ab
1862 4786 1927 4825 eo

324 4861 471 4933 exigi
502 4859 784 4932 praecepit.
817 4860 884 4914 Et
915 4859 1044 4932 quid
1075 4874 1176 4930 per
1196 4859 1495 4915 haecvcrba
1518 4858 1925 4932 significaverit,

326 4957 595 5015 Dominus
652 4955 989 5014 concludens
1030 4956 1301 5013 innotuit:
1337 4980 1359 5005 α
1397 4956 1505 5023 Sic,
1538 4956 1815 5029 inquiens,
1848 4956 1928 5013 fa-

326 5048 439 5103 ciet
467 5046 624 5103 vobis
683 5047 845 5102 Pater
871 5062 1030 5101 meus
1084 5045 1348 5114 caelestis,
1384 5045 1429 5099 si
1461 5060 1570 5101 non
1606 5045 1929 5102 remiseritis

327 5135 641 5192 hominibus
672 5151 735 5191 ex
775 5134 1035 5191 cordibus
1055 5133 1254 5190 vestris
1283 5134 1508 5202 (Matth.
1553 5134 1741 5205 xvm).
1782 5156 1805 5183 ιι

401 5260 744 5326 Charissimi,
774 5259 880 5315 ista
927 5262 1057 5314 sunt
1084 5258 1247 5314 nimis
1276 5258 1589 5325 metuenda,
1635 5273 1701 5315 ac
1725 5259 1931 5331 jugiter

327 5350 382 5405 in
412 5349 682 5405 memoria
728 5347 1047 5403 retinenda.
1085 5347 1199 5403 Rex
1231 5347 1324 5419 qui
1355 5347 1617 5403 rationem
1646 5362 1772 5404 cum
1802 5363 1929 5403 ser-

326 5439 409 5496 vis
439 5437 621 5511 posuit
650 5445 732 5494 est
763 5436 1034 5504 Christus,
1067 5437 1159 5507 qui
1189 5452 1379 5491 omnes
1408 5435 1662 5491 homines
1688 5436 1932 5507 proacti-

326 5527 431 5583 bus
461 5527 576 5583 suis
624 5525 678 5580 in
704 5525 973 5594 judicium
997 5524 1236 5579 adducit.
1272 5523 1500 5579 Debitor
1554 5523 1743 5579 decem
1801 5525 1932 5579 mil—

326 5617 456 5672 lium
517 5614 845 5670 talentorum
903 5621 984 5669 est
1041 5613 1275 5685 quilibet
1332 5621 1711 5683 transgressor
1738 5613 1929 5669 decem

326 5711 756 5778 praeceptorum.
797 5703 1027 5758 Debitor
1048 5716 1190 5757 vero
1220 5704 1438 5756 centum
1467 5701 1818 5757 denariorum
1848 5710 1932 5757 est

329 5792 689 5851 calumniator
735 5791 1139 5862 proximorum.
1179 5788 1284 5853 Qui
1330 5805 1463 5861 ergo
1493 5789 1744 5844 volumus
1772 5790 1929 5845 nobis

332 5898 361 5939 a
392 5884 509 5938 Deo
540 5880 738 5936 dimitti
792 5879 1008 5953 gravia,
1040 5876 1375 5933 dimittamus
1428 5877 1698 5949 proximis
1751 5877 1919 5934 levia.

326 5971 485 6030 Levia
515 5968 717 6044 quippe
746 5975 873 6024 sunt
899 5966 1080 6025 omnia
1100 5981 1221 6039 quae
1248 5965 1407 6022 nobis
1423 5964 1675 6022 homines
1703 5964 1925 6037 faciunt,

2021 4752 2190 4807 dedit.
2221 4750 2377 4806 Unde
2408 4759 2460 4806 et
2487 4750 2605 4820 ipse
2639 4767 2652 4803 :
2692 4770 2712 4797 ι
2748 4749 3037 4816 Dominus,
3069 4747 3263 4820 inquit,
3298 4747 3475 4812 dedit,
3509 4749 3629 4804 Do-

2023 4840 2204 4895 minus
2234 4838 2455 4894 abstulit
2483 4839 2634 4909 (Job.
2668 4839 2732 4906 i).
2770 4861 2792 4886 -
2826 4840 2947 4893 Non
2977 4837 3115 4892 dixit
3149 4855 3161 4891 :
3198 4860 3220 4885 α
3255 4836 3516 4893 Diabolus
3537 4836 3625 4892 ab-

2026 4938 2189 5005 stulit,
2214 4937 2343 5009 quia
2363 4937 2631 4992 Dominus
2654 4937 2943 4992 solusinde
2966 4943 3292 5007 potestatem
3342 4935 3554 4990 habuit.
3600 4955 3624 4985 ι

2025 5027 2158 5082 Cum
2187 5041 2320 5097 ergo
2350 5026 2427 5080 sis
2455 5026 2660 5082 vermis
2687 5033 2742 5080 et
2768 5025 3019 5097 putredo,
3051 5040 3123 5080 ne
3152 5024 3409 5093 injuriam
3456 5023 3629 5079 facias

2025 5125 2159 5191 Deo,
2194 5124 2474 5179 vindicans
2506 5132 2557 5179 te
2587 5123 2643 5178 in
2671 5123 2946 5194 proximo.
2978 5124 3058 5177 Tu
3087 5129 3289 5187 autem,
3314 5122 3494 5185 chara,
3523 5135 3632 5176 cur

2025 5213 2110 5269 vis
2139 5212 2294 5267 illum
2328 5212 2616 5284 fustigare,
2677 5211 2764 5267 vel
2794 5212 2955 5267 rebus
3008 5211 3122 5265 suis
3158 5210 3377 5282 privare
3411 5210 3440 5262 ?
3468 5208 3629 5277 Male,

2025 5310 2227 5383 inquis,
2259 5310 2470 5366 locutus
2504 5317 2589 5365 est
2618 5309 2768 5364 mihi.
2813 5308 2859 5365 0
2890 5307 3350 5380 insensatetquid
3388 5313 3471 5362 est
3499 5322 3629 5362 ver-

2026 5399 2159 5454 bum
2195 5399 2302 5453 nisi
2332 5404 2534 5454 ventus
2554 5399 2582 5451 ‘?
2605 5400 2893 5470 Postquam
2924 5398 3069 5452 enim
3099 5397 3169 5452 de
3211 5411 3304 5451 ore
3334 5395 3625 5464 volaverit,

2027 5504 2154 5544 mox
2184 5488 2240 5542 in
2294 5503 2456 5542 auras
2486 5486 2727 5541 evanuit.
2760 5485 2865 5555 Qui
2896 5494 3078 5541 autem
3108 5484 3248 5540 male
3275 5484 3488 5539 locutus
3546 5491 3630 5539 est
3670 5502 3682 5514 -

2026 5602 2137 5642 non
2171 5586 2285 5651 tibi,
2319 5585 2417 5641 sed
2447 5584 2551 5640 sibi
2580 5584 2784 5653 nocuit,
2818 5584 2949 5656 quia
2978 5583 3071 5655 qui
3093 5583 3251 5639 etiam
3285 5583 3424 5637 fatue
3469 5580 3630 5637 dixe-

2026 5676 2121 5742 rit,
2155 5691 2286 5730 reus
2316 5676 2584 5746 gehennae
2639 5674 2784 5747 ignis
2823 5673 2926 5729 erit
2982 5674 3211 5741 (Matth.
3251 5671 3331 5738 v).
3364 5670 3471 5725 Sed
3496 5670 3543 5725 si
3572 5679 3628 5726 tu

2025 5772 2172 5828 male
2202 5772 2425 5839 vixeris,
2459 5771 2588 5844 quid
2623 5771 2865 5843 proderit
2892 5770 2990 5825 tibi
3019 5770 3252 5838 alicujus
3273 5767 3628 5823 benedictio?

2028 5868 2087 5925 Si
2118 5885 2247 5925 vero
2276 5870 2416 5925 bene
2436 5869 2659 5936 vixeris,
2698 5869 2825 5941 quid
2849 5867 3031 5924 oberit
3069 5866 3164 5921 tibi
3193 5864 3419 5933 alicujus
3448 5864 3625 5919 malc-

2027 5966 2235 6025 dictio?
2250 5967 2511 6025 Miserum
2539 5974 2624 6024 est
2654 5982 2791 6040 ergo
2843 5968 3042 6026 horum
3069 5965 3397 6022 miserorum
3451 5976 3626 6033 auge-
