3972 6406
444 369 578 427 1211

1602 366 1950 425 WERNERI
1973 364 2263 423 ABBATIS
2300 368 2359 427 S.
2399 368 2619 428 BLASII

3621 372 3748 427 12ιὲ

443 511 505 552 re
531 494 811 553 miseriam
868 510 969 568 per
1032 494 1349 561 vindictam,
1407 508 1534 552 cum
1563 493 1669 566 ipsi
1719 493 1903 550 miseri
1958 510 2056 549 su-
2084 492 2137 554 A
2171 494 2377 552 decore
2438 495 2897 569 profugaverunt.
2940 496 3279 570 Reversique
3305 496 3583 571 ingentem
3624 510 3751 567 prac-

445 600 546 657 per
583 601 643 641 se
702 584 1129 657 provocaverint
1227 585 1362 640 iram
1410 584 1538 640 Dei.
1602 584 1749 640 Deus
1823 598 2062 655 namque

449 674 760 731 homicidas
789 674 1087 740 damnabit,
1121 682 1373 745 raptores
1400 690 1619 746 quoque
1649 674 1832 745 pcenis
1861 672 2058 745 subju—

451 763 626 836 gabit,
662 762 988 819 maledictos
1019 764 1183 818 etiam
1213 763 1282 819 ab
1310 772 1514 818 mterna
1556 756 1935 818 benedictione
1963 778 2060 816 se—

453 862 739 935 gregabit.
774 861 944 933 Igitur
972 870 1168 919 cuncta
1200 862 1256 917 in
1277 878 1377 917 nos
1407 862 1705 919 commissa
1726 860 2062 917 suntdimit-

454 951 639 1017 tenda,
671 951 730 1005 in
766 951 939 1007 Deum
969 952 1267 1008 commissa
1295 959 1421 1006 sunt
1440 968 1471 1006 a
1493 951 1737 1024 praelatis
1762 950 2056 1023 punienda.

454 1049 588 1120 Quae
619 1048 724 1121 ipsi
753 1050 809 1105 in
840 1050 1015 1106 Deum
1046 1066 1365 1123 peccamus,
1398 1050 1568 1121 digna
1608 1050 1927 1123 pmnitentia
1953 1065 2058 1121 pu-

450 1146 687 1213 niamus,
720 1164 844 1219 quae
865 1148 1026 1204 nobis
1056 1148 1355 1219 subjectiin
1371 1148 1551 1220 legem
1574 1148 1674 1205 Dei
1690 1154 2063 1219 peccaverunt

453 1252 560 1292 non
624 1236 946 1305 crudeliter,
1004 1238 1103 1293 sed
1158 1238 1591 1294 misericorditer
1619 1237 1974 1311 castigemus,
2003 1243 2061 1290 ut

452 1325 665 1381 animas
695 1341 885 1382 eorum
935 1326 1239 1394 salvemus,
1273 1327 1399 1399 quia
1430 1352 1453 1377 ι.
1483 1326 1749 1396 judicium
1804 1326 1923 1382 sine
1954 1324 2060 1381 mi-

453 1424 750 1481 sericordia
808 1424 859 1481 ei
918 1425 1011 1498 qui
1070 1441 1179 1482 non
1237 1424 1366 1483 fecit
1418 1425 1849 1481 misericordiam
1905 1426 2053 1493 (Jac.

454 1516 513 1584 ιι)
548 1533 563 1581 ;
603 1536 625 1562 ιι
662 1530 785 1586 quae
812 1522 993 1570 autem
1049 1516 1107 1568 in
1131 1530 1233 1570 nos
1263 1515 1432 1570 verbo
1476 1514 1559 1570 vel
1587 1514 1730 1571 facto
1762 1513 2061 1570 commise-

452 1602 585 1671 rint,
610 1602 932 1658 relaxemus
963 1611 1016 1658 et
1037 1603 1292 1675 gaudium
1326 1612 1380 1659 et
1420 1603 1666 1659 laetitiam
1698 1603 2052 1675 recipiemus.

526 1728 683 1781 Nunc
716 1736 895 1782 vestra
922 1727 1143 1783 dilectio
1173 1727 1353 1782 audiat
1384 1743 1546 1801 quam
1575 1729 1719 1798 juste
1749 1728 1896 1782 Deus
1925 1742 2059 1798 pec-

453 1824 693 1881 catores,
728 1825 781 1871 et
836 1833 999 1889 quam
1030 1818 1458 1873 misericorditer
1486 1834 1547 1873 se
1593 1818 1911 1872 invocantes
1940 1833 2061 1871 mu-
2090 1848 2145 1909 B

457 1906 588 1960 niat.
621 1908 749 1977 Ipse
807 1907 1012 1978 quippe
1043 1915 1123 1962 est
1152 1906 1397 1963 clemens
1430 1907 1587 1962 Pater
1642 1906 1931 1975 bonorum,
1954 1922 2061 1977 po-

455 2004 579 2053 tens
612 1995 879 2052 Dominus
915 1996 1204 2053 malorum.
1245 1997 1357 2052 Rex
1398 1996 1573 2051 David
1599 1996 1745 2053 Uria:
1765 1996 1887 2051 duci
1918 2012 2067 2052 uxo-

455 2101 574 2141 rem
635 2100 793 2141 suam
843 2085 1114 2141 abstulit:
1148 2086 1325 2157 ipsum
1357 2101 1574 2158 quoque
1628 2102 1730 2157 per
1782 2085 2069 2143 consilium

458 2174 689 2232 occidit.
729 2172 890 2244 Quod
912 2174 1177 2231 Dominus
1197 2174 1487 2241 ulciscens,
1521 2174 1783 2231 infantem
1810 2190 1876 2231 ex
1905 2174 2068 2230 adul—

455 2264 600 2320 terio
652 2271 838 2320 natum
885 2263 1250 2333 mortiﬁcavit,
1301 2263 1583 2335 ﬁliumque
1640 2265 1813 2335 ipsius
1843 2263 2071 2320 Absalo-

459 2376 609 2425 nem,
642 2375 807 2431 quem
864 2360 1139 2431 praecipue
1169 2360 1390 2428 amavit,
1439 2368 1623 2417 contra
1653 2376 1777 2415 eum
1830 2359 2069 2432 instiga-

462 2450 565 2504 vit.
606 2447 712 2518 Qui
742 2464 948 2506 uxores
1002 2449 1176 2521 patris
1206 2449 1428 2521 publice
1459 2449 1701 2517 violavit,
1729 2449 1953 2521 insuper
1978 2449 2069 2521 ip-

460 2554 580 2594 sum
640 2554 818 2609 regno
880 2538 1135 2610 privavit.
1169 2537 1348 2607 Quem
1377 2539 1459 2596 sic
1487 2540 1836 2609 castigatum,
1895 2554 2069 2611 regno

460 2636 654 2691 iterum
686 2636 833 2691 Deus
890 2636 1143 2700 restituit,
1175 2636 1504 2707 parricidam
1554 2643 1738 2692 autem
1786 2634 1955 2690 filium
2011 2636 2067 2691 in

461 2726 753 2796 reprobam
801 2737 1036 2781 mortem
1067 2725 1317 2781 tradidit.
1354 2725 1532 2780 David
1562 2734 1744 2781 autem
1775 2725 2064 2797 prenitens,

464 2813 642 2884 magis
699 2814 880 2871 adhuc
907 2815 1247 2881 consolatur,
1306 2814 1434 2869 dum
1464 2814 1745 2882 Salomon,
1779 2831 1843 2870 ex
1873 2816 2065 2873 eadem

464 2901 672 2957 femina
704 2903 872 2973 ipsius
905 2903 1073 2971 filius,
1106 2903 1158 2958 in
1191 2904 1349 2974 regni
1378 2904 1517 2959 solio
1548 2905 1878 2962 collocatur.
1902 2905 2055 2976 Legi-

465 2998 560 3044 tur
592 2993 753 3046 etiam
786 2992 930 3064 quod
966 3008 1069 3047 rex
1101 2992 1402 3066 Cambyses
1431 2994 1655 3064 cupiens
1685 2993 1835 3049 solus
1867 3010 2066 3067 regna-

464 3096 546 3148 re,
567 3082 731 3152 jussit
760 3082 1113 3137 Holofernem
1146 3082 1450 3154 principem
1485 3083 1691 3139 militiae
1743 3092 1937 3139 cuncta
1978 3098 2068 3139 or-

467 3179 551 3234 bis
602 3196 774 3252 regna
830 3180 935 3235 sibi
1002 3180 1333 3253 subjugare.
1373 3180 1477 3250 Qui
1535 3196 1659 3237 cum
1690 3181 1868 3283 valida
1898 3196 2066 3236 manu
2098 3217 2147 3283 Ο

467 3285 726 3341 egressus
782 3286 974 3325 omnes
1004 3271 1057 3324 in
1089 3271 1315 3326 circuitu
1358 3271 1603 3326 civitates
1633 3270 1870 3326 munitas
1926 3286 2060 3327 con-

464 3358 649 3432 fregit,
684 3361 903 3415 tandem
950 3359 1021 3414 ad
1059 3360 1305 3415 Iudaeam
1351 3360 1698 3431 perveniens,
1759 3360 2065 3416 Bethuliam

467 3448 702 3503 obsedit.
740 3449 987 3520 P0pulus
1014 3456 1198 3503 autem
1229 3449 1330 3503 Dei
1360 3455 1613 3505 metuens
1630 3465 1698 3505 ne
1723 3449 2066 3505 Hierusalem

469 3545 607 3600 sicut
635 3546 774 3601 alias
829 3548 1077 3603 civitates
1122 3547 1445 3613 destrueret,
1482 3547 1709 3618 jejuniis
1736 3557 1789 3603 et
1818 3548 2071 3603 obsecra-

467 3634 708 3689 tionibus
764 3634 977 3691 invocat
1034 3637 1231 3701 Deum,
1256 3637 1348 3708 qui
1405 3647 1485 3691 est
1518 3647 1793 3708 protector
1821 3637 2071 3692 omnium

466 3723 805 3793 sperantium
871 3724 928 3778 in
960 3740 1039 3791 se,
1064 3733 1123 3779 ut
1150 3724 1402 3795 clypeum
1436 3741 1551 3780 suae
1579 3725 1936 3797 protectionis
1966 3726 2070 3780 ho-

470 3812 644 3867 stibus
700 3822 1024 3883 opponeret.
1084 3814 1495 3868 Habitatoribus
1552 3815 1732 3887 itaque
1814 3815 2072 3870 Bethulias

468 3902 649 3956 victus
704 3902 1000 3968 defecerat,
1092 3903 1292 3973 quibus
1366 3904 1644 3959 exercitus
1724 3905 2072 3976 aqaeductum

471 3990 799 4046 succiderat.
834 3990 987 4060 Quos
1033 3993 1146 4061 jam
1201 3990 1516 4048 deficientes
1545 3993 1821 4065 principes
1876 4009 2075 4050 conso-

469 4077 673 4148 lantur,
706 4079 923 4135 Dcmini
953 4081 1220 4136 auxilium
1241 4079 1591 4152 pollicentur.

545 4214 604 4268 In
636 4214 831 4271 eadem
883 4224 1064 4272 autem
1093 4215 1308 4273 civitate
1366 4216 1622 4289 religiosa
1669 4217 1857 4286 vidua,
1886 4217 2074 4275 Judith

474 4302 716 4370 nomine,
748 4303 847 4360 fuit
879 4322 892 4360 :
926 4323 1048 4378 qua:
1076 4314 1201 4377 post
1231 4306 1541 4362 triduanum
1566 4306 1834 4377 jejunium
1869 4324 1927 4364 se
1957 4323 2076 4363 om-

475 4400 642 4457 nibus
671 4404 1010 4459 ornamentis
1065 4403 1259 4471 induit,
1311 4404 1379 4460 ad
1410 4414 1593 4461 castra
1642 4406 1948 4462 Holofernis
1974 4406 2075 4462 de-

475 4490 691 4546 scendit
750 4491 972 4562 (Judt'th
1004 4494 1122 4562 vn).
1158 4492 1280 4564 Qua
1336 4494 1451 4548 visa
1482 4495 1665 4550 statim
1694 4496 1902 4567 capitur
1955 4495 2076 4565 ejus

2167 583 2291 640 dam
2318 585 2683 657 collegerunt,
2717 585 3150 657 Hierosolymam
3178 593 3459 652 venerunt,
3515 585 3754 642 victimas

2171 675 2288 730 Deo
2317 675 2647 738 obtulerunt,
2704 675 2799 746 qui
2851 675 3113 746 populum
3142 693 3296 732 suum
3352 692 3452 747 per
3506 674 3755 731 feminam

2171 763 2425 829 redemit,
2462 772 2512 819 et
2544 764 2811 819 tristitiam
2844 779 3028 819 eorum
3060 764 3112 819 in
3143 765 3402 837 gaudium
3455 763 3747 821 convertit.

2171 858 2261 916 Sic
2292 860 2445 915 Deus
2475 861 2747 932 superbos
2803 861 3078 932 dispersit,
3124 862 3356 919 humiles
3383 868 3558 917 autem
3613 860 3757 915 exal-

2168 957 2291 1005 tans
2323 949 2588 1021 protexit.
2642 950 2801 1020 Quod
2833 952 2947 1007 haec
2969 951 3134 1008 vidua
3182 952 3309 1009 vicit
3331 961 3636 1024 tyrannum.
3692 949 3757 1005 si-

2168 1038 2394 1112 gnificat
2425 1040 2574 1113 quod
2603 1055 2735 1097 caro
2762 1039 2961 1097 Christi
2990 1039 3119 1098 vicit
3146 1040 3444 1097 diabolum.

2240 1162 2463 1235 Legitur
2488 1179 2710 1236 quoque
2742 1163 2889 1235 quod
2922 1180 3027 1219 rex
3082 1164 3361 1220 Assuerus
3389 1163 3593 1236 grande
3642 1179 3762 1218 con-

2169 1252 2375 1310 vivium
2406 1254 2621 1310 cunctis
2651 1253 2993 1325 principibus
3024 1262 3076 1310 et
3096 1254 3310 1326 populis
3338 1253 3496 1327 regni
3515 1242 3598 1309 sui
3621 1252 3763 1322 fece_

2169 1352 2263 1423 rit,
2286 1360 2338 1407 et
2359 1352 2503 1409 inter
2523 1353 2711 1425 epulas
2738 1353 2987 1424 reginam
3018 1354 3205 1410 Vasthi
3236 1369 3439 1411 corona
3468 1352 3765 1409 redimitam

2170 1440 2444 1498 introduci
2468 1441 2693 1512 jusserit
2726 1444 2951 1511 (Esther
2979 1445 3038 1514 ι).
3072 1442 3243 1513 Quam
3294 1443 3499 1498 intrare
3529 1458 3763 1498 renuen-

2172 1546 2278 1594 tem
2308 1555 2405 1593 rex
2434 1556 2609 1612 regno
2629 1539 2883 1612 privavit,
2941 1542 3139 1596 Esther
3167 1557 3269 1612 pro
3299 1556 3365 1596 ea
3401 1547 3616 1612 sceptro
3671 1556 3761 1594 su-

2173 1627 2441 1682 blimavit.
2485 1630 2610 1684 Post
2640 1630 2758 1685 haec
2801 1646 2903 1685 rex
2932 1630 3222 1702 quemdam
3252 1634 3423 1686 Aman
3480 1645 3641 1699 super
3668 1644 3762 1683 re-

2173 1734 2342 1787 gnum
2369 1717 2993 1791 exaltavit,cunctosque
3020 1719 3297 1790 principes
3340 1718 3387 1774 ei
3419 1718 3753 1792 subjugavit.

2174 1816 2271 1871 Cui
2303 1832 2424 1873 cum
2450 1832 2651 1872 omnes
2684 1817 2981 1887 cmpissent
3036 1833 3181 1889 genu
3241 1832 3487 1883 curvare,
3547 1815 3765 1871 Mardo—

2179 1905 2363 1960 chaaus
2422 1904 2629 1978 regina:
2686 1915 2915 1977 patruus
2944 1905 3116 1962 noluit
3172 1922 3295 1961 eum
3322 1906 3576 1962 adorare.
3611 1904 3763 1962 Unde

2176 1994 2498 2068 indignatus
2556 1994 2822 2066 disposuit
2853 2011 2976 2050 eum
3025 2010 3148 2052 cum
3178 1996 3326 2052 omni
3365 1994 3623 2068 progenie
3667 2009 3768 2049 sua

2178 2091 2302 2149 neci
2334 2091 2497 2160 tradi,
2528 2108 2653 2148 cum
2682 2092 2832 2165 regis
2862 2092 3042 2166 sigillo
3073 2092 3311 2149 decrevit
3332 2108 3528 2149 omnes
3556 2091 3770 2147 Iudaeos

2177 2197 2280 2254 per
2356 2181 2518 2255 regni
2574 2182 2801 2237 Assueri
2857 2181 2994 2238 ﬁnes
3076 2180 3443 2249 exterminari,
3499 2181 3773 2253 altumque

2180 2270 2357 2327 erexit
2388 2271 2698 2344 equuleum,
2730 2270 2786 2326 in
2818 2287 2929 2344 quo
2973 2270 3144 2329 voluit
3199 2270 3538 2343 suspendere
3566 2269 3774 2325 Mardo-

2180 2362 2417 2417 chaeum.
2458 2362 2672 2416 Interea
2702 2360 2810 2416 duo
2838 2359 3093 2418 volebant
3122 2376 3307 2434 regem
3337 2359 3606 2426 occidere,
3637 2373 3775 2432 quos

2177 2474 2275 2531 per
2294 2457 2689 2515 Mardechazurn
2741 2458 2990 2530 proditos
3015 2458 3175 2528 jussit
3208 2474 3305 2514 rex
3336 2458 3596 2530 perdere.
3624 2458 3773 2513 Mar-

2178 2547 2459 2604 dochaeum
2489 2564 2623 2604 vero
2649 2547 2803 2618 jubet
2834 2564 3074 2619 purpura
3107 2556 3160 2603 et
3187 2562 3393 2604 corona
3421 2546 3588 2613 indui,
3625 2546 3771 2617 regio

2178 2652 2319 2709 equo
2354 2652 2451 2708 per
2480 2636 2749 2692 civitatem
2780 2635 3137 2702 circumduci,
3172 2639 3341 2691 Aman
3362 2652 3485 2691 cum
3514 2634 3771 2690 militibus

2177 2734 2393 2807 praeire,
2427 2734 2621 2792 laudes
2653 2735 2700 2791 ei
2732 2734 3046 2792 concinere.
3085 2736 3198 2792 Hoc
3228 2734 3369 2792 facto
3398 2733 3771 2790 Mardochzeus

2178 2825 2385 2896 reginae
2449 2824 2592 2879 dixit
2623 2825 2757 2897 quia
2816 2825 2992 2881 Aman
3024 2840 3144 2882 eam
3196 2839 3321 2881 cum
3367 2824 3515 2880 omni
3568 2838 3770 2895 paren-

2177 2913 2286 2969 tela
2319 2928 2417 2969 sua
2447 2913 2610 2969 morti
2630 2912 2861 2969 addixit.
2896 2912 3030 2982 Qua:
3078 2913 3229 2969 omni
3259 2912 3457 2987 populo
3499 2911 3769 2984 jejunium

2176 3002 2387 3066 indixit,
2446 3019 2506 3058 se
2562 3018 2686 3058 cum
2743 3003 2824 3057 eis
2867 3002 3097 3075 vigiliis,
3143 3002 3383 3074 jejuniis,
3443 3001 3771 3057 orationibus

2176 3092 2377 3149 aﬂlixit.
2412 3091 2533 3162 Quo
2563 3096 2789 3165 peracto
2819 3091 3135 3149 convivium
3166 3091 3433 3157 instruxit,
3465 3106 3654 3163 regem
3684 3090 3773 3145 in-

2178 3182 2380 3249 vitans,
2413 3185 2586 3238 Aman
2617 3198 2835 3256 quoque
2864 3182 3061 3238 adesse
3085 3182 3277 3252 jussit.
3312 3182 3456 3238 Inter
3485 3180 3674 3252 epulas
3694 3195 3774 3234 re-

2177 3296 2303 3353 gem
2362 3295 2463 3351 pro
2518 3279 2602 3334 sui
2656 3280 2957 3351 populique
2987 3280 3100 3334 vita
3150 3286 3330 3350 rogat,
3389 3294 3449 3333 se
3476 3291 3776 3347 omnesque

2177 3385 2305 3424 suos
2337 3368 2404 3423 ab
2426 3371 2598 3423 Aman
2629 3368 2916 3424 damnatos
2969 3375 3176 3423 narrat.
3236 3366 3409 3437 Quem
3440 3381 3543 3421 rex
3598 3364 3776 3421 furore

2179 3458 2443 3529 repletus,
2470 3457 2635 3527 jussit
2691 3458 2952 3528 suspendi
3004 3456 3060 3511 in
3090 3456 3280 3512 eodem
3331 3455 3581 3527 equuleo,
3614 3469 3775 3526 quem

2179 3547 2301 3617 ipse
2328 3547 2660 3618 praeparavit
2715 3547 3086 3602 Mardochteo.
3127 3547 3294 3601 Porro
3323 3546 3501 3616 ipsum
3555 3542 3773 3598 Mardo-

2179 3638 2389 3691 chzeum
2422 3652 2520 3707 pro
2550 3651 2616 3691 eo
2647 3635 2953 3706 principem
2982 3634 3280 3700 constituit,
3314 3634 3405 3705 qui
3434 3648 3660 3689 omnem
3681 3646 3771 3687 co-

2180 3733 2493 3805 gnationem
2517 3735 2693 3787 Aman
2722 3731 3023 3802 suspendio
3052 3730 3274 3785 interire
3304 3728 3481 3799 jussit.
3541 3727 3628 3784 Sic
3657 3726 3771 3781 Deo

2180 3822 2506 3893 disponente
2520 3821 2781 3876 innocens
2796 3819 3514 3891 populusliberatur,semen
3538 3831 3771 3888 nequam

2176 3913 2322 3981 juste
2353 3911 2768 3966 exterminatur.
2809 3910 2908 3964 Hic
2938 3925 3030 3964 rex
3062 3908 3310 3981 quamvis
3340 3906 3557 3980 gentilis
3586 3915 3771 3977 typum

2182 3999 2385 4055 Christi
2445 3999 2640 4070 gessit,
2700 3997 2793 4069 qui
2847 4014 3011 4053 verus
3040 3997 3151 4053 Rex
3200 4011 3393 4067 regum
3440 3994 3673 4068 genitus,
3706 3993 3772 4048 de

2182 4090 2368 4145 radice
2399 4090 2559 4144 Jesse
2592 4087 2853 4143 surrexit.

2255 4216 2352 4272 Hic
2388 4213 2725 4287 principibus
2756 4216 2811 4269 et
2859 4212 3078 4285 p0pulis
3122 4211 3276 4285 regni
3334 4210 3418 4267 sui
3472 4208 3776 4268 convivium

2181 4321 2443 4378 magnum
2472 4303 2616 4367 fecit.
2652 4302 2773 4376 quia
2802 4302 3062 4375 apostolis
3089 4302 3242 4357 orbis
3272 4300 3606 4374 principibus
3633 4306 3686 4354 et
3717 4297 3779 4353 ﬁ-

2182 4404 2397 4460 delibus
2427 4404 2587 4478 regni
2618 4401 3075 4475 supernipopulis
3107 4417 3310 4471 corpus
3332 4415 3488 4454 suum
3503 4405 3554 4453 et
3567 4411 3776 4453 sacram

2185 4495 2517 4564 Scripturam
2547 4493 2603 4550 in
2659 4494 2850 4564 epulas
2881 4492 3053 4548 dedit.
3084 4491 3348 4561 Reginam
3398 4488 3583 4543 Vasthi
3612 4501 3776 4543 coro-

474 4580 899 4652 pulchritndine,
958 4581 1179 4655 nuptias
1210 4583 1430 4640 instruit
1451 4583 1687 4640 celebris
1742 4584 1924 4641 cultus
1944 4601 2067 4640 ma-
2097 4588 2154 4651 D
2187 4590 2370 4641 natam
2401 4583 2469 4639 ad
2499 4582 2822 4641 convivium
2851 4580 3086 4649 vocavit,
3121 4580 3244 4652 quia
3275 4580 3623 4650 Synagogam
3657 4574 3777 4649 leg:

474 4677 782 4751 gnitudine.
817 4679 878 4734 In
922 4688 1079 4735 necte
1109 4695 1238 4737 vero
1266 4680 1525 4736 omnibus
1553 4680 1721 4737 nimio
1749 4681 1875 4736 vino
1906 4695 2077 4751 sopo-

473 4768 628 4833 ratis,
656 4767 840 4824 Judith
900 4785 1158 4842 surgens,
1215 4770 1388 4826 Deum
1420 4769 1660 4835 invocat,
1718 4769 1965 4842 gladium
2022 4770 2079 4825 in

472 4865 671 4923 lectulo
703 4868 1033 4939 pendentem
1064 4869 1336 4941 evaginat,
1359 4876 1522 4939 caput
1552 4869 1863 4925 ebriiducis
1880 4885 2079 4939 ampu-

478 4974 570 5033 tat,
606 4967 676 5022 ad
704 4982 835 5022 suos
865 4968 1188 5039 quantocius
1232 4983 1355 5026 cum
1387 4968 1563 5039 capite
1587 4976 1814 5034 remeat,
1873 4982 2081 5024 convo-

475 5064 705 5128 catoque
764 5057 1028 5113 universo
1069 5057 1291 5129 populo,
1343 5065 1505 5128 caput
1560 5058 1784 5128 protulit
1835 5073 1851 5125 ;
1907 5059 2079 5112 Deum

476 5144 704 5202 laudare
736 5147 963 5213 monuit,
1009 5147 1103 5219 qui
1133 5147 1212 5203 eis
1243 5147 1627 5204 liberationem
1683 5155 1739 5204 et
1796 5147 2078 5203 victoriam

475 5245 684 5315 pariter
740 5245 986 5303 contulit.
1045 5249 1110 5302 At
1151 5246 1229 5302 illi
1261 5254 1587 5317 recuperato
1630 5247 1844 5318 spiritu,
1904 5246 2078 5303 Deum

475 5335 871 5405 adoraverunt,
930 5344 1094 5409 atque
1123 5352 1248 5392 cum
1279 5351 1481 5408 magna
1509 5336 1695 5395 laetitia
1725 5336 1916 5391 laudes
1946 5352 2079 5406 per-

478 5425 844 5484 sultaverunt.
876 5425 937 5482 In
968 5426 1205 5483 crastino
1234 5426 1303 5483 de
1333 5425 1575 5492 civitate,
1608 5424 1796 5482 Judith
1826 5425 2077 5494 consilio,

479 5536 601 5578 cum
657 5541 862 5597 magno
918 5526 1150 5581 tumultu
1206 5532 1411 5580 exeunt
1445 5542 1457 5580 :
1491 5524 1751 5593 impetum
1782 5523 1837 5579 in
1896 5524 2081 5578 hostes

485 5607 711 5667 faciunt.
754 5614 837 5669 Illi
868 5629 1004 5671 vero
1054 5623 1110 5671 ut
1132 5613 1413 5670 dominum
1448 5629 1603 5669 suum
1635 5614 1810 5684 capite
1865 5619 2083 5668 trunca-

482 5704 592 5752 tum
625 5699 967 5767 invenerunt,
1024 5702 1193 5758 nimio
1224 5704 1416 5758 timore
1444 5702 1701 5773 perculsi,
1757 5718 1949 5758 omnes
1979 5717 2080 5773 pa-

484 5791 615 5850 riter
644 5797 699 5852 in
730 5798 918 5870 fugam
974 5799 1117 5854 versi
1149 5809 1296 5855 sunt.
1332 5800 1483 5869 Quos
1522 5799 1891 5871 insequentes,
1915 5800 2081 5854 multa

482 5890 651 5946 millia
683 5894 888 5963 passim
939 5902 1268 5961 straverunt,
1316 5896 1557 5967 reliquos
1589 5912 1713 5953 cum
1743 5911 1947 5969 magno
1976 5896 2078 5953 de-

2189 4682 2241 4727 et
2270 4672 2547 4745 prophetis
2571 4671 2881 4727 redimitam
2932 4670 3002 4725 ad
3050 4669 3303 4725 coelestes
3333 4666 3522 4739 epulas
3578 4665 3774 4720 invita-

2188 4770 2281 4826 vit.
2309 4769 2443 4840 Qure
2480 4785 2714 4826 renuens
2755 4769 2983 4835 intrare,
3043 4781 3215 4840 regno
3271 4765 3533 4836 privatur,
3592 4762 3777 4817 Esther

2189 4860 2399 4930 Captiva
2430 4859 2485 4913 in
2512 4858 2655 4914 solio
2678 4857 2849 4929 ipsius
2880 4856 3109 4924 locatur,
3135 4855 3260 4928 quia
3289 4855 3477 4908 Judma
3507 4850 3774 4908 incredula

2189 4950 2257 5005 dc
2284 4964 2456 5022 regno
2486 4948 2681 5003 Christi
2714 4946 2947 5018 ejicitur,
2982 4944 3229 5002 Ecclesia
3253 4944 3321 5000 de
3350 4943 3603 5016 gentibus
3623 4957 3652 4996 a
3672 4940 3775 4995 dia.

2190 5047 2315 5103 bolo
2343 5045 2557 5119 captiva
2585 5047 2638 5102 in
2669 5045 2970 5101 thalamum
3001 5044 3149 5117 regis
3178 5058 3402 5099 consors
3424 5040 3658 5099 cmlestis
3687 5054 3776 5093 re-

2189 5137 2283 5210 gni
2311 5137 2536 5192 dicitur.
2575 5138 2744 5190 Aman
2774 5133 2924 5207 quia
2949 5150 3081 5205 rege
3126 5132 3413 5195 exaltatur,
3464 5139 3546 5185 est
3602 5127 3780 5183 Judai-

2190 5242 2288 5282 cus
2315 5225 2569 5297 populus,
2601 5225 2691 5297 qui
2721 5239 2754 5278 a
2782 5224 2898 5279 Deo
2925 5238 3097 5293 regno
3126 5230 3184 5277 et
3213 5220 3536 5285 sacerdotio,
3571 5233 3635 5273 ac
3650 5216 3776 5271 divi-

2189 5340 2260 5379 no
2315 5324 2462 5381 cultu
2517 5323 2871 5377 sublimatur.
2938 5320 3044 5389 Qui
3084 5319 3275 5392 quaerit
3333 5317 3540 5390 regium
3596 5331 3782 5388 proge-

2188 5414 2332 5469 niem
2364 5412 2698 5483 exstirpare,
2730 5412 2855 5487 quia
2877 5411 3143 5467 Iudaicus
3173 5407 3410 5483 populus
3455 5405 3651 5477 quazrit
3682 5406 3782 5460 Ec-

2188 5513 2373 5569 clesia)
2431 5511 2688 5585 populum
2747 5508 3138 5565 exterminare.
3204 5510 3379 5561 Aman
3427 5520 3644 5577 quoque
3698 5501 3779 5573 qui

2190 5603 2536 5657 Mardochzro
2568 5600 2859 5672 equuleum
2918 5598 3106 5663 erexit,
3156 5594 3436 5653 diabolum
3494 5590 3777 5667 signiﬁcat,

2190 5703 2280 5775 qui
2311 5718 2530 5759 crucem
2588 5700 2801 5757 Christo
2846 5697 3046 5755 erexit.
3098 5697 3154 5752 In
3208 5695 3460 5751 eumdem
3494 5691 3773 5763 cquuleum

2188 5793 2307 5865 ipse
2339 5790 2712 5862 suspenditur,
2746 5789 2881 5861 quia
2910 5786 3165 5843 diabolus
3212 5786 3265 5840 in
3299 5783 3480 5841 crucis
3543 5779 3775 5853 patibulo

2187 5893 2687 5967 comprehenditur.
2747 5893 2866 5948 Duo
2922 5890 3016 5963 qui
3067 5906 3231 5962 super
3284 5903 3476 5960 regem
3529 5882 3774 5952 conjura'
