3972 6408
223 406 363 460 1213

1165 397 1743 454 DEFLORATIONES
1774 397 1868 452 SS.
1904 397 2208 454 PATRUM.
2240 429 2308 439 -—
2337 399 2471 455 LIB.
2507 401 2580 454 ll.

3387 405 3522 460 12H-

229 530 385 595 bant,
421 533 550 582 sunt
579 525 687 580 duo
716 523 970 580 inﬁdeles
999 520 1206 594 populi,
1237 520 1494 576 Judaicus
1516 530 1566 575 et
1587 521 1827 594 gentilis,
1857 522 1914 583 Α
1944 519 2107 588 leum,
2141 530 2224 578 est
2251 522 2629 579 Antichristus
2675 525 2764 597 qui
2805 526 3010 597 populo
3065 525 3305 582 ﬁdelium
3336 527 3525 584 indicit

224 618 321 688 qui
383 615 659 671 Christum
716 629 907 686 regem
961 611 1137 668 occidi
1201 610 1486 667 consilium
1529 611 1817 666 dederant.

222 707 378 775 Quos
411 705 789 760 Mardochmus
820 709 1063 767 accusat,
1099 701 1226 773 quia
1257 700 1599 755 Christianus
1649 716 1828 770 p0pu-

225 807 313 860 lus
343 821 519 876 Opera
549 820 740 858 eorum
793 801 1084 871 improbat.
1155 800 1235 853 illi
1269 816 1294 851 a
1331 816 1461 871 rege
1506 807 1823 864 enecantur,

225 903 282 952 et
311 895 402 949 isti
433 911 464 947 a
495 893 708 948 Christo
732 891 1083 945 damnantur.
1123 889 1494 943 Mardoehzeus
1518 905 1756 959 purpura
1777 897 1829 941 et

223 1000 435 1041 corona
470 982 781 1053 insignitur,
817 988 865 1033 et
914 979 1258 1033 Christianus
1304 978 1538 1047 pepulus
1567 977 1826 1048 martyrio

224 1088 280 1134 et
309 1087 513 1134 teterna
544 1075 726 1150 gloria
757 1075 1004 1128 vestitur.
1053 1074 1204 1143 Equo
1236 1073 1384 1144 regio
1433 1089 1528 1141 per
1556 1072 1825 1126 civitatem

223 1168 464 1232 ducitur,
499 1166 627 1238 quia
659 1163 1000 1218 Christianus
1030 1161 1268 1231 pOpulus
1315 1176 1346 1214 a
1389 1161 1705 1215 doctoribus
1735 1177 1831 1230 per

222 1264 399 1313 totum
429 1254 689 1309 mundum
745 1251 962 1307 colitur.
1032 1249 1180 1304 Ordo
1236 1264 1475 1320 namque
1506 1248 1825 1319 praedicato-

225 1369 356 1409 rum
403 1367 576 1422 equus
631 1347 826 1404 Christi
885 1346 1031 1418 regis
1085 1345 1298 1410 dicitur,
1352 1345 1403 1398 in
1449 1361 1555 1416 quo
1585 1345 1701 1416 ipse
1732 1361 1828 1416 per

224 1441 422 1499 orbem
455 1439 690 1495 vehitur.
729 1440 904 1491 Aman
937 1451 1058 1491 cum
1091 1435 1350 1489 militibus
1390 1434 1580 1489 laudes
1611 1435 1660 1490 ei
1691 1451 1828 1490 con-

227 1538 412 1594 sonat,
447 1528 573 1600 quia
602 1526 861 1581 Judaicus
912 1524 1144 1595 p0pulus
1182 1539 1302 1578 cum
1351 1523 1668 1595 gentilibus,
1703 1523 1829 1577 velit

229 1617 388 1683 nolit,
423 1614 730 1670 Christiani
761 1611 947 1684 populi
998 1611 1274 1682 prmconia
1322 1611 1584 1666 celebrat.
1619 1611 1830 1680 Regina

231 1730 427 1786 regem
463 1711 532 1767 ad
563 1710 871 1766 convivium
903 1716 1085 1773 vocat,
1122 1709 1243 1779 quia
1266 1706 1523 1761 Ecclesia
1554 1707 1827 1761 Christum

228 1803 299 1856 ad
334 1800 602 1856 solemnia
633 1799 719 1853 sui
751 1797 997 1868 corporis
1029 1797 1232 1850 invitat.
1258 1799 1427 1849 Aman
1450 1796 1611 1850 etiam
1634 1795 1830 1850 adesse

1938 610 2129 665 mortis
2160 610 2514 683 supplicium.
2555 612 2658 681 Qui
2681 613 2874 669 eodem
2897 615 3129 686 equuleo
3151 615 3525 686 suspenditur,

1938 698 2062 770 quia
2100 707 2153 754 et
2192 701 2307 771 ipse
2346 701 2532 756 mortis
2570 703 2839 773 supplicio
2886 703 3249 759 interimitur.
3306 705 3526 759 Mardo-

1937 798 2118 852 clneus
2148 815 2176 851 a
2206 815 2337 870 rege
2367 799 2622 868 princeps
2651 799 2961 869 prarficitur,
2997 801 3124 872 quia
3156 801 3333 856 fidelis
3366 819 3530 872 popu-

1937 887 2020 940 lus
2051 895 2272 956 peracto
2297 888 2501 954 judicio
2534 905 2697 959 super
2740 891 2923 944 omnia
2968 889 3112 943 bona
3145 891 3359 944 Domini
3391 906 3526 944 con-

1939 975 2200 1028 stituitur.
2267 976 2473 1030 Semen
2531 978 2710 1032 Aman
2770 977 3188 1043 exterminatur,
3249 978 3370 1050 quia
3403 987 3530 1032 tunc

1937 1073 2220 1145 generatio
2251 1075 2519 1129 malorum
2551 1076 2855 1131 damnatur.
2909 1076 3149 1147 Pepulus
3177 1084 3361 1131 autem
3393 1075 3531 1146 regi-

1939 1178 2022 1215 nae
2054 1162 2339 1227 liberatur,
2373 1172 2425 1217 et
2455 1163 2672 1218 tristitia
2703 1165 2818 1232 ejus
2866 1164 2918 1219 in
2977 1164 3238 1236 gaudium
3281 1181 3529 1218 commu-

1937 1259 2098 1316 tatur,
2133 1252 2258 1322 quia
2287 1253 2565 1323 generatio
2614 1261 2888 1308 rcctorum
2932 1254 3304 1318 benedicatur,
3350 1253 3530 1308 latitia

1939 1358 1992 1404 et
2020 1349 2388 1405 exsultatione
2435 1351 2770 1422 perfruetur.
2827 1353 3002 1418 Nunc,
3051 1351 3382 1417 charissimi,
3415 1359 3528 1406 toto

1934 1438 2102 1494 corde
2133 1437 2232 1492 Dei
2261 1438 2616 1494 obsecramus
2646 1439 2994 1495 clementiam
3031 1439 3124 1512 qui
3177 1440 3331 1495 sedet
3363 1456 3530 1510 super

1941 1527 2196 1580 thronum
2227 1534 2280 1580 et
2303 1527 2511 1596 judicat
2541 1529 2866 1599 aequitatem,
2893 1528 3098 1584 faciens
3114 1528 3382 1597 judicium
3415 1544 3530 1582 om-

1939 1613 2096 1667 nibus
2124 1614 2375 1682 injuriam
2406 1616 2758 1686 patientibus,
2806 1625 2863 1672 ut
2910 1633 3011 1672 nos
3060 1616 3154 1671 illa
3183 1617 3272 1672 die
3306 1617 3375 1670 ab
3404 1616 3530 1670 infi-

1939 1709 2048 1763 deli
2078 1713 2279 1781 populo
2302 1721 2577 1784 segreget,
2620 1712 2764 1767 ﬁdeli
2793 1722 2972 1768 autem
3014 1715 3070 1767 in
3100 1728 3200 1768 suo
3232 1729 3402 1784 regno
3434 1730 3526 1766 as—

1940 1799 2127 1865 societ,
2173 1799 2266 1854 ubi
2306 1801 2496 1857 oculus
2543 1817 2651 1857 non
2689 1802 2843 1869 vidit,
2904 1817 3007 1858 nec
3051 1802 3197 1857 auris
3237 1802 3436 1856 audivit
3484 1803 3531 1869 (1

220 1892 404 1961 jubet,
437 1891 563 1961 quia
593 1886 797 1942 infideli
826 1885 1027 1958 populo
1075 1901 1200 1938 suas
1250 1884 1436 1954 epulas
1481 1884 1828 1954 praedicando
1857 1879 1910 1939 B
1943 1888 2070 1942 Cor.
2111 1889 2194 1958 ll).

227 1979 468 2052 praebet.
507 1978 685 2032 Aman
718 1992 936 2049 quoque
967 1976 1058 2046 qui
1089 1974 1434 2029 Mardochaeo
1464 1972 1630 2044 erigit
1660 1989 1832 2045 equu-

1850 2127 1924 2143 -η-

954 2277 1571 2382 DOMINICA
1646 2279 2246 2387 VIGESIMA
2334 2285 2841 2390 TERTIA.

1475 2496 1866 2560 Secundum
1895 2497 2260 2568 Joannem.

313 2709 335 2734 α
380 2685 515 2741 Cum
548 2683 891 2739 sublevasset
931 2681 1119 2738 oculos
1165 2683 1330 2736 Jesus
1360 2689 1411 2736 et
1442 2681 1670 2736 vidisset
1704 2681 1834 2753 quia

229 2775 524 2832 multitudo
555 2773 791 2828 maxima
824 2772 972 2827 venit
1017 2771 1085 2825 ad
1133 2787 1256 2825 eum
1290 2771 1477 2836 (Joan.
1511 2774 1606 2832 vi).
1638 2794 1660 2819 υ
1697 2771 1838 2840 Quia

229 2865 356 2920 haec
387 2863 549 2919 lectio
580 2861 902 2933 evangelica
933 2859 1235 2915 secundum
1270 2860 1710 2914 Ecclesiasticum
1740 2875 1836 2915 or-

230 2965 420 3018 dinem
451 2961 612 3016 debet
645 2961 700 3014 in
734 2959 914 3014 medio
948 2957 1400 3027 Quadragesimae
1423 2957 1666 3022 recitari,
1700 2958 1838 3012 libet

229 3068 383 3106 nunc
417 3051 468 3104 in
500 3048 920 3120 praesentiarum
953 3047 1313 3116 supersedere
1333 3047 1451 3114 ejus
1480 3046 1832 3116 expositioni,

231 3149 290 3197 et
318 3140 424 3194 alia
453 3139 576 3194 huic
610 3137 928 3198 Dominicaa,
963 3151 1083 3206 quse
1114 3134 1417 3188 intitulatur
1441 3152 1453 3187 :
1477 3134 1678 3201 Quinta
1709 3142 1835 3189 ante

234 3237 430 3295 Natale
486 3237 720 3302 Domini,
771 3234 1128 3306 congruentia
1184 3233 1250 3286 ad
1281 3232 1579 3304 profectum
1609 3233 1836 3288 audien-

235 3329 372 3383 tium
403 3343 499 3381 seu
531 3325 829 3398 legentium
861 3338 1110 3378 exarare.

307 3425 484 3478 Nemo
537 3422 717 3492 itaque
771 3428 1032 3482 vestrum,
1096 3417 1430 3486 charissimi,
1458 3418 1668 3473 dubitet
1697 3418 1834 3473 duos

1945 2686 2122 2742 videat
2152 2689 2378 2762 gloriam
2411 2694 2532 2749 Dei.
2563 2696 2627 2751 Et
2657 2696 2800 2770 ignis
2828 2698 2880 2755 in
2912 2708 3177 2756 arternum
3207 2701 3534 2756 cruciandos

1946 2775 2204 2845 involvet,
2241 2783 2368 2852 quia
2412 2785 2616 2840 vermis
2646 2803 2835 2843 eorum
2885 2807 2998 2846 non
3027 2791 3273 2856 moritur,
3305 2799 3363 2844 ut
3391 2790 3536 2860 ignis

1945 2880 2053 2920 non
2076 2868 2406 2940 extinguitur
2427 2875 2583 2941 (Isai.
2621 2882 2762 2934 LXVI)
2787 2902 2808 2925 η
2836 2880 3013 2947 Hujus
3035 2878 3537 2950 ergojudiciifigu-

1948 2979 2059 3018 ram
2092 2981 2254 3022 arcus
2283 2969 2373 3024 ille
2402 2971 2456 3025 in
2481 2973 2718 3029 nubibus
2748 2986 3128 3046 reprzrsentat,
3172 2978 3264 3050 qui
3285 2994 3347 3032 ex
3380 2985 3538 3046 parte

1945 3055 2225 3122 etcruleus,
2262 3065 2314 3111 et
2343 3075 2408 3113 ex
2454 3070 2604 3127 parte
2652 3063 2872 3118 videtur
2902 3066 3116 3135 igneus,
3151 3075 3210 3120 ut
3256 3066 3536 3135 utriusque

1939 3142 2135 3212 judicii
2164 3146 2315 3199 testis
2344 3147 2412 3202 sit
2444 3166 2456 3202 :
2491 3149 2647 3203 unius
2680 3152 2943 3207 videlicet
2983 3153 3098 3225 jam
3132 3153 3274 3221 facti,
3309 3155 3530 3220 quando

1945 3257 2100 3312 aquas
2129 3242 2316 3298 diluvii
2343 3255 2497 3301 erant
2526 3264 2689 3316 super
2715 3257 2912 3306 terram
2938 3266 2951 3321 ;
3000 3252 3219 3305 alterius
3239 3251 3417 3305 adhuc
3451 3250 3536 3304 fa-

1943 3330 2138 3398 ciendi,
2172 3334 2392 3400 quando
2416 3335 2682 3403 judicabit
2714 3339 2857 3392 Deus
2889 3339 3150 3394 saeculum
3183 3355 3281 3410 per
3313 3339 3523 3408 ignem.

1944 3419 2375 3488 Contremiscite,
2406 3422 2625 3489 fratres,
2661 3441 2692 3480 a
2717 3435 2930 3482 terrore
2978 3428 3114 3482 tanti
3160 3427 3386 3497 judicis,
3421 3437 3476 3481 ut
3506 3443 3540 3483 a

234 3529 361 3568 esse
392 3511 563 3566 nostri
593 3509 973 3578 Βθάαωρῐοπὶε
995 3509 1306 3596 adventus}
1333 3523 1562 3578 quorum
1600 3506 1833 3576 Primum
1866 3531 1915 3596 ο
1948 3516 2078 3571 facie
2119 3533 2276 3573 arcus
2315 3519 2532 3590 fugiatis
2567 3538 2580 3576 :
2619 3545 2640 3570 «
2675 3525 2873 3578 Arcum
2917 3540 3076 3577 suum
3127 3523 3364 3578 tetendit.
3417 3530 3528 3578 etc.

227 3603 349 3672 jam
384 3601 760 3670 praecessisse,
797 3597 1024 3652 alterum
1055 3597 1232 3650 adhuc
1263 3595 1497 3649 futurum
1531 3612 1654 3650 esse
1686 3603 1836 3650 certa

236 3690 347 3744 fide
413 3688 819 3759 cognoscimus.
891 3687 1192 3753 Utrumque
1259 3694 1452 3738 vestra:
1519 3683 1837 3738 fraternitati

232 3789 578 3858 distinguere
610 3802 790 3855 operm
818 3785 1053 3856 pretium
1086 3791 1188 3847 est,
1222 3791 1275 3836 ut
1307 3799 1372 3836 ex
1413 3782 1586 3836 altero
1614 3783 1834 3836 miseri—

234 3876 481 3932 cordiam
532 3890 776 3944 sperare,
830 3881 882 3927 et
939 3889 1004 3926 ex
1053 3871 1221 3925 altero
1247 3871 1511 3939 judicium
1546 3869 1836 3924 formidare

236 3965 438 4030 sciatis,
476 3971 740 4034 quatenus
798 3969 981 4016 vestra
1033 3959 1342 4014 sollicitudo
1393 3959 1532 4013 inter
1581 3975 1735 4028 spem
1783 3965 1837 4012 et

236 4071 440 4118 metum
473 4061 648 4130 posita
704 4059 999 4129 diligenter
1057 4057 1322 4129 invigilet,
1375 4065 1428 4112 et
1464 4055 1603 4110 mala
1635 4070 1834 4110 cavere

239 4167 365 4223 quae
389 4149 594 4218 judicio
623 4148 937 4219 puniantur,
960 4154 1013 4200 et
1044 4147 1188 4200 bona
1209 4145 1504 4215 providere
1536 4161 1658 4215 quae
1678 4145 1832 4198 mise-

235 4239 479 4296 ricordia
510 4244 952 4291 remunerentur.
989 4234 1164 4288 Primo
1194 4235 1429 4288 adventu
1460 4248 1559 4288 suo
1590 4234 1833 4288 Redem-

234 4338 362 4401 ptor
389 4335 574 4381 noster
601 4327 656 4380 in
688 4325 920 4379 formam
951 4331 1156 4378 nostra:
1187 4323 1538 4377 humanitatis
1572 4338 1834 4376 mansue-

234 4435 320 4480 tus
351 4431 404 4477 et
424 4421 666 4485 humilis,
696 4421 838 4475 inter
869 4419 1116 4474 homines
1149 4419 1312 4474 homo
1345 4433 1532 4481 verus,
1558 4418 1829 4488 apparuit.

235 4511 490 4566 Secundo
519 4511 574 4564 in
603 4510 777 4580 gloria
807 4525 918 4563 sure
951 4507 1254 4576 majestatis
1301 4507 1550 4561 excelsus
1581 4514 1632 4560 et
1667 4507 1832 4561 terri-

233 4601 383 4664 bilis,
414 4616 580 4671 super
600 4598 833 4670 angelos
881 4600 1024 4652 Deus
1081 4597 1245 4651 homo
1296 4595 1599 4666 apparebit.
1652 4595 1832 4649 Primo

234 4699 473 4755 adventu
529 4712 630 4767 pro
685 4696 844 4750 nobis
897 4695 1189 4762 judicatus.
1248 4693 1594 4748 maledictum
1653 4692 1831 4748 crucis

229 4787 480 4860 pendens
510 4786 562 4838 in
596 4785 746 4854 ligno
811 4784 990 4839 crucis
1028 4782 1278 4837 sustinuit
1309 4800 1322 4844 ;
1361 4781 1625 4847 secundo,
1654 4789 1824 4836 totum

1947 3608 2119 3674 (Psal,
2152 3608 2271 3677 vn).
2308 3629 2330 3658 »
2369 3609 2475 3663 Sed
2504 3609 2630 3665 ideo
2661 3611 2939 3681 paululum
2973 3620 3214 3667 moratur
3234 3628 3332 3666 vos
3353 3611 3534 3680 ferire,

1946 3700 2006 3748 ut
2035 3694 2356 3751 festinemus
2387 3713 2418 3751 a
2468 3698 2607 3754 facie
2658 3709 2819 3755 tanta:
2869 3701 3368 3756 animadversionis
3395 3699 3536 3755 effu-

1943 3808 2098 3864 gere.
2136 3816 2157 3840 α
2208 3793 2416 3848 Dedisti
2463 3795 2608 3849 enim
2659 3798 3024 3852 metuentibus
3075 3808 3125 3852 te
3171 3797 3535 3867 signiﬁcatio-

1944 3897 2090 3948 nem,
2146 3889 2251 3937 etc.
2298 3884 2520 3953 (ibid.).
2576 3909 2597 3933 ι»
2639 3886 2746 3940 Sed
2792 3908 2813 3937 ε
2856 3894 3046 3942 cavete
3083 3903 3152 3941 ne
3190 3886 3317 3958 fuga
3359 3895 3537 3940 vestra

1943 3971 2121 4024 hieme
2147 3970 2230 4024 vel
2263 3972 2503 4026 Sabbato
2534 3971 2621 4026 fiat
2642 3975 2872 4044 (Matth.
2903 3976 3076 4045 xxrv).
3122 3998 3142 4023 η
3172 3975 3361 4030 Hieme
3393 3975 3536 4030 enim

1944 4066 2082 4138 fugit
2113 4067 2199 4123 cui
2230 4069 2468 4124 charitas
2491 4069 2858 4143 refrigescens
2882 4073 3150 4128 bonorum
3167 4089 3394 4144 operum
3414 4088 3538 4128 cur-

1943 4171 2040 4210 sus
2096 4156 2340 4227 impedit.
2403 4158 2703 4213 Sabbatum
2766 4177 2982 4232 quoque
3036 4161 3426 4222 interveniens,
3478 4160 3533 4215 id

1944 4252 2029 4298 est
2071 4245 2331 4300 terminus
2362 4245 2486 4302 Vita:
2514 4247 2742 4302 actionis
2772 4250 2930 4304 bonae
2961 4249 3276 4306 exercitium
3306 4249 3536 4305 interci-

1943 4333 2018 4386 dit
2047 4333 2401 4389 tardantibus.

2014 4429 2069 4484 Si
2099 4447 2257 4502 ergo,
2291 4429 2510 4497 fratres,
2562 4432 2630 4486 ab
2675 4433 2768 4488 illo
2814 4434 2978 4490 vultis
3011 4435 3223 4508 fugere,
3257 4437 3325 4490 ad
3357 4435 3534 4505 ipsum

1943 4518 2131 4589 fugite.
2164 4520 2223 4574 Si
2260 4521 2556 4576 adventum
2609 4522 2800 4591 judicii
2857 4523 3262 4594 pertimescitis,
3321 4526 3387 4578 ad
3439 4524 3536 4578 ad-

1942 4618 2172 4662 ventum
2237 4609 2627 4665 misericordiae
2675 4612 2956 4680 respicite,
3019 4620 3071 4667 et
3102 4613 3155 4666 in
3186 4614 3287 4667 hac
3319 4613 3533 4667 hebdo-

1940 4698 2118 4766 mada,
2155 4716 2274 4768 quae
2329 4707 2409 4753 est
2467 4700 2650 4770 quinta
2704 4709 2827 4755 ante
2883 4701 3241 4756 nativitatem
3299 4702 3533 4767 Domini,

1941 4787 2079 4841 etin
2125 4788 2390 4858 sequenti,
2437 4805 2557 4859 quae
2597 4798 2782 4858 quarta
2821 4789 2924 4844 erit
2963 4798 3088 4844 ante
3127 4789 3376 4845 Natalem
3416 4791 3531 4845 Do-

232 4875 496 4932 mundum
523 4873 858 4942 judicaturus
909 4872 1191 4926 manitesta
1237 4887 1350 4924 sum
1393 4869 1664 4940 passionis
1713 4869 1827 4924 vir-
1857 4890 1910 4949 D
1943 4875 2096 4936 mini,
2128 4876 2383 4932 inchoate
2405 4878 2858 4948 praeparationem
2890 4878 3158 4932 adventus
3189 4878 3291 4932 sui.
3327 4878 3538 4933 Dicitur

233 4981 355 5028 tute
382 4971 582 5041 impios
612 4970 1029 5025 condemnabit.
1090 4967 1267 5022 Primo
1298 4968 1532 5022 adventu
1563 4967 1738 5020 latens
1769 4966 1826 5020 in

233 5076 404 5118 carne
435 5061 588 5130 quasi
617 5060 742 5113 ovis
791 5075 971 5124 coram
1026 5057 1284 5112 tondente
1333 5073 1392 5110 se
1422 5055 1500 5111 sic
1530 5055 1830 5122 obmutuit;

235 5149 499 5211 secundo,
544 5149 695 5219 quasi
741 5149 893 5202 Deus
939 5145 1227 5200 manifeste
1275 5146 1453 5200 veniet
1483 5153 1668 5199 etnon
1698 5145 1828 5199 sile—

234 5249 337 5303 bit.
381 5247 559 5303 Primo
601 5248 745 5302 enim
783 5247 1016 5301 adventu
1058 5244 1202 5298 siluit
1241 5257 1270 5294 a
1306 5243 1532 5312 judicio,
1587 5243 1686 5298 sed
1721 5259 1826 5298 non

229 5338 386 5392 siluit
413 5353 442 5390 a
471 5345 743 5406 prz-ecepto
776 5351 790 5403 ;
834 5334 1075 5390 secundo
1120 5333 1276 5402 quasi
1304 5331 1610 5400 parturiens
1640 5331 1815 5401 loqui-

229 5435 336 5492 tur,
357 5425 489 5496 quia
511 5425 648 5481 sicut
669 5425 743 5480 ait
765 5422 933 5478 Isaias
958 5440 970 5475 :
1003 5445 1022 5470 «
1051 5419 1808 5485 Vociferabituretclamabit,

231 5533 279 5580 et
311 5541 479 5594 super
503 5523 754 5578 inimicos
785 5538 911 5576 suos
959 5518 1353 5575 confortabitur
1393 5518 1557 5585 (Isai.
1595 5521 1750 5585 xm).
1794 5542 1815 5567 η

227 5623 274 5677 Ο
307 5639 409 5677 vox
441 5622 551 5676 diei
595 5619 810 5675 Domini
867 5633 1072 5681 amara,
1127 5611 1469 5669 tribulabitur
1510 5614 1581 5667 ibi
1631 5615 1811 5668 fortis.

226 5713 367 5766 Nam
399 5712 536 5765 sicut
566 5711 638 5764 ait
670 5717 891 5764 sanctus
938 5706 1111 5759 David
1148 5724 1158 5758 :
1199 5725 1220 5754 α
1256 5704 1406 5775 Ignis
1437 5702 1488 5755 in
1521 5709 1819 5770 conspectu

227 5802 344 5867 ejus
418 5798 761 5860 exardescet,
821 5803 924 5858 etc.
967 5793 1138 5863 (Psal.
1181 5793 1351 5859 XLIX).
1397 5811 1417 5835 υ
1497 5789 1820 5859 Tempestas

228 5890 317 5944 illa
362 5887 559 5958 impios
615 5884 800 5955 procul
854 5881 1037 5953 pellet,
1093 5880 1217 5950 quia
1261 5878 1478 5936 tolletur
1517 5876 1712 5946 impius
1744 5895 1813 5936 ne

1944 4964 2087 5018 enim
2119 4965 2236 5020 haec
2266 4967 2550 5022 Dominica
2576 4967 2919 5037 praeparatio,
2954 4967 3080 5038 quia
3111 4967 3180 5021 ab
3210 4966 3337 5021 hinc
3354 4983 3528 5037 usque

1942 5062 2009 5116 ad
2040 5063 2236 5118 Natale
2264 5065 2478 5119 Domini
2508 5065 2668 5120 debet
2699 5065 2929 5136 quisque
2960 5065 3300 5119 Christianus
3331 5065 3534 5119 sanctis

1940 5151 2161 5206 studere
2220 5152 2378 5207 bonis
2435 5155 2711 5223 operibus,
2771 5162 2831 5209 ut
2888 5155 3052 5225 digne
3111 5153 3436 5224 suscipiatur
3463 5154 3534 5207 ab

1939 5254 2005 5294 eo
2035 5239 2280 5294 Christus
2324 5249 2510 5296 natus.
2572 5244 2698 5298 Haac
2746 5243 2915 5315 igitur
2952 5243 3297 5298 hebdomada
3345 5243 3532 5312 quinta

1938 5345 2065 5392 ante
2095 5337 2292 5392 Natale
2332 5338 2551 5392 Domini
2582 5339 2636 5392 in
2675 5340 2914 5411 antiquis
2943 5341 3233 5396 oﬂicialum
3264 5340 3415 5393 libris
3454 5340 3533 5394 in-

1936 5426 2198 5493 titulatur,
2234 5425 2421 5497 sicque
2452 5443 2689 5496 sequens
2721 5429 3067 5483 hebdomada
3096 5435 3287 5500 quarta
3313 5429 3532 5483 denota-

1934 5524 2042 5570 tur.
2074 5514 2182 5569 Sed
2213 5515 2316 5569 hoc
2347 5530 2454 5568 non
2486 5523 2640 5569 vacat
2672 5531 2702 5568 a
2751 5518 3014 5587 mysterio
3043 5526 3245 5572 nostrae
3271 5518 3532 5588 spiritalis

1932 5603 2366 5675 praeparationis.
2402 5604 2458 5657 In
2485 5604 2670 5674 quinta
2688 5605 2833 5658 enim
2856 5606 3198 5661 hebdomada
3215 5623 3531 5677 praeparare

1932 5695 2024 5748 vel
2055 5694 2265 5748 initiare
2298 5709 2402 5748 nos
2457 5693 2728 5747 debemus
2780 5703 3013 5763 propter
3071 5695 3313 5766 quinque
3343 5703 3531 5752 aetates

1928 5791 2143 5854 mundi,
2173 5793 2227 5845 in
2259 5791 2456 5862 quibus
2505 5789 2719 5845 fuerunt
2771 5790 2909 5845 tales
2957 5790 3115 5847 electi
3148 5793 3239 5864 qui
3269 5794 3525 5850 credide-

1929 5888 2075 5951 runt,
2127 5887 2180 5936 et
2234 5887 2606 5951 speraverunt,
2637 5883 2693 5935 et
2723 5878 3026 5935 dilexerunt
3077 5880 3373 5937 adventum
3407 5883 3522 5937 Do—
