3972 6402
449 410 586 464 1215

1558 403 1901 462 WERNERI
1941 405 2234 463 ABBATlS
2274 406 2336 462 S.
2386 406 2607 463 BLASII

3606 412 3753 468 1216

449 533 602 599 mini,
673 533 726 588 in
796 540 1013 606 quarta,
1082 541 1305 605 propter
1367 549 1424 589 ιν
1489 533 1716 589 ordines
1767 533 2050 600 librorum,
2082 531 2428 601 Aallicitur,
2471 533 2556 589 vel
2594 533 2940 592 comedendo
2997 534 3322 604 delectatur,
3363 536 3450 592 vel
3505 537 3772 594 manibus

448 621 658 678 scilicet
708 622 849 696 legis
903 623 1244 678 Psalmorum
1300 623 1718 694 prophetarum,
1753 630 1806 680 et
1841 622 2052 678 initium

449 711 746 784 evangelii.
773 712 1042 781 Quamvis
1061 711 1202 766 liber
1227 713 1434 784 Moysis
1455 713 1884 772 narrat.eleclos
1906 715 2052 769 viros

451 807 724 864 exstitisse
746 808 797 862 in
821 807 992 878 prima
1017 816 1066 863 et
1089 809 1332 864 secunda
1346 809 1570 864 etterlia
1587 819 1744 865 aetate
1767 811 2053 872 mundi,ta—

450 913 576 953 men
595 912 660 953 eo
681 905 926 968 tempore
951 897 1168 969 scripsit
1191 906 1358 954 totum
1383 900 1436 954 in
1459 915 1568 971 quo
1585 900 2054 971 deputatur-legis-

451 985 738 1042 latioleec
760 995 938 1042 autem
958 995 1189 1059 utraque
1206 997 1475 1059 tempora,
1493 989 1702 1059 scilicet
1720 989 1900 1062 quinta
1921 989 2052 1044 heb-

450 1083 680 1139 domada
709 1091 760 1140 et
791 1092 985 1155 quarta
1033 1084 1280 1139 intimant
1321 1085 1483 1142 nobis
1529 1087 1690 1142 etiam
1721 1086 2050 1143 rationalem

450 1172 908 1246 prmparationcm
963 1183 1191 1246 prepter
1251 1175 1492 1247 quinque
1549 1191 1745 1231 sensus
1789 1176 2045 1243 hominis,

455 1263 550 1336 qui
570 1261 753 1317 insunt
791 1263 1006 1334 corpori
1043 1272 1252 1332 nostro,
1297 1271 1350 1319 et
1400 1273 1626 1336 propter
1669 1273 1904 1336 quatuor
1931 1265 2049 1321 ele-

443 1365 652 1429 menta,
693 1359 892 1431 quibus
949 1365 1165 1417 constat
1219 1377 1420 1434 corpus
1469 1371 1737 1420 nostrum.
1783 1364 1856 1418 At
1907 1377 2052 1420 nunc

464 1449 634 1504 ertius
665 1449 886 1505 additur
912 1451 1244 1517 intellectus,
1279 1451 1373 1508 aui
1420 1467 1528 1508 non
1586 1452 1769 1508 minus
1797 1453 2052 1509 convenit

445 1538 838 1612 prmparationi
869 1539 1134 1595 adventus
1158 1541 1393 1596 Domini.
1420 1541 1662 1597 Dicimus
1679 1541 2050 1598 duosordincs

447 1654 574 1696 esse
623 1639 896 1710 justorum
952 1639 1007 1695 in
1059 1641 1309 1696 Ecclesia
1364 1649 1570 1708 nostra,
1617 1641 1709 1714 qui
1739 1641 1961 1696 student
1989 1657 2050 1698 se

445 1743 766 1800 praeparare
813 1729 883 1784 ad
931 1730 1337 1802 suscipiendum
1385 1739 1674 1787 venturum
1722 1731 2042 1788 Dominum.

445 1819 600 1874 Unus
629 1817 764 1873 ordo
797 1818 853 1872 in
905 1819 1158 1875 saeculari
1202 1821 1620 1876 conversatione
1652 1821 1834 1876 studet
1867 1840 1878 1876 :
1912 1821 2050 1875 alter

449 1911 506 1966 in
539 1912 794 1984 spiritali.
836 1915 916 1970 De
947 1915 1137 1970 ordine
1170 1916 1518 1972 saecularium
1557 1908 1851 1988 possumus
1881 1914 2046 1972 intel-
2075 1897 2128 1958 Β

445 2009 619 2084 ligere
650 2011 797 2082 quod
827 2011 988 2068 lectio
1037 2013 1166 2070 dicit
1211 2013 1264 2068 in
1316 2014 1505 2084 quinta
1536 2014 1882 2070 hcbdomada
1924 2021 2050 2069 ante

447 2100 801 2155 Nativitatem
854 2102 1092 2168 Domini,
1148 2103 1254 2158 hoc
1295 2111 1378 2158 est
1415 2103 1681 2158 hodierno
1713 2121 1727 2158 :
1765 2126 1786 2151 «
1831 2104 2054 2173 PrOpter

449 2190 554 2245 hoc
585 2205 715 2246 ecce
746 2191 868 2246 dies
897 2192 1140 2258 veniunt,
1173 2192 1303 2248 dicit
1333 2193 1614 2258 Dominus,
1651 2201 1704 2247 et
1733 2208 1840 2248 non
1870 2191 2054 2248 dicent

451 2287 595 2343 ultra
627 2303 641 2342 :
674 2288 818 2344 Vivit
848 2289 1133 2357 Dominus,
1164 2290 1256 2361 qui
1299 2291 1484 2346 eduxit
1513 2299 1566 2346 et
1595 2289 1826 2345 adduxit
1863 2305 2052 2346 semen

455 2377 647 2432 demus
678 2378 848 2433 Israel
879 2379 946 2434 de
977 2385 1122 2434 terra
1171 2379 1443 2450 aquilonis
1488 2382 1630 2448 (Jer.
1669 2381 1845 2450 XXIII).
1872 2399 1895 2430 ι
1931 2379 2051 2434 Ad-

454 2465 613 2520 duxit
671 2467 940 2522 Dominus
993 2467 1135 2524 ﬁlios
1205 2468 1374 2524 Israel
1421 2469 1490 2524 de
1558 2476 1703 2524 terra
1759 2468 2049 2540 aquilonis,

453 2564 676 2637 quando
705 2564 775 2620 de
807 2565 1102 2638 Babylonia
1135 2565 1347 2622 reversi
1379 2574 1505 2622 sunt
1535 2566 1592 2622 in
1625 2567 1866 2622 Judteam
1892 2581 1906 2636 ;
1948 2567 2051 2622 sed

453 2662 673 2711 econtra
719 2654 920 2710 melius
969 2656 1192 2712 adducit
1242 2663 1462 2712 nostros
1510 2657 1686 2712 bonos
1729 2655 2048 2722 saeculares,

454 2743 720 2799 Dominus
750 2743 820 2798 ad
849 2742 1117 2810 Judaeum,
1148 2743 1204 2800 id
1234 2745 1305 2800 ad
1331 2761 1510 2800 veram
1542 2745 1951 2801 confessionem
1981 2745 2050 2801 de

457 2843 781 2898 confusione
810 2842 1120 2914 Babyloniae
1163 2843 1380 2914 quando
1433 2859 1530 2900 eos
1568 2843 1765 2900 liberat
1792 2845 1861 2900 de
1889 2853 2052 2916 pote-

453 2938 594 2988 state
623 2931 822 2988 diaboli
856 2940 909 2987 et
937 2933 1008 2988 de
1038 2949 1273 3004 corpore
1321 2933 1462 3002 ejus.
1510 2933 1624 2990 Hoc
1658 2933 1716 2988 ﬁt
1746 2949 1842 3003 per
1869 2933 2049 3006 bapti-

454 3036 636 3076 smum
749 3037 911 3094 quem
1015 3021 1220 3079 habent
1317 3023 1625 3091 saeculares,
1719 3022 1909 3079 fideles
1997 3031 2052 3080 et

451 3110 756 3184 spiritales.

522 3208 626 3278 Qui
675 3209 821 3264 enim
866 3209 920 3264 in
967 3209 1152 3266 animo
1195 3209 1476 3282 patiuntur
1520 3210 1794 3284 aquilonis
1826 3209 2048 3284 frigidi-

452 3264 647 3365 παίζω,
716 3299 964 3354 membra
1018 3307 1145 3355 sunt
1195 3264 1441 3356 idiaboli.
1510 3264 1722 3370 Qtianto
1777 3264 1932 3372 με]οῖ
1969 3264 2130 3355 estC

453 3376 705 3445 diabolus
753 3395 897 3444 totus
946 3387 1004 3442 in
1045 3403 1284 3460 corpore
1335 3404 1452 3456 suo,
1511 3389 1568 3444 id
1613 3397 1700 3444 est
1750 3389 1806 3444 in
1851 3387 2050 3459 capite,

453 3492 617 3551 quam
664 3494 829 3532 unum
876 3478 1183 3534 membrum
1231 3479 1366 3549 ejus,
1418 3483 1565 3534 tanto
1613 3478 1812 3534 melius
1838 3476 2056 3533 liberati

457 3593 650 3632 sumus
671 3592 703 3631 a
723 3575 926 3632 diaboli
957 3583 1248 3648 potestate.
1310 3592 1474 3651 quam
1503 3585 1690 3632 essent
1746 3575 1842 3631 ﬁlii
1882 3574 2056 3632 Israel

457 3679 492 3720 a
519 3665 740 3737 regibus
780 3665 1180 3721 Chaldaeorum.
1222 3667 1304 3722 De
1359 3665 1494 3738 ipsis
1537 3665 1892 3722 saecularibus
1934 3680 2057 3720 me-

456 3762 635 3810 morat
663 3754 1026 3828 Evangelium
1059 3755 1206 3826 quod
1233 3755 1288 3808 in
1319 3763 1520 3828 quanta
1563 3761 1864 3809 memorata
1913 3753 2056 3808 heb-

454 3852 695 3909 domada
722 3851 940 3924 legitur.
975 3853 1178 3907 Narrat
1210 3852 1357 3908 enim
1407 3853 1649 3925 quinque
1679 3851 1850 3906 millia
1879 3851 2058 3906 homi-

454 3957 584 3997 num
600 3942 893 3998 Dominum
918 3942 1139 4013 pavisse
1160 3959 1225 3998 ex
1242 3941 1482 4014 quinque
1505 3941 1734 4012 panibus
1759 3943 1776 4010 ’_
1779 3941 1914 3997 Luc.
1934 3942 2053 4011 vn).

455 4030 615 4102 Quod
643 4030 716 4086 ita
744 4029 898 4086 Beda
925 4033 1151 4102 exponit
1179 4031 1237 4086 in
1266 4031 1555 4104 evangelio
1597 4045 1765 4100 super
1797 4031 2000 4086 Lucam
2037 4049 2048 4085 :

452 4131 626 4188 Erant
699 4139 880 4186 autem
955 4129 1070 4186 fere
1144 4129 1270 4196 viri,
1347 4131 1597 4202 quinque
1670 4129 1859 4196 millia,
1933 4129 2058 4200 quia

457 4219 696 4292 quinque
726 4228 849 4274 sunt
883 4219 1189 4275 exteriores
1221 4219 1462 4275 hominis
1488 4234 1714 4283 sensus;
1749 4219 1839 4290 qui
1861 4233 2059 4274 sensus

457 4315 607 4364 recte
639 4309 740 4363 viri
769 4308 1038 4376 dicuntur,
1101 4309 1228 4381 quia
1271 4307 1599 4364 fortissimos
1642 4308 1831 4363 hostes
1859 4307 2059 4362 animae

455 4405 662 4454 nostra:
691 4396 746 4452 in
777 4397 858 4454 eis
881 4397 1176 4468 habemus.
1220 4399 1284 4453 Et
1314 4413 1438 4454 cum
1483 4404 1634 4454 esset
1695 4396 1916 4464 ancilla,
1963 4397 2060 4454 do-

458 4493 667 4550 minam
697 4493 802 4549 sibi
825 4495 1036 4550 servire
1059 4495 1563 4568 coegit(Gew.xv1l.
1589 4493 1722 4564 Quae
1743 4502 1922 4549 autem
1944 4500 2061 4549 erat

459 4583 580 4639 haec
607 4583 806 4640 ancilla
825 4583 854 4637 ?
883 4583 1027 4640 Caro
1061 4583 1336 4651 videlicet,
1370 4581 1440 4640 de
1469 4599 1576 4653 quo
1606 4583 1681 4638 ait
1721 4581 2052 4654 Apostolus:

465 4695 488 4722 ι
530 4673 672 4728 Caro
724 4672 1067 4745 concupiscit
1113 4673 1384 4730 adversus
1439 4672 1709 4744 spiritum,
1741 4679 1796 4728 et
1825 4670 2054 4742 spiritus

457 4771 728 4826 adversus
754 4787 1013 4826 carnem:
1063 4772 1418 4828 adversantur
1459 4770 1602 4826 enim
1647 4768 1754 4825 sibi
1804 4770 1923 4826 haec
1950 4769 2059 4825 duo

461 4861 608 4930 (Gal.
641 4861 724 4931 v).
761 4883 783 4908 η
809 4861 938 4917 Haec
967 4875 1002 4916 a
1030 4861 1146 4917 Deo
1175 4875 1368 4917 omnes
1397 4867 1750 4930 corruperat:
1793 4857 1940 4931 quod
1969 4857 2062 4913 vix

459 4949 655 5020 aliquis
685 4948 953 5005 voluntati
983 4949 1105 5020 ejus
1135 4950 1389 5006 resistere
1433 4955 1669 5020 poterat,
1710 4948 1822 5004 imo
1867 4963 2061 5003 omnes

463 5045 678 5102 Satana:
707 5047 1052 5104 vendiderat.
1085 5046 1250 5103 Nulia
1270 5062 1454 5120 pugna
1469 5046 1694 5118 gravior
1707 5045 1820 5113 illa,
1841 5045 2062 5118 quando

462 5143 746 5200 inimicum
798 5161 959 5200 suum
1009 5145 1176 5200 homo
1233 5146 1434 5216 portat,
1485 5150 1537 5198 et
1594 5141 1874 5199 inimicum
1904 5156 2064 5196 suum

463 5233 670 5305 pascit:
703 5233 925 5305 quando
955 5233 1024 5290 de
1054 5233 1219 5290 domo
1257 5233 1375 5301 ejus
1415 5238 1501 5288 est
1538 5230 1634 5302 qui
1665 5247 1726 5286 se
1755 5231 2060 5302 impugnat,

465 5333 682 5404 quando
715 5331 862 5388 bona
889 5331 1074 5388 omnia
1101 5331 1155 5387 ei
1218 5330 1367 5392 facit.
1399 5337 1453 5386 et
1481 5329 1600 5401 ipse
1629 5328 1680 5384 ei
1729 5327 1866 5383 mala
1896 5327 2062 5383 retri-

466 5427 618 5484 buet.
657 5429 805 5485 Talis
835 5437 919 5485 est
948 5443 1074 5486 caro
1107 5443 1120 5484 :
1173 5443 1293 5501 qua).
1339 5431 1546 5500 quanto
1595 5425 1776 5499 magis
1805 5425 2060 5491 nutritur,

464 5521 616 5574 tanto
678 5519 858 5592 magis
919 5517 1202 5589 gloriatur,
1265 5525 1412 5572 tanto
1477 5517 1660 5589 magis
1715 5515 1770 5570 in
1826 5514 2064 5570 animam

465 5613 666 5686 surgit.
732 5613 987 5687 Quinque
1043 5617 1190 5672 enim
1245 5615 1530 5670 ministros
1583 5613 1765 5679 habet,
1825 5612 2066 5685 quinque

468 5720 662 5763 sensus
726 5711 996 5782 corporis,
1053 5713 1253 5783 quibus
1308 5712 1549 5768 animam
1588 5712 1739 5768 ducit
1777 5711 2065 5781 captivam.

470 5800 700 5870 Quando
758 5807 966 5864 scilicet
1010 5811 1207 5882 aliquis
1263 5819 1476 5879 peccat,
1525 5810 1612 5866 vel
1651 5809 1890 5864 videndo
1921 5808 2068 5863 deci-

469 5892 637 5962 pitur,
666 5894 754 5952 vel
784 5896 1057 5952 audiendo
1087 5899 1401 5966 attrahitur,
1433 5898 1521 5954 vel
1557 5897 1838 5955 odorando
1875 5896 2064 5954 illicita

2087 4630 2139 4691 D

2161 623 2304 678 male
2339 633 2628 694 Operatur.
2667 625 2762 681 His
2789 625 3029 698 quinque
3059 625 3268 682 viribus
3315 641 3447 682 caro
3475 626 3768 698 superavit

2160 711 2397 784 primum
2454 712 2752 780 hominem,
2797 723 2850 771 et
2913 716 3078 772 homo
3143 713 3442 782 succubuit,
3505 715 3765 788 quamvis

2161 809 2370 880 positus
2409 818 2554 866 esset
2585 811 2638 866 in
2670 811 2951 883 paradiso,
2992 812 3090 868 sed
3128 812 3286 884 prius
3323 829 3587 886 aggressa
3625 829 3757 872 esse

2159 899 2444 955 mulierem
2493 909 2550 955 ut
2597 901 2922 957 debiliorem
2972 912 3210 974 partem.
3262 902 3396 958 Audi
3426 901 3496 958 de
3525 902 3760 960 muliere

2160 989 2386 1060 quando
2411 989 2652 1064 quinque
2691 991 2945 1046 sensibus
2983 991 3232 1062 corporis
3289 991 3556 1064 peccavit.
3586 993 3758 1048 Auri-

2160 1086 2260 1141 bus
2293 1088 2706 1160 persuasionem
2734 1089 2936 1145 diaboli
2967 1089 3177 1162 accepit
3205 1096 3260 1145 et
3296 1089 3590 1153 consensit,
3624 1105 3757 1148 cum

2158 1175 2252 1231 ille
2308 1177 2432 1232 talia
2487 1178 2762 1234 intimaret
2799 1179 2990 1236 dicens
3032 1195 3046 1235 :
3090 1203 3112 1228 α
3158 1180 3218 1234 In
3264 1195 3402 1251 quae
3427 1195 3626 1253 umque
3665 1179 3758 1236 die

2157 1266 2466 1322 comederis
2505 1283 2568 1322 ex
2609 1283 2696 1339 eo,
2735 1269 3044 1339 aperientur
3093 1267 3238 1325 oculi
3286 1269 3474 1337 vestri,
3521 1277 3572 1325 et
3599 1267 3757 1326 eritis

2159 1363 2296 1419 sicut
2327 1364 2431 1432 Dii,
2465 1363 2700 1420 scientes
2741 1364 2944 1420 bonum
3000 1372 3052 1422 et
3099 1365 3303 1421 malum
3371 1365 3536 1436 (Gen.
3571 1365 3685 1435 ιιι).
3726 1387 3748 1414 ιι

2163 1454 2301 1509 Ecce
2331 1453 2552 1524 quando
2583 1453 2780 1508 mulier
2809 1470 2910 1526 per
2938 1453 3182 1509 auditum
3211 1453 3536 1522 succubuit;
3591 1452 3758 1510 modo

2159 1542 2382 1597 attende
2439 1543 2654 1614 quando
2711 1543 2944 1599 odoratu
2974 1551 3028 1600 et
3057 1543 3176 1599 visu
3221 1543 3454 1614 decepta
3500 1549 3606 1599 est.
3668 1541 3759 1598 Ait

2159 1640 2446 1712 Scriptura
2479 1657 2492 1694 :
2519 1663 2540 1690 ιι
2579 1640 2726 1696 Vidit
2747 1640 2946 1696 mulier
2966 1641 3110 1714 quod
3124 1640 3328 1696 bonum
3350 1648 3492 1696 esset
3518 1639 3754 1712 lignum,

2157 1737 2211 1784 et
2266 1729 2335 1784 ad
2392 1730 2724 1786 vescendum
2783 1745 2973 1798 suave,
3030 1737 3085 1786 et
3136 1730 3425 1802 pulchrum
3456 1729 3648 1800 oculis,
3700 1737 3758 1786 et.

2158 1827 2388 1891 aspectu
2418 1819 2739 1876 deleciabile
2771 1820 2972 1890 (ibid).
3020 1842 3042 1870 η
3069 1819 3204 1876 Cum
3233 1819 3360 1876 dicit
3400 1837 3412 1875 :
3440 1841 3462 1868 υ
3498 1834 3666 1875 suave
3700 1839 3753 1888 ι,

2161 1927 2315 1990 capta
2337 1927 2418 1974 est
2444 1917 2676 1974 odoratu
2716 1939 2728 1974 :
2783 1935 2907 1975 cum
2935 1918 3011 1974 ait
3052 1938 3066 1974 :
3112 1942 3134 1968 »
3187 1917 3470 1990 pulchrum
3499 1915 3671 1973 oculis
3705 1941 3754 1986 ιο,

2159 2009 2450 2080 illaqueata
2479 2017 2562 2062 est
2592 2008 2734 2064 visu.
2765 2008 2955 2064 Adhuc
2999 2015 3296 2079 supersunt
3341 2007 3450 2062 duo
3495 2003 3750 2071 ministri,

2161 2098 2251 2168 qui
2279 2103 2450 2152 totum
2480 2097 2658 2152 scelus
2690 2105 3142 2168 perpetraverunt
3169 2111 3182 2151 :
3237 2104 3415 2152 tactus
3444 2102 3498 2150 et
3527 2102 3744 2164 gustus.

2163 2187 2297 2244 Vide
2344 2203 2480 2258 ergo
2533 2186 2754 2260 quando
2811 2203 2911 2258 per
2967 2185 3090 2242 illos
3132 2201 3258 2242 caro
3283 2185 3562 2256 inceptum
3593 2199 3752 2238 suum

2160 2284 2582 2342 consummavit.
2607 2284 2874 2355 Scriptum
2905 2291 2990 2340 est
3019 2291 3201 2340 autem
3229 2306 3250 2332 α
3272 2283 3338 2338 Et
3352 2282 3550 2338 tulitde
3578 2279 3754 2337 fructu

2161 2374 2304 2429 illius
2333 2383 2388 2428 et
2417 2373 2655 2430 comedit
2686 2373 2906 2442 (ibid.).
2944 2395 2965 2422 υ
3005 2373 3194 2428 Manus
3223 2371 3366 2441 tulit,
3405 2386 3470 2426 os
3497 2369 3750 2438 comedit,

2160 2471 2342 2520 tactus
2375 2461 2716 2530 ministravit,
2759 2469 2950 2534 gustus
2996 2469 3292 2533 peccatum
3322 2458 3742 2517 consummavit.

2159 2563 2437 2617 Prostrata
2464 2559 2630 2632 igitur
2650 2559 2865 2632 origine
2881 2559 3143 2626 omnium,
3177 2565 3348 2614 totum
3377 2557 3638 2612 mundum
3671 2553 3750 2610 illi

2159 2649 2392 2706 ministri
2420 2649 2682 2720 deinceps
2705 2648 3094 2721 subjugabant.
3127 2647 3272 2704 Vidit
3301 2645 3468 2717 igitur
3488 2644 3750 2701 Dominus

2159 2749 2211 2796 et
2268 2739 2599 2810 Redemptor
2647 2746 2840 2793 noster
2896 2739 3026 2810 quia
3083 2751 3208 2794 caro
3264 2743 3432 2792 totum
3486 2733 3747 2790 mundum

2157 2836 2232 2892 ita
2282 2835 2655 2908 expugnabat,
2715 2834 2842 2908 quia
2896 2833 3093 2892 ancilla
3149 2833 3427 2890 dominam
3453 2848 3606 2889 suam
3641 2831 3744 2887 sibi

2155 2925 2556 2997 subjugaverat
2585 2925 2746 2996 (Gen.
2791 2923 2924 2990 χιιι),
2971 2923 3161 2978 habuit
3202 2937 3323 2980 cum
3367 2919 3745 2977 misericordia

2156 3031 2253 3070 sua
2281 3014 2564 3072 consilium
2593 3013 2740 3086 quod
2766 3013 2837 3068 ab
2851 3015 2950 3069 hac
2977 3012 3286 3084 captivitate
3311 3011 3574 3067 liberaret
3595 3025 3748 3064 mun-

2155 3112 2304 3168 dum.
2365 3112 2644 3168 lnimicam
2691 3127 2824 3183 ergo
2878 3118 3116 3166 nostram
3163 3125 3388 3166 carnem
3441 3106 3630 3176 induit,
3689 3113 3748 3161 ut

2155 3218 2278 3258 cum
2317 3217 2380 3258 ea
2418 3208 2708 3274 pugnaret,
2750 3208 2804 3256 et
2854 3215 2978 3256 eam
3017 3199 3424 3270 comprimeret,
3475 3205 3529 3253 et
3575 3195 3744 3251 mini-

2161 3300 2305 3348 stros
2333 3307 2463 3346 suos
2493 3289 2826 3356 debilitaret,
2886 3295 2946 3344 ut
2991 3287 3253 3359 deinceps
3283 3303 3394 3344 non
3419 3291 3651 3358 possent
3694 3281 3748 3339 ei

2163 3381 2440 3449 resistere,
2491 3387 2546 3436 et
2596 3378 2816 3435 domina
2871 3376 3132 3432 famulam
3189 3391 3340 3432 suam
3387 3375 3742 3448 gubernaret.

2161 3479 2346 3552 Elegit
2370 3479 2556 3550 itaque
2607 3483 3004 3548 competentem
3053 3489 3291 3546 poenam,
3351 3473 3406 3528 in
3452 3487 3666 3528 crucem
3694 3469 3748 3524 in

2164 3585 2269 3641 qua
2298 3569 2510 3622 hostem
2543 3575 2785 3622 nostrum
2832 3564 3184 3637 crucifigeret
3214 3570 3268 3618 et
3315 3577 3510 3618 sensus
3541 3559 3751 3632 puniret

2165 3666 2405 3712 nostros.
2459 3654 2618 3712 Oculi
2667 3653 3063 3726 turpitudinem
3117 3667 3296 3724 ptente
3345 3659 3400 3707 et
3439 3649 3750 3706 insultantes

2163 3755 2435 3821 viderunt,
2468 3763 2524 3810 et
2550 3753 2808 3809 tenebras
2836 3751 3027 3808 mortis
3045 3757 3355 3815 senserunt,
3377 3764 3540 3804 aures
3560 3760 3751 3819 oppro-

2164 3845 2286 3900 bria
2314 3843 2635 3915 turpissima
2657 3841 2964 3908 audierunt,
2985 3857 3050 3897 os
3069 3839 3145 3896 ait
3167 3857 3216 3894 τα
3226 3838 3360 3895 Sitio
3380 3839 3562 3908 (Joan.
3587 3837 3744 3906 x1x),»

2168 3950 2222 4000 et
2267 3942 2410 3998 fellis
2449 3951 2502 3998 et
2537 3941 2676 3998 aceti
2714 3930 3136 3995 amaritudinem
3195 3935 3436 4010 gustavit
3489 3953 3504 3998 ;
3561 3947 3752 3989 manus

2167 4030 2442 4089 crucifixae
2470 4038 2617 4108 sunt,
2657 4039 2710 4084 et
2729 4037 2842 4085 tota
2871 4043 3001 4085 caro
3031 4027 3104 4082 ibi
3131 4041 3394 4098 perpessa
3423 4031 3526 4089 est,
3554 4031 3611 4078 ut
3642 4030 3749 4078 tota

2169 4120 2326 4178 nobis
2357 4120 2657 4190 subjaceat,
2716 4125 2769 4174 et
2823 4116 3060 4188 amplius
3120 4116 3316 4171 anima:
3345 4113 3582 4170 obediat.
3614 4111 3750 4168 Ecce

2168 4218 2313 4276 enim
2382 4218 2631 4287 subjacet
2694 4215 2862 4283 victa,
2931 4229 3062 4271 ecce
3100 4212 3299 4270 ancilla
3335 4210 3605 4283 ﬂagellata
3640 4215 3743 4263 est.

2168 4307 2302 4362 Inde
2332 4315 2414 4362 est
2444 4307 2589 4378 quod
2623 4305 2870 4378 quinque
2919 4303 3092 4358 millia
3137 4301 3241 4359 viri
3293 4300 3580 4357 Dominum
3633 4303 3752 4352 sunt

2169 4397 2363 4464 secuti,
2406 4396 2536 4468 quia
2599 4395 2682 4450 illi
2749 4394 2931 4449 adhuc
2982 4393 3038 4447 in
3092 4389 3342 4448 saeculari
3380 4388 3566 4445 habitu
3596 4385 3753 4458 positi

2170 4487 2310 4542 bene
2355 4492 2677 4542 meruerunt
2743 4484 2818 4540 uti
2876 4481 3260 4548 exterioribus,
3311 4495 3431 4552 quae
3485 4475 3754 4549 possident

2170 4581 2285 4637 suis
2315 4580 2554 4654 quinque
2582 4579 2868 4636 sensibus.
2907 4577 3009 4647 Qui
3053 4584 3208 4634 recte
3255 4575 3496 4647 quinque
3522 4569 3749 4643 panibus

2169 4671 2403 4735 aluntur,
2433 4670 2562 4742 quia
2591 4669 2732 4724 tales
2762 4682 2993 4724 necesse
3021 4673 3106 4721 est
3132 4663 3424 4737 legalibus,
3458 4659 3514 4717 id
3543 4665 3626 4715 est
3655 4675 3752 4714 sae-

2168 4759 2442 4817 cularibus
2470 4759 2652 4815 adhuc
2669 4756 2963 4829 praeceptis
2993 4754 3224 4810 institui.

2241 4857 2434 4913 Ofﬁcia
2463 4872 2681 4930 quoque
2717 4871 2841 4928 quae
2869 4852 3220 4910 celebrantur
3241 4849 3295 4906 in
3326 4855 3522 4922 quarta
3547 4845 3748 4904 hebdo-

2166 4950 2328 5002 mada
2354 4955 2483 5002 ante
2510 4945 2856 5002 Nativitatem
2907 4941 3126 4998 Domini
3182 4939 3453 5011 spiritales
3488 4953 3587 5010 per
3613 4951 3746 5010 qua-

2167 5053 2296 5102 tuor
2319 5045 2612 5118 Evangelia
2643 5044 2711 5100 ad
2742 5043 3006 5115 potiorem
3062 5038 3450 5113 perfectionem
3497 5035 3750 5093 excitant.

2170 5145 2326 5203 Unde
2355 5144 2487 5200 dicit
2511 5142 2742 5215 epistola
2775 5158 2896 5214 qua:
2923 5141 2981 5195 in
3009 5139 3205 5196 eodem
3238 5137 3437 5210 legitur
3467 5151 3482 5193 :
3517 5158 3538 5184 ι
3574 5133 3754 5192 Scien-

2173 5252 2254 5299 tes
2283 5243 2412 5315 quia
2439 5245 2576 5300 hora
2605 5249 2688 5297 est
2714 5241 2828 5310 jam
2857 5255 2959 5295 nos
3008 5239 3078 5294 de
3109 5251 3303 5294 somno
3330 5249 3576 5307 surgere,
3623 5246 3756 5288 nunc

2169 5342 2349 5390 autem
2408 5331 2631 5404 propior
2675 5338 2758 5386 est
2811 5336 3005 5384 nostra
3062 5326 3211 5382 salus
3259 5340 3426 5397 quam
3461 5339 3582 5380 cum
3648 5336 3754 5378 cre-

2172 5431 2362 5487 dimus
2395 5432 2574 5498 (Rom.
2599 5426 2743 5498 xm).
2769 5447 2791 5477 »
2831 5426 2911 5481 De
2953 5423 3148 5480 iisdem
3202 5421 3544 5494 spiritalibus
3566 5418 3752 5476 dicitin

2174 5537 2340 5592 supra
2396 5519 2541 5575 dicto
2595 5517 2738 5572 libro
2797 5516 3015 5583 (Br-10x.)
3078 5534 3100 5563 σε
3169 5512 3312 5566 Nam
3355 5509 3446 5582 qui
3477 5508 3674 5564 mundo
3700 5505 3760 5562 ad

2175 5610 2456 5682 integrum
2511 5605 2846 5670 renuntiant,
2907 5612 2962 5658 et
3014 5610 3248 5674 quatuor
3293 5609 3420 5655 sunt
3469 5597 3662 5664 millia,
3705 5603 3751 5652 et

2174 5717 2382 5778 septem
2411 5705 2646 5777 panibus
2675 5701 2884 5768 refecti,
2918 5702 3023 5756 hoc
3063 5707 3147 5755 est
3179 5697 3498 5769 evangelica
3535 5695 3752 5751 lectione

2176 5806 2440 5860 sublimes
2467 5810 2521 5859 et
2557 5801 2787 5874 spiritali
2830 5799 3010 5872 gratia
3039 5804 3167 5852 sunt
3195 5795 3366 5852 docti.
3396 5794 3562 5864 Cujus
3593 5790 3752 5862 signi-

2177 5894 2406 5952 ficanda:
2459 5890 2734 5949 distantias
2777 5903 2944 5947 causa
2989 5886 3240 5960 mystice,
3295 5892 3356 5941 ut
3413 5898 3552 5951 reor,
3607 5881 3661 5937 in
3687 5879 3757 5935 in-
