3956 6444
345 343 450 398 235
1197 340 1260 397 ν.
1309 341 1638 398 GUIBERTI
1698 339 1990 397 ABBATIS
2045 339 2104 398 S.
2169 338 2416 397 MARIJE
2474 339 2564 396 DE
2613 337 3004 396 NOVIGENTO
3743 339 3869 392 236

415 479 585 535 Vnus.
642 481 728 532 25.
779 505 847 516 —
901 479 1130 546 Jamque
1164 477 1328 532 Iacob
1388 476 1705 533 extenderat
1739 479 1797 531 in
1853 481 2029 530 monte
2068 474 2116 530 Α
2147 474 2358 532 formas
2404 476 2517 530 Deo
2548 474 2846 542 attribuat,
2894 473 3282 530 machinatur.
3334 472 3529 543 (Vnus.
3566 474 3686 542 31.)
3741 472 3870 530 Sed

349 567 779 627 tabernaculum.
833 580 952 620 cum
1002 567 1095 619 ille
1149 571 1458 620 consecutus
1512 581 1631 619 eum
1675 569 1871 632 fuisset
1917 580 2035 618 cum
2141 564 2326 630 Jacob,
2374 564 2609 634 spiritus
2676 564 2890 619 scilicet
2951 570 3144 619 noster
3199 576 3266 618 ac
3341 562 3388 618 si
3445 563 3865 623 ratiocinans.

345 655 617 722 fratribus
674 657 810 709 suis.
870 654 1296 708 Tabernaculum
1353 653 1517 708 Jacob
1571 653 1849 716 extendit,
1902 667 2032 707 cum
2145 652 2315 707 infert
2370 667 2383 706 :
2442 652 2599 718 Quod
2667 653 2835 706 inscio
2905 657 2953 705 te
3020 653 3336 720 profectus,
3403 651 3624 707 scilicet
3689 649 3869 721 quod

343 743 681 799 exercitium
712 740 923 797 divina:
963 740 1178 796 militiae
1209 740 1390 796 ﬁdelis
1418 741 1662 812 quilibet
1702 741 2032 810 ampliﬁcat,
2145 741 2465 797 inconsulte
2503 755 2537 796 a
2563 748 2665 796 tua
2707 739 3101 795 conformitate
3133 739 3304 810 paulo
3343 740 3565 809 digredi
3597 747 3872 796 conatus

344 840 399 887 et
425 829 708 901 producit.
757 830 854 885 Ille
879 829 1257 899 consequitur
1286 845 1405 883 cum
1431 830 1706 896 fratribus
1734 833 1868 896 suis,
1901 843 2034 884 cum
2143 843 2292 894 sum,
2345 831 2504 882 timui
2530 845 2596 883 ne
2622 830 2880 882 violenter
2919 831 3165 895 auferres
3206 829 3353 896 ﬁlias
3385 833 3526 889 tuas,
3563 827 3619 882 id
3658 836 3749 882 est
3781 841 3870 882 ne

343 919 684 990 angelorum
732 932 870 974 sane
899 917 1156 973 subsidio
1185 931 1418 987 precum
1450 918 1638 973 munit
1685 917 1939 973 auxiliis.
1973 919 2036 972 In
2143 917 2407 972 nimietas
2452 918 2705 987 aggressi
2755 916 3029 988 propositi
3074 916 3281 972 faceret
3326 930 3414 971 me
3460 916 3734 972 decidere
3779 915 3871 970 ab

340 1009 539 1064 eodem
590 1012 766 1061 monte
827 1005 1039 1062 Galaad
1089 1007 1283 1061 Laban
1343 1006 1468 1062 fixit
1511 1006 1840 1072 tentorium,
1897 1005 2036 1076 quia
2142 1012 2392 1074 utraque
2418 1005 2554 1060 vita.

345 1098 403 1151 in
453 1095 762 1165 utriusque
803 1094 935 1149 vita:
979 1094 1171 1149 studio
1216 1101 1271 1150 et
1298 1094 1612 1150 eminentia
1657 1094 1856 1150 statuit
1899 1094 2032 1150 olim
2214 1093 2382 1149 Vnus.
2434 1096 2521 1148 32.
2575 1123 2645 1134 —
2687 1093 2844 1159 Quod
2889 1099 3068 1147 autem
3114 1094 3260 1159 furti
3303 1108 3387 1146 me
3437 1095 3632 1159 arguis
3690 1092 3874 1162 apud

342 1187 484 1242 dum
534 1197 707 1239 carne
753 1182 1086 1250 adviveret;
1133 1181 1268 1238 felix
1310 1182 1406 1238 illa
1438 1181 1662 1248 civitas,
1706 1181 2036 1238 intentionis
2142 1196 2506 1249 quemcunque
2589 1185 2858 1236 inveneris
2927 1183 3059 1236 Deos
3152 1187 3270 1236 tuos
3354 1187 3572 1235 necetur
3657 1197 3868 1236 coram

344 1271 711 1329 desiderium.
749 1271 994 1327 Intentio
1043 1285 1245 1340 nempe
1267 1279 1322 1326 et
1369 1271 1678 1327 tentorium
1709 1285 1744 1326 a
1774 1270 2035 1324 tendendo
2137 1269 2410 1334 fratribus
2439 1273 2552 1323 suis
2599 1269 2721 1341 [al.,
2756 1268 3006 1340 nostris.]
3039 1269 3200 1333 Quod
3231 1278 3315 1324 est
3355 1268 3402 1323 si
3446 1269 3602 1324 falsae
3629 1270 3868 1326 credu-

342 1361 636 1417 dicuntur.
2140 1355 2312 1412 litatis
2356 1373 2438 1411 me
2467 1361 2655 1425 arguis
2705 1357 2763 1412 in
2803 1372 3157 1428 quocunque
3207 1356 3385 1412 animi
3436 1371 3610 1413 sensu
3662 1357 3868 1428 quid—

416 1451 580 1506 Vns.
635 1451 726 1514 26,
783 1449 872 1502 27.
932 1477 998 1486 —
1041 1447 1120 1501 Et
1169 1447 1317 1501 dixit
1368 1446 1444 1501 ad
1496 1447 1661 1504 Iacob
1692 1462 1705 1502 :
1737 1448 1912 1514 Quare
1952 1451 2031 1502 ita
2139 1443 2290 1514 piam
2329 1446 2604 1514 repereris
2649 1446 2718 1502 de
2770 1447 2882 1501 Deo
2940 1445 3232 1512 tictitium,
3284 1445 3529 1501 aliorum
3575 1446 3869 1516 ejusdem

340 1541 519 1605 egisti,
552 1527 618 1590 ut
641 1537 778 1590 clam
822 1550 903 1588 me
931 1535 1174 1602 abigeres
1219 1537 1365 1603 ﬁlias
1403 1550 1546 1588 meas
1596 1538 1757 1604 quasi
1784 1538 2031 1604 captivas
2140 1535 2344 1588 mentis
2428 1534 2819 1590 intellectuum
2887 1534 3186 1590 aboleatur
3233 1533 3470 1604 judicio.
3537 1536 3815 1590 Scrutare
3841 1577 3862 1602 ,

340 1626 567 1695 gladio?
608 1626 716 1680 Cur
745 1626 1028 1690 ignorante
1055 1639 1137 1676 me
1161 1624 1350 1690 fugere
1395 1624 1635 1687 voluisti,
1666 1639 1758 1677 nec
1789 1624 2032 1677 indicare
2138 1621 2413 1690 quidquid
2456 1627 2670 1676 tuorum
2715 1623 2866 1691 apud
2893 1639 2975 1677 me
3028 1624 3296 1676 inveneris
3333 1625 3513 1688 aufer.
3545 1622 3710 1689 Quod
3759 1632 3868 1678 est

341 1717 478 1770 mihi
525 1719 586 1766 ut
653 1727 1008 1782 prosequerer
1057 1717 1106 1764 te
1164 1726 1284 1764 cum
1339 1712 1540 1778 gaudio
1594 1717 1645 1765 et
1705 1715 1930 1766 canticis
1979 1718 2030 1766 et
2068 1771 2108 1782 ἢ
2136 1709 2402 1775 scrutari,
2449 1723 2537 1764 me
2581 1710 2735 1775 doce,
2771 1718 2824 1765 et
2854 1710 3129 1779 quidquid
3175 1715 3408 1776 tuorum,
3441 1710 3496 1765 id
3543 1718 3630 1766 est
3659 1711 3864 1780 spiri-

342 1805 620 1875 tympanis
649 1771 700 1855 et
727 1771 980 1854 citliara?
1011 1800 1090 1854 Ac
1121 1799 1164 1854 si
1205 1771 1363 1855 dicat
1383 1817 1396 1853 :
1431 1799 1572 1856 Cum
1599 1800 1720 1870 jam
1751 1809 1804 1856 te
1836 1801 2029 1856 videas
2068 1771 2111 1825 Β
2139 1771 2397 1851 ιιιειιίιιιή
2429 1811 2561 1866 quae
2603 1797 2703 1852 tibi
2722 1771 2918 1868 imagis
2949 1771 3283 1866 competunt
3324 1771 3517 1853 rerum
3547 1771 3710 1866 apud
3735 1815 3858 1865 me,

341 1891 714 1946 constitutum
759 1889 816 1943 in
847 1889 1148 1944 cacumine
1189 1887 1510 1956 charitatis,
1551 1888 1704 1944 unde
1751 1889 2031 1944 inconsul-
2139 1883 2351 1938 scilicet
2392 1884 2548 1953 apud
2597 1885 2918 1940 sensualem
2971 1885 3436 1955 imaginationem
3481 1901 3668 1941 meam
3721 1901 3864 1942 cor-

340 1977 413 2033 tis
475 1976 754 2046 exemplis
820 1977 978 2041 meis,
1046 1990 1224 2046 quam
1280 1990 1524 2045 regnare
1584 1990 1684 2046 per
1743 1977 2027 2033 malorum
2140 1970 2329 2039 rumpi
2394 1971 2638 2039 videris,
2709 1973 2968 2042 exemplo
3023 1986 3090 2028 ac
3147 1987 3311 2042 prece
3386 1973 3632 2028 dimove.
3704 1974 3860 2028 Haec

339 2066 638 2122 victoriam
689 2065 915 2134 probas,
967 2064 1122 2134 quod
1153 2071 1238 2120 est
1284 2065 1430 2119 clam
1465 2079 1574 2130 me,
1607 2063 1837 2134 abigere
1866 2065 2031 2136 elegi.
2137 2072 2210 2113 ex
2254 2060 2729 2128 contemplatione
2771 2061 3049 2116 claritatis
3095 2069 3421 2116 sanctorum
3466 2061 3858 2117 intellectua-

337 2155 409 2210 sti
456 2168 490 2209 a.
543 2161 596 2210 te
653 2151 978 2222 diligentias
1045 2152 1175 2206 vitae
1240 2151 1547 2222 utriusque
1600 2155 1780 2221 quasi,
1843 2153 1897 2208 id
1945 2160 2030 2208 est
2139 2145 2265 2202 liter
2303 2155 2358 2201 et
2388 2146 2580 2203 inferri
2611 2156 2666 2204 et
2716 2149 2914 2204 referri
2966 2149 3168 2204 solent.
3208 2151 3334 2204 Hec
3377 2149 3558 2204 dicens
3608 2153 3854 2217 ignora-

339 2255 576 2306 revera,
637 2243 888 2309 captivas
943 2239 1149 2307 gladio,
1218 2239 1270 2294 id
1323 2247 1408 2294 est
1457 2239 1736 2295 abductas
1804 2241 2028 2297 mortali
2139 2233 2231 2286 bat
2275 2235 2420 2303 quod
2467 2236 2667 2290 Rachel
2709 2239 2904 2302 furata
2945 2242 3078 2290 esset
3137 2235 3304 2290 idola.
3347 2235 3494 2292 Sunt
3541 2250 3684 2291 sane
3732 2237 3850 2306 qui

338 2327 670 2383 desertionis
736 2335 792 2382 et
855 2327 1151 2396 apostasia;
1226 2335 1472 2396 peccato.
1550 2329 1676 2395 Cur,
1746 2328 2024 2400 inquam,
2137 2335 2415 2391 magnum
2449 2323 2588 2392 Quid
2637 2338 2756 2379 sese
2802 2323 3214 2394 contemplatos
3242 2331 3465 2393 putant,
3509 2325 3557 2379 si
3602 2325 3851 2395 aliquas

337 2423 587 2484 coeptum
635 2414 987 2484 propositum
1035 2417 1318 2481 ignorante
1345 2431 1446 2480 me,
1483 2415 1536 2471 id
1573 2424 1658 2472 est
1689 2417 2024 2484 indiscusso,
2137 2409 2408 2479 gloriosas
2445 2409 2660 2466 formas
2691 2413 2803 2467 Deo
2831 2412 3140 2467 ascribant.
3184 2412 3458 2482 Ignorant
3487 2412 3643 2468 enim
3675 2413 3847 2483 quod

338 2510 405 2558 ut
452 2500 787 2572 praedictum
831 2511 944 2569 est,
997 2517 1112 2569 me,
1159 2517 1570 2574 expavescere,
1623 2505 1778 2575 quod
1832 2507 2026 2562 animo
2136 2498 2345 2553 Rachel
2401 2513 2532 2568 quae
2592 2507 2708 2554 tota
2765 2499 3164 2556 intellectualis
3211 2514 3332 2555 esse
3387 2499 3553 2555 debet
3603 2500 3842 2556 furtum

335 2592 527 2660 fugere
564 2599 668 2657 est,
723 2592 959 2658 voluisti,
1011 2607 1103 2644 nec
1145 2591 1391 2645 indicare
1441 2593 1762 2647 retractatis
1812 2595 2026 2648 trium-
2136 2584 2326 2654 ἷὸοἱδῐ,
2371 2588 2414 2641 Si
2450 2587 2860 2657 imaginarium
2888 2588 3209 2658 Quidquam
3241 2587 3312 2643 ad
3347 2587 3574 2643 libitum
3614 2588 3688 2644 de
3722 2590 3843 2643 Deo

337 2679 583 2749 phorum
631 2693 887 2735 meorum
936 2679 1207 2744 consiliis,
1241 2688 1304 2735 ut
1333 2694 1469 2735 mox
1500 2694 1602 2750 per
1641 2681 1840 2736 eadem
1883 2695 2025 2736 con-
2133 2674 2443 2745 conlingat.

336 2774 498 2836 cepto
527 2767 724 2836 vigore
763 2765 975 2835 gaudia
1005 2766 1450 2835 comparationis
1493 2782 1630 2822 mete
1660 2768 1762 2823 tibi
1811 2769 2026 2824 confer—
2205 2761 2377 2817 VERS-
2429 2765 2516 2817 33.
2567 2793 2634 2803 —
2688 2765 2965 2830 Ingressus
3013 2779 3138 2830 ergo
3182 2764 3370 2819 Laban
3420 2765 3842 2819 tabernaculum

338 2868 479 2921 rem,
529 2853 751 2909 cantico
795 2853 1032 2908 internas
1079 2853 1284 2908 laetitia:
1335 2855 1625 2910 fastidium
1672 2856 2022 2913 dimoverem
2131 2850 2294 2904 1αοοδ
2355 2855 2406 2904 ει
2467 2851 2598 2918 ιίκ,
2666 2857 2717 2905 ετ
2773 2854 3058 2919 utriusque
3111 2852 3350 2918 famula.
3415 2868 3522 2906 ηοη
3596 2855 3836 2908 invenit-

337 2951 677 3012 tympanum
721 2941 929 2996 divina:
960 2941 1363 3010 speculationis
1390 2943 1546 2998 omni
1589 2958 1700 2999 tere
1734 2945 2026 3013 perennio.
2131 2937 2293 2991 Jacob
2341 2943 2390 2990 et
2431 2939 2544 2992 Lis
2599 2940 3023 3003 tabernaculum,
3072 2937 3310 2994 rationis
3349 2947 3435 2994 est
3480 2947 3535 2995 et
3584 2941 3843 2996 actionis

335 3031 451 3098 ris;
519 3029 611 3084 hic
666 3029 818 3084 cnim
885 3028 1179 3098 incipitur,
1240 3037 1296 3085 et
1359 3029 1416 3084 in
1465 3030 1661 3086 futuro
1717 3046 1897 3101 nunql

2299 3026 2676 3096 exercitium;
2743 3035 2990 3098 utraque
3055 3041 3188 3082 vero
3237 3027 3491 3095 famula,
3553 3028 3839 3098 quaelibet

335 3116 554 3185 linitur,
587 3124 640 3172 et
687 3117 854 3172 dulce
899 3117 1110 3172 mirum
1159 3117 1217 3171 in
1250 3117 1478 3173 arcanis
1523 3118 1620 3174 Dei
1668 3126 1927 3186 resonet,
1970 3127 2026 3176 et
2077 3115 2107 3120 τ
2135 3115 2417 3169 virtutum
2453 3128 2664 3184 genera
2689 3115 2922 3184 utrique
2944 3118 3074 3170 vitae
3111 3115 3483 3172 subsidentia.
3513 3116 3579 3172 In
3607 3117 3840 3186 quibus

331 3205 632 3272 citharam,
689 3220 804 3275 quo
853 3205 1078 3275 magnis
1133 3209 1310 3275 atque
1363 3206 1683 3262 minoribus
1749 3207 2026 3277 proximis
2133 3201 2261 3256 totis
2307 3201 2502 3257 Laban
2562 3217 2674 3258 non
2727 3203 2946 3260 invenit
3010 3203 3180 3271 idola,
3231 3205 3372 3274 quia
3428 3205 3488 3260 in
3545 3205 3635 3260 his
3693 3220 3839 3276 quae

331 3308 626 3366 congruos
666 3307 828 3349 amor
869 3294 1034 3363 quasi
1065 3308 1245 3349 sonus
1291 3295 1476 3350 cordis
1509 3295 1772 3360 infertur,
1818 3298 2023 3352 admo—
2131 3290 2500 3346 scientialiter
2557 3293 2873 3348 secundum
2949 3291 3238 3348 hominem
3294 3292 3837 3365 administrantur,

330 3397 543 3439 verem.
596 3382 745 3436 Dum
791 3381 944 3436 enim
991 3382 1146 3437 ultra
1202 3382 1438 3437 modum
1486 3383 1714 3448 ditaris,
1765 3384 1903 3440 dum
1950 3385 2020 3440 de
2128 3378 2390 3434 consulta
2458 3393 2723 3448 supernae
2774 3379 3052 3436 claritatis
3120 3380 3532 3450 spiritualitas.
3592 3381 3840 3439 divinas

329 3473 816 3526 circumventione
851 3477 907 3524 et
947 3469 1227 3524 mercedis
1265 3469 1582 3525 imitatione
1628 3471 2016 3542 conquereris,
2128 3465 2390 3534 quandiu
2413 3463 2486 3520 do
2516 3467 2628 3521 Deo
2653 3481 2768 3521 non
2795 3467 2990 3538 agitur
3020 3481 3136 3523 non
3167 3468 3386 3524 invenit
3413 3468 3714 3526 formulas.

331 3558 499 3630 quasi
535 3558 834 3628 ignorante
867 3569 956 3611 me
979 3570 1147 3625 opere
1177 3557 1432 3626 cmperis.
2199 3553 2370 3609 Vnus.
2416 3556 2504 3608 34.
2545 3583 2618 3596 -
2667 3555 2900 3624 Cumque
2948 3558 3207 3611 intrasset
3264 3561 3322 3611 in
3368 3560 3656 3612 tentorium
3705 3561 3837 3615 Ra-

401 3646 571 3702 Vnns.
639 3647 728 3699 28.
781 3673 856 3685 —
908 3646 1025 3700 Non
1076 3659 1130 3698 es
1194 3659 1393 3713 passus
1447 3650 1504 3699 ut
1557 3647 1827 3700 oscularer
1873 3649 2020 3717 ﬁlias
2126 3643 2311 3705 chelis,
2360 3642 2457 3696 illa
2486 3645 2756 3707 festinans
2785 3643 3068 3699 abscondit
3109 3644 3257 3698 idola
3293 3645 3479 3699 subter
3519 3651 3840 3703 stramenta

327 3747 494 3798 meas,
531 3731 586 3787 id
624 3739 730 3799 est,
780 3739 843 3787 ut
889 3745 985 3786 ore
1015 3739 1069 3788 et
1097 3731 1304 3802 spiritu
1335 3733 1705 3790 consiliorum
1737 3749 2014 3804 meorum,
2125 3731 2333 3795 cameli,
2383 3730 2628 3800 seditque
2671 3731 2919 3801 desuper.
2990 3734 3294 3788 Tentorium
3344 3735 3593 3788 Rachelis
3641 3734 3839 3792 intrat

327 3827 383 3875 et
429 3819 834 3886 intentionum,
891 3833 1022 3889 quae
1071 3821 1129 3875 in
1178 3820 1319 3875 meis
1367 3822 1526 3877 vides
1569 3823 1812 3891 actibus,
1875 3829 2018 3880 n4
2121 3830 2254 3872 cum
2280 3831 2348 3873 ea
2375 3831 2507 3887 quae
2548 3818 2607 3873 in
2640 3819 2819 3875 Deum
2874 3835 3059 3890 usque
3092 3820 3350 3877 tenditur
3387 3821 3834 3891 contemplatio-

327 3907 640 3964 imbuerem
686 3907 834 3963 vitas
881 3915 1027 3974 tuas,
1091 3922 1238 3979 quas
1267 3908 1339 3964 ob
1397 3909 1849 3967 conformitatem

2305 3905 2527 3973 Laban,
2579 3907 2634 3962 id
2681 3915 2763 3962 est
2815 3907 3132 3976 spiritualis
3179 3909 3451 3978 splendor
3496 3910 3830 3970 examinat.

325 4009 392 4050 ac
419 3995 466 4051 si
497 3997 717 4062 matris,
767 4010 922 4052 meas
948 3996 1074 4052 dico
1121 3996 1286 4051 tilias.
1333 3998 1512 4053 Stulte
1552 4004 1804 4068 operatus
1857 4015 1932 4067 es,
1965 4007 2016 4056 et
2121 3993 2441 4062 Spiritualis
2480 3999 2658 4048 autem
2677 3994 2898 4062 judicat
2927 3998 3107 4050 omnia
3137 3995 3192 4059 (ι
3222 3996 3341 4052 Cor.
3381 4011 3439 4064 ιι,
3480 3997 3584 4066 15).
3630 3997 3829 4068 Unde,

321 4097 463 4136 nunc
537 4082 730 4151 (Vnus.
803 4085 894 4149 29)
954 4083 1098 4137 valet
1173 4098 1364 4137 manus
1434 4099 1550 4137 mea
1615 4085 1839 4140 reddere
1912 4088 2016 4142 tibi
2120 4081 2329 4150 spiritu
2377 4081 2702 4138 illustrante
2748 4083 3029 4150 animum,
3089 4084 3305 4148 Rachel,
3350 4083 3405 4138 id
3459 4091 3542 4139 est
3586 4085 3831 4142 interna

321 4171 542 4224 malum.
586 4169 744 4236 Quod
790 4177 918 4224 est:
955 4170 1157 4225 Potens
1201 4178 1283 4224 ost
1332 4172 1498 4234 Deus,
1550 4172 1652 4242 qui
1696 4187 1926 4242 manus,
1957 4174 2011 4230 id
2119 4169 2382 4225 discretio
2432 4170 2630 4226 festine
2677 4171 2976 4238 abscondit,
3026 4171 3314 4242 quidquid
3356 4172 3426 4227 de
3457 4173 3570 4228 Deo
3612 4186 3825 4242 corpo-

319 4264 403 4312 est
461 4256 734 4312 fortitudo
785 4270 910 4311 mea
963 4265 1066 4320 est,
1125 4257 1357 4312 reddere
1405 4258 1504 4314 tibi
1560 4259 1778 4315 malum
1828 4275 2006 4328 nunc,
2119 4271 2282 4314 reum
2331 4259 2636 4328 cogitabat,
2681 4273 3076 4329 superponens
3119 4259 3360 4315 virtutes
3409 4260 3623 4329 animi,
3677 4277 3825 4333 quae

319 4343 533 4400 scilicet
578 4345 634 4398 in
664 4343 912 4412 aeternis,
945 4345 1160 4414 quibus
1190 4345 1268 4400 nil
1302 4347 1570 4415 praeterit,
1614 4361 1717 4402 nec
1748 4347 2008 4405 futurum
2046 4359 2096 4419 Π
2118 4353 2255 4402 sunt
2280 4351 2578 4401 stramenta
2608 4349 2818 4408 cameli.
2869 4348 2923 4403 id
2955 4355 3060 4415 est,
3090 4349 3450 4405 munimenta
3488 4358 3542 4405 et
3567 4359 3824 4410 ornatus

317 4439 420 4499 est,
453 4432 550 4488 sed
577 4446 800 4502 semper
831 4447 1101 4502 praesens.
1130 4436 1206 4490 At
1234 4435 1382 4488 Deus
1408 4439 1588 4504 patris
1612 4438 1799 4498 vestri,
1833 4437 2005 4504 Deus,
2120 4433 2356 4503 torpidte
2387 4436 2593 4500 carnis,
2630 4435 2686 4490 in
2729 4435 2946 4506 quibus
2981 4435 3372 4506 disquirendis
3419 4437 3599 4492 multo
3645 4438 3824 4497 licen-

317 4519 579 4576 videlicet
639 4521 804 4576 Pater
849 4529 1056 4590 vester,
1111 4521 1232 4576 heri
1278 4522 1429 4577 dixit
1476 4525 1630 4590 mihi,
1681 4523 1734 4579 id
1786 4533 1868 4580 est
1908 4539 2010 4595 per
2117 4521 2232 4576 tius
2280 4529 2460 4592 potest
2525 4523 2773 4592 quisque
2825 4523 3078 4588 versari,
3137 4538 3316 4594 quam
3381 4525 3502 4580 sine
3557 4526 3820 4598 imagine

317 4609 646 4664 memoriam
671 4611 968 4678 praeteritae
999 4625 1137 4666 meas
1167 4611 1466 4680 passionis,
1492 4625 1670 4682 quam
1695 4612 1752 4667 in
1776 4612 2007 4670 homine
2115 4609 2298 4665 Deum
2344 4610 2753 4681 contemplari;
2800 4618 2856 4666 et
2898 4611 3130 4680 desuper
3175 4613 3328 4667 sedet
3375 4613 3515 4668 dum
3563 4613 3819 4672 fundata

314 4696 514 4753 vivens
541 4705 812 4768 expertus
843 4712 992 4766 sum,
1028 4698 1278 4754 innotuit
1319 4699 1458 4754 mihi
1483 4739 1498 4766 ,
1540 4713 1613 4754 ne
1673 4697 2008 4754 hominibus
2112 4697 2326 4753 virtute
2365 4699 2648 4754 substanti
2692 4699 2884 4755 stultis
2931 4699 3400 4768 phantasmatum
3447 4701 3815 4762 discursibus

312 4785 561 4856 compati
607 4785 971 4856 dedignarer,
1019 4786 1148 4842 licet
1189 4787 1310 4857 jam
1371 4787 1428 4842 in
1467 4785 1650 4858 gloria
1697 4785 2000 4843 detinerer.
2111 4783 2479 4854 deprimendo
2523 4787 2803 4855 praesidet.
2838 4787 3221 4856 Scrutantique
3267 4792 3574 4856 tentorium,
3624 4794 3676 4844 et
3723 4796 3812 4848 nil

382 4873 551 4932 Vnus.
600 4876 686 4928 30.
724 4905 789 4914 —
836 4877 986 4942 Esto,
1035 4875 1242 4945 inquit,
1292 4889 1361 4930 ac
1389 4875 1436 4932 si
1485 4876 1681 4931 dicat:
1716 4875 2005 4930 Ponamus
2107 4874 2404 4928 invenienti
2476 4874 2665 4942 (Vens.
2729 4876 2814 4943 35)
2871 4877 2950 4928 ait
3001 4891 3014 4928 :
3078 4877 3155 4930 Ne
3214 4879 3487 4931 irascatur
3553 4878 3810 4936 dominus

309 4962 476 5018 modo
545 4970 598 5018 te
658 4962 755 5019 ubi
815 4976 916 5032 pro
979 4973 1132 5019 certo
1188 4963 1263 5017 ad
1319 4969 1436 5018 tuos
1495 4965 1683 5032 cives,
1741 4963 2003 5019 videlicet
2106 4975 2254 5015 meus
2310 4961 2458 5030 quod
2507 4978 2687 5016 coram
2741 4967 2792 5016 te
2846 4977 3130 5029 assurgere
3168 4979 3388 5032 nequeo,
3447 4967 3580 5034 quia
3626 4965 3806 5036 juxta

307 5049 565 5115 cmlicos,
621 5058 676 5106 et
740 5051 976 5107 domum
1049 5054 1232 5121 patris
1293 5051 1756 5121 supercmlestem
1815 5051 2001 5106 redire
2106 5049 2538 5104 consuetudinem
2583 5051 2911 5115 feminarum
2959 5065 3101 5104 nunc
3157 5051 3358 5106 accidit
3404 5055 3563 5108 mihi.
3616 5059 3698 5110 Ac
3753 5059 3802 5114 si

304 5151 534 5207 cupere,
579 5139 676 5194 sed
718 5139 858 5194 illud
909 5139 1194 5210 quomodo
1241 5137 1542 5195 defendere
1588 5141 1794 5208 poteris
1842 5138 1998 5209 quod
2105 5137 2256 5192 dicat
2299 5153 2312 5192 :
2361 5137 2443 5193 Ne
2507 5137 2862 5208 indigneris,
2933 5138 3199 5206 domine,
3255 5139 3350 5196 cui
3418 5141 3502 5198 uti
3557 5143 3801 5202 Domino

301 5227 526 5293 furatus
572 5241 625 5281 es
655 5226 778 5281 deos
823 5242 984 5290 meos,
1041 5226 1098 5281 id
1137 5233 1222 5282 est
1264 5227 1418 5296 quod
1461 5241 1576 5283 non
1618 5236 1805 5294 recte,
1856 5227 1996 5282 dum
2103 5225 2317 5290 subest,
2369 5224 2529 5294 quid,
2561 5233 2616 5281 et
2658 5225 2752 5282 cui
2787 5225 3036 5281 voluerit
3077 5226 3231 5294 dare,
3283 5228 3434 5297 quod
3479 5243 3669 5287 coram
3703 5240 3794 5301 te,

301 5313 456 5370 ultra
479 5315 715 5372 modum
761 5314 862 5370 tibi
902 5314 1062 5370 dives
1115 5313 1341 5380 videris,
1369 5322 1424 5370 et
1467 5314 1525 5370 in
1560 5314 1995 5384 contemplando
2103 5313 2160 5368 in
2196 5311 2446 5368 interiori
2480 5312 2693 5369 scilicet
2741 5312 2969 5370 homine
3013 5327 3317 5386 assurgere
3368 5317 3438 5373 ad
3471 5325 3542 5386 te,
3590 5327 3654 5374 ut
3693 5334 3791 5390 es,

299 5403 544 5471 subtilis,
592 5412 647 5460 et
697 5405 1053 5473 phantastice
1113 5401 1217 5456 tibi
1269 5401 1449 5457 Deum
1502 5417 1601 5472 per
1657 5402 1994 5459 innumeras
2100 5401 2608 5471 contemplandum
2635 5417 2877 5472 nequeo,
2907 5403 3048 5472 quia
3071 5403 3245 5474 juxta
3275 5418 3486 5461 morem
3522 5407 3792 5467 humana:

298 5491 580 5561 imagines
629 5490 844 5561 ﬁngis?
893 5489 1052 5556 Quod
1099 5489 1252 5544 enim
1292 5490 1491 5546 furtim
1546 5490 1624 5556 fit,
1675 5505 1788 5545 non
1841 5496 1991 5545 recte
2102 5488 2356 5545 mollitiei
2403 5490 2604 5558 patior.
2654 5492 2742 5545 Sic
2783 5491 2972 5544 delusa
3021 5493 3326 5546 sollicitudo
3375 5499 3663 5562 quaerentis
3689 5505 3786 5554 est.

299 5577 379 5634 fit.
438 5578 582 5633 Deos
653 5591 790 5647 ergo
856 5576 1125 5646 furatur,
1179 5577 1287 5648 qui
1361 5578 1628 5648 privatim
1702 5576 1989 5648 quomodo
2097 5576 2414 5633 Sollicitudo
2445 5580 2732 5646 querentis
2778 5577 3090 5645 deluditur,
3124 5595 3278 5647 cum,
3305 5582 3654 5654 anticipante
3685 5601 3786 5643 nos
