3972 6422
274 439 413 491 HI?

1198 436 1781 493 DliFLtﬂlATlONES
1822 437 1927 495 SS.
1975 438 2273 494 ΡΑἸἪΕΜ.
2312 470 2379 483 --
2419 440 2551 494 LIB.
2604 442 2669 495 II.

3439 448 3572 501 1218

274 559 446 614 troitu
514 558 743 630 quidem
823 559 1175 631 tabernaculi,
1258 561 1502 633 quinque
1585 561 2229 635 columnasAinquieas
2293 566 2598 636 praecessit,
2665 565 2783 621 dies
2848 575 3029 623 autem
3086 570 3568 642 appropinquabit.

277 648 602 713 deauratas,
672 656 796 704 ante
862 650 1136 705 oraculum
1216 666 1366 715 vero,
1435 650 1489 703 id
1552 658 1633 704 est
1696 658 1883 705 sancta

283 745 625 802 sanctorum,
662 745 895 809 quatuor
931 735 1044 791 fieri
1069 737 1254 807 jussas
1279 735 1476 802 (Exod.
1502 738 1722 803 xxxvii,
1757 738 1885 809 quia

287 833 548 890 videlicet
577 833 902 904 incipientes
926 850 1025 905 per
1055 833 1232 903 legem
1264 836 1626 906 castigantur,
1660 835 1887 905 perfecti

279 929 472 978 autem
504 940 602 994 per
630 923 859 994 gratiam
893 924 1209 977 utdevotius
1243 925 1354 979 Deo
1374 924 1551 978 vivant
1580 926 1884 979 admonen-

284 1021 399 1065 tur.
444 1012 652 1082 Typiee
699 1030 799 1081 per
830 1020 1072 1076 cantum,
1137 1013 1224 1083 qui
1256 1023 1545 1067 renovatur
1600 1013 1654 1067 in
1686 1022 1886 1083 quarta

282 1110 410 1155 ante
444 1101 793 1154 Nntivitatem
870 1099 1092 1154 Domini
1165 1102 1528 1167 hebdomade,
1596 1102 1882 1173 gentilium

284 1197 968 1268 mentiumperfectiouem
1004 1197 1385 1270 intelligimus.
1438 1200 1493 1253 Si
1526 1216 1623 1269 per
1647 1200 1886 1271 quinque

285 1296 666 1351 hebdomadas
698 1295 775 1351 illi
825 1296 1200 1366 intelliguntur
1229 1296 1317 1368 qui
1348 1296 1525 1352 adhuc
1573 1296 1888 1366 pmnitentia

285 1397 582 1468 deplorant
616 1398 859 1453 recentia
891 1406 1132 1467 peccata,
1168 1399 1363 1453 merito
1388 1414 1485 1468 per
1500 1408 1729 1469 quatuor
1758 1398 1888 1453 heb-

283 1486 561 1542 domadas
592 1502 689 1542 eos
719 1486 1077 1559 intelligimus
1115 1486 1207 1557 qui
1239 1487 1441 1559 gaudio
1470 1486 1698 1557 spiritali
1756 1502 1887 1557 pro-

286 1584 485 1640 ﬁciunt
560 1584 628 1639 de
666 1583 863 1638 virtute
903 1584 957 1637 in
1031 1584 1309 1639 virtutem.
1358 1584 1450 1638 Isti
1498 1584 1611 1640 duo
1666 1584 1887 1640 ordines

284 1673 513 1728 fuerunt
541 1680 595 1727 tn
628 1673 808 1728 Veteri
864 1674 1235 1741 Testamento,
1294 1672 1380 1727 isti
1407 1681 1548 1737 sunt,
1582 1681 1635 1728 et
1690 1674 1878 1728 modo.

288 1770 601 1827 Renovatio
633 1774 821 1826 cantus
851 1769 1119 1841 significat
1151 1770 1413 1841 gaudium
1443 1770 1737 1825 electorum
1796 1770 1888 1841 qui

288 1870 540 1941 gaudent
596 1869 898 1940 plurimum
954 1868 1009 1922 in
1038 1868 1273 1924 adventu
1320 1868 1536 1923 Domini
1563 1867 1750 1923 dilecti
1779 1868 1884 1922 sui.

1991 652 2317 721 Abjiciamus
2367 670 2502 723 ergo
2547 670 2718 724 opera
2757 657 3123 724 tenebrarum,
3183 667 3234 714 et
3289 658 3578 715 induamur

1992 756 2153 796 arma
2208 742 2365 808 lucis,
2397 743 2533 797 sicut
2573 744 2625 797 in
2658 743 2745 799 die
2795 746 3020 801 honeste
3060 746 3414 814 ambulemus,
3469 763 3578 804 non

1991 837 2045 892 in
2100 839 2589 894 comessationibus
2628 849 2677 896 et
2724 841 3092 909 ebrietatibus,
3141 859 3251 899 non
3309 844 3362 898 in
3420 844 3578 900 cubi-

1992 926 2135 980 libus
2164 936 2217 981 et
2274 929 2645 999 impudicitiis,
2694 946 2802 985 non
2851 932 2904 984 in
2937 933 3282 987 contentione
3312 941 3366 988 et
3406 950 3579 989 temu-

1993 1025 2237 1095 latione;
2271 1027 2367 1082 sed
2422 1027 2705 1082 induamur
2747 1030 3031 1084 Dominum
3091 1040 3339 1085 nostrum
3386 1033 3575 1088 Jesum

1994 1115 2262 1169 Christum
2321 1118 2495 1180 (Rom.
2555 1132 2676 1187 χιιι)
2750 1119 2838 1172 Sic
2893 1135 2993 1189 per
3033 1119 3218 1189 plures
3248 1119 3467 1175 nuntios
3525 1129 3580 1176 et

1994 1209 2390 1282 frequentiores
2420 1219 2668 1267 movetur
2694 1213 2872 1284 magis
2900 1230 2964 1269 ac
2993 1214 3171 1286 magis
3202 1216 3418 1270 animus
3449 1216 3579 1270 sub-

1993 1308 2092 1362 diti
2153 1308 2220 1362 ad
2259 1308 2684 1364 sollicitudinem
2733 1310 3067 1381 suscipiendi
3120 1317 3430 1382 praelatum,
3505 1313 3579 1368 ita

1992 1397 2345 1452 renovatione
2400 1406 2590 1454 cantus
2644 1408 2891 1454 movetur
2945 1400 3121 1471 magis
3180 1416 3245 1457 ac
3293 1402 3470 1473 magis
3509 1403 3579 1457 ad

1994 1500 2182 1541 curam
2238 1492 2441 1540 nostra:
2477 1487 2886 1557 pra‘parationis
2922 1488 2977 1542 in
3007 1491 3404 1561 susceptionem
3462 1492 3579 1546 Do-

1995 1584 2146 1637 mini.
2176 1584 2307 1639 Ideo
2363 1592 2485 1639 octo
2523 1584 2641 1639 dies
2669 1592 2790 1641 ante
2836 1586 3180 1641 Nativitatem
3210 1588 3426 1644 Domini
3480 1605 3578 1644 re-

1994 1689 2265 1736 novantur
2296 1682 2464 1737 ferme
2495 1685 2604 1738 tota
2625 1690 2784 1738 nocte
2813 1685 3165 1753 responsoria
3185 1686 3576 1757 etantiphonaz,

1995 1786 2052 1832 ut
2082 1794 2180 1849 per
2208 1780 2310 1834 hoc
2341 1778 2678 1850 frequentius
2708 1796 2809 1834 nos
2842 1781 3142 1836 excitemus
3170 1783 3238 1837 ad
3269 1785 3580 1856 purgandas

1994 1881 2184 1921 omnes
2206 1868 2522 1938 quisquilias
2578 1868 2808 1938 turpium
2864 1871 3255 1942 cogitationum
3288 1888 3352 1927 ac
3408 1880 3579 1928 terre-

292 1964 767 2037 Praeparationem
796 1979 1013 2036 quoque
1053 1964 1418 2019 necessariam
1468 1963 1625 2019 nobis
1644 1962 1883 2018 insinuat
1910 1944 1962 2003 Β
1992 1979 2205 2030 narum,
2258 1972 2315 2019 et
2344 1965 2567 2036 dignum
2606 1965 2974 2022 habitaculum
3006 1976 3274 2033 ornatum,
3328 1970 3579 2026 videlicet

290 2064 495 2121 Paulus
524 2064 820 2136 Apostolus
848 2064 901 2118 in
923 2070 1222 2119 memorata
1252 2063 1503 2135 epistola,
1536 2080 1657 2135 quae
1686 2062 1883 2135 legitur

288 2170 487 2234 quarta
533 2161 885 2218 hebdomade
919 2170 1044 2217 ante
1100 2162 1403 2218 Navitatem
1449 2160 1685 2218 Domini.
1738 2162 1877 2228 Nox,

1989 2062 2093 2134 piis
2131 2062 2545 2133 cogitationibus
2592 2079 2848 2134 paremus
2913 2065 3052 2137 Regi
3117 2082 3331 2139 regum,
3374 2076 3427 2123 et
3470 2069 3577 2124 Do-

1989 2159 2137 2216 mino
2165 2159 2574 2215 dominantium.

635 2528 1251 2636 DOMINICA
1309 2531 1396 2636 V
1456 2530 1794 2635 ANTE
1848 2528 2718 2669 NATIVITATEM
2762 2533 3250 2637 DOMINI.

962 2778 1226 2834 SERMO.

372 2915 395 2945 ι
416 2894 567 2950 Beati
597 2910 789 2950 omnes
820 2893 909 2964 qui
930 2894 1113 2949 timent
1144 2894 1454 2963 Dominum,
1488 2892 1583 2965 qui
1612 2890 1893 2949 ambulant

292 2980 351 3037 in
383 2982 487 3037 viis
517 2982 634 3052 ejus
666 2985 842 3053 (Psal.
867 2983 955 3053 ιι).
1002 3006 1024 3031 ι
1056 2983 1443 3038 Deumtimere
1465 2990 1547 3037 est
1574 2997 1608 3036 a
1631 2981 1779 3037 malo
1799 2980 1893 3034 de-

293 3070 502 3126 clinare
537 3086 551 3135 ;
583 3072 638 3125 in
660 3071 761 3127 viis
817 3070 933 3139 ejus
988 3071 1270 3126 ambulare
1326 3079 1379 3127 et
1436 3070 1637 3127 bonum
1690 3069 1890 3124 facere.

294 3158 403 3227 Qui
444 3175 575 3229 ergo
633 3159 806 3214 Deum
854 3160 1046 3214 timent
1098 3168 1316 3229 peccata
1376 3159 1682 3224 devitando,
1755 3155 1896 3212 beati

295 3255 447 3316 sunt,
488 3247 613 3320 quia
651 3263 848 3319 poenas
892 3248 1161 3311 evadunt;
1190 3256 1243 3303 et
1273 3247 1365 3319 qui
1392 3248 1447 3302 in
1478 3247 1578 3301 viis
1635 3247 1748 3315 ejus
1774 3262 1895 3299 am-

296 3342 488 3399 bulant
518 3345 660 3399 bona
716 3344 1016 3411 operando,
1065 3343 1211 3398 beati
1267 3350 1413 3410 sunt,
1473 3342 1599 3413 quia
1639 3341 1894 3413 gaudium

2001 2793 2180 2850 genus
2239 2779 2536 2835 humanum
2600 2779 2669 2835 ad
2733 2780 3005 2835 interitum
3068 2781 3288 2838 deduxit
3357 2796 3369 2838 :
3436 2783 3587 2839 illam

2002 2866 2279 2923 Christum
2309 2868 2467 2923 factis
2495 2876 2548 2923 et
2578 2869 2736 2925 dictis
2761 2869 2997 2925 ostendit
3028 2877 3081 2925 et
3108 2888 3208 2941 per
3236 2888 3353 2928 eam
3403 2872 3589 2943 perdi-

2002 2962 2113 3009 tum
2144 2956 2417 3011 hominem
2448 2957 2515 3011 ad
2546 2957 2776 3027 gloriam
2806 2958 3062 3024 reduxit;
3088 2967 3140 3014 et
3166 2960 3291 3031 quia
3312 2961 3589 3032 prOphetaa

2002 3068 2099 3121 per
2126 3053 2264 3108 hanc
2320 3052 2494 3107 solam
2524 3053 2668 3109 viam
2723 3071 2898 3127 genus
2953 3056 3249 3111 humanum
3290 3059 3589 3113 rediturum

2003 3140 2070 3194 ad
2099 3140 2330 3210 patriam
2381 3142 2788 3212 praeviderunt,-
2828 3144 2951 3199 ideo
2996 3144 3262 3199 Christum
3293 3161 3482 3201 veram
3541 3155 3595 3203 et

2003 3237 2209 3284 certam
2261 3228 2405 3284 viam
2446 3245 2639 3285 omnes
2702 3247 2948 3288 consona
2994 3248 3130 3288 voce
3201 3234 3588 3303 praedixerunt,

2005 3341 2240 3396 eumque
2263 3341 2455 3382 omnes
2476 3328 2664 3383 videre
2689 3328 3337 3387 desideraverunt.Jacob
3355 3348 3593 3403 namque

298 3433 523 3489 Domini
562 3432 868 3487 intrabunt.
904 3433 1015 3488 Viae
1047 3432 1262 3487 Domini
1290 3439 1564 3502 praecepta
1590 3430 1734 3484 illius
1754 3437 1897 3497 sunt,

2011 3415 2246 3470 moriens
2300 3415 2481 3469 dixit:
2516 3438 2537 3463 ιι
2573 3416 2819 3472 Salutare
2876 3425 3025 3472 tuum
3072 3420 3421 3489 exspectabo,
3499 3424 3595 3477 Do-

302 3538 428 3594 quaa
486 3520 738 3577 homines
784 3521 856 3577 ad
886 3536 1120 3591 superna
1168 3520 1401 3591 patriam
1429 3519 1630 3574 ducunt
1664 3536 1676 3572 :
1715 3541 1736 3565 α
1773 3518 1901 3574 Uni-

305 3625 491 3666 versae
547 3618 731 3666 autem
779 3610 882 3664 viae
911 3608 1131 3665 Domini
1161 3608 1538 3664 misericordia
1594 3611 1648 3662 et
1702 3608 1901 3662 veritas

315 3700 491 3766 (Psal.
527 3701 702 3767 xxiv).
741 3721 762 3746 »
798 3699 910 3754 Vise
941 3696 1156 3753 Domini
1187 3705 1313 3751 sunt
1344 3695 1723 3752 misericordia
1778 3709 1903 3749 om-

311 3788 476 3843 nibus
506 3786 562 3842 in
608 3787 688 3843 eis
728 3786 1126 3842 ambulantibus
1159 3806 1173 3853 ;
1206 3786 1411 3842 veritas
1463 3785 1672 3841 cunctis
1702 3784 1772 3839 ab
1824 3782 1905 3839 eis

313 3885 734 3942 declinantibus.
794 3884 926 3940 Ideo
947 3886 1096 3940 Deus
1129 3892 1315 3939 noster
1343 3891 1449 3949 est,
1480 3891 1538 3937 ut
1583 3882 1845 3938 Dominus
1875 3896 1905 3935 a

316 3976 495 4030 servis
541 3973 816 4030 timendus
850 3985 863 4031 :
895 3981 951 4028 ut
996 3973 1156 4028 Pater
1182 3987 1216 4027 a
1245 3971 1368 4026 ﬁliis
1421 3971 1757 4045 diligendus.
1822 3969 1909 4024 Ti-

314 4080 468 4119 more
526 4065 644 4134 ejus
694 4070 921 4134 peccata
960 4061 1247 4133 fugiamus,
1305 4076 1489 4117 amore
1543 4061 1713 4131 ipsius
1750 4058 1909 4115 bonis

315 4152 550 4219 actibus,
575 4161 844 4225 quatenus
900 4150 968 4205 de
998 4151 1103 4205 hac
1132 4149 1349 4205 miseria
1380 4151 1486 4205 vita
1543 4156 1906 4215 transeuntes,

310 4250 615 4308 luctuosam
646 4250 811 4303 vitam
842 4247 1156 4314 evadamus,
1215 4254 1263 4303 et
1286 4246 1354 4301 ad
1377 4245 1591 4301 beatam
1623 4246 1791 4301 vitam
1819 4244 1907 4316 ip-

317 4338 430 4394 sius
468 4354 572 4410 ope
612 4335 1028 4409 perveniamus.
1066 4335 1207 4390 Tres
1237 4336 1360 4390 vita:
1391 4342 1517 4390 sunt
1544 4351 1558 4388 :
1588 4349 1694 4389 una
1750 4349 1912 4404 super

315 4444 418 4483 nos
450 4427 631 4493 beata,
693 4442 795 4497 qua
836 4424 1010 4481 sancti
1039 4439 1161 4482 cum
1216 4423 1428 4496 angelis
1468 4423 1626 4479 beate
1674 4422 1907 4488 vivunt;

317 4516 487 4573 altera
557 4513 947 4581 misericordia,
1000 4512 1055 4567 in
1087 4528 1195 4584 qua
1248 4512 1375 4582 justi
1401 4510 1688 4567 adhuchic
1736 4510 1913 4581 suspi-

319 4612 503 4661 rantes
548 4602 916 4675 ingemiscunt
973 4620 987 4666 ;
1046 4600 1201 4657 tertia
1256 4600 1450 4655 subtus
1495 4614 1596 4655 nos
1643 4600 1910 4664 luctuosa,

320 4693 379 4749 in
416 4706 524 4764 qua
555 4691 785 4762 spiritus
834 4690 1211 4745 damnatorum
1241 4704 1365 4745 cum
1412 4687 1750 4743 daemonibus
1778 4702 1913 4744 con-

2010 3503 2159 3559 mine
2215 3504 2385 3574 (Gen.
2452 3506 2630 3567 κως).
2675 3524 2698 3555 ι
2735 3507 2799 3560 Et
2830 3506 3045 3576 Moyses
3079 3524 3091 3561 :
3131 3531 3151 3555 α
3188 3509 3448 3576 Obsecro,
3504 3509 3593 3564 in-

2011 3592 2145 3663 quit,
2177 3593 2431 3659 Domine,
2462 3595 2614 3648 mitte
2644 3610 2804 3665 quem
2838 3596 3183 3652 missuruses
3213 3599 3415 3662 (Exod.
3439 3602 3541 3669 IV).
3568 3624 3591 3649 ιι

2011 3680 2186 3736 David
2226 3697 2439 3753 quoque
2492 3682 2611 3735 ait:
2647 3704 2667 3730 α
2705 3683 2952 3749 Domine,
3004 3683 3200 3740 inclina
3248 3688 3416 3743 caelos
3476 3696 3598 3744 tuos

2015 3783 2070 3832 et
2089 3777 2366 3833 descende
2396 3779 2568 3847 (Psal.
2596 3780 2748 3846 xvti).
2787 3801 2807 3827 υ
2844 3779 3013 3833 Isaias
3043 3781 3231 3835 etiam:
3261 3806 3282 3829 κ
3319 3784 3535 3839 Utinam
3570 3808 3591 3833 η

2014 3864 2210 3937 inquit,
2295 3886 2315 3916 ε
2394 3866 2768 3937 disrumperes
2840 3867 3007 3922 ccelos
3079 3876 3132 3923 et
3204 3871 3599 3929 descenderes!

2015 3955 2151 4025 (Isa.
2189 3955 2357 4027 LXIV).
2400 3978 2421 4002 »
2456 3956 2522 4010 Et
2564 3956 2754 4010 merito
2791 3955 2908 4025 ejus
2938 3956 3214 4013 desiderio
3249 3958 3600 4026 deficiebant,

2017 4044 2104 4115 qui
2138 4060 2259 4099 eum
2325 4043 2563 4098 futurum
2620 4045 3004 4115 praesciebant.
3076 4046 3214 4100 Nam
3270 4056 3393 4103 ante
3432 4049 3603 4120 ipsius

2016 4134 2305 4189 adventum
2347 4132 2494 4187 fusca
2531 4148 2681 4187 mors
2730 4132 2991 4188 mundum
3033 4134 3255 4202 obtexit,
3307 4152 3606 4210 omnesque

2016 4246 2114 4302 per
2150 4231 2251 4286 iter
2288 4230 2561 4286 sinistrum
2618 4229 2673 4284 in
2712 4230 3067 4299 perditionem
3134 4232 3352 4291 direxit.
3400 4234 3605 4292 Omnes

2019 4319 2177 4391 quasi
2231 4319 2286 4373 in
2332 4318 2573 4374 tenebris
2611 4320 2880 4385 errabant,
2922 4321 3044 4391 quia
3083 4320 3264 4375 lumen
3333 4324 3607 4381 Christum

2020 4423 2128 4461 non
2157 4406 2455 4473 habebant,
2511 4417 2564 4461 et
2595 4408 2719 4463 ideo
2760 4425 2859 4478 per
2888 4408 3182 4478 spatiosam
3236 4411 3377 4466 viam
3406 4429 3438 4467 a
3469 4414 3606 4468 sini-

2021 4496 2149 4551 stris
2180 4512 2327 4552 caeco
2354 4495 2519 4552 corde
2542 4496 2596 4550 in
2627 4505 2855 4551 mortem
2888 4497 3142 4552 ruebant.
3182 4499 3398 4556 Christo
3428 4511 3609 4559 autem

2021 4593 2138 4649 sole
2159 4593 2290 4649 solis
2308 4592 2362 4648 in
2387 4593 2591 4647 mundo
2620 4601 2937 4663 apparente,
2988 4593 3096 4649 imo
3126 4595 3237 4648 vita
3284 4598 3608 4663 angelorum

2023 4698 2083 4738 se
2113 4682 2436 4738 mortalibus
2456 4682 2768 4750 exhibente,
2802 4689 2937 4736 tetra
2968 4697 3114 4737 mors
3155 4684 3443 4754 pavefacta
3472 4687 3613 4761 fugit

322 4784 536 4838 sistunt.
570 4780 745 4834 Nobis
801 4795 939 4851 ergo
961 4779 1018 4832 in
1065 4777 1248 4833 media
1276 4777 1388 4832 vita
1434 4776 1740 4832 constitutis
1796 4774 1916 4830 duae
1947 4773 1999 4834 D
2030 4787 2199 4844 seque
2236 4772 2291 4825 in
2330 4771 2511 4826 abdita
2576 4770 2763 4825 tartari
2826 4770 3049 4826 confusa
3113 4772 3416 4842 abscondit,
3475 4776 3615 4835 sicut

322 4880 429 4938 viae
459 4894 520 4934 se
574 4875 810 4933 oﬂerunt
843 4896 855 4932 :
889 4893 1012 4949 quae
1072 4875 1338 4949 quosdam
1394 4875 1466 4930 ad
1527 4874 1865 4946 superiorem
1901 4888 1914 4928 :

325 4967 597 5042 quosdam
628 4972 812 5022 autem
836 4965 905 5019 ad
923 4965 1237 5021 inferiorem
1285 4964 1509 5021 ducunt.
1540 4965 1587 5019 Α
1617 4961 1829 5018 dextris
1859 4978 1919 5019 se

322 5058 533 5129 prabet
562 5055 653 5111 via
681 5063 831 5111 arcta
860 5062 917 5110 et.
945 5060 1198 5127 angusta,
1230 5052 1437 5109 ducens
1465 5052 1534 5108 de
1561 5053 1666 5108 hac
1694 5051 1915 5121 misera,

326 5163 425 5220 per
471 5161 532 5201 se
600 5142 943 5199 ambulantes
997 5142 1068 5199 ad
1130 5142 1305 5198 beatae
1358 5141 1479 5198 vitae
1543 5139 1918 5196 amoenitatem

326 5234 556 5307 (Matth.
590 5233 687 5305 vn)
719 5247 792 5299 ;a
820 5230 1054 5286 sinistris
1080 5244 1210 5287 vero
1266 5229 1457 5302 pandit
1496 5244 1555 5285 se
1586 5229 1762 5299 platea
1819 5226 1930 5282 lata

324 5331 380 5383 et
412 5322 674 5395 spatiosa,
725 5322 931 5378 ducens
960 5320 1015 5374 in
1074 5333 1135 5374 se
1190 5318 1510 5390 gradientes
1542 5317 1612 5372 ad
1667 5316 1930 5372 luctuosae

322 5413 450 5471 vitae
471 5410 851 5468 calamitatem.
884 5410 1055 5465 Arcta
1083 5407 1173 5462 via
1194 5415 1247 5462 et
1274 5415 1508 5478 angusta
1521 5406 1825 5469 est,mundi
1843 5405 1930 5460 de-

323 5502 534 5559 sideria
578 5508 631 5556 et
679 5499 860 5555 carnis
919 5497 1415 5567 concupiscentiam
1459 5494 1671 5568 fugere,
1719 5491 1926 5549 malum

321 5606 426 5665 pro
486 5589 629 5645 malo
657 5604 766 5645 non
811 5587 1061 5655 reddere,
1097 5584 1299 5656 vigiliis
1354 5593 1408 5640 et
1446 5582 1669 5653 jejuniis
1722 5598 1922 5654 corpus

324 5703 632 5745 macerare.
658 5685 998 5742 orationibus
1025 5691 1078 5739 et
1106 5682 1344 5738 assiduis
1373 5681 1623 5736 laudibus
1656 5679 1750 5735 Dei
1778 5680 1923 5734 insu-

328 5779 480 5833 dare.
512 5777 640 5831 Lata
671 5784 849 5831 autem
875 5781 930 5829 et
988 5772 1225 5844 spatiOsa
1252 5771 1334 5824 via
1381 5778 1461 5824 est
1493 5770 1700 5834 ludere,
1732 5768 1918 5832 edere,

330 5867 545 5931 bibere,
568 5863 840 5933 fornicari,
872 5861 1083 5927 venari,
1116 5860 1368 5915 inimicos
1387 5858 1713 5930 opprimere,
1778 5856 1923 5911 deli-

333 5954 435 6014 ciis
462 5954 643 6011 carnis
671 5950 942 6011 difﬂuere.
973 5950 1129 6007 Hanc
1154 5947 1404 6006 diabolus
1431 5946 1924 6019 docuitetpeream

2028 4860 2235 4916 oriente
2265 4860 2381 4916 sole
2410 4860 2589 4930 caligo
2618 4858 2792 4916 noctis
2806 4856 3041 4932 fugatur,
3075 4868 3128 4915 et
3157 4862 3391 4917 mundus
3415 4864 3613 4936 jubare

2028 4948 2202 5020 ipsius
2228 4947 2556 5004 illustratur.

2100 5046 2337 5113 Idcirco,
2368 5045 2730 5116 dilectissimi,
2782 5062 2906 5104 cum
2935 5046 3039 5103 iter
3090 5047 3275 5104 salutis
3303 5051 3461 5107 nobis
3517 5069 3616 5126 per

2028 5132 2215 5189 Iesum
2242 5142 2430 5205 pateat
2458 5143 2512 5190 et
2541 5135 2764 5192 lucerna
2796 5136 2945 5192 verbi
2978 5136 3072 5191 Dei
3100 5152 3173 5192 ex
3203 5145 3433 5211 utraque
3461 5151 3617 5214 parte

2029 5231 2132 5288 viae
2169 5232 2474 5303 splendeat,
2516 5240 2633 5289 toto
2672 5234 2838 5290 corde
2878 5234 3151 5291 sinistrum
3217 5241 3484 5297 tramitem
3520 5259 3619 5299 re-

2029 5319 2358 5392 linquentes,
2387 5319 2641 5376 dextrum
2685 5322 2881 5379 callem
2912 5331 3025 5380 toto
3054 5325 3247 5382 annisu
3303 5343 3616 5401 carpamus,

2028 5418 2087 5466 ut
2124 5409 2193 5464 ad
2231 5424 2496 5464 summam
2548 5408 2940 5467 beatitudinem
3021 5416 3422 5484 perveniamus.
3492 5422 3622 5479 Haec

2029 5507 2207 5554 autem
2264 5496 2348 5552 via
2404 5506 2486 5553 est
2532 5498 2787 5565 charitas,
2822 5517 2920 5570 per
2973 5518 3131 5573 quam
3175 5506 3356 5561 aditur
3393 5526 3619 5567 summa}

2028 5586 2374 5642 beatitudinis
2434 5584 2680 5641 claritas.
2747 5588 2806 5642 1a
2844 5589 2987 5644 hanc
3041 5592 3261 5648 tendunt
3304 5612 3374 5652 xv
3414 5602 3621 5658 semitae

2031 5677 2297 5731 ducentes
2326 5674 2395 5729 ad
2416 5674 2553 5729 atria
2597 5674 2740 5739 vitae,
2773 5674 2983 5731 scilicet
3048 5680 3326 5750 patientia,
3368 5682 3623 5761 benigni-

2033 5773 2139 5831 tas,
2161 5771 2214 5820 et
2242 5763 2361 5819 aliae
2390 5779 2528 5834 quas
2556 5769 2844 5818 enumerat
2862 5766 3107 5834 Apostoli
3136 5772 3404 5828 subtilitas
3462 5778 3612 5845 (Gal.

2034 5861 2116 5923 v).
2153 5854 2320 5910 Porro
2343 5868 2560 5908 summa
2595 5851 2874 5907 beatitudo
2919 5851 2974 5906 in
2997 5852 3105 5911 hac
3135 5856 3225 5913 via
3280 5862 3621 5924 ambulantes

2037 5942 2195 6015 quasi
2257 5941 2645 6018 septemdecim
2683 5940 2919 5999 brachiis
2956 5941 3027 5999 ad
3082 5960 3144 6001 se
3198 5950 3434 6023 attrahit,
3497 5957 3625 6028 quia
