3972 6406
469 438 604 493 1219

1610 419 1954 479 \VERNERI
1984 422 2275 478 ABBATIS
2316 422 2371 478 S.
2415 424 2637 481 BLASII

3636 433 3772 488 1220

467 583 568 639 per
598 566 789 621 decem
820 568 1097 635 prsecepta
1125 530 1265 630 legis
1291 559 1344 610 et
1383 566 1482 622 per
1510 556 1721 639 septem
1759 548 1905 639 dona
1937 548 2065 639 Spi—
2095 553 2151 613 Α
2183 548 2377 605 beatos
2424 550 2659 639 orationi
2707 551 2995 622 instantes,
3053 556 3308 613 auxilium
3346 559 3563 615 Domini
3617 562 3777 619 invo-

470 637 604 710 ritus
636 653 825 719 sancti,
857 657 1042 724 portas
1076 662 1173 704 nos
1205 645 1324 701 vitae
1349 639 1598 696 Christus
1620 637 1830 693 intrare
1851 637 2061 694 docuit.

475 747 579 799 Has
612 753 792 799 autem
842 737 1234 812 septemdecim
1292 728 1669 787 distinctiones
1716 726 2069 783 beatitudinis

471 842 707 914 Spiritus
739 847 956 897 sanctus
1002 853 1101 909 per
1130 830 1459 906 prophetam
1514 825 1837 914 nominatim
1891 825 2070 897 expri-

467 913 586 998 mit,
665 945 731 986 ac
804 926 1143 999 singularem
1183 920 1505 992 dignitatem
1545 913 1818 970 subtiliter
1872 913 2066 969 innuit.

470 1030 649 1087 Primo
680 1026 813 1083 dicit
842 1026 1054 1093 beatos,
1089 1029 1244 1079 scuto
1276 1016 1404 1073 ﬁdei
1433 1013 1568 1071 vitia
1588 1020 1639 1068 et
1668 1012 2066 1084 concupiscen-

473 1120 569 1175 tias
601 1123 948 1188 superantes,
980 1120 1034 1168 et
1059 1112 1115 1166 in
1147 1112 1270 1181 lege
1300 1103 1516 1162 Domini
1545 1101 1634 1158 die
1666 1117 1732 1158 ac
1758 1109 1919 1158 nocte
1946 1118 2068 1158 me-

463 1210 697 1264 ditantes
731 1223 743 1259 :
778 1226 801 1257 «
837 1205 1056 1268 Beatus,
1095 1224 1118 1250 »
1152 1197 1426 1271 inquiens,
1459 1216 1480 1242 α
1507 1192 1593 1247 vir
1625 1192 1716 1263 qui
1735 1207 1842 1247 non
1864 1190 2070 1247 abiitin

466 1308 696 1365 consilio
727 1304 1042 1375 impiorum,
1094 1297 1354 1371 quoniam
1393 1292 1544 1350 novit
1607 1290 1873 1349 Dominus
1925 1290 2069 1346 viam

466 1398 735 1468 iustorum
770 1393 953 1466 (Psal.
1010 1390 1077 1460 ι).
1124 1412 1143 1435 o
1183 1386 1407 1441 Primus
1461 1383 1629 1438 homo
1658 1379 1844 1435 infelix
1898 1394 2070 1474 pravo

469 1481 701 1538 consilio
756 1474 1054 1540 consensit,
1118 1479 1170 1528 et
1223 1484 1417 1526 omnes
1500 1480 1771 1538 sequaces
1835 1480 1965 1519 suos
2014 1480 2069 1518 ιιι

468 1589 701 1636 mortem
744 1575 930 1632 traxit.
966 1571 1216 1629 Christus
1273 1568 1466 1623 beatus
1524 1564 1625 1631 vir,
1656 1572 1708 1617 et
1761 1562 1816 1617 in
1844 1562 1934 1618 via
1983 1562 2071 1631 ju-

468 1679 679 1727 storum
708 1681 900 1723 omnes
928 1679 1029 1735 per
1060 1677 1121 1717 se
1141 1658 1466 1733 gradientes
1497 1654 1722 1709 reducet
1762 1652 1831 1708 ad
1867 1651 2072 1725 gaudia

467 1768 815 1842 angelorum.
875 1761 981 1831 Qui
1034 1774 1171 1832 ergo
1235 1754 1483 1828 peccatis
1531 1767 1642 1808 non
1681 1750 1954 1842 consentit
2000 1749 2072 1842 ad

468 1838 615 1915 hunc
638 1855 868 1911 tendens
907 1852 1126 1906 beatum
1162 1847 1361 1910 virum,
1408 1843 1509 1899 erit
1537 1842 1591 1897 in
1621 1855 1838 1897 summa
1889 1838 2070 1894 beati-

2179 646 2369 693 cantes
2418 638 2633 712 jugiter
2693 659 2705 695 :
2770 665 2793 689 α
2847 644 3042 699 Beatus
3073 646 3174 712 vir,
3233 646 3322 702 cui
3377 657 3458 703 est
3512 650 3777 707 auxilium

2177 727 2277 782 abs
2299 736 2351 783 te
2382 729 2519 799 (ibid
2531 734 2576 800 .)
2614 753 2635 777 η
2670 731 2736 785 Hi
2764 731 2835 787 de
2865 732 3063 789 virtute
3120 734 3172 788 in
3206 735 3461 792 virtutem
3491 738 3648 794 ibunt
3682 758 3696 797 :
3725 749 3776 796 et

2179 825 2354 880 Deum
2413 826 2641 883 deorum
2665 829 2718 883 in
2751 829 2884 885 Sion
2940 831 3203 888 videbunt
3245 834 3429 906 (ibid.)
3469 856 3481 901 ;
3519 857 3540 887 ιι
3577 838 3669 892 ubi
3696 844 3781 893 est

2177 915 2375 971 melior
2404 915 2522 971 dies
2554 933 2661 972 una
2691 935 2859 990 super
2887 920 3079 976 millia.
3113 922 3244 978 Inde
3265 922 3460 979 iterum
3486 944 3497 979 :
3522 948 3543 973 α
3579 926 3777 982 Beatus

2178 1004 2338 1076 cujus
2364 1005 2513 1061 Deus
2565 1005 2738 1063 Jacob
2768 1008 2982 1078 adjutor
3008 1011 3149 1080 ejus,
3170 1027 3297 1083 spes
3319 1013 3436 1084 ejus
3457 1013 3511 1069 in
3540 1015 3774 1072 Domino

2178 1103 2315 1169 Deo,
2358 1106 2486 1176 quia
2515 1105 2570 1160 in
2599 1107 2794 1163 saecula
2817 1109 3067 1180 regnabit
3087 1125 3211 1166 cum
3241 1127 3307 1167 eo
3333 1113 3504 1184 (Psal.
3528 1114 3711 1185 cxnv).
3746 1140 3770 1161 π

2181 1192 2387 1249 Octavo
2445 1194 2575 1250 dicit
2630 1196 2821 1253 beatos
2858 1198 3032 1254 Deum
3079 1199 3382 1269 laudantes,
3439 1210 3489 1258 et
3528 1203 3776 1260 ccelestia

2178 1290 2642 1362 contemplantes.
2680 1317 2700 1341 α
2735 1295 2953 1361 Beatus,
2991 1320 3012 1345 υ
3050 1298 3245 1370 inquit,
3266 1323 3286 1347 u
3314 1300 3544 1371 populus
3569 1300 3657 1373 qui
3676 1301 3778 1357 scit

2172 1379 2553 1450 jubilationem
2602 1384 2782 1451 (Psal.
2828 1388 3118 1456 Lxxxvm),
3154 1410 3175 1436 ››
3200 1388 3327 1460 quia
3377 1389 3431 1443 hi
3461 1388 3516 1444 in
3572 1389 3778 1446 lumine

2179 1469 2368 1525 vultus
2420 1470 2641 1526 Domini
2696 1473 3071 1540 ambulabunt,
3093 1484 3149 1531 et
3203 1476 3258 1531 in
3287 1477 3505 1533 nomine
3551 1479 3668 1549 ejus
3719 1479 3778 1534 in

2179 1574 2445 1621 :eternum
2474 1567 2845 1623 exsultabunt.
2890 1570 3051 1626 Nono
3094 1570 3227 1627 dicit
3250 1572 3481 1628 beatosa
3504 1575 3619 1630 Deo
3648 1592 3778 1631 eru-

2179 1655 2342 1721 ditos,
2397 1663 2451 1711 et
2499 1657 2557 1711 in
2596 1658 2722 1729 lege
2761 1659 2880 1727 ejus
2935 1659 3124 1716 doctos
3158 1678 3170 1715 :
3210 1683 3231 1711 (ι
3273 1663 3485 1730 Beatus,
3524 1686 3545 1713 ι
3580 1664 3777 1738 inquit,

2186 1774 2209 1800 ιι
2242 1752 2408 1807 homo
2431 1769 2595 1823 quem
2626 1762 2679 1809 tu
2735 1756 3022 1821 erudieris,
3057 1757 3308 1826 Domine,
3341 1764 3395 1815 et
3423 1760 3491 1815 de
3519 1759 3647 1831 lege
3679 1771 3773 1817 tua

2180 1841 2434 1897 docueris
2456 1858 2578 1898 eum
2608 1844 2791 1915 (Psal.
2829 1848 3005 1915 xcnt).
3036 1868 3059 1895 ιι
3094 1847 3299 1902 Horum
3330 1850 3541 1904 animas
3580 1864 3778 1906 conso-

470 1950 675 2012 tudine,
745 1947 805 2001 ut
870 1942 1081 2013 lignum
1137 1936 1261 1996 vitae
1316 1935 1373 1990 in
1428 1931 1687 2003 paradiso
1744 1930 2064 2000 plantatum.
2100 1926 2152 1987 Β
2183 1930 2412 1987 lationes
2470 1933 2691 1989 Domini
2737 1933 3105 2001 laetiﬁcabunt,
3164 1937 3383 2008 quando
3435 1938 3582 1994 άοοιί
3636 1939 3776 1995 sicut

469 2046 721 2107 Secundo
751 2041 882 2098 dicit
912 2040 1106 2092 beatos
1137 2050 1233 2104 spe
1264 2030 1591 2103 gaudentes,
1627 2035 1680 2083 et
1709 2027 1764 2092 in
1808 2026 2062 2091 Domino,

465 2154 575 2193 non
606 2136 659 2188 in
690 2149 750 2187 se
781 2127 1141 2186 confidentes.
1172 2146 1191 2170 α
1217 2122 1385 2187 Beati,
1421 2142 1443 2167 »ι
1462 2118 1653 2191 inquit,
1691 2140 1711 2164 α
1737 2130 1930 2170 omnes
1973 2112 2066 2186 qui

463 2228 520 2283 in
550 2241 615 2281 eo
670 2219 949 2278 conﬁdunt
979 2215 1158 2287 (Psal.
1216 2208 1570 2280 cxxtv),quia
1592 2206 1645 2259 in
1691 2212 1876 2259 monte
1932 2218 2064 2257 san-

465 2326 550 2373 cto
595 2314 732 2383 ejus,
778 2309 833 2364 id
879 2314 962 2362 est
1005 2305 1061 2358 in
1105 2301 1341 2367 Christo,
1389 2296 1728 2370 gaudebunt.
1775 2294 1908 2348 Inde
1958 2292 2064 2348 ite-

466 2421 587 2461 rum
623 2422 635 2457 :
673 2424 693 2447 «ι
732 2401 927 2455 Beatus
957 2394 1063 2462 vir,
1096 2391 1187 2464 qui
1218 2397 1403 2461 sperat
1434 2387 1489 2441 in
1513 2401 1577 2441 eo
1599 2386 1774 2455 (Psal.
1794 2384 2003 2452 χχχιιι),
2036 2404 2058 2430 υ

465 2504 587 2576 quia
615 2502 734 2557 dies
766 2499 939 2552 bonos
967 2490 1170 2550 videbit
1200 2488 1258 2544 in
1308 2486 1468 2544 coelo.
1497 2485 1568 2540 Et
1620 2483 1815 2539 iterum
1848 2499 1860 2536 :
1886 2504 1908 2530 ιι
1935 2481 2068 2536 Bea-

469 2612 557 2659 tus
587 2600 689 2661 vir,
720 2597 875 2665 cujus
924 2599 1007 2647 est
1036 2602 1236 2644 nomen
1284 2582 1504 2640 Domini
1554 2596 1681 2651 spes
1711 2580 1832 2648 ejus
1874 2578 2056 2649 (Paul.

468 2690 686 2759 xxmx),
716 2707 739 2737 ι
808 2683 932 2756 quia
988 2677 1259 2736 canticum
1287 2688 1492 2730 novum
1546 2669 1869 2725 immittetur
1894 2666 1951 2722 in
2005 2681 2071 2722 os

468 2789 605 2859 ejus.
636 2780 820 2839 Tertio
875 2776 1007 2833 dicit
1036 2774 1231 2829 beatos
1266 2766 1584 2859 paenitentia
1636 2761 1929 2859 dilectione
1955 2761 2065 2818 fer-

467 2852 679 2939 ventes,
723 2869 851 2944 quia
885 2864 1128 2923 charitas
1174 2859 1356 2933 operit
1406 2852 1815 2912 multitudinem
1862 2866 2065 2944 peccas

463 2977 649 3024 torum
679 2940 904 3033 (Πυθίη
961 2956 1059 3025 1v),
1119 2959 1172 3008 et
1216 2964 1317 3018 per
1344 2945 1609 3019 Spiritum
1666 2951 1936 3033 sanctum,
1967 2940 2066 3033 qui

466 3065 550 3115 est
569 3031 830 3118 charitas,
887 3046 1046 3101 datur
1074 3038 1336 3097 remissio
1365 3034 1717 3095 delictorum.
1762 3052 1786 3085 κ
1829 3031 2000 3098 Beati,
2034 3052 2059 3079 ιι

463 3139 658 3215 inquit.
693 3158 715 3185 α
743 3146 976 3207 quorum
1018 3125 1265 3185 remissae
1321 3128 1448 3179 sunt
1472 3118 1786 3192 iniquitates
1839 3124 1892 3173 et
1930 3130 2067 3187 quo-

462 3212 577 3297 rum
597 3242 738 3291 tecta
784 3236 912 3286 sunt
957 3231 1182 3298 peccata
1233 3220 1417 3293 (Ρεαι.
1456 3219 1623 3278 xxxi).
1661 3237 1684 3265 η
1720 3215 1831 3270 Per
1877 3212 2063 3270 chari-

463 3288 1021 3387 iatemvremittuntur,
1066 3329 1168 3386 per
1216 3288 1418 3367 bonam
1447 3304 1823 3379 operationem
1867 3309 2065 3360 conte-
2094 3288 2143 3352 C

461 3426 683 3491 guntur.
742 3412 940 3468 Beatus
998 3404 1083 3460 vir
1138 3401 1262 3458 talis
1309 3398 1433 3461 erit.
1513 3395 1641 3468 quia
1694 3394 1747 3451 ei
1800 3391 2066 3491 Dominus

463 3489 750 3591 peccatum
779 3509 836 3564 in
857 3502 1070 3577 judicio
1097 3515 1208 3591 non
1237 3494 1557 3591 imputabit.
1598 3492 1700 3549 Hic
1744 3492 1803 3591 in
1830 3489 2066 3591 Domino

462 3579 763 3674 cumjustis
812 3594 1094 3654 exsultans
1150 3587 1448 3652 laetabitur,
1493 3598 1619 3640 cum
1672 3581 1838 3639 rectis
1897 3579 2064 3637 corde

461 3693 801 3772 gloriabitur.

537 3841 745 3910 Quarto
792 3831 926 3892 dicit
954 3830 1144 3884 beatos
1174 3822 1353 3877 Deum
1400 3832 1541 3914 pure
1570 3812 1836 3914 colentes,
1865 3819 1917 3869 et
1946 3812 2065 3883 ejus

470 3908 768 3989 lizereditas
824 3920 946 3978 fieri
987 3915 1271 3988 cupientes
1303 3928 1315 3964 :
1353 3932 1375 3959 α
1409 3908 1594 3974 Beata,
1631 3926 1652 3955 ι
1689 3908 1882 3975 inquit,
1924 3917 2066 3976 gens

465 4024 618 4091 cujus
640 4025 723 4072 est
754 4011 1020 4070 Dominus
1059 4007 1211 4062 Deus
1241 4000 1385 4072 ejus,
1410 3995 1648 4069 pOpulus
1680 4009 1842 4091 quem
1898 3989 2066 4091 elegit

457 4121 512 4176 in
531 4088 916 4172 thaereditatem
943 4104 1045 4162 sibi
1077 4101 1253 4175 (Psat.
1285 4098 1496 4159 χχχιι).
1535 4116 1556 4140 ι»
1586 4092 1653 4147 Hi
1683 4089 1954 4146 exsultent
2007 4088 2064 4143 in

462 4208 713 4268 Domino,
757 4199 881 4272 quia
919 4195 1053 4250 tales
1094 4191 1253 4246 decet
1294 4183 1536 4241 laudatio
1580 4179 1591 4236 Ι
1624 4179 1776 4272 inde
1815 4179 2012 4272 iterum
2047 4196 2059 4232 :

467 4322 489 4349 σι
524 4298 744 4357 Beatus,
774 4268 812 4338 in
845 4284 1045 4359 inquit,
1080 4304 1100 4329 ι
1136 4276 1394 4351 populus,
1426 4272 1584 4343 Cujus
1621 4268 1889 4325 Dominus
1917 4268 2064 4324 Deus

462 4397 579 4467 ejus
601 4391 779 4466 (Psal.
811 4384 1018 4455 chui),
1055 4406 1077 4433 υ
1115 4378 1240 4452 quia
1280 4374 1337 4431 hi
1375 4370 1649 4431 canticum
1713 4383 1913 4425 novum
1944 4367 2063 4423 Deo

460 4463 778 4555 cantabunt,
810 4500 934 4541 cum
991 4481 1060 4536 de
1086 4492 1253 4534 manu
1276 4473 1510 4529 filiorum
1565 4468 1883 4555 alienorum
1927 4463 2066 4521 eruti

462 4554 838 4643 exsultabunt.
928 4570 1136 4642 Quinto
1190 4563 1323 4622 dicit
1378 4562 1569 4617 beatos
1633 4554 2063 4628 hospitalitatem

458 4639 753 4736 sectantes,
800 4680 897 4738 per
923 4639 1197 4735 pauperes
1251 4651 1357 4709 sibi
1387 4649 1641 4709 caelestes
1669 4645 1882 4738 divitias
1919 4643 2061 4738 the-
2089 4656 2142 4718 D
2172 4639 2363 4713 inquit,

458 4732 822 4820 zaurizantes:
894 4732 939 4802 «ἡ
958 4751 1178 4812 Beatus,
1225 4767 1246 4792 ιι
1288 4740 1563 4814 inquiens,
1608 4759 1630 4785 α
1675 4733 1765 4808 qui
1804 4732 2057 4804 intelligit

458 4877 624 4935 super
653 4867 889 4927 egenum
921 4857 975 4905 et
1005 4857 1325 4935 pauperem,
1369 4835 1497 4935 quia
1524 4834 1699 4935 inﬁdie
1728 4831 1873 4935 mala
1912 4831 2052 4935 libe-

458 4920 605 5008 rabit
634 4920 760 5002 eum
815 4938 1081 4998 Dominus
1137 4931 1323 5003 (Psal.
1374 4928 1488 4995 XL).
1525 4948 1549 4976 ι
1584 4925 1715 4980 Dies
1757 4920 1901 4978 mala
1948 4927 2053 4988 est,

457 5056 577 5099 cum
638 5039 802 5091 homo
857 5028 1097 5100 aliquam
1135 5017 1507 5081 afﬂictionem,
1547 5013 1638 5071 vel
1688 5027 1886 5069 manus
1942 5008 2054 5064 ini-

456 5140 725 5196 micorum
769 5125 1020 5187 inciderit
1057 5141 1072 5180 :
1104 5120 1250 5179 unde
1274 5132 1399 5174 eum
1454 5112 1721 5171 Dominus
1749 5108 1935 5167 statim
1991 5107 2056 5163 li-

449 5226 681 5285 berabit.
731 5222 863 5279 Dies
913 5214 1076 5273 etiam
1128 5208 1272 5266 mala
1298 5212 1378 5263 est
1401 5202 1515 5261 dies
1543 5200 1752 5267 ultima,
1778 5196 1873 5255 ubi
1926 5211 2052 5253 eum

454 5316 722 5375 Dominus
751 5318 1092 5369 conservans
1145 5299 1201 5355 in
1250 5295 1498 5353 animam
1550 5287 1896 5346 inimicorum
1944 5301 2055 5342 non

455 5417 651 5482 tradet,
722 5409 827 5467 sed
900 5406 1119 5461 beatum
1172 5398 1230 5454 in
1288 5404 1440 5451 terra
1486 5388 1793 5482 viventium
1858 5385 2044 5482 faciet,

457 5474 787 5561 Sexto'dicit
844 5496 1035 5553 beatos
1065 5490 1133 5547 de
1161 5486 1323 5561 plebe
1338 5480 1558 5540 Domini
1586 5477 1815 5545 electos,
1875 5483 1931 5533 et
1986 5474 2056 5531 ad

455 5601 790 5658 laudandum
845 5608 977 5652 eum
1042 5592 1373 5657 assumptos.
1420 5601 1444 5632 ι
1479 5579 1700 5639 Beatus.
1772 5595 1796 5625 ι
1859 5569 2051 5642 inquit,

462 5721 484 5748 α
528 5714 689 5769 quem
718 5691 937 5767 elegisti
956 5697 1012 5746 et
1041 5679 1416 5755 assumpsisti,
1456 5673 1778 5733 inhabitahit
1813 5672 1869 5727 in
1898 5670 2052 5727 atriis

458 5768 561 5849 tuis
617 5794 797 5861 (Psat.
834 5788 1011 5855 inv).
1048 5809 1071 5835 ιο
1121 5786 1204 5843 De
1257 5781 1344 5835 his
1381 5778 1617 5832 iterum:
1650 5795 1672 5823 α
1703 5768 1877 5861 Beati,
1907 5793 1928 5817 υ
1962 5769 2050 5825 in-

457 5882 592 5953 quit,
628 5858 651 5929 Ᾰι
684 5879 780 5952 qui
804 5876 1047 5933 habitant
1074 5873 1131 5929 in
1157 5872 1322 5928 domo
1349 5875 1464 5931 tua,
1521 5863 1580 5919 in
1626 5858 1894 5917 saeculum
1946 5873 2050 5953 ste-

460 5951 570 6036 culi
618 5951 916 6033 laudabunt
969 5977 1024 6026 te
1044 5970 1229 6041 (Paul.
1282 5961 1535 6031 ιιιιιιιι).
1567 5980 1590 6011 ιι
1625 5955 1871 6031 Septimo
1921 5951 2053 6019 dicit

2175 2020 2446 2091 splendor
2474 2020 2802 2077 ﬁrmamenti
2825 2023 3130 2097 fulgebunt,
3168 2036 3220 2079 et
3249 2028 3405 2097 quasi
3452 2028 3644 2093 stellas,
3680 2028 3774 2101 qui

2174 2119 2374 2175 multos
2402 2120 2469 2175 ad
2496 2120 2760 2190 justitiam
2808 2122 3092 2178 erudiunt.
3130 2123 3353 2179 Decimo
3376 2126 3525 2194 ponit
3578 2124 3770 2181 beatos

2168 2208 2375 2277 justum
2400 2209 2662 2277 judicium
2711 2212 3103 2281 custodientes,
3132 2220 3187 2267 et
3220 2213 3482 2281 justitiam
3523 2213 3578 2267 in
3622 2215 3769 2269 omni

2173 2304 2423 2368 tempore
2453 2298 2749 2354 facientes.
2795 2322 2817 2349 α
2851 2299 3021 2366 Beati,
3050 2322 3073 2348 ιι
3106 2301 3297 2373 inquit,
3334 2325 3357 2350 α
3400 2302 3770 2374 quijudicium

2174 2387 2510 2453 custodiunt,
2560 2395 2613 2442 et
2663 2387 2927 2457 justitiam
2975 2388 3032 2443 in
3079 2391 3227 2444 omni
3283 2398 3529 2462 tempore
3571 2390 3772 2447 faciunt

2174 2476 2356 2545 (Ρεαι.
2378 2476 2495 2548 cv).
2522 2500 2545 2523 π
2570 2477 2636 2531 Hi
2665 2477 2735 2535 de
2754 2476 3071 2535 nationibus
3086 2488 3463 2547 secernuntur,
3478 2480 3597 2535 utin
3613 2480 3771 2538 laude

2175 2572 2276 2627 Dei
2295 2573 2681 2646 glorienturad
2713 2574 3029 2641 videndum,
3062 2576 3116 2630 in
3163 2575 3407 2632 bonitate
3434 2577 3535 2632 Dei
3563 2577 3767 2634 electo-

2175 2678 2315 2731 rum,
2346 2662 2415 2717 ad
2437 2662 2729 2719 laetandum
2758 2663 2814 2718 in
2843 2663 3025 2719 laetitia
3045 2664 3766 2739 gentissanctorum(ibid.).

2247 2805 2548 2863 Undecimo
2577 2806 2731 2878 ponit
2776 2808 2970 2873 Deum,
2996 2814 3053 2863 ut
3110 2807 3207 2863 ﬁlii
3234 2816 3469 2880 patrem
3496 2809 3765 2878 timentes,

2172 2903 2231 2951 et
2281 2896 2544 2952 mandata
2591 2896 2710 2966 ejus
2768 2897 3042 2953 custodire
3085 2897 3387 2968 cupientes.
3424 2920 3446 2947 α
3488 2899 3703 2967 Beatus,
3739 2924 3761 2949 ι

2175 2983 2372 3056 inquit,
2410 3008 2431 3033 «
2466 2985 2551 3041 vir
2580 2986 2673 3059 qui
2703 2986 2859 3042 timet
2901 2985 3214 3055 Dominum,
3245 2987 3302 3042 in
3329 2988 3600 3044 mandatis
3654 2989 3770 3059 ejus

2176 3073 2317 3131 volet
2345 3074 2508 3130 nimis
2525 3076 2684 3147 (Psat
2696 3117 2710 3130 .
2748 3076 2889 3147 cm).
2931 3099 2952 3124 ιι
2986 3075 3086 3132 Hic
3107 3076 3270 3132 timor
3297 3085 3518 3133 sanctus
3544 3093 3767 3150 perma-

2174 3180 2265 3228 net
2284 3172 2341 3228 in
2369 3173 2633 3229 saeculum
2672 3173 2883 3240 saeculi,
2940 3182 2993 3230 et
3022 3174 3314 3231 introducit
3361 3174 3501 3231 filios
3531 3175 3583 3231 in
3630 3191 3767 3233 con-

2175 3269 2364 3332 spectu
2394 3262 2569 3317 Patris
2599 3263 2814 3319 aeterni.
2858 3264 2921 3317 In
2949 3263 3055 3320 hac
3084 3262 3415 3320 beatitudine
3457 3273 3765 3333 currentes,

2173 3349 2231 3405 in
2282 3351 2547 3407 memoria
2598 3362 2807 3409 aaterna
2864 3361 3042 3420 erunt,
3094 3353 3324 3426 gloriam
3370 3361 3424 3409 et
3459 3354 3671 3410 divitias
3715 3354 3771 3409 in

2174 3440 2340 3497 domo
2369 3441 2590 3498 Domini
2619 3442 3009 3514 possidebunt.
3045 3442 3381 3499 Duodecimo
3404 3445 3556 3514 ponit
3584 3444 3768 3499 beatos

2174 3537 2230 3593 in
2260 3539 2344 3595 via
2374 3540 2430 3595 id
2463 3548 2547 3596 est
2581 3540 2636 3594 in
2664 3540 2881 3596 Christo
2909 3540 3127 3597 macula
3160 3541 3369 3613 peccati
3424 3550 3691 3608 carentes,
3717 3548 3769 3598 et

2174 3628 2229 3683 in
2277 3627 2403 3701 lege
2451 3628 2690 3696 Domini,
2749 3629 2805 3685 id
2851 3638 2934 3686 est
2980 3629 3037 3685 in
3086 3630 3352 3688 charitate
3397 3631 3757 3688 ambulantes.

2179 3748 2201 3774 α
2237 3726 2407 3796 Beati,
2435 3749 2456 3776 »
2485 3727 2676 3798 inquit,
2715 3750 2736 3777 α
2768 3727 3103 3785 immaculati
3133 3729 3187 3783 in
3219 3728 3322 3796 via,
3355 3728 3448 3802 qui
3495 3728 3765 3784 ambulant

2174 3815 2228 3871 in
2258 3816 2382 3889 lege
2412 3816 2630 3872 Domini
2662 3818 2845 3887 (Psal.
2869 3817 3082 3887 cxvm).
3121 3840 3143 3865 »ι
3170 3818 3377 3873 Horum
3414 3818 3595 3872 anima
3621 3822 3763 3873 vivet

2174 3907 2230 3961 in
2280 3914 2562 3972 mternum,
2631 3914 2683 3961 et
2738 3905 2979 3961 laudabit
3032 3907 3321 3963 Dominum
3377 3906 3431 3961 in
3486 3906 3761 3963 saeculum.

2171 3995 2575 4051 Tertiodecimo
2654 3995 2807 4066 ponit
2862 3994 3054 4051 beatos
3123 3997 3375 4051 mandata
3434 3996 3531 4052 Dei
3574 3995 3644 4050 ad
3688 3994 3763 4050 fa-

2172 4086 2424 4141 ciendum
2451 4093 2876 4156 perscrutantes,
2943 4094 2996 4141 et
3026 4086 3079 4140 in
3112 4094 3222 4142 toto
3251 4086 3420 4143 corde
3474 4085 3761 4141 Dominum

2173 4183 2540 4256 exquirentes.
2574 4208 2596 4232 α
2660 4183 2827 4251 Beati,
2858 4207 2879 4232 »
2912 4183 3106 4257 inquit,
3138 4208 3159 4233 ‹‹
3196 4184 3287 4256 qui
3333 4191 3639 4240 scrutantur
3684 4192 3759 4240 te-

2172 4273 2427 4330 stimonia
2460 4274 2596 4343 ejus,
2629 4273 2682 4327 in
2713 4281 2826 4329 toto
2857 4274 3024 4330 corde
3052 4274 3340 4347 exquirunt
3361 4289 3481 4329 eum
3500 4272 3706 4345 (ibid.).
3733 4296 3754 4320 ι

2172 4362 2238 4417 Hi
2270 4369 2427 4417 erunt
2456 4377 2491 4417 a
2520 4362 2754 4418 Domino
2779 4362 3074 4431 benedicti,
3108 4363 3246 4418 sicut
3274 4363 3330 4417 hi
3360 4362 3452 4435 qui
3494 4361 3760 4418 declinant

2172 4467 2206 4507 a
2255 4451 2530 4507 mandatis
2592 4452 2712 4522 ejus
2764 4451 3059 4509 maledicti.
3094 4450 3302 4522 Quarto
3359 4452 3576 4508 decimo
3613 4449 3760 4525 ponit

2172 4550 2361 4606 beatos
2392 4550 2728 4607 desiderium
2775 4551 2833 4605 in
2864 4549 3020 4608 bonis
3066 4550 3375 4624 implentes.
3415 4570 3437 4601 ct
3485 4549 3695 4616 Beatus,
3732 4567 3754 4598 ι

2428 4663 2450 4687 ι
2515 4639 2607 4713 qui
2660 4639 2905 4712 implevit
2936 4638 3269 4696 desiderium
3299 4655 3458 4695 suum
3513 4654 3578 4694 ex
3607 4636 3755 4710 ipsis,

2168 4745 2278 4785 non
2355 4726 2717 4785 confundetur
2770 4745 2893 4784 cum
2946 4730 3199 4799 loquetur
3254 4727 3489 4784 inimicis
3543 4727 3652 4784 suis
3704 4726 3759 4781 in

2165 4826 2325 4890 porta
2354 4820 2536 4891 (Psal.
2565 4819 2749 4890 cxxvi)
2783 4833 2798 4888 ;
2837 4841 2858 4866 η
2896 4818 3144 4874 inimicos
3186 4832 3313 4873 suos
3357 4817 3633 4873 dmmones
3662 4831 3759 4887 per

2165 4916 2523 4972 humilitatem
2581 4916 2887 4971 vincentes.
2946 4916 3114 4971 Porta
3135 4915 3255 4973 dies
3278 4915 3469 4986 judicii
3521 4923 3621 4982 est,
3661 4929 3757 4986 per

2165 5021 2325 5079 quam
2355 5006 2591 5061 intratur
2616 5004 2673 5059 in
2699 5004 2953 5078 palatium
3005 5006 3150 5061 cceli.
3182 5007 3244 5060 In
3290 5006 3389 5061 hac
3420 5012 3574 5076 porta
3626 5002 3755 5059 tales

2164 5095 2233 5151 de
2282 5094 2526 5166 peccatis
2578 5110 2686 5149 non
2736 5094 3155 5162 confundantur,
3212 5110 3338 5150 cum
3373 5092 3608 5149 inimicis
3645 5092 3753 5146 suis

2162 5194 2488 5253 insultantes
2534 5193 2827 5267 loquentur
2867 5212 2880 5260 ;
2923 5193 3023 5252 sed
3074 5193 3179 5266 ipsi
3211 5192 3502 5251 hmreditas
3544 5189 3754 5249 Domini

2164 5292 2343 5352 erunt,
2375 5281 2616 5339 fructum
2645 5283 2853 5339 ventris
2900 5281 3089 5341 Mariae
3119 5281 3394 5340 Christum
3451 5280 3754 5337 mercedem

2162 5376 2465 5433 habebunt.
2523 5371 2726 5443 Quinto
2756 5372 2970 5429 decimo
3001 5371 3154 5445 ponit
3174 5372 3351 5429 Deum
3380 5378 3436 5427 ut
3486 5369 3633 5427 servi
3654 5370 3755 5426 Do-

2162 5465 2369 5522 minum
2398 5462 2653 5519 timentes
2671 5470 2724 5520 et
2753 5461 2810 5517 in
2833 5461 2935 5517 viis
2966 5462 3081 5532 ejus
3103 5460 3470 5517 ambulantes.
3489 5482 3509 5508 α
3542 5456 3712 5524 Beati,
3730 5482 3749 5507 ιι

2162 5554 2353 5626 inquit,
2383 5574 2406 5606 ι
2442 5567 2633 5608 omnes
2681 5551 2773 5626 qui
2827 5550 3017 5607 timent
3073 5550 3388 5618 Dominum,
3443 5548 3536 5621 qui
3583 5547 3757 5603 ambu-

2164 5654 2278 5711 lant
2308 5652 2363 5708 in
2386 5651 2489 5708 viis
2517 5650 2639 5722 ejus
2672 5650 2847 5721 (Psal.
2874 5651 3075 5721 xxvu).
3114 5672 3135 5697 υ
3173 5650 3274 5705 Hic
3295 5647 3459 5704 timor
3485 5646 3751 5704 hominem

2163 5769 2196 5811 a
2226 5750 2470 5827 peccatis
2498 5749 2737 5818 abducit,
2767 5749 3089 5805 charitatem
3120 5748 3318 5804 animae
3333 5744 3572 5804 adducit.
3623 5744 3753 5800 Cha-

2162 5852 2293 5913 ritas
2322 5865 2453 5908 vero
2502 5848 2715 5906 intrans
2743 5863 2877 5905 eum
2907 5847 3056 5904 foras
3084 5845 3267 5918 mittit,
3306 5845 3432 5919 quia
3449 5844 3542 5902 hic
3597 5841 3751 5901 timor

2159 5964 2379 6023 panem
2404 5945 2591 6009 habet.
2622 5943 2687 6007 In
2713 5945 2820 6008 hac
2847 5944 3188 6007 beatitudine
3240 5942 3565 6004 festinantes
3615 5940 3750 6001 bona
