3972 6412
179 463 318 518 1221

1129 459 1704 516 DliFLOllATlONES
1752 459 1852 514 SS.
1907 460 2213 516 PATRUM.
2262 491 2326 498 —-
2369 460 2502 513 LlB.
2552 459 2625 512 ll.

3378 461 3514 516 19222

168 586 557 642 Hierusalem
585 586 841 641 omnibus
899 586 1094 642 diebus
1138 586 1261 642 vita:
1306 602 1417 640 suae
1438 585 1715 648 videbunt,
1750 593 1801 639 et
1830 586 1885 645 Α
1915 600 2203 654 vesperam
2257 583 2447 638 mundi
2515 585 2584 639 ad
2639 584 2805 641 fidem
2867 594 3263 642 convertuntur
3314 593 3368 640 et
3417 585 3504 639 fa-

166 693 376 747 pacem
413 675 627 742 Israel,
663 675 718 730 id
748 683 828 729 est
877 676 1156 731 Christum
1189 675 1488 729 habebunt.
1523 672 1629 741 Qui
1661 674 1804 728 enim

166 765 407 820 labores
473 780 745 820 manuum
787 781 1007 819 suarum
1071 763 1444 829 manducabit,
1497 762 1551 816 id
1592 770 1673 816 est
1714 763 1807 834 qui

167 863 327 917 bona
359 877 560 934 Opera
592 862 645 915 in
676 862 777 916 viis
835 862 1054 916 Domini
1085 861 1449 924 fructiticabit,
1484 860 1673 914 beatus
1704 867 1805 923 est,

171 959 229 1006 et
266 952 420 1006 bene
480 951 536 1006 ei
594 950 697 1004 erit
766 953 940 1014 (Psal.
980 954 1204 1013 cxxvn).
1241 970 1263 999 ι
1335 949 1502 1016 Ilujus
1535 964 1671 1002 uxor
1703 947 1811 1002 erit

172 1040 320 1094 sicut
358 1039 501 1094 vitis
547 1038 834 1094 abundans
891 1039 1092 1107 (ibid),
1131 1038 1186 1092 id
1237 1046 1319 1092 est
1367 1053 1494 1092 caro
1535 1038 1654 1105 ejus
1687 1052 1810 1092 cum

173 1138 410 1192 Christo
446 1137 548 1208 qui
580 1146 661 1190 est
693 1136 814 1189 vilis
848 1152 978 1190 vera
1038 1135 1338 1189 exsultans.
1385 1134 1496 1187 Filii
1530 1135 1643 1202 ejus
1675 1133 1812 1187 sicut

172 1224 433 1279 novellas
469 1226 744 1279 olivarum
801 1225 1007 1293 (ibid),
1059 1224 1267 1278 scilicet
1306 1238 1476 1292 opera
1506 1223 1558 1275 in
1591 1223 1812 1275 benedi-

172 1314 372 1369 ctione
429 1324 787 1368 sanctorum.
837 1314 1008 1367 Sexto
1053 1313 1268 1367 decimo
1298 1312 1447 1382 ponit
1490 1312 1675 1365 beatos
1707 1313 1810 1364 Ba-

173 1413 437 1482 byloniis
473 1421 531 1466 et
561 1412 684 1467 tilias
717 1412 1008 1481 Babylonis
1041 1413 1454 1466 retributionem
1492 1411 1811 1464 retribuen-

175 1510 287 1564 tes,
328 1501 493 1555 mala
527 1501 683 1554 nobis
717 1501 1036 1555 inferentes.
1082 1524 1103 1549 σι
1133 1502 1347 1566 Beatus,
1389 1521 1410 1549 ι
1447 1499 1636 1568 inquit,
1677 1497 1815 1568 «qui

176 1591 457 1645 retribuit
545 1590 985 1654 retributionem,
1055 1606 1217 1660 quam
1296 1589 1589 1643 retribuisti
1656 1587 1814 1641 nobis

176 1689 368 1744 (Psal.
409 1688 674 1752 cxxxvr).
721 1707 740 1733 υ
783 1686 915 1740 Filia
981 1685 1275 1755 Babylonis
1327 1692 1409 1739 est
1440 1700 1572 1738 caro
1603 1693 1810 1748 nostra,

180 1775 300 1829 tilia
337 1775 714 1830 confusionis.
749 1776 876 1830 Ilaac
899 1774 1036 1828 mala
1067 1775 1225 1828 nobis
1252 1774 1458 1836 tribuit,
1480 1789 1603 1827 cum
1627 1789 1726 1827 nos
1747 1772 1813 1825 ad

181 1865 558 1936 peccandum
589 1863 769 1919 illicit.
828 1864 966 1918 Huic
1024 1863 1433 1918 retributionem
1466 1877 1619 1915 suam
1650 1861 1813 1916 retii-

1926 691 2070 730 mem
2101 672 2253 727 verbi
2306 672 2408 726 Dei
2463 673 2768 742 patientur;
2828 684 2990 744 atque
3022 685 3078 731 ut
3107 691 3272 732 canes
3319 674 3512 730 civita-

1919 771 2046 831 tem,
2107 761 2314 816 scilicet
2377 761 2675 815 Ecclesiam
2734 762 3063 828 circuibunt,
3105 771 3160 818 et
3189 763 3358 817 micas
3390 778 3514 816 ser-

1918 863 2136 901 monum
2163 846 2261 900 Dei
2292 845 2361 900 de
2392 861 2581 901 mensa
2637 846 3069 903 Christianorum
3125 847 3386 919 colligere
3419 862 3515 900 cu—

1919 936 2089 1006 piunt.

1993 1032 2089 1087 Illo
2119 1039 2365 1102 tempore
2394 1031 2758 1087 Antichristus
2791 1032 3062 1103 regnabit,
3098 1032 3188 1104 qui
3221 1040 3385 1087 totum
3418 1047 3517 1087 or-

1921 1121 2044 1175 bem
2075 1121 2309 1175 diversis
2340 1122 2515 1174 modis
2546 1122 2911 1176 conturbabit.
2941 1123 3076 1175 Nam
3109 1131 3333 1176 cunctos
3362 1121 3514 1190 prin-

1921 1211 2068 1279 cipes
2103 1210 2207 1262 sibi
2250 1227 2347 1279 per
2403 1210 2690 1279 pecuniam
2751 1211 2990 1272 attrahit,
3023 1227 3145 1266 cum
3178 1209 3433 1263 divitibus
3463 1209 3515 1262 in

1921 1307 2152 1361 occultis
2182 1315 2240 1359 ut
2270 1307 2356 1359 leo
2379 1306 2431 1359 in
2463 1307 2673 1359 insidiis
2694 1307 2762 1360 ad
2791 1307 3170 1378 decipiendum
3203 1307 3374 1360 sedet.
3400 1305 3517 1360 Cle-

1923 1411 2047 1448 rum
2081 1412 2176 1465 per
2203 1395 2527 1448 mundanam
2559 1396 2874 1466 sapientiam
2908 1397 3158 1464 decipiet,
3188 1411 3313 1450 cum
3346 1394 3515 1448 verba

1923 1501 2110 1547 contra
2169 1492 2506 1546 Altissimum
2565 1493 2820 1562 proferet.
2887 1493 3197 1564 Rcligiosos
3246 1491 3416 1563 signis
3464 1500 3518 1547 et

1923 1581 2192 1651 prodigiis
2225 1581 2463 1646 seducet,
2498 1582 2711 1652 quando
2742 1584 2906 1636 etiam
2939 1581 3119 1652 ignem
3151 1581 3218 1636 de
3253 1583 3392 1635 cmlo
3421 1581 3515 1634 de-

1924 1670 2189 1724 scendere
2211 1669 2395 1724 faciet.
2439 1670 2641 1741 Vulgus
2673 1679 2884 1724 terrore
2914 1670 3210 1734 concutiet,
3240 1685 3362 1724 cum
3393 1685 3514 1723 ma-

1923 1766 2076 1820 xima
2123 1766 2502 1836 persecutione
2561 1767 2616 1819 in
2673 1766 3008 1820 Christianos
3057 1766 3268 1821 sazviet.
3327 1767 3514 1821 Enoch

1923 1855 2068 1909 enim
2097 1859 2151 1909 et
2180 1855 2352 1908 Eliam
2384 1853 2691 1918 interticiet,
2741 1865 2794 1909 et
2837 1871 3028 1909 omnes
3059 1855 3160 1908 sibi
3194 1855 3515 1910 resistentes

183 1963 455 2028 buimus,
491 1961 617 2016 dum
650 1978 768 2017 eam
802 1980 901 2034 pro
933 1963 1242 2018 commissis
1264 1962 1463 2018 inicius
1498 1962 1806 2029 amigimus.
1839 1941 1892 2001 Β
1923 1943 2130 1999 crudeli
2160 1943 2559 1998 examinatione
2591 1943 2811 2012 perdet.
2853 1942 3028 2011 Quem
3061 1945 3321 1998 Dominus
3355 1944 3514 1998 Jesus

186 2052 300 2120 Qui
336 2053 455 2107 hoc
500 2051 706 2106 faciunt
762 2052 1084 2122 principium
1136 2051 1333 2105 lattitia)
1385 2051 1438 2104 in
1478 2051 1564 2104 die
1614 2051 1813 2104 llieru-

187 2141 384 2196 salem
444 2140 779 2210 percipiunt.
840 2141 1091 2211 Septimo
1149 2140 1363 2193 decimo
1423 2139 1573 2209 ponit
1625 2140 1814 2192 beatos

189 2239 480 2309 parvulos
553 2238 699 2291 Filias
758 2238 1047 2308 Babylonis
1106 2245 1370 2303 tenentes,
1413 2245 1462 2290 et
1501 2237 1568 2290 ad
1606 2245 1814 2308 petram

191 2327 527 2381 allidentes.
577 2351 598 2373 υ
635 2327 850 2392 Beatus,
891 2348 912 2375 ι
949 2327 1147 2396 inquit,
1185 2349 1208 2372 α
1255 2325 1346 2397 qui
1394 2325 1613 2392 tenebit,
1649 2335 1701 2380 et
1730 2325 1815 2378 al-

191 2414 342 2469 lidet
409 2414 672 2485 parvulos
732 2424 851 2468 tuos
890 2415 956 2467 ad
997 2424 1211 2484 petram
1259 2416 1441 2484 (Psal.
1489 2415 1731 2479 cxuvr).
1789 2437 1810 2460 ι

193 2504 432 2558 Parvuli
496 2504 620 2559 tilias
680 2504 970 2574 Babylonis
1036 2511 1162 2557 sunt
1236 2502 1624 2573 suggestiones
1693 2518 1816 2557 car-

196 2601 355 2655 nalis
416 2600 826 2656 delectationis.
886 2601 997 2654 Hos
1050 2600 1119 2654 ad
1175 2609 1381 2670 petram
1443 2599 1671 2653 allidunt
1727 2599 1817 2670 qui

200 2690 279 2743 ob
348 2689 553 2745 Christi
607 2690 921 2759 passionem
967 2689 1216 2744 carnalia
1257 2696 1542 2758 respuunt.
1591 2688 1656 2741 Hi
1696 2703 1818 2743 cum

202 2777 279 2833 de
313 2777 621 2849 Babylonia
653 2778 778 2833 hinc
820 2778 889 2831 ad
920 2777 1259 2831 Hierusalem
1289 2777 1630 2844 remeabunt,
1667 2778 1822 2849 hym-

205 2894 350 2931 num
384 2877 454 2931 de
484 2876 717 2930 canticis
747 2876 878 2930 Sion
909 2875 962 2929 in
988 2884 1250 2929 mter-num
1281 2875 1604 2930 cantabunt.

285 2976 446 3030 Ecce
475 2982 604 3045 quot
635 2973 998 3028 beatitudines
1028 2974 1423 3028 hzereditabunt
1453 2974 1506 3028 hi
1538 2973 1629 3046 qui
1660 2974 1713 3029 in
1728 2975 1820 3029 via

206 3064 427 3117 Christi
468 3062 842 3117 ambulabunt.
879 3063 942 3115 Et
973 3061 1101 3132 quia
1143 3064 1421 3132 propheta:
1464 3071 1540 3118 tot
1569 3079 1666 3134 per
1697 3064 1818 3134 spi-

207 3153 388 3207 ritum
421 3151 622 3206 dotalia
649 3151 923 3206 Christum
981 3151 1244 3206 Ecclesiae
1289 3152 1576 3206 allaturum
1600 3151 1815 3206 intelle-

204 3249 443 3306 xerunt,
477 3241 599 3296 ideo
635 3249 922 3310 tantopere
945 3240 1069 3310 ejus
1090 3241 1382 3294 adventum
1406 3241 1816 3310 concupierunt.

208 3330 393 3398 Hujus
449 3329 587 3384 duos
646 3330 914 3384 adventus
972 3330 1234 3399 praedicat
1297 3330 1590 3384 Ecclesia:
1646 3346 1817 3383 unum

209 3433 326 3489 quo
360 3417 679 3488 languidum
718 3417 983 3471 mundum
1025 3418 1281 3486 visitavit,
1338 3419 1508 3472 alium
1549 3433 1656 3489 quo
1696 3419 1816 3473 col—

209 3513 438 3586 lapsum
495 3514 758 3568 mundum
811 3514 1098 3582 judicabit.
1157 3515 1331 3585 Ipsius
1383 3515 1673 3569 adventum
1721 3531 1818 3585 per

213 3610 458 3674 quatuor
514 3602 830 3657 Dominicas
885 3603 1248 3670 extendimus,
1299 3603 1391 3674 qui
1446 3604 1588 3658 hunc
1618 3619 1650 3657 a
1681 3620 1818 3675 qua-

213 3699 349 3748 tuor
375 3690 682 3756 ordinibus,
715 3691 923 3747 scilicet
961 3708 990 3746 a
1029 3692 1376 3762 patriarchis,
1409 3709 1438 3746 a
1461 3693 1753 3761 judicibus,
1790 3708 1820 3745 a

217 3788 466 3862 regibus,
509 3803 542 3842 a
579 3788 863 3858 prophetis
893 3788 1300 3858 pronuntiatum
1344 3788 1598 3860 legimus:
1640 3791 1685 3843 A
1723 3805 1820 3859 pa-

219 3877 477 3932 triarchis
509 3877 599 3931 ubi
631 3877 767 3931 Abel
823 3892 1048 3947 agnum,
1109 3877 1507 3934 Melchisedech
1538 3893 1735 3948 panem
1766 3886 1821 3932 et

220 3967 432 4032 vinum,
474 3966 765 4030 Abraham,
809 3966 978 4020 ﬁlium
1006 3981 1172 4020 suum
1218 3965 1436 4020 obtulit.
1475 3970 1518 4019 A
1543 3966 1821 4036 judicibus

221 4077 364 4118 vero
390 4061 556 4118 Josue
585 4062 750 4132 quiet
777 4061 937 4116 Jesus
991 4062 1178 4115 hostes
1226 4065 1579 4133 expugnavit,
1623 4069 1821 4116 terram

223 4149 431 4222 populo
482 4149 684 4214 divisit,
746 4157 799 4204 et
849 4150 942 4203 ubi
981 4148 1209 4206 Gedeon
1251 4149 1426 4205 vellus
1457 4151 1733 4220 exposuit,
1766 4149 1822 4203 in

223 4239 375 4311 quod
425 4253 518 4292 ros
563 4237 894 4293 descendit:
929 4238 1021 4309 qui
1069 4246 1124 4293 et
1177 4238 1297 4308 ipse
1352 4239 1541 4294 hostes
1574 4254 1698 4294 cum
1730 4236 1820 4291 la—

223 4335 385 4409 genis
414 4334 567 4398 vicit;
601 4342 655 4390 et
683 4335 775 4389 ubi
806 4335 1039 4389 Samson
1059 4335 1114 4388 in
1147 4335 1331 4389 Gasan
1371 4335 1440 4390 ad
1475 4335 1822 4390 meretricem

221 4423 486 4490 introivit,
521 4431 575 4478 et
604 4439 704 4492 per
733 4423 919 4478 hostes
959 4423 1014 4477 in
1057 4433 1301 4478 montem
1329 4425 1598 4480 ascendit.
1639 4429 1685 4480 Α
1724 4439 1821 4478 re-

221 4513 389 4587 gibus
439 4511 531 4567 ubi
588 4512 763 4567 David
817 4511 1038 4568 Goliath
1085 4513 1296 4577 stravit,
1348 4521 1401 4568 et
1431 4513 1524 4568 ubi
1557 4513 1823 4570 Salomon

224 4609 490 4680 templum
530 4607 835 4676 aedificavit,
867 4617 920 4664 et
967 4609 1057 4664 ubi
1086 4610 1263 4665 Josias
1308 4611 1514 4666 Pascha
1559 4612 1820 4668 celebra-

225 4699 322 4756 vit.
354 4701 397 4753 Α
429 4698 708 4769 prophetis
764 4698 856 4752 ubi
911 4698 1084 4753 Isaias
1142 4699 1212 4754 de
1242 4699 1454 4770 virgine
1484 4701 1819 4756 nasciturum

228 4803 375 4854 eum,
410 4787 674 4842 Jeremias
703 4803 828 4843 cum
869 4786 1180 4842 hominibus
1226 4797 1692 4856 conversaturum,
1721 4792 1822 4846 Da-

227 4884 340 4940 niel
395 4891 642 4939 sanctum
704 4893 1010 4941 sanctorum
1077 4894 1366 4941 venturum
1404 4889 1672 4958 praedixit.
1715 4891 1820 4945 Per

230 4979 468 5045 quatuor
496 4973 659 5028 etiam
689 4973 1006 5029 Dominicas
1037 4973 1332 5032 adventum
1363 4977 1654 5034 recolimus
1682 4979 1819 5047 ejus,

231 5071 357 5142 quia
383 5079 508 5127 ante
537 5071 723 5143 legem
756 5072 993 5127 Abrahae
1021 5080 1074 5127 et
1112 5073 1436 5142 patriarchis
1467 5083 1549 5130 est
1576 5077 1821 5146 promis-

230 5175 345 5224 sus,
379 5160 617 5229 aMoyse
670 5167 724 5214 et
779 5160 1064 5231 prophetis
1119 5161 1482 5234 prescriptus,
1514 5165 1616 5218 sub
1645 5165 1822 5238 gratia

229 5272 262 5313 a
287 5257 502 5313 Joanne
530 5265 582 5313 et
609 5257 878 5328 apostolis
907 5265 1183 5325 ostensus,
1215 5258 1394 5316 adhuc
1415 5269 1680 5317 venturus
1707 5279 1820 5319 om-

227 5346 388 5401 nibus
412 5344 758 5402 manifestus.
777 5346 908 5403 ideo
926 5361 1072 5404 nunc
1093 5347 1282 5404 Gtoria
1303 5349 1366 5404 in
1387 5351 1628 5407 excelsis
1656 5352 1828 5410 interc

228 5443 519 5511 mittimus,
552 5443 702 5516 quod
731 5444 787 5499 in
813 5444 1103 5502 Nativitate
1131 5445 1253 5516 ejus
1290 5448 1649 5518 cantabimus,
1687 5452 1817 5523 quia

239 5543 361 5612 ipse
391 5557 626 5597 nascens
661 5541 920 5613 gaudium
958 5543 1163 5599 mundo
1189 5544 1382 5612 attulit,
1415 5547 1508 5617 qui
1537 5547 1690 5617 prius
1730 5549 1828 5604 tri-

231 5639 433 5696 stitiam
487 5639 698 5695 habuit.
752 5641 926 5709 Hujus
979 5641 1270 5698 adventum
1332 5643 1520 5698 Enoch
1573 5654 1627 5699 et
1676 5647 1825 5701 Elius

232 5729 634 5801 prtevenientes
698 5745 822 5784 eum
885 5731 1088 5786 mundo
1152 5729 1447 5785 affuturum
1489 5736 1824 5803 praenuntia-

233 5827 388 5896 hunt,
432 5826 573 5884 sicut
610 5827 742 5884 olim
778 5827 930 5884 illum
967 5829 1250 5900 prophetae
1303 5829 1639 5886 nasciturum
1677 5849 1825 5902 prae-

1849 3293 1898 3356 C

1922 2040 2174 2110 spiritum
2210 2041 2322 2096 oris
2353 2040 2457 2108 sui,
2480 2056 2575 2094 seu
2610 2040 2883 2095 Michaelis
2915 2041 3232 2110 archangeli
3263 2040 3514 2096 ministe—

1924 2131 2007 2184 rio
2066 2128 2369 2194 interﬁciat,
2426 2129 2651 2199 ipseque
2712 2137 2838 2183 tunc
2892 2129 2959 2182 ad
3000 2129 3261 2198 judicium
3304 2131 3506 2184 veniet.

1923 2218 2026 2285 Qui
2052 2219 2200 2287 prius
2230 2216 2375 2271 venit
2398 2217 2747 2285 judicandus,
2782 2225 2909 2272 tunc
2941 2219 3118 2272 veniet
3145 2217 3511 2287 judicaturus.

1922 2313 2031 2382 Qui
2065 2313 2209 2382 prius
2241 2314 2387 2367 venit
2442 2314 2707 2378 occultus,
2749 2322 2877 2367 tunc
2931 2313 3113 2368 veniet
3153 2313 3502 2369 manifestus.

1924 2403 2005 2456 Ad
2041 2404 2193 2470 cujus
2225 2401 2518 2456 adventum
2549 2418 2739 2456 omnes
2757 2401 3005 2456 homines
3027 2411 3329 2473 resurgant,
3363 2404 3519 2472 eique

1926 2491 2235 2546 catervatim
2267 2500 2547 2555 occurent,
2607 2491 2811 2546 Omnes
2871 2491 3016 2546 enim
3067 2507 3193 2546 eum
3237 2492 3516 2558 videbunt,

1928 2597 1978 2644 et
2009 2588 2107 2660 qui
2137 2605 2258 2642 eum
2291 2595 2641 2658 pupugerunt
2690 2592 2876 2659 (λιμοί).
2912 2592 2976 2654 ι).
3010 2589 3158 2660 Ignis
3187 2597 3311 2644 ante
3343 2589 3517 2659 ipsum

1927 2677 2221 2748 prazcedet,
2291 2677 2341 2732 ei
2409 2677 2660 2732 inimicos
2699 2678 2816 2746 ejus
2856 2677 2912 2730 in
2970 2677 3202 2732 circuitu
3241 2686 3522 2732 consumet

1928 2776 2100 2846 (Psal.
2137 2776 2312 2830 xcv-il.
2350 2774 2500 2830 Sicut
2547 2774 2674 2830 olim
2733 2791 2869 2846 aqua
2901 2775 3088 2829 diluvii
3135 2791 3304 2846 super
3333 2792 3524 2831 omnes

1928 2879 2143 2925 montes
2173 2887 2240 2925 xv
2263 2869 2457 2924 cubitis
2487 2871 2752 2939 excrevit,
2784 2870 2854 2924 ita
2886 2878 3014 2926 tunc
3039 2871 3184 2944 ignis
3214 2889 3381 2942 super
3411 2888 3525 2928 om-

1929 2959 2020 3014 nia
2050 2958 2311 3012 montium
2341 2959 2636 3014 cacumina
2687 2975 2756 3011 xv
2813 2958 3010 3013 cubitis
3040 2975 3370 3014 ascensurus
3401 2960 3520 3014 erit.

1929 3047 2079 3102 Tunc
2103 3047 2263 3114 justis
2294 3061 2326 3100 ο.
2352 3046 2564 3100 dextris
2595 3045 2793 3100 Christi
2824 3047 3034 3116 positis,
3068 3047 3248 3118 impiis
3280 3057 3458 3103 autem
3491 3063 3525 3104 a

1930 3143 2182 3208 sinistris,
2214 3142 2393 3198 omnia
2444 3141 2726 3197 manifesta
2767 3143 3017 3198 omnibus
3048 3153 3226 3208 erunt,
3269 3162 3388 3216 qua:
3417 3161 3524 3199 un-

1929 3249 2093 3304 quam
2126 3231 2371 3286 homines
2402 3231 2718 3302 cogitando,
2752 3230 3048 3303 loquendo,
3104 3231 3352 3287 faciendo
3385 3249 3524 3287 com-

1930 3321 2210 3385 miserunt,
2241 3327 2294 3373 et
2325 3318 2525 3391 singuli
2565 3335 2666 3389 pro
2704 3319 2915 3374 meritis
2962 3320 3182 3390 dignam
3213 3321 3522 3376 retributio-

1927 3426 2057 3465 nem
2085 3408 2403 3473 sortiuntur,
2435 3409 2562 3462 dum
2585 3407 2721 3476 justi
2753 3408 2805 3461 in
2830 3408 3201 3479 gaudiaimpii
3234 3409 3290 3462 in
3321 3411 3517 3480 suppli-

1928 3508 2015 3563 cia
2043 3507 2424 3562 decernuntur.
2479 3505 2607 3560 Ideo
2638 3504 2756 3560 dies
2795 3505 2884 3558 illa
2930 3505 3047 3560 dies
3085 3506 3273 3575 judicii
3305 3507 3519 3576 dicitur,

1930 3603 2056 3675 quia
2094 3611 2220 3658 tunc
2244 3603 2423 3671 justus
2450 3601 2622 3656 Judex
2651 3601 2850 3672 injuste
2875 3601 3150 3670 judicatus
3180 3603 3362 3657 omnia
3378 3605 3524 3673 juste

1929 3690 2215 3779 judicabit,
2248 3690 2338 3762 qui
2369 3690 2558 3745 orbem
2589 3699 2863 3744 terrarum
2893 3689 2948 3744 in
2974 3690 3179 3759 justitia
3209 3699 3261 3746 et
3290 3693 3522 3764 populos

1930 3788 1987 3845 in
2015 3789 2268 3860 aequitate
2295 3787 2566 3859 judicabit
2605 3790 2784 3854 (Psal.
2832 3791 2929 3861 ix),
2969 3813 2990 3837 ιι
3028 3789 3162 3846 Hmc
3194 3792 3355 3846 eliam
3407 3793 3525 3847 dies

1932 3886 2150 3942 Domini
2180 3893 2424 3955 vocatur,
2471 3886 2593 3958 quia
2626 3887 2718 3941 illa
2747 3887 2836 3942 die
2884 3887 3172 3959 unicuique
3222 3905 3322 3960 pro
3356 3906 3524 3960 opere

1933 3991 2032 4030 suo
2059 3976 2208 4046 justa
2236 3991 2448 4030 merces
2477 3990 2506 4029 a
2535 3976 2767 4031 Domino
2799 3977 3321 4046 recompensabitur.
3374 3980 3524 4034 Tunc

1932 4073 2185 4128 diabolus
2230 4087 2413 4129 ceram
2469 4073 2781 4128 hominibus
2840 4073 3058 4130 vinctus
3113 4074 3430 4141 adducetur,
3473 4084 3526 4132 et

1931 4162 2243 4217 videntibus
2299 4161 2508 4219 cunctis
2565 4162 2622 4217 in
2678 4171 2931 4235 stagnum
2985 4163 3128 4235 ignis
3160 4173 3212 4220 et
3252 4165 3527 4236 sulphuris

1932 4249 2385 4322 praecipitabitur,
2445 4266 2750 4323 corpusque
2807 4251 2923 4320 ejus
2981 4251 3193 4308 scilicet
3258 4255 3525 4310 malorum

1932 4347 2259 4402 universitas
2288 4363 2410 4404 cum
2467 4363 2532 4403 eo
2590 4349 2851 4415 mittetur,
2899 4358 3146 4422 terraque
3177 4360 3528 4409 convertatur

1935 4435 2014 4491 eis
2045 4435 2098 4489 in
2131 4436 2306 4506 picem
2338 4445 2387 4491 et
2410 4435 2639 4508 sulphur
2666 4437 2946 4492 ardentem
2973 4438 3027 4492 in
3060 4439 3263 4495 smcula
3289 4442 3525 4497 sarculo-

1932 4548 2076 4588 rum.
2109 4534 2261 4589 Tunc
2289 4533 2556 4599 Ecclesia,
2609 4533 2804 4589 Christi
2843 4551 3046 4606 sponsa
3085 4537 3177 4592 diu
3207 4537 3297 4594 hic
3343 4539 3395 4592 in
3427 4554 3528 4610 pe-

1849 4653 1904 4715 D
1933 4630 2303 4702 regrinatione
2355 4647 2386 4684 a
2446 4631 2752 4702 Babyloniis
2807 4647 3075 4702 oppressa
3133 4634 3200 4688 de
3230 4635 3529 4690 exsilioBa-

1937 4728 2156 4799 bylonio
2193 4744 2226 4783 a
2252 4743 2454 4800 sponso
2485 4744 2585 4783 suo
2614 4729 2895 4798 educetur,
2945 4739 2999 4785 et
3035 4746 3158 4786 cum
3190 4747 3392 4803 magno
3421 4749 3525 4787 an-

1935 4817 2187 4888 gelorum
2249 4816 2486 4888 tripudio
2549 4817 2606 4871 in
2671 4818 2947 4872 civitatem
3015 4820 3181 4874 Patris
3249 4821 3527 4876 cwlestem

1938 4915 2286 4970 Hierusalem
2326 4915 2728 4970 introducetur.
2781 4915 2930 4971 Tunc
2965 4917 3100 4988 justi
3148 4917 3287 4974 sicut
3315 4918 3396 4974 sol
3427 4919 3526 4974 ful-

1937 5004 2164 5074 gebunt,
2197 5011 2250 5060 et
2279 5003 2516 5075 aequales
2555 5004 2769 5076 angelis
2825 5013 3004 5071 erunt,
3045 5013 3097 5061 et
3138 5006 3374 5063 inovatis
3401 5023 3526 5063 om-

1937 5092 2097 5148 nibus
2125 5092 2225 5150 erit
2256 5093 2401 5149 Deus
2428 5092 2611 5149 omnia
2638 5092 2690 5148 in
2721 5093 2976 5149 omnibus
3001 5094 3056 5166 (Ι
3078 5095 3202 5152 Cor.
3243 5099 3355 5166 xv).
3394 5119 3416 5144 υ

2008 5201 2217 5271 Itaque,
2249 5199 2586 5261 charissimi,
2623 5201 2758 5255 hora
2783 5209 2870 5256 est
2875 5201 2994 5270 jam
3021 5217 3120 5257 nos
3140 5203 3208 5258 de
3225 5218 3418 5260 somno
3439 5203 3530 5260 de-

1938 5297 2092 5354 sidia
2112 5312 2357 5368 surgere,
2382 5304 2438 5353 ut
2459 5297 2515 5353 in
2545 5297 2705 5352 bonis
2733 5297 2995 5369 cperibus
3029 5299 3328 5371 pervigiles
3357 5301 3529 5372 possi-

1939 5404 2063 5443 mus
2103 5387 2376 5444 Christum
2423 5388 2728 5445 venientem
2776 5387 2883 5444 lasti
2928 5387 3200 5460 excipere,
3255 5399 3526 5462 quatenus

1937 5477 2059 5548 ipse
2086 5475 2392 5533 conformat
2420 5493 2616 5548 corpus
2651 5477 2967 5532 humilitatis
2993 5486 3194 5534 nostra;
3226 5478 3530 5552 conﬁgura-

1939 5581 2052 5628 tum
2081 5575 2297 5644 corpori
2326 5574 2582 5629 claritatis
2608 5592 2719 5629 suae
2778 5577 3059 5648 (Philipp.
3097 5578 3200 5647 ιιι).
3268 5578 3531 5649 Superius

1942 5670 2026 5717 est
2054 5661 2308 5727 dulcedo,
2349 5663 2574 5718 inferius
2614 5664 2942 5729 amaritudo,
2975 5667 3026 5718 in
3078 5666 3178 5721 hoc
3210 5669 3411 5723 mundo
3439 5669 3532 5740 qui

1943 5750 2191 5805 consistit
2205 5749 2260 5803 in
2290 5751 2474 5806 medio
2505 5751 2786 5823 utriusque
2808 5754 3114 5810 umbratilis
3143 5757 3345 5829 imago.
3394 5757 3532 5811 Dul-

1942 5839 2083 5894 csdo
2111 5853 2248 5912 ergo
2275 5839 2400 5894 coeli
2427 5854 2531 5895 nos
2559 5856 2775 5896 sursum
2807 5843 3006 5911 trahat,
3039 5846 3344 5902 amaritudo
3372 5845 3537 5902 infer-

236 5915 520 5980 dixerunt.
574 5917 678 5978 Per
731 5932 965 5991 quorum
1018 5915 1464 5992 medicationem
1523 5919 1700 5981 διιόωὶ
1757 5922 1826 5981 ad
1947 5926 2006 5987 ni
2033 5925 2297 6002 impellat,
2340 5934 2399 5988 ut
2436 5928 2595 6001 hujus
2640 5929 2844 5991 mediae
2889 5931 3017 5994 vitea
3051 5933 3538 6016 perhorrescimus
