3972 6408
415 420 551 475 12³23

1514 406 1860 464 WERNERI
1897 404 2184 465 ABBATIS
2224 406 2287 464 S.
2335 405 2557 463 BLASII

3580 404 3712 461 ηξι

415 541 726 608 miseriam,
776 546 826 594 et
866 537 1041 594 beata:
1081 535 1204 591 vitae
1242 531 1388 605 pleni
1426 530 1613 606 gaudii
1650 530 2016 603 percipiamus
2042 534 2093 595 A
2124 534 2325 591 dictum
2348 540 2453 601 est,
2505 531 2651 606 quod
2674 532 2844 590 oratio
2874 531 3084 606 quaerit,
3133 529 3519 603 contemplatio
3556 530 3714 587 inve-

420 631 677 704 gloriam.
710 628 852 684 Olim
883 625 1117 682 mundus
1146 622 1324 696 gloria
1351 630 1404 678 et
1432 621 1625 694 Opibus
1643 620 1845 688 ﬂoruit,
1876 619 2019 675 urbi-

418 723 520 777 bus
551 728 604 776 et
638 719 839 775 viribus
876 715 1068 787 viguit,
1120 723 1173 770 et
1202 722 1388 767 tamen
1432 711 1564 781 justi
1608 718 1856 765 ornatum
1895 709 2016 779 ejus

420 824 754 889 spreverunt
784 828 889 885 quo
917 810 1134 867 abunde
1163 810 1436 865 nitescere
1492 815 1804 879 potuerunt.
1861 807 2017 863 Nunc

417 907 607 963 mundi
637 905 811 976 gloria
841 901 978 957 aruit
1004 919 1019 968 ;
1050 915 1196 956 nunc
1224 906 1402 953 autem
1432 897 1610 953 omnis
1640 896 2018 952 smculibonor

415 995 672 1058 extabuit,
708 1002 760 1049 et
789 1008 890 1047 nos
914 990 1097 1045 miseri
1115 989 1308 1044 ﬂorem
1329 986 1450 1059 ejus
1471 986 1687 1042 aridum
1713 994 1829 1041 toto
1851 985 2018 1042 corde

418 1090 822 1164 amplectimur,
845 1105 946 1144 nos
975 1088 1273 1158 fugientem
1314 1093 1365 1140 et
1406 1084 1741 1139 arridenlem
1776 1090 1890 1139 toto
1920 1082 2018 1138 de-

413 1183 611 1238 siderio
643 1180 952 1251 sequimur.
992 1178 1061 1232 Et
1092 1176 1221 1248 quia
1244 1175 1362 1245 jam
1394 1174 1657 1230 cbaritate
1689 1172 2018 1244 t'rigescente

412 1270 616 1327 nullius
646 1268 840 1335 oratio,
880 1266 1084 1322 nullius
1113 1265 1373 1320 meritum
1417 1278 1542 1317 eum
1577 1260 1747 1330 fulcit,
1778 1263 1890 1332 jam
1924 1275 2018 1316 se-

410 1370 502 1425 nio
532 1366 816 1424 confectus
852 1364 1140 1437 iniquitate
1170 1361 1336 1416 nimia
1378 1359 1649 1431 impulsus
1693 1359 2018 1431 quantocius

412 1458 635 1522 corruit,
670 1470 973 1526 omnesque
1000 1453 1105 1508 sibi
1138 1460 1318 1506 mente
1357 1451 1690 1504 inhaerentes
1721 1446 2009 1520 opprimit.

410 1549 585 1618 Nunc,
616 1543 949 1609 charissimi,
983 1542 1156 1598 corda
1185 1557 1307 1596 cum
1340 1539 1590 1594 manibus
1621 1538 1692 1593 ad
1726 1538 1902 1592 Deum
1931 1536 2020 1592 le-

411 1654 627 1706 vemus,
670 1635 866 1691 faciem
900 1632 1021 1702 ejus
1052 1631 1104 1685 in
1172 1629 1517 1686 confessione
1548 1641 2016 1699 praeoccupemus,

413 1742 473 1790 ut
502 1734 556 1787 in
592 1729 1074 1803 appropinquante
1102 1725 1242 1781 festo
1271 1740 1380 1779 nos
1406 1723 1462 1777 in
1493 1722 1719 1778 salutari
1756 1738 1854 1777 suo
1886 1719 2019 1776 visi-

411 1832 506 1889 tet,
541 1831 598 1878 et
627 1822 683 1875 in
710 1819 949 1874 adventu
979 1832 1077 1871 suo
1096 1814 1200 1870 sibi
1229 1820 1581 1870 occursantes
1609 1811 1666 1866 in
1694 1811 1901 1866 caelesti
1926 1825 2023 1882 pa-

411 1914 541 1969 latio
571 1910 823 1967 collocet.

413 2070 489 2124 De
524 2065 768 2139 quinth
798 2054 1535 2139 exercitationisgradibus
1572 2051 1931 2139 quibusjusti
1961 2052 2025 2107 in

546 2140 650 2193 hac
670 2128 791 2190 uita
812 2134 1179 2197 exercentur,
1205 2130 1344 2184 etde
1364 2128 1610 2200 quinque
1630 2128 1900 2181 statibus.

485 2290 733 2362 Quatuor
759 2292 886 2342 sunt
914 2283 970 2340 in
998 2280 1195 2356 quibus
1222 2294 1367 2337 nunc
1391 2284 1681 2337 exercetur
1707 2275 1821 2334 vita
1842 2276 2024 2346 justo-

414 2372 561 2451 rum,
594 2390 645 2436 et
667 2376 824 2451 quasi
846 2391 945 2447 per
976 2370 1243 2445 quosdam
1272 2370 1475 2441 gradus
1512 2368 1581 2422 ad
1625 2367 1863 2422 futuram
1892 2382 2026 2437 per-

420 2472 716 2529 fectionem
767 2465 1113 2529 sublevatur,
1178 2458 1438 2514 videlicet
1471 2457 1654 2523 lectio,
1715 2455 2019 2523 meditatio,

416 2570 593 2627 oratio
628 2575 682 2623 et
725 2562 993 2636 operatio.
1045 2558 1245 2629 Quinta
1275 2556 1473 2613 deinde
1503 2555 1750 2627 sequitur
1779 2561 2026 2610 contem-

414 2659 601 2731 platio,
636 2657 690 2710 in
720 2670 828 2727 qua
857 2649 1015 2723 quasi
1072 2647 1309 2721 quodam
1356 2643 1789 2717 prmcedcntium
1846 2642 2025 2699 fructu

415 2730 471 2805 in
503 2749 609 2803 hac
640 2744 768 2810 vita,
802 2741 964 2798 etiam
990 2754 1113 2813 qua}
1143 2737 1213 2791 sit
1241 2735 1371 2792 boni
1395 2734 1581 2807 operis
1611 2748 1822 2789 merces
1844 2730 2026 2788 futura

419 2850 818 2919 prmgustatur.
870 2837 1027 2895 Unde
1076 2833 1370 2889 Psalmista
1422 2848 1543 2888 cum
1578 2830 1645 2887 de
1669 2830 1895 2900 judiciis
1924 2830 2026 2886 Dei

418 2918 755 3006 loqueretur,
804 2925 1194 2984 commendans
1241 2940 1322 2991 ea,
1373 2921 1559 2977 statim
1592 2918 1918 2989 subjunxit:
1964 2919 2025 2973 In

419 3018 797 3080 custodiendis
829 3016 937 3071 illis
981 3013 1264 3070 retributio
1304 3010 1470 3066 multa
1500 3011 1677 3082 (Psal.
1719 3008 1905 3079 xvm).
1944 3008 2026 3064 De

416 3120 501 3174 his
534 3118 773 3191 quinque
803 3112 1105 3187 gradibus:
1131 3109 1341 3182 primus
1371 3107 1598 3180 gradus,
1622 3106 1678 3161 id
1716 3114 1797 3162 est
1834 3105 2022 3173 lectio,

419 3226 538 3282 quae
568 3215 650 3263 est
692 3202 1101 3274 incipientium;
1143 3214 1452 3269 supremus,
1490 3196 1547 3251 id
1572 3203 1655 3251 est
1687 3193 2025 3265 contempla-

417 3268 510 3367 tio,
579 3312 699 3368 quae
757 3268 837 3348 est
896 3268 1288 3362 perfecturum.
1342 3287 1405 3341 Et
1452 3284 1520 3341 de
1550 3284 1748 3340 mediis
1779 3283 2020 3355 quidem,
2056 3268 2106 3331 C

419 3407 619 3470 quanto
650 3394 833 3467 plures
863 3389 986 3463 quis
1015 3386 1348 3453 ascenderit,
1381 3393 1528 3439 tanto
1560 3383 1858 3454 perfectior
1889 3382 2017 3437 erit.

417 3488 581 3545 Verbi
613 3483 829 3558 gratia:
864 3481 1040 3552 prima
1086 3474 1249 3532 lectio
1302 3473 1724 3544 intelligentiam
1758 3472 1853 3526 dat
1886 3488 1897 3524 :
1933 3488 2027 3527 se-

419 3578 596 3635 cunda
663 3568 940 3628 meditatio
986 3564 1276 3624 consilium
1323 3570 1567 3634 praestat.
1621 3560 1808 3617 Tertia
1853 3560 2026 3617 oratio

419 3677 576 3750 petit.
616 3672 830 3742 Quarta
859 3667 1102 3739 operatio
1134 3662 1350 3737 quaerit.
1394 3661 1597 3730 Quinta
1640 3658 2027 3731 contemplatio

413 3749 645 3823 invenit.
679 3762 736 3817 Si
767 3774 903 3830 ergo
954 3755 1119 3828 legis,
1178 3760 1231 3807 et
1289 3749 1713 3823 intelligentiam
1748 3749 1943 3814 habes,
1974 3755 2029 3805 et

416 3856 561 3913 nosti
585 3855 696 3922 jam
722 3849 855 3922 quid
904 3843 1212 3901 faciendum
1243 3840 1331 3908 sit,
1364 3839 1575 3893 initium
1604 3836 1737 3893 boni
1769 3846 1889 3903 est;
1930 3836 2029 3892 sed

421 3955 599 4012 adhuc
630 3949 726 4005 tibi
768 3961 879 4002 non
909 3939 1127 4006 suﬁicit,
1159 3937 1400 3995 nondum
1430 3934 1707 4007 perfectus
1739 3949 1821 3990 es.
1855 3934 2029 3990 Scan-

421 4045 490 4099 de
530 4043 713 4112 itaque
748 4035 805 4091 in
842 4047 1023 4089 arcem
1083 4025 1323 4096 consilii,
1368 4035 1420 4081 et
1466 4023 1736 4079 meditare
1796 4022 2032 4095 qualiter

419 4110 656 4205 implere
685 4126 875 4182 valeas
907 4119 1038 4194 quid
1068 4114 1384 4174 faciendum
1423 4129 1547 4170 esse
1578 4110 1848 4168 didicisti.
1872 4110 2032 4166 Multi

425 4231 575 4287 enim
608 4226 810 4282 habent
838 4216 1142 4282 scientiam,
1176 4213 1273 4269 sed
1302 4210 1466 4284 pauci
1498 4217 1621 4265 sunt
1650 4208 1742 4281 qui
1766 4214 2034 4264 noverunt

437 4318 675 4393 qualiter
706 4311 849 4369 scire
887 4312 1159 4380 Oporteat.
1207 4303 1415 4358 Rursus
1453 4298 1714 4372 quoniam
1745 4296 2034 4354 consilium

415 4385 671 4467 heminis
702 4403 821 4458 sine
850 4398 1035 4454 divino
1066 4392 1274 4449 auxilio
1292 4390 1564 4446 inﬁrmum
1592 4395 1676 4444 est
1704 4394 1758 4443 et
1784 4385 2032 4443 ineﬁicax

438 4507 504 4565 ad
539 4503 847 4562 orationem
878 4493 1121 4567 erigere,
1152 4498 1205 4546 et
1234 4487 1356 4560 ejus
1384 4486 1711 4556 adjutorium
1741 4492 1884 4556 pete,
1917 4482 2036 4539 sine

436 4615 543 4670 quo
571 4593 779 4651 nullum
807 4593 967 4659 potes
1006 4581 1186 4638 facere
1216 4580 1441 4643 bonum,
1472 4583 1529 4630 ut
1563 4575 1831 4630 videlicet
1858 4572 2036 4644 ipsius

436 4661 616 4763 gratia
645 4695 772 4755 qua:
800 4671 1189 4749 praeveniendo
1218 4679 1270 4725 te
1300 4662 1618 4721 illuminavit
1649 4661 2035 4735 subsequendo

433 4758 597 4843 etiam
626 4780 797 4853 pedes
825 4783 949 4830 tuos
978 4768 1177 4841 dirigat
1219 4766 1277 4821 in
1314 4764 1460 4820 viam
1489 4763 1668 4835 pacis,
1703 4769 1755 4817 et
1784 4760 1929 4834 quod
1978 4758 2038 4814 in

435 4876 548 4933 sola
576 4848 852 4928 voluntate
899 4860 1078 4918 adhuc
1107 4865 1210 4925 est,
1244 4856 1315 4912 ad
1349 4852 1603 4910 effectum
1634 4849 1903 4924 perducat
1938 4848 2036 4907 bo-

432 4983 518 5023 na:
537 4954 892 5035 operationis.

504 5028 716 5111 Deinde
745 5050 913 5101 restat
946 5039 1049 5097 tibi
1090 5045 1149 5094 ut
1184 5035 1253 5092 ad
1289 5035 1493 5091 bonum
1522 5047 1662 5104 opus
1702 5028 2032 5103 accingeris,

436 5155 495 5204 ut
524 5140 668 5217 quod
696 5134 907 5195 orando
937 5129 1103 5203 petis,
1134 5123 1417 5199 operando
1472 5122 1725 5194 accipere
1747 5118 2033 5176 merearis.

434 5208 675 5293 Tertium
695 5223 910 5300 operari
937 5219 1050 5279 vult
1078 5219 1248 5284 Deus,
1280 5230 1392 5272 non
1421 5211 1660 5284 cogeris,
1676 5210 1774 5268 sed
1790 5208 2026 5280 juvari.

439 5327 497 5384 Si
525 5323 695 5389 solus,
722 5325 781 5373 tu
835 5312 915 5370 nil
954 5306 1207 5383 perﬁcis;
1268 5304 1315 5360 si
1361 5302 1511 5359 solus
1568 5301 1718 5357 Deus
1760 5305 2034 5371 operatur,

436 5425 512 5480 nil
532 5418 788 5479 mereris.
812 5413 1085 5485 Operetur
1113 5419 1247 5477 ergo
1277 5402 1427 5459 Deus
1451 5408 1511 5457 ut
1538 5398 1758 5473 possis;
1786 5396 2039 5469 Opereris

439 5522 493 5569 et
520 5522 597 5579 tu,
620 5519 677 5566 ut
709 5502 916 5577 aliquid
963 5494 1259 5555 merearis.
1325 5492 1427 5547 Via
1479 5498 1565 5547 est
1609 5488 1857 5561 operatio
1894 5486 2039 5541 bona

441 5616 549 5671 qua
575 5602 683 5655 itur
713 5596 786 5652 ad
817 5592 1001 5649 vitam.
1025 5585 1130 5656 Qui
1151 5584 1304 5641 viam
1323 5581 1466 5637 hanc
1495 5578 1681 5645 currit,
1709 5578 1877 5632 vitam
1893 5592 2039 5650 qua-

442 5666 534 5742 rit.
567 5686 907 5748 Cont‘ortare,
935 5687 987 5733 et
1015 5675 1248 5733 viriliter
1276 5687 1402 5743 age.
1427 5669 1600 5725 Habet
1630 5668 1750 5723 hazc
1777 5666 1867 5722 via
1892 5682 2039 5737 prm-

445 5775 613 5829 mium
644 5788 798 5825 suum
825 5766 1041 5841 quoties
1068 5765 1186 5831 ejus
1225 5758 1507 5815 laboribus
1548 5757 1779 5830 fatigati,
1813 5753 2041 5826 superni

450 5868 730 5930 respectus
777 5856 953 5925 gratia
1001 5852 1358 5916 illustramur,
1390 5853 1674 5919 gustantes
1705 5853 1760 5900 et
1788 5843 2041 5899 videntes

452 5929 704 6017 quomam
733 5940 916 5997 suavis
945 5946 1030 5994 est
1055 5935 1346 5993 Dominus.
1375 5934 1576 6005 Sicque
1606 5930 1666 5987 ﬁt
1695 5929 1843 6004 quod
1873 5944 2042 6003 supra

2052 1900 2106 1960 B

2122 625 2222 680 nit.
2276 625 2438 680 Vides
2470 624 2639 696 igitur
2667 624 2944 695 quomodo
3000 639 3101 695 per
3132 623 3231 678 bos
3278 620 3484 695 gradus
3518 635 3711 677 ascen-

2124 724 2380 781 dentibus
2406 724 2670 796 perfectio
2700 724 2961 795 occurrit,
2985 732 3044 779 ut
3081 723 3173 795 qui
3201 721 3338 777 infra
3368 717 3709 785 remanserit,

2123 813 2401 885 perfectus
2430 830 2555 871 8:88
2583 829 2692 871 non
2736 813 2936 885 possit.
3007 811 3347 884 Pr0positum
3394 825 3527 883 ergo
3556 808 3715 864 nobis

2123 904 2288 961 debet
2316 920 2441 960 esse
2469 919 2688 975 semper
2713 903 3035 968 ascendere,
3061 900 3161 958 sed
3180 899 3434 974 quoniam
3460 906 3607 955 tanta
3635 906 3717 953 est

2124 1002 2461 1058 mutabilitas
2510 1001 2633 1057 vita:
2686 1010 2909 1067 nostrae,
2970 1010 3026 1057 ut
3074 1000 3129 1054 in
3179 999 3372 1055 eodem
3418 1004 3557 1053 stare
3603 1010 3714 1051 non

2124 1092 2421 1164 possimus,
2472 1090 2721 1163 cogimur
2748 1105 2893 1163 saepe
2922 1089 2990 1145 ad
3021 1095 3299 1145 transacta
3338 1085 3629 1157 respicere,
3660 1090 3716 1139 et

2126 1199 2195 1238 ne
2225 1182 2535 1238 amittamus
2563 1180 2698 1236 illud
2728 1180 2784 1234 in
2829 1195 2939 1252 quo
2969 1194 3180 1246 sumus,
3225 1176 3514 1248 repetimus
3546 1188 3715 1246 quan-

2125 1282 2308 1354 doque
2336 1281 2483 1354 quod
2510 1278 2887 1335 transivimus.
2927 1277 3094 1334 Verbi
3111 1275 3324 1350 gratia:
3356 1274 3462 1346 Qui
3479 1274 3534 1329 in
3549 1287 3718 1344 opere

2126 1380 2384 1428 strenuus
2404 1378 2507 1437 est,
2539 1378 2654 1425 orat
2682 1385 2755 1425 ne
2783 1367 3025 1424 deﬁciat.
3053 1365 3157 1436 Qui
3188 1365 3456 1437 precibus
3494 1361 3712 1429 insistit,

2126 1476 2231 1517 nec
2260 1460 2469 1516 orando
2498 1457 2758 1526 offendat,
2817 1456 3113 1514 meditatur
3156 1454 3288 1528 quid
3334 1452 3599 1510 orandum
3627 1449 3717 1517 sit,

2127 1558 2180 1606 et
2208 1549 2301 1622 qui
2328 1547 2625 1621 aliquando
2653 1548 2708 1602 in
2739 1546 2963 1619 proprio
2994 1544 3224 1602 consilio
3263 1543 3441 1598 minus
3470 1539 3718 1606 conﬁdit,

2129 1648 2420 1705 lectionem
2449 1645 2705 1713 consulit,
2738 1653 2791 1700 et
2819 1643 2900 1700 sic
2956 1644 3140 1699 evenit
3168 1650 3224 1697 ut
3255 1657 3377 1698 cum
3419 1637 3721 1696 ascendere

2127 1737 2288 1793 nobis
2306 1753 2527 1807 semper
2546 1734 2617 1791 sit
2638 1734 2908 1798 voluntas,
2931 1732 3267 1789 descendere
3285 1740 3466 1785 tamen
3486 1728 3720 1797 aliquan-

2129 1828 2200 1883 do
2228 1842 2328 1882 nos
2384 1833 2549 1898 cogat
2607 1824 2924 1888 necessitas,
2958 1823 3036 1877 ita
3065 1830 3247 1877 tamen
3277 1828 3335 1875 ut
3364 1820 3417 1874 in
3450 1818 3720 1873 voluntate

2133 1924 2331 1981 nonin
2371 1923 2699 1981 necessitate
2745 1920 3083 1994 propositum
3139 1926 3380 1976 nostrum
3429 1914 3713 1974 consistat.

2133 2014 2295 2085 Quod
2319 2013 2672 2069 ascendimus
2708 2010 3050 2083 propositum
3102 2016 3204 2077 est,
3251 2006 3397 2080 quod
3427 2002 3720 2061 descendi-

2134 2121 2256 2160 mus
2282 2111 2509 2177 propter
2536 2100 2908 2174 propositum.
2944 2099 3104 2155 Nunc
3138 2112 3270 2170 ergo
3308 2097 3434 2163 hoc,
3464 2094 3561 2150 sed
3588 2091 3721 2148 illud

2132 2203 2437 2279 principale
2464 2218 2589 2260 esse
2616 2202 2808 2259 debet.
2863 2200 3009 2270 Quot
3054 2207 3237 2255 autem
3264 2206 3437 2254 status
3476 2197 3720 2251 humanm

2132 2292 2511 2351 mutabilitatis
2557 2292 2683 2359 sint,
2732 2290 2821 2348 hic
2874 2289 3169 2345 videndum
3201 2286 3325 2344 erit.
3379 2285 3554 2341 Habet
3578 2282 3722 2339 enim

2133 2384 2372 2458 quinque
2427 2389 2596 2437 status
2652 2380 2765 2437 vita
2819 2380 3080 2449 humana,
3110 2393 3209 2450 per
3250 2391 3408 2449 quos,
3440 2374 3568 2447 quia
3595 2387 3728 2428 nun-

2134 2490 2296 2547 quam
2325 2473 2382 2528 in
2409 2472 2603 2528 eodem
2635 2478 2781 2526 statu
2808 2469 2903 2525 diu
2932 2482 3251 2541 permanere
3280 2472 3483 2538 potest,
3503 2463 3619 2519 sine
3646 2461 3729 2517 in-

2132 2570 2480 2629 termissione
2512 2575 2774 2634 mutatur,
2807 2566 2924 2623 sive
2957 2566 3014 2621 in
3049 2564 3246 2621 melius
3273 2560 3591 2635 proﬁciens,
3614 2557 3730 2614 sive

2132 2668 2394 2726 deﬁciens
2423 2675 2589 2740 atque
2618 2666 2952 2722 decrescens
2987 2664 3043 2719 in
3088 2661 3265 2734 pejus.
3317 2658 3421 2729 Qui
3450 2663 3574 2714 sunt
3601 2671 3735 2729 gau-

2134 2760 2283 2816 dium
2311 2756 2583 2824 vanitatis,
2651 2754 2812 2812 dolor
2857 2751 3221 2817 confusionis,
3251 2747 3513 2822 gaudium
3539 2759 3734 2803 conso-

2136 2848 2376 2916 lationis,
2432 2845 2592 2902 dolor
2643 2841 3076 2911 exercitationis,
3126 2838 3390 2913 gaudium
3430 2834 3721 2893 felicitatis.

2136 2946 2406 3004 Gaudium
2437 2943 2689 3002 vanitatis
2743 2950 2826 2997 est
2870 2956 2974 3014 pro
3029 2938 3197 2994 lucris
3228 2934 3619 3008 temporalibus
3646 2932 3734 2987 lie.

2134 3036 2262 3094 tari.
2299 3034 2468 3091 Dolor
2495 3030 2834 3089 confusionis
2861 3033 2945 3085 est
2974 3044 3072 3100 pro
3101 3026 3312 3085 damnis
3343 3022 3732 3096 temporalibus

2136 3123 2469 3182 contristari.
2510 3120 2780 3177 Gaudium
2809 3117 3200 3176 consolationis
3240 3115 3318 3172 esi
3354 3114 3423 3170 ab
3454 3113 3735 3184 impugna-

2136 3218 2283 3275 tione
2320 3217 2578 3275 vitiorum
2635 3214 2937 3287 quiescere.
2978 3211 3150 3266 Dolor
3207 3196 3605 3265 eXercitationis
3652 3212 3734 3261 est

2134 3307 2417 3364 molestias
2445 3304 2804 3361 tentationum
2835 3301 3125 3358 sustinere.
3146 3298 3426 3355 Gaudium
3464 3293 3734 3352 felicitatis

2134 3406 2214 3454 cst
2246 3398 2476 3452 internae
2506 3394 2813 3451 dulcedinis
2836 3391 3241 3465 jucunditatem
3270 3389 3589 3460 degustare.

2210 3498 2309 3551 Per
2361 3493 2622 3568 gaudium
2676 3490 2929 3548 vanitatis
2984 3489 3107 3561 plus
3166 3488 3451 3559 elongatur
3487 3484 3669 3542 anima
3705 3498 3737 3537 a

2136 3588 2271 3651 Deo,
2305 3584 2431 3657 quia
2459 3592 2616 3639 tanto
2644 3581 2864 3652 longius
2892 3580 2960 3635 ab
2994 3594 3061 3635 eo
3091 3578 3182 3651 qui
3212 3578 3358 3633 intus
3378 3582 3465 3631 est
3505 3572 3734 3639 recedit,

2138 3683 2341 3748 quanto
2360 3672 2578 3729 avidius
2599 3688 2661 3727 se
2680 3670 2750 3726 ad
2767 3669 3162 3726 delectationes
3174 3665 3473 3723 exteriores
3490 3662 3735 3720 eﬁ‘undit.

2136 3772 2308 3829 Dolor
2364 3767 2703 3827 confusionis
2785 3766 2982 3822 malam
3039 3763 3261 3836 quidem
3327 3758 3738 3817 delectationem

2138 3861 2293 3936 quasi
2313 3859 2443 3916 foris
2474 3855 2751 3930 praecidit,
2814 3863 2870 3911 et
2924 3854 3166 3910 animam
3221 3852 3368 3907 intus
3413 3848 3592 3906 redire
3612 3862 3738 3904 con-

2138 3959 2293 4034 pellit
2324 3975 2337 4013 :
2370 3974 2492 4031 qua)
2522 3964 2706 4013 tamen
2764 3970 2830 4011 eo
2886 3954 3007 4025 ipso
3064 3951 3207 4025 quod
3238 3965 3348 4006 non
3381 3955 3600 4023 sponte,
3639 3944 3738 4002 sed

2138 4046 2545 4122 quodammodo
2623 4051 2814 4102 coacta
2878 4042 2951 4098 ad
3006 4041 3356 4112 semetipsam
3421 4035 3734 4102 retruditur,

2141 4155 2244 4196 nec
2272 4136 2515 4210 perfecte
2542 4133 2794 4190 intimum
2824 4131 3050 4196 deserit,
3080 4145 3261 4201 neque
3317 4127 3389 4183 ad
3420 4125 3630 4183 virtutis
3659 4125 3737 4180 in-

2138 4238 2453 4312 tegritatem
2480 4232 2752 4293 veraciter
2805 4237 3111 4303 reparatur.
3143 4227 3383 4284 Gadium
3420 4240 3547 4282 vero
3578 4237 3731 4280 com-

2145 4326 2429 4385 solationis
2479 4326 2599 4395 jam
2650 4320 3057 4394 quodammodo
3111 4325 3349 4374 mentem
3405 4313 3735 4370 intrinsecus

2147 4426 2316 4491 fovet,
2348 4430 2514 4494 atque
2541 4419 2839 4491 componit,
2882 4415 3185 4488 suadetque
3213 4421 3271 4469 ut
3302 4426 3492 4469 secum
3526 4423 3735 4482 perma-

2148 4530 2283 4571 nere
2305 4512 2494 4585 eligat,
2517 4524 2698 4581 neque
2721 4516 2875 4563 extra
2888 4504 3154 4579 dignetur
3175 4518 3421 4575 quaerere
3437 4499 3582 4573 quod
3601 4498 3741 4553 intus

2064 4636 2118 4698 D
2148 4602 2396 4660 veracius
2418 4610 2582 4673 atque
2603 4597 2852 4654 securius
2872 4594 3047 4667 possit
3069 4593 3374 4666 possidere.
3401 4589 3570 4646 Porro
3590 4586 3743 4644 dolor

2150 4699 2552 4760 exercitationis
2582 4700 2655 4753 ita
2688 4711 2907 4753 omnem
2956 4691 3245 4749 exterioris
3275 4686 3603 4746 dilectionis
3632 4702 3742 4741 me-

2143 4805 2377 4863 moriam
2407 4804 2478 4858 ab
2507 4801 2691 4858 animo
2719 4798 2963 4864 seclusit,
2999 4804 3076 4864 ut,
3115 4794 3242 4850 dum
3279 4808 3381 4851 suo
3411 4790 3736 4846 intrinsecus

2144 4894 2320 4952 dolori
2347 4892 2629 4950 intendere
2684 4888 2897 4961 cogitur
2953 4885 3085 4959 quid
3139 4883 3269 4941 foris
3299 4882 3387 4951 sit,
3411 4877 3738 4937 delectabile

2143 4993 2369 5050 minime
2405 4988 2756 5047 recordetur.
2824 4987 3115 5041 Postremo
3171 4979 3429 5053 gaudium
3474 4974 3739 5033 felicitatis

2144 5082 2424 5140 hominem
2452 5079 2614 5136 etiam
2645 5076 2887 5147 seipsum
2934 5070 3186 5129 oblivisci
3220 5068 3365 5134 facit,
3409 5065 3552 5140 quia,
3612 5065 3739 5119 dum

2144 5188 2307 5230 mens
2338 5178 2447 5227 tota
2475 5180 2843 5240 supernorum
2885 5160 3209 5236 gaudiorum
3247 5154 3524 5214 dulcedini
3547 5153 3737 5223 inhint,

2146 5288 2316 5345 supra
2367 5286 2429 5326 se
2486 5268 2701 5325 elevata
2738 5279 2850 5321 non
2912 5260 3091 5319 solum
3128 5256 3329 5313 inﬁmae
3366 5251 3740 5311 delectationis

2145 5386 2257 5429 non
2281 5366 2564 5434 meminit,
2598 5364 2697 5421 sed
2724 5363 2848 5434 ipsa
2891 5358 3148 5433 quoniam
3190 5354 3295 5412 sibi
3340 5348 3738 5427 quodammodo

2146 5469 2375 5527 feliciter
2394 5467 2451 5522 in
2467 5463 2806 5522 oblivionem
2836 5459 3009 5516 venit.
3029 5456 3206 5529 Igitur
3225 5452 3481 5528 gaudium
3495 5448 3742 5506 vanitatis

2148 5560 2390 5613 animum
2432 5551 2722 5625 dispergit,
2765 5548 2927 5606 dolor
2964 5543 3303 5604 confusionis
3356 5539 3580 5613 colligit,
3613 5552 3743 5610 gau-

2147 5656 2298 5711 dium
2346 5649 2737 5710 consolationis
2779 5645 3074 5718 componit.
3135 5642 3295 5698 dolor
3333 5635 3743 5696 exercitationis

2147 5745 2303 5819 ligat,
2347 5742 2612 5815 gaudium
2642 5737 2917 5795 felicitatis
2962 5741 3147 5791 sanat.
3186 5732 3269 5787 Fit
3297 5738 3477 5786 tamen
3505 5740 3745 5783 nonnun.

2150 5858 2313 5916 quam
2342 5849 2401 5896 ut
2447 5839 2706 5914 gaudium
2748 5835 3008 5893 vanitatis
3055 5837 3290 5890 vertatur
3327 5825 3653 5902 quibusdam
3690 5822 3744 5878 in

2150 5914 2415 6005 gaudium
2443 5927 2832 5991 consolationis
2865 5944 2878 5982 :
2929 5932 2981 5984 et
3028 5919 3334 5989 econtrario
3378 5914 3584 5991 gaudio
3613 5927 3745 5971 con~
