3972 6460
307 799 563 856 dolorem
593 805 932 862 confusionis
965 821 1350 867 commutatur.

381 896 478 950 His
511 897 694 969 itaque
726 903 966 974 quinque
988 907 1222 962 statibus
1256 909 1508 967 humanae
1547 917 1910 975 mutabilitatis

302 995 658 1054 apponantur
686 991 932 1062 quinque
964 994 1191 1050 virtutes
1219 998 1413 1054 anima:
1441 1005 1735 1060 naturales.
1769 1006 1909 1076 Qua-

300 1087 428 1126 rum
461 1075 631 1144 prima
661 1077 932 1148 duplicem
970 1082 1126 1138 habet
1160 1085 1410 1141 virtutem
1445 1105 1457 1144 :
1492 1099 1543 1144 et
1574 1092 1696 1147 ideo
1727 1075 1906 1152 sensi-

300 1159 428 1214 bilis
458 1162 509 1215 in
541 1172 769 1236 utraque
801 1176 952 1237 parte
986 1173 1319 1241 appellatur.
1343 1176 1544 1232 Tribuit
1577 1183 1902 1239 enimintel-

296 1247 546 1319 ligentim
585 1263 789 1310 nostra
829 1273 1073 1323 sensum,
1132 1277 1238 1331 quo
1305 1263 1692 1337 imaginatione
1758 1273 1903 1328 varia

294 1336 668 1409 incorporalia
698 1345 976 1400 noscimus
1011 1366 1025 1412 ;
1061 1347 1188 1403 facit
1234 1351 1394 1405 etiam
1431 1336 1767 1425 corporales
1811 1361 1898 1414 vi-

294 1441 435 1496 gere
465 1443 682 1494 sensus,
718 1430 771 1485 id
802 1442 883 1486 est
907 1435 1114 1501 visum,
1140 1439 1398 1505 auditum,
1425 1443 1736 1512 odoratum,
1786 1465 1895 1519 gu-

296 1524 443 1568 stum
476 1525 527 1570 et
559 1525 758 1573 tactum
794 1537 804 1571 :
842 1539 948 1593 quo
978 1531 1124 1579 tactu
1184 1528 1321 1581 dura
1380 1539 1431 1584 et
1488 1533 1692 1597 mollia,
1751 1536 1896 1592 lenia

287 1617 596 1676 asperaque
628 1609 917 1664 sentimus.
968 1614 1219 1668 Secunda
1270 1616 1592 1686 imperative
1649 1623 1889 1687 dicitur:

288 1692 586 1762 quaejubet
608 1698 829 1768 organis
852 1702 1230 1770 corporalibus
1261 1713 1439 1760 motus
1469 1708 1722 1764 diversos
1755 1730 1890 1784 quos

283 1779 521 1850 implere
561 1783 890 1850 decreverit,
924 1789 1026 1844 hoc
1057 1799 1135 1843 est
1169 1794 1458 1848 transferri
1490 1797 1556 1850 de
1581 1797 1700 1853 loco
1731 1803 1798 1854 ad
1819 1802 1890 1857 lo-

283 1881 435 1932 cum,
464 1885 630 1925 voces
660 1873 846 1938 edere,
879 1878 1118 1931 membra
1153 1894 1407 1935 curvare.
1448 1884 1628 1940 Tertia
1677 1889 1884 1957 princi-

283 1956 428 2027 palis
461 1967 708 2027 vocatur,
741 1977 863 2018 cum
892 1965 960 2017 ab
990 1968 1138 2021 omni
1187 1977 1310 2024 actu
1361 1974 1552 2026 remoti
1602 1975 1656 2028 in
1679 1956 1690 1957 ί
1714 1978 1882 2033 otium

283 2045 627 2114 reponimur,
678 2057 732 2104 et
774 2055 1157 2123 corporalibus
1205 2059 1458 2114 sensibus
1508 2063 1704 2133 quietis
1745 2082 1880 2136 pro-

1245 422 1838 489 DEI’LORATIONES
1890 434 1988 492 SS.
2033 437 2328 500 PATRUM.
2359 475 2430 486 —
2459 445 2584 505 LIB.
2617 451 2685 506 Il.

317 535 612 590 solationis
654 536 948 596 abutantur
991 543 1202 615 quidam
1249 564 1358 618 prae
1395 553 1595 622 gaudio
1636 557 1910 613 vanitatis.
1949 563 2003 622 A

311 621 549 678 Rursum
581 625 704 681 aliis
734 629 891 685 dolor
919 632 1252 688 confusionis
1300 638 1354 691 in
1405 640 1646 696 dolorem
1699 647 1914 702 exerci-

310 711 534 766 tationis
564 715 810 782 vertitur,
833 727 883 772 et
909 719 1035 774 item
1060 722 1178 776 aliis
1215 724 1373 780 dolor
1415 732 1818 788 exercitationis
1857 735 1912 790 in

2034 566 2176 634 quod
2195 574 2350 624 aelate
2372 574 2584 640 maturi,
2615 593 2721 633 non
2753 587 2930 638 tamen
2973 584 3134 644 nimia
3181 603 3458 653 senectute
3489 617 3612 672 qua:

2024 667 2244 709 sensum
2277 658 2486 724 minuit,
2520 663 2799 724 debilitate
2831 673 3025 729 melius
3056 693 3250 749 sapere
3283 658 3612 758 judicanlur,

2022 742 2168 810 quia,
2203 750 2617 807 senescentibus
2645 759 2907 814 membris
2936 771 2988 817 et
3017 770 3396 836 corporalibus
3429 777 3612 832 sensi-

2021 829 2121 884 bus
2145 833 2383 901 mollitis,
2409 855 2506 908 pro
2537 844 2770 899 maxima
2801 857 2953 918 parte
2999 851 3053 906 in
3096 857 3382 915 consilium
3433 869 3610 920 trans-

2018 923 2168 990 eunt,
2201 922 2290 976 ubi
2319 925 2444 980 dum
2491 944 2644 985 mens
2685 935 2918 1005 amplius
2959 952 3274 1013 occupatur,
3331 949 3607 1010 robustior

2015 1014 2216 1072 virtute
2254 1020 2595 1080 adunationis
2632 1027 2888 1086 efficitur.
2936 1034 3137 1104 Quarta
3159 1049 3237 1095 est
3285 1043 3481 1115 vitalis,
3541 1049 3598 1105 id

2013 1111 2094 1156 est
2123 1106 2273 1160 calor
2302 1110 2496 1166 anima)
2532 1118 2813 1185 naturalis,
2849 1122 2937 1192 qui
2970 1125 3126 1181 nobis
3166 1138 3392 1200 propter
3437 1150 3598 1192 suum

2009 1191 2278 1248 fervorem
2310 1200 2695 1258 moderandum
2721 1215 2776 1260 ut
2797 1191 2960 1265 auras
2993 1215 3261 1272 ethereas
3297 1220 3599 1282 hauriendo

2008 1287 2168 1351 atque
2199 1285 2480 1342 reddendo
2513 1291 2678 1346 vitam
2735 1297 2917 1352 tribuit
2947 1310 3030 1355 est
3085 1303 3337 1360 salutem.
3393 1310 3595 1378 Quinta

2009 1378 2089 1422 est
2109 1371 2414 1439 delectatio,
2451 1377 2553 1434 hoc
2582 1388 2664 1435 est
2695 1386 2978 1454 appetitus
3009 1389 3133 1445 boni
3163 1401 3217 1447 et
3259 1371 3592 1469 malifquem

2005 1457 2458 1526 subjucumlitate
2488 1467 2697 1523 animus
2727 1475 3082 1542 concupiscit.
3118 1479 3214 1534 llic
3245 1499 3372 1538 vero
3403 1457 3578 1558 appe-

2003 1542 2130 1598 titus
2162 1545 2214 1599 in
2245 1560 2480 1618 quatuor
2505 1558 2717 1624 species
2749 1559 3036 1618 dividitur.
3075 1567 3247 1621 Prima
3297 1580 3378 1625 est
3418 1542 3582 1629 attra-

1999 1632 2156 1700 ctiva,
2193 1638 2408 1706 rapiens
2446 1641 2514 1696 de
2565 1648 2797 1701 naturali
2853 1652 2992 1721 quod
3053 1654 3155 1708 sibi
3214 1662 3582 1718 necessarium

2000 1721 2160 1775 sentit
2191 1741 2204 1787 ;
2240 1728 2502 1792 secunda,
2534 1731 2858 1802 detentoria,
2893 1750 3172 1810 assumpta
3200 1744 3435 1801 retinens
3476 1751 3582 1806 do-

1997 1823 2099 1863 nec
2137 1827 2199 1864 ex
2243 1813 2328 1867 his
2367 1817 2510 1870 utilis
2559 1820 2802 1878 decoctio
2859 1838 3227 1896 procuretur;
3283 1835 3440 1891 tertia
3496 1849 3582 1894 est

1913 1923 1964 1983 B
1996 1898 2335 1966 translativa,
2369 1920 2490 1973 qua:
2530 1918 2750 1978 accepta
2792 1912 2846 1965 in
2893 1913 3040 1969 aliud
3092 1921 3361 1975 convertit
3413 1932 3578 1996 atque

1993 1988 2295 2055 transponit
2319 2005 2334 2058 ;
2357 2002 2542 2062 quarta
2560 2005 2642 2050 est
2673 2000 2969 2070 expletiva,
3005 2021 3126 2075 quae
3147 2013 3206 2061 ut
3242 2016 3431 2066 natura
3483 1988 3578 2071 fiat

1988 2070 2156 2128 libera
2185 2075 2288 2131 sibi
2321 2079 2567 2138 nocitura
2594 2084 2836 2157 depellit.

281 2130 509 2190 fundius
571 2136 773 2210 aliquid
829 2140 1146 2217 ﬁrmiusque
1203 2130 1537 2204 tractamus;
1594 2130 1761 2210 llinc-
1796 2165 1879 2212 est

987 2536 1113 2641 IN
1189 2541 2059 2656 DEDICATIONE
2135 2557 2817 2670 ECCLESI/E.

1557 2789 1952 2862 Secundum
2002 2800 2276 2867 Lucam.

346 2987 368 3011 ιι
405 2964 699 3036 Ingressus
726 2964 884 3021 Jesus
915 2967 1326 3037 perambulabat
1354 2973 1600 3032 Jericho.
1639 2979 1704 3033 Et
1735 2996 1864 3036 ecce
1971 2986 2220 3044 virtutem
2243 3001 2294 3046 et
2312 2992 2409 3049 Dei
2433 2995 2752 3067 sapientiam
2777 3001 2804 3054 Ι
2818 3001 2938 3058 Cor.
2961 3005 3025 3075 ι).
3055 3030 3076 3057 ιι
3102 3006 3278 3078 Quam
3300 3017 3554 3078 arborem

265 3060 354 3116 vir
383 3061 601 3117 nomine
632 3063 916 3120 Zachmus.
959 3066 1023 3119 Et
1053 3067 1138 3124 hic
1167 3077 1286 3124 erat
1333 3072 1585 3144 princeps
1629 3078 1863 3146 publica-
1968 3087 2198 3156 pusillus
2227 3093 2492 3160 ascendit,
2525 3095 2650 3150 dum
2683 3099 2944 3168 quislibet
2982 3103 3199 3163 humilis
3229 3119 3283 3166 et
3315 3117 3556 3186 propriae

265 3166 465 3186 nmmm
531 3158 581 3186 nl
623 3152 741 3186 3mm
798 3152 956 3186 At"...
1017 3155 1076 3186 In
1111 3158 1295 3186 ..μη-η
1349 3165 1628 3186 ...μη-η--.
1971 3173 1981 3182 .
2030 3174 2056 3186 η
2153 3177 2183 3186 ..
2253 3179 2262 3186 .
2497 3183 2506 3186 -

1968 3152 1984 3156 _
2477 3152 2490 3160 ,
2702 3152 2714 3168 .
2791 3152 2796 3153 κ
2982 3152 3199 3163 --------...
3229 3152 3283 3166 υ.
3353 3152 3553 3176 ,υηιω

263 3166 488 3220 norum,
531 3158 585 3205 et
623 3152 742 3222 ipse
797 3152 978 3208 dives.
1017 3155 1079 3209 Et
1111 3158 1296 3213 videre
1345 3165 1630 3231 quaerebat
1674 3167 1855 3222 Jesum
1968 3173 2295 3232 infirmitatis
2326 3183 2578 3237 conscius
2625 3185 2868 3242 clamat:
2932 3213 2954 3238 α
2991 3193 3122 3248 Mihi
3178 3152 3358 3256 autem
3411 3152 3553 3263 absit

2636 3239 2645 3240 ί
2715 3239 2820 3242 ““””“
2856 3239 2867 3242 ⁷
2991 3239 3122 3248 ⁸“”-“’“⁶
3178 3239 3358 3256 υυυυιιι
3411 3239 3553 3263 αυδιι

265 3239 390 3310 (ἶιιίδ
424 3247 593 3305 θεεείν
626 3248 679 3294 ει
709 3257 815 3296 non
848 3250 1062 3311 Poterat
1091 3261 1203 3314 pm:
1251 3249 1425 3314 turba,
1479 3253 1602 3322 quia
1647 3263 1856 3311 statura
1888 3305 1936 3369 Ο
1966 3263 2190 3333 gloriari
2221 3267 2321 3321 nisi
2361 3269 2414 3322 in
2452 3287 2616 3328 cruce
2674 3276 2886 3332 Domini
2943 3281 3110 3336 nostri
3157 3285 3290 3343 Jesu
3347 3292 3553 3351 Christi

265 3327 493 3369 nneillne
524 3337 638 3369 ιιι-Μ
708 3330 768 3369 Rt
804 3347 1141 3369 ηναιρηννοηα
1202 3338 1440 3369 ιιι-ροηδε.
1499 3339 1548 3369 ς..
1601 3343 1852 3369 -..I.,...-_.
2007 3363 2033 3369 Α
2083 3363 2094 3369 -
2243 3368 2246 3369 ,
2365 3367 2387 3369 κ.

262 3327 493 3398 pusillus
524 3337 666 3381 erat.
706 3330 772 3383 Et
803 3347 1144 3399 praecurrens
1201 3338 1443 3391 ascendit
1498 3339 1551 3393 in
1599 3343 1854 3400 arborem

264 3432 616 3486 sycomorum
649 3427 706 3472 ut
739 3418 946 3474 videret
976 3437 1116 3490 eum,
1171 3426 1297 3492 quia
1341 3427 1469 3481 inde
1509 3438 1624 3484 erat
1673 3441 1853 3487 trans-

261 3511 434 3566 iturus
466 3513 622 3580 (Luc.
656 3514 786 3583 xu).
823 3538 846 3562 ιι
899 3516 1041 3570 Ecce
1087 3521 1347 3582 camelos,
1400 3523 1648 3593 deposita
1700 3528 1853 3599 gibbi

259 3599 502 3666 sarcina,
536 3617 635 3671 per
664 3602 907 3657 foramen
939 3619 1069 3659 acus
1100 3610 1308 3676 transit,
1341 3610 1442 3665 hoc
1474 3621 1555 3666 est
1600 3615 1752 3670 dives
1800 3625 1852 3671 et

255 3688 607 3758 publicanus,
672 3690 861 3747 relicto
917 3707 1084 3748 onere
1139 3694 1472 3767 divitiarum,
1539 3711 1849 3775 contempto

252 3793 425 3832 censu
493 3777 805 3847 fraudium,
874 3792 1164 3850 angustam
1232 3796 1446 3856 portam
1537 3801 1847 3864 arctamque

253 3865 400 3920 viam
432 3883 554 3936 quae
582 3867 729 3922 ducit
753 3869 820 3922 ad
851 3869 1015 3923 vitam
1061 3873 1332 3930 ascendit.
1388 3877 1447 3930 Et
1493 3880 1618 3949 quia
1671 3882 1844 3938 devo-

251 3953 406 4008 tione
435 3953 562 4008 fidei
591 3955 663 4008 ad
693 3956 987 4011 videndum
1041 3959 1401 4029 Salvatorem,
1451 3968 1597 4036 quod
1651 3979 1844 4026 natura

246 4042 431 4097 minus
462 4042 714 4110 habebat,
747 4059 978 4100 ascensu
1007 4049 1223 4118 supplet
1252 4052 1482 4107 arboris.
1515 4054 1668 4111 Juste
1698 4061 1843 4128 quod

247 4143 445 4201 rogare
472 4145 582 4185 non
613 4131 852 4186 audebat
881 4134 1180 4191 Dominicze
1211 4141 1570 4211 susceptionis
1617 4145 1842 4202 benedi-

243 4225 483 4282 ctionem
511 4227 710 4298 accipit
737 4245 897 4301 quam
919 4231 1283 4290 desiderabat.
1319 4236 1456 4305 Quia
1487 4241 1647 4296 etiam
1676 4244 1838 4299 turba

243 4313 512 4384 imperitas
568 4315 818 4372 confusio
864 4319 1223 4378 multitudinis
1252 4333 1338 4379 est
1394 4344 1514 4398 qua:
1577 4331 1837 4387 verticem

243 4403 529 4472 sapientiae
560 4405 748 4460 videre
777 4408 983 4476 nequit,
1017 4411 1206 4466 merito
1249 4429 1358 4468 non
1400 4417 1451 4468 in
1500 4418 1674 4484 turha,
1734 4422 1834 4476 sed

241 4491 460 4561 plebem
491 4501 863 4563 transgressus
895 4496 1140 4564 insciam,
1192 4518 1351 4570 quam
1394 4504 1831 4564 benedictionem

237 4579 522 4634 desiderat
573 4583 795 4652 accipit.
871 4586 1126 4641 Zacharus
1193 4598 1374 4646 autem
1439 4593 1828 4664 interpretatur

225 4668 607 4738 justi/icatus,
662 4679 716 4724 et
745 4671 1015 4743 signiﬁcat
1044 4677 1331 4733 credentes
1358 4696 1423 4734 ex
1453 4662 1708 4753 gentibus
1729 4703 1826 4755 per
1852 4662 1907 4722 D

236 4767 653 4837 occupationem
683 4773 1061 4841 temporalium
1092 4775 1388 4846 depressos
1435 4796 1502 4836 ac
1542 4783 1823 4849 minimos,

233 4855 331 4911 sed
363 4871 396 4910 ο,
424 4856 658 4912 Domino
689 4859 1078 4917 sanctificatos.
1114 4865 1428 4935 Ingressum
1455 4870 1672 4927 Jericho
1701 4874 1824 4928 Sal-

233 4949 481 4999 vatorem
511 4955 780 5014 quarunt,
812 4948 942 5003 dum
971 4953 1166 5022 gratia}
1193 4953 1320 5010 fidei
1363 4973 1528 5028 quam
1576 4961 1824 5018 Salvator

228 5032 406 5086 attulit
434 5032 768 5104 participare
798 5037 1042 5107 cupiunt,
1074 5041 1173 5096 sed
1214 5043 1372 5099 turba
1429 5047 1604 5103 noxiae
1663 5049 1820 5106 vitio-

229 5137 347 5175 rum
379 5123 786 5178 consuetudinis
815 5126 1019 5181 tardat.
1059 5129 1245 5202 ltaque
1275 5148 1503 5191 necesse
1533 5145 1615 5192 est
1642 5146 1701 5192 ut
1730 5157 1822 5210 pu-

227 5209 380 5264 sillus
410 5210 579 5265 turbae
607 5212 945 5269 obstaculum
976 5221 1338 5290 transcendat,
1387 5231 1604 5280 terrena
1651 5228 1818 5283 relin-

230 5305 376 5368 quat,
411 5298 665 5353 arborem
715 5302 894 5357 crucis
953 5307 1236 5361 ascendat.
1297 5311 1625 5380 Sycomorus
1683 5317 1816 5372 licus

225 5386 369 5440 fatua
389 5385 608 5452 dicitur,
643 5388 807 5444 arbor
836 5390 977 5446 foliis
1012 5410 1168 5450 moro
1215 5398 1431 5466 similis,
1481 5402 1580 5456 sed
1626 5403 1814 5460 altitu-

227 5474 348 5528 dine
378 5480 665 5544 praestans.
701 5479 852 5533 Unde
885 5488 937 5534 et
963 5497 993 5535 a
1023 5483 1232 5538 Latinis
1269 5487 1421 5542 celsa
1451 5501 1809 5562 nuncupatur.

225 5570 288 5624 Et
317 5571 600 5626 Dominica
629 5588 758 5628 crux
791 5577 1080 5633 credentes
1108 5581 1201 5633 alit
1237 5591 1294 5636 ut
1315 5582 1466 5652 ﬁcus,
1517 5587 1586 5641 ab
1634 5589 1810 5645 incre-

225 5658 361 5712 dulis
391 5659 650 5714 irridetur
678 5671 734 5715 ut
762 5663 927 5718 fatua.
959 5685 977 5716 ι
1000 5668 1114 5722 Nos
1132 5669 1294 5738 enim,
1325 5695 1346 5720 ιι
1373 5674 1548 5745 inquit
1569 5676 1808 5746 Aposto-

224 5744 322 5814 lus,
360 5769 382 5794 α
411 5748 774 5817 praedicamus
794 5753 1065 5808 Christum
1089 5744 1646 5823 crucifixumJudaeis
1679 5766 1805 5836 qui-

223 5835 339 5891 dem
371 5836 706 5903 scandalum,
759 5841 1021 5910 gentibus
1067 5854 1244 5899 autem
1292 5848 1624 5919 stultitiam;
1672 5835 1806 5923 ipsis

223 5936 348 5981 vero
378 5924 582 5983 vocatis
606 5926 810 5982 Judaeis
844 5938 1004 6000 atque
1061 5934 1319 6004 gentibus
1376 5937 1651 5996 Christum
1703 5941 1804 5998 Dei

530 6021 789 6086 Parma.
821 6027 1061 6090 CLVII.

1967 3363 2118 3431 \Gal.
2183 3368 2284 3432 vt).
2353 3367 2520 3435 Quasi
2579 3379 2948 3432 transeuntem
3016 3379 3304 3440 Dominum
3371 3393 3550 3446 cernit

1964 3450 2054 3520 qui
2085 3451 2138 3504 in
2167 3453 2343 3508 crucis
2372 3460 2633 3527 mysterio
2681 3462 2892 3518 caelesti
2949 3467 3233 3538 sapientiae
3283 3486 3548 3546 quantum

1962 3548 2158 3607 potest,
2192 3541 2440 3598 intendit.
2475 3547 2718 3620 Denique
2748 3550 2896 3620 inde,
2930 3554 2984 3609 id
3015 3565 3098 3611 est
3149 3559 3200 3614 in
3251 3541 3344 3618 illa
3391 3577 3548 3635 parte

1943 3629 2276 3684 -transiturus
2307 3641 2445 3698 erat,
2479 3636 2582 3690 'ubi
2639 3654 2979 3709 sycomorus,
3039 3645 3094 3701 id
3149 3657 3232 3704 est
3287 3652 3546 3713 Iudaicus

1957 3719 2207 3786 pepulus,
2241 3720 2325 3775 vel
2358 3723 2447 3776 ubi
2478 3725 2694 3794 gentilis
2725 3730 2954 3799 populus
2983 3734 3287 3793 crediturus
3316 3751 3454 3810 erat,
3490 3754 3551 3800 ut

1956 3813 2007 3859 et
2035 3808 2358 3877 mysterium
2390 3821 2652 3879 servaret,
2687 3823 2738 3870 et
2785 3820 3022 3889 gratiam
3077 3826 3397 3886 seminaret.
3455 3833 3547 3891 Sic

1955 3894 2098 3948 enim
2131 3906 2371 3965 venerat,
2403 3908 2460 3953 ut
2489 3917 2591 3971 per
2617 3903 2832 3960 Iudaeos
2881 3910 3135 3966 transiret
3192 3915 3263 3970 ad
3315 3929 3534 3990 gentes.

1959 4005 1980 4031 ι
2015 3984 2082 4037 Ει
2111 3999 2235 4039 cum
2264 3987 2504 4042 venisset
2533 3990 2602 4044 ad
2631 3990 2833 4060 locum,
2868 3998 3174 4068 suspiciens
3198 3984 3358 4060 Jesus
3411 4009 3543 4065 vidit

1949 4079 2126 4136 illum.
2170 4103 2192 4130 ι
2224 4083 2341 4136 Jam
2381 4084 2525 4139 enim
2577 4088 2900 4147 sublimitate
2955 4093 3081 4151 ﬁdei
3138 4099 3279 4154 inter
3330 4103 3539 4162 fructus

1948 4184 2208 4224 novorum
2239 4187 2465 4241 operum
2497 4174 2642 4230 velut
2669 4176 2723 4231 in
2764 4177 2996 4237 fecunda
3043 4184 3324 4245 altitudine
3371 4195 3535 4250 arbo-

1945 4257 2022 4312 ris
2061 4258 2356 4314 eminebat.
2405 4262 2508 4316 Per
2549 4264 2839 4322 Praecones
2875 4277 3054 4326 autem
3108 4275 3261 4331 verbi
3317 4280 3420 4350 sui,
3476 4283 3534 4339 in

1944 4347 2138 4417 quibus
2169 4357 2288 4402 erat
2315 4350 2492 4416 Jesus,
2525 4360 2577 4406 et
2606 4352 2953 4425 loquebatur,
2987 4362 3134 4416 venit
3161 4365 3231 4419 ad
3271 4347 3529 4440 populum

1941 4435 2240 4501 nationum,
2283 4439 2404 4508 quia
2443 4441 2716 4509 passionis
2773 4444 2894 4512 ejus
2952 4447 3058 4504 fide
3111 4451 3222 4519 jam
3271 4435 3529 4516 sublimis

1941 4525 2098 4577 etiam
2125 4524 2455 4581 divinitatem
2486 4527 2608 4595 ejus
2649 4548 2949 4602 agnoscere
2992 4538 3162 4593 ardet.
3214 4541 3529 4615 Suspiciens

1937 4612 2100 4679 videt,
2135 4614 2262 4683 quia
2289 4631 2386 4684 per
2417 4615 2577 4670 fidem
2608 4633 2636 4670 a
2670 4621 2900 4674 terrenis
2930 4625 3197 4681 elevatum
3228 4612 3386 4702 erigit
3415 4635 3527 4689 eri-

1939 4709 2154 4770 gentem
2186 4718 2264 4766 se,
2308 4711 2368 4756 et
2395 4713 2540 4758 alnat
2572 4717 2840 4762 amantem
2871 4727 2950 4766 se.

2007 4821 2028 4845 α
2066 4799 2130 4851 Et
2160 4799 2294 4853 dixit
2322 4800 2390 4854 ad
2419 4817 2538 4856 eum
2575 4820 2586 4856 :
2619 4805 2865 4873 Zachme,
2897 4806 3184 4867 festimans
3224 4813 3518 4889 descende,

1930 4885 2054 4957 quia
2092 4887 2253 4942 hodie
2283 4888 2337 4941 in
2368 4889 2529 4945 domo
2551 4897 2642 4946 tua
2663 4903 2879 4963 Oportet
2899 4913 2986 4952 me
3007 4914 3257 4959 manere.
3279 4905 3346 4960 Et
3376 4885 3523 4964 festi;

1928 4991 2084 5029 mans
2112 4974 2412 5046 descendit,
2437 4985 2491 5033 et
2512 4980 2723 5051 excepit
2744 4982 2891 5038 illum
2910 4986 3176 5057 gaudens.
3205 5013 3226 5038 υ
3255 4993 3516 5054 Invitatus

1930 5063 2134 5128 invitat,
2168 5065 2298 5135 quia
2325 5065 2372 5118 si
2403 5067 2642 5122 nondum
2690 5071 2936 5127 audierat
2978 5090 3168 5132 vocem
3217 5079 3510 5153 invitantis,

1924 5153 2174 5207 audierat
2203 5151 2472 5210 affectum.
2507 5157 2696 5226 Itaque
2725 5159 2886 5215 hodie
2903 5161 2957 5216 in
2993 5161 3157 5220 domo
3191 5169 3372 5238 pusilli
3405 5151 3511 5228 Zaé

1922 5241 2057 5296 chaei
2087 5249 2302 5312 oportet
2329 5242 2480 5297 illum
2510 5260 2754 5313 manere,
2784 5247 2838 5302 id
2869 5255 2956 5304 est.
2985 5267 3128 5308 nova
3156 5253 3294 5312 lucis
3335 5262 3510 5331 gratia

1921 5339 2297 5385 coruscantem
2328 5329 2381 5384 in
2414 5331 2599 5385 humili
2627 5335 2963 5392 credentium
3008 5341 3288 5399 nationum
3340 5329 3509 5406 corde

1920 5418 2226 5489 quiescere.
2260 5418 2415 5487 Quod
2449 5429 2626 5475 autem
2657 5421 2726 5477 de
2756 5441 3043 5495 sycomoro
3064 5429 3420 5506 descendere,
3453 5448 3509 5495 et

1917 5507 1997 5563 sic
2027 5506 2081 5560 in
2113 5508 2274 5562 domo
2304 5509 2639 5563 mansionem
2671 5511 2883 5567 Christo
2914 5530 3104 5585 parare
3125 5517 3370 5592 jubetur,
3404 5525 3508 5584 hoc

1916 5603 2000 5649 est
2018 5596 2168 5666 quod
2188 5596 2262 5650 ait
2278 5597 2563 5667 Apostolus
2585 5615 2597 5651 :
2623 5621 2643 5646 σι
2671 5600 2737 5653 Et
2755 5601 2800 5654 si
2821 5607 3183 5675 cOgnovimus
3203 5613 3507 5672 secundum

1915 5699 2136 5739 carnem
2168 5684 2468 5752 Christum,
2501 5687 2598 5742 sed
2624 5688 2740 5758 jam
2793 5706 2902 5746 non
2952 5695 3202 5751 novimus
3245 5699 3329 5770 (ΙΙ
3373 5701 3503 5765 Cor.

1914 5772 1996 5842 v).
2025 5795 2046 5820 η
2065 5803 2135 5813 -
2160 5796 2182 5820 «ι
2211 5775 2274 5827 Et
2295 5773 2338 5827 si
2363 5775 2510 5830 enim
2544 5788 2790 5833 mortuus
2814 5787 2898 5835 est
2932 5797 3004 5838 ex
3045 5783 3352 5846 infirmitate
3382 5808 3511 5850 car-

1913 5857 2022 5927 nis,
2056 5865 2153 5916 sed
2179 5861 2297 5930 jam
2332 5863 2466 5918 vivit
2496 5881 2562 5920 ex
2592 5865 2792 5923 virtute
2821 5869 2922 5926 Dei
2954 5873 3033 5943 (Il
3061 5875 3183 5931 Cor.
3222 5879 3372 5950 xm).
3417 5905 3438 5930 ιι

1986 5947 2053 6003 Et
2104 5963 2228 6005 cum
2288 5948 2539 6007 viderent
2587 5967 2777 6013 omnes
2817 5960 3235 6018 murmurabant
3279 5947 3521 6030 dicentes

3157 6055 3236 6118 89
