3972 6404
477 353 618 437 ιεξτ

1617 352 1960 413 WERNERI
1999 355 2293 417 ΑΒΒΑΤιε
2331 359 2388 415 S.
2429 360 2648 419 BLASII

3645 373 3787 431 1228

476 475 624 550 quod
653 474 724 531 ad
751 472 1031 530 hominem
1058 482 1404 546 peccatorem
1446 475 1787 532 divertisset.
1831 501 1853 526 η
1906 478 2076 535 Mani-
2102 485 2159 543 A
2187 491 2271 539 est
2300 487 2736 544 consideratione
2776 487 3063 559 virtutum,
3124 494 3288 564 quasi
3337 496 3581 568 quaedam
3633 507 3787 554 stm-

475 574 676 630 festum
707 582 790 630 est
816 574 1035 629 Iudaeos
1065 589 1284 644 semper
1312 573 1558 647 gentium
1599 573 1784 629 odisse
1831 574 1920 630 vel
1966 591 2077 633 non

474 662 817 719 intellexisse
846 663 1103 717 salutem.
1139 663 1296 718 Unde
1328 663 1493 718 etiam
1524 662 1717 717 ﬁdeles
1751 662 1950 718 fratres
1998 665 2078 720 di-

476 760 671 809 xerunt
697 751 958 807 adversus
987 750 1318 821 populorum
1355 752 1698 822 principem:
1737 774 1759 800 α
1796 751 1977 821 Quare
1997 753 2079 809 in-

476 821 654 904 troisti
686 840 756 896 ad
786 839 933 896 viros
962 839 1283 911 praeputium
1317 821 1600 910 habentes,
1635 850 1685 897 et
1731 842 2078 899 manducasti

475 945 595 987 cum
626 929 732 984 illis
758 928 786 982 ‘P
815 930 959 994 (Act.
992 928 1089 996 χι).
1130 952 1151 979 »

552 1068 575 1096 ιι
610 1044 772 1100 Stans
802 1050 989 1099 autem
1019 1044 1280 1101 Zachteus
1333 1043 1478 1100 dixit
1523 1044 1595 1100 ad
1639 1045 1827 1101 Iesum
1865 1060 1878 1100 :
1934 1046 2077 1102 Ecce

474 1133 761 1194 dimidium
791 1133 1061 1191 honorum
1091 1149 1362 1201 meorum,
1394 1133 1647 1203 Domine,
1706 1134 1778 1189 do
1816 1133 2076 1205 pauperi-

473 1223 578 1281 bus
608 1240 623 1289 ;
658 1230 713 1279 et
742 1222 789 1279 si
819 1221 950 1294 quid
980 1222 1221 1294 aliquem
1247 1222 1589 1290 defraudavi,
1621 1222 1795 1279 reddo
1824 1223 2074 1293 quadru-

472 1312 642 1385 plum.
681 1336 703 1361 κ
736 1312 998 1369 Ζειοὶιωιιε
1027 1319 1203 1381 stans,
1228 1312 1334 1368 hoc
1363 1322 1444 1368 est
1469 1312 1522 1367 in
1555 1310 1663 1367 ﬁde
1709 1327 1873 1384 quam
1920 1327 2078 1382 cepe-

471 1418 554 1466 rat
581 1409 906 1483 persistens,
939 1408 1177 1464 ostendit
1206 1424 1267 1464 se
1305 1409 1529 1465 omnino
1573 1424 1698 1463 esse
1744 1423 2074 1464 conversum

473 1499 542 1555 ad
569 1497 891 1555 Dominum.
913 1496 1042 1552 ldeo
1073 1496 1119 1550 si
1148 1513 1313 1568 quem
1345 1497 1553 1568 aliquid
1586 1496 1930 1553 defraudavit
1947 1497 2077 1552 red-

469 1588 551 1644 dit
580 1585 971 1660 quadruplum,
1007 1585 1136 1655 quia
1167 1585 1223 1641 in
1264 1585 1506 1657 antiquis
1551 1586 1815 1641 Ecclesiae
1862 1586 2077 1640 statutis

469 1676 759 1733 decretum
787 1682 872 1731 est
898 1682 954 1729 ut
983 1673 1078 1746 qui
1105 1673 1291 1729 aliena
1334 1674 1564 1741 invadit,
1616 1690 1726 1730 non
1773 1682 1932 1729 exeat
1968 1673 2077 1728 im-

466 1764 706 1838 punitus,
741 1763 839 1820 sed
898 1778 1021 1819 cum
1066 1762 1514 1834 multiplicatione
1560 1763 1744 1819 omnia
1790 1763 2063 1819 restituat.

468 1853 779 1927 Inlegibus
809 1868 1030 1924 quoque
1059 1851 1247 1908 saeculi
1298 1860 1514 1907 cautum
1562 1852 1815 1917 habetur,
1864 1861 1923 1907 ut
1981 1851 2072 1922 qui

470 1960 587 2001 rem
618 1942 848 2014 subripit
866 1941 1128 2009 alienam,
1169 1941 1225 1995 in
1245 1941 1611 2012 quadruplum
1638 1941 1688 1996 ei
1706 1941 1955 1997 restituat
1983 1941 2071 1997 cui

472 2040 766 2112 subripuit.
803 2039 905 2095 Ubi
937 2046 1117 2095 autem
1142 2039 1406 2094 Zachmus
1424 2038 1709 2094 dimidium
1754 2055 1978 2095 suorum
2008 2054 2069 2095 se

466 2129 803 2203 pauperibus
832 2131 1198 2201 erogaturum
1229 2127 1384 2183 facile
1414 2128 1666 2199 spondet,
1701 2136 1759 2183 ut
1787 2128 1947 2184 etiam
1978 2136 2066 2184 to-

468 2229 583 2277 tum
613 2219 748 2275 dare
778 2233 888 2274 non
920 2225 1137 2272 recuset
1166 2217 1424 2272 insinuat.

543 2350 567 2377 u
602 2326 687 2381 Ait
706 2325 866 2381 Jesus
898 2323 967 2379 ad
1028 2339 1197 2380 eum:
1260 2322 1394 2392 Quia
1453 2323 1615 2380 hodie
1674 2323 1824 2379 salus
1879 2323 2064 2379 domui

465 2416 593 2472 huic
623 2414 769 2471 facta
796 2420 905 2478 est,
937 2428 1004 2468 eo
1033 2411 1181 2483 quod
1211 2419 1265 2468 et
1295 2412 1410 2483 ipse
1439 2411 1583 2467 ﬁlius
1631 2412 1700 2467 sit
1744 2412 1999 2468 Abrahae.
2037 2435 2060 2461 η

464 2504 637 2561 Filius
667 2502 918 2558 Abrahae
947 2500 1171 2567 dicitur,
1187 2517 1297 2557 non
1315 2501 1385 2556 de
1415 2500 1538 2572 ejus
1560 2501 1729 2573 stirpe
1746 2509 2060 2573 generatus,

462 2594 561 2649 sed
591 2595 718 2662 ejus
749 2590 911 2646 fidem
941 2590 1210 2645 imitatus.
1250 2589 1410 2646 Salus
1429 2606 1550 2661 quae
1570 2589 1696 2645 olim
1721 2589 1826 2644 fuit
1846 2589 2066 2646 Judan-

460 2698 586 2738 rum
609 2679 775 2737 hodie
804 2679 981 2735 illuxit
1008 2677 1215 2750 populo
1244 2678 1524 2733 nationum
1555 2678 1801 2734 credenti
1841 2678 1897 2732 in
1944 2679 2062 2735 Do-

460 2781 700 2836 minum.
738 2776 894 2834 Unde
923 2776 1270 2848 Apostolus:
1335 2776 1391 2832 Si
1448 2783 1635 2832 autem
1689 2793 1788 2832 vos
1838 2777 2059 2846 Christi,

462 2885 605 2941 ergo
637 2882 827 2923 semen
857 2866 1100 2920 Abrahae
1127 2863 1263 2920 estis
1292 2864 1322 2919 ?
1351 2866 1501 2929 (Gal.
1525 2866 1631 2936 ιιι.)
1669 2888 1690 2915 «
1726 2865 1883 2922 Venit
1911 2866 2061 2921 enim

463 2958 631 3014 Filius
659 2953 897 3013 hominis
925 2969 1176 3026 quaerere
1204 2962 1256 3009 et
1285 2954 1495 3009 salvum
1536 2954 1715 3011 facere
1764 2954 1910 3027 quod
1957 2970 2063 3025 pe-

459 3048 646 3105 rierat.
685 3067 706 3095 ιι
743 3043 899 3101 Unde
928 3042 1056 3098 alibi
1088 3062 1098 3098 :
1140 3065 1163 3093 α
1187 3043 1312 3098 Νοιι
1340 3042 1465 3099 veni
1494 3058 1695 3100 vocare
1716 3043 1915 3112 justos,
1959 3044 2060 3101 sed

458 3142 783 3207 peccatores
809 3132 867 3188 in
895 3130 1217 3203 poenitentia
1245 3130 1466 3202 (Matth.
1499 3132 1602 3200 ix).
1637 3156 1652 3182 ι

604 3286 840 3347 SERMO
878 3287 951 3342 IN
990 3283 1482 3343 DEDICATIONE
1520 3284 1897 3342 ECCLESIzE.

536 3415 620 3472 De
658 3418 1013 3470 sacramento
1036 3408 1403 3467 dedicationis
1434 3409 1701 3473 ecclesiae.
1734 3410 1789 3466 in
1821 3426 1930 3483 qua
1956 3425 2065 3468 cae-

460 3511 576 3563 tera
606 3502 792 3560 omnia
818 3508 1164 3558 sacramenta
1194 3498 1570 3563 celebrantur,
1602 3499 1936 3572 loquendum
1966 3515 2064 3555 no-

458 3593 545 3650 bis
566 3592 781 3650 videtur
803 3591 921 3647 haec
942 3588 1347 3663 ignorantibus.
1381 3589 1736 3644 Sacramenta
1755 3589 1935 3661 itaque
1956 3588 2064 3644 alia

462 3689 679 3740 constat
706 3696 832 3737 esse
864 3677 1080 3746 salutis,
1112 3676 1222 3733 alia
1251 3677 1750 3746 administrationis,
1783 3677 1891 3734 alia
1912 3694 2066 3734 exer-

463 3770 738 3829 citationis
773 3784 786 3825 :
818 3768 996 3825 Prima
1024 3767 1096 3825 ad
1125 3766 1454 3830 remedium,
1504 3767 1747 3823 secunda
1801 3767 1871 3823 ad
1935 3767 2063 3823 ofﬁ-

460 3870 625 3938 cium,
655 3866 820 3927 tertia
846 3867 918 3922 ad
944 3865 1287 3923 exercitium.
1321 3865 1390 3921 Et
1420 3864 1514 3921 illa
1542 3864 1761 3938 quidem
1790 3881 1909 3936 qua:
1955 3865 2061 3922 ad-

461 3956 880 4016 ministrationis
935 3955 1052 4012 sive
1113 3953 1535 4027 przeparationis
1591 3962 1724 4010 sunt
1777 3954 2063 4012 ordinibus

462 4050 740 4108 cohaerent
769 4087 784 4117 ,
826 4044 1083 4119 quoniam
1152 4051 1207 4100 et
1268 4042 1376 4115 ipsi
1435 4042 1658 4100 ordines
1722 4053 2065 4102 sacramenta

463 4146 607 4205 sunt,
632 4145 689 4194 et
708 4152 833 4208 quae
852 4135 1002 4192 circa
1024 4132 1257 4191 ordines
1275 4132 1712 4200 considerantur,
1738 4134 1920 4207 qualia
1938 4143 2066 4190 sunt

463 4228 786 4285 indumenta
803 4239 959 4281 sacra
977 4230 1029 4279 et
1054 4238 1201 4291 vasa,
1215 4230 1271 4279 et
1308 4222 1650 4292 bujusmodi.
1692 4224 1818 4280 Haec
1857 4224 2061 4289 omnia,

467 4333 610 4389 quae,
647 4321 709 4370 ut
734 4314 939 4370 dictum
969 4320 1071 4382 est,
1103 4311 1250 4369 circa
1271 4310 1424 4382 ipsos
1444 4311 1667 4367 ordines
1705 4313 2063 4368 consideran-

464 4422 570 4479 tur,
606 4412 823 4469 divisim
852 4410 1080 4467 tractari
1111 4425 1222 4467 non
1253 4411 1590 4467 debuerunt.
1625 4410 1745 4467 Alia
1789 4428 1923 4468 vero
1968 4429 2063 4467 sa-

466 4510 745 4561 cramenta
782 4500 970 4555 omnia
1006 4500 1076 4555 ad
1135 4516 1257 4572 quae
1315 4498 1655 4557 conﬁcienda
1709 4510 1761 4556 et
1819 4501 2063 4557 sanctiﬁ-

2188 582 2343 631 ctura
2370 576 2619 647 lapidum
2647 577 3003 648 spiritualium
3033 581 3319 651 aediﬁcata,
3352 586 3443 641 ubi
3474 585 3609 643 fides
3650 588 3784 643 fun-

2184 661 2504 720 damentum
2536 666 2690 722 facit.
2731 667 2870 738 Spes
2899 668 3158 725 fabricam
3181 672 3369 745 exigit,
3387 676 3620 732 charitas
3641 692 3786 733 con-

2186 755 2606 810 summationem
2636 756 2890 825 imponit.
2929 758 3039 814 Sed
3070 768 3124 816 et
3152 759 3270 831 ipsa
3293 764 3538 820 Ecclesia
3552 781 3624 820 ex
3648 767 3786 821 mul-

2185 850 2409 908 titudine
2448 850 2686 908 ﬁdelium
2725 853 2779 909 in
2818 870 2987 910 unum
3041 867 3381 931 congregata
3435 870 3519 917 est
3581 862 3781 918 domus

2183 938 2287 994 Dei
2325 956 2387 995 ex
2430 942 2574 997 vivis
2628 942 2903 1014 lapidibus
2970 953 3304 1015 constructa,
3370 949 3463 1006 ubi
3526 951 3781 1008 Christus

2184 1026 2593 1086 fundamentum
2634 1032 2900 1104 angulare
2937 1034 3148 1104 positus
3187 1045 3295 1105 est,
3349 1038 3486 1095 duos
3539 1041 3780 1112 parietes

2182 1126 2497 1185 Iudaeorum
2518 1137 2572 1185 et
2609 1130 2856 1202 gentium
2893 1131 2950 1188 in
2982 1150 3089 1193 una
3125 1133 3234 1215 ﬁde
3261 1136 3627 1212 conjungens.
3666 1141 3779 1195 Hu-

2177 1214 2273 1284 jus
2301 1216 2486 1289 itaque
2516 1220 2845 1275 sacramenti
2875 1223 3024 1293 quod
3052 1223 3105 1277 in
3136 1214 3479 1282 dedicatione
3524 1228 3774 1286 ecclesia

2184 1304 2478 1361 exhibetur
2500 1306 2731 1363 formam
2760 1308 2993 1380 primum
3025 1313 3430 1384 proposuimus,
3474 1324 3529 1371 ut
3573 1317 3775 1374 deinde

2182 1399 2469 1471 mysticam
2497 1402 2917 1475 intelligentiam
2949 1406 3078 1463 ﬁdei
3111 1424 3238 1477 quae
3266 1409 3320 1464 in
3369 1410 3464 1467 illo
3511 1411 3776 1469 formatur

2183 1488 2557 1559 exquiramus.
2601 1492 2802 1547 Verum
2832 1494 2901 1549 de
2930 1495 3016 1549 his
3045 1512 3167 1568 quae
3210 1497 3554 1556 invisibiliter
3593 1501 3648 1557 in
3705 1519 3769 1559 es

2126 1584 2136 1590 ‘
2183 1585 2443 1649 aguntur,
2478 1580 2714 1650 primum
2744 1582 3046 1638 videamus.

2255 1710 2503 1768 Pontifex
2530 1729 2723 1787 aquam
2753 1715 3003 1786 primitus
3050 1721 3341 1790 benedicit,
3398 1725 3634 1797 typicum
3692 1729 3777 1786 sal

2100 1836 2156 1899 Β
2186 1808 2513 1878 admiscens,
2546 1811 2743 1868 deinde
2774 1814 3069 1872 ecclesiam
3099 1818 3273 1889 ipsam
3302 1823 3649 1882 extrinsecus
3687 1833 3772 1883 ter

2180 1898 2428 1970 gyrando
2455 1901 2716 1975 aspergit,
2746 1902 2896 1960 clero
2926 1913 2979 1961 et
3008 1909 3210 1978 populo
3239 1910 3636 1985 subsequente.
3685 1916 3769 1970 In-

2178 1986 2335 2043 terim
2368 2005 2500 2046 vero
2526 1990 2582 2045 in
2611 1991 2834 2048 circuitu
2865 1994 3185 2055 dedicandae
3213 1999 3461 2057 ecclesiae
3504 2001 3764 2065 intrinse-

2175 2101 2273 2141 cus
2306 2086 2595 2145 duodecim
2624 2104 2854 2155 accensa
2876 2100 2998 2149 sunt
3034 2094 3344 2161 luminaria.
3376 2100 3481 2157 Per
3522 2101 3763 2174 singulas

2175 2182 2354 2230 autem
2385 2176 2534 2233 vices
2565 2178 2633 2233 ad
2664 2188 2873 2249 portam
2906 2181 3144 2239 basilicae
3190 2186 3435 2255 veniens,
3486 2206 3645 2262 quam
3689 2192 3759 2248 ob

2175 2266 2504 2320 sacramenti
2532 2265 2767 2339 ﬁguram
2796 2268 3040 2326 clausam
3076 2288 3203 2330 esse
3249 2285 3482 2346 oportet,
3532 2281 3762 2350 percutit

2173 2361 2328 2434 virga
2359 2364 2618 2433 pastorali
2650 2382 2815 2437 super
2834 2367 3086 2425 liminare
3113 2371 3284 2442 ipsius
3303 2373 3492 2430 dicens
3523 2394 3537 2431 :
3573 2399 3595 2424 ι
3629 2378 3761 2433 Tol-

2173 2448 2265 2505 lite
2296 2458 2506 2520 portas,
2537 2453 2835 2527 principes,
2869 2465 3104 2524 vestras,
3137 2468 3191 2516 et
3236 2462 3547 2532 elevamini,
3596 2474 3761 2537 portae

2171 2540 2476 2609 aeternales,
2510 2548 2565 2596 et
2592 2542 2835 2603 introibit
2860 2561 2965 2601 rex
3020 2547 3211 2619 gloriae
3267 2552 3450 2621 (Psal.
3514 2555 3689 2626 xxm).
3733 2580 3755 2604 η

2173 2634 2271 2690 Cui
2312 2634 2576 2692 diaconus
2613 2637 2758 2694 intus
2824 2641 3039 2710 positus
3105 2646 3457 2716 respondet:
3536 2671 3558 2695 ι
3626 2648 3759 2719 Quis

2172 2732 2254 2779 est
2316 2723 2419 2780 iste
2480 2742 2585 2781 rex
2650 2727 2897 2798 gloria)?
2963 2731 3183 2803 (ibid.)
3256 2754 3279 2785 ι
3350 2735 3592 2792 Pontifex
3655 2754 3756 2793 au-

2170 2819 2307 2867 tem.
2387 2836 2408 2863 «
2471 2814 2736 2871 Dominus
2792 2817 3049 2875 virtutum
3113 2821 3231 2893 ipse
3286 2832 3370 2879 est
3424 2842 3515 2881 rex
3572 2826 3757 2899 gloriae

2171 2911 2307 2981 (ibid
2320 2910 2367 2982 .)
2402 2935 2425 2961 ι
2459 2911 2637 2968 Tertia
2675 2913 2874 2971 deinde
2902 2916 3021 2974 vice
3081 2930 3324 2979 reserato
3376 2923 3535 2993 ostio,
3591 2925 3755 2985 intrat

2169 3000 2408 3070 pontifex
2439 3016 2562 3057 cum
2592 3002 2742 3059 clero
2771 3012 2823 3061 et
2854 3006 3056 3079 populo
3087 3009 3263 3075 tertio,
3295 3011 3485 3071 dicens
3519 3028 3532 3069 :
3578 3036 3600 3065 α
3650 3017 3755 3073 Pax

2166 3089 2292 3146 huic
2331 3089 2517 3145 domui
2554 3092 2709 3162 (Luc.
2751 3095 2839 3165 x).
2879 3117 2902 3143 υ
2954 3096 3166 3155 Deinde
3204 3115 3324 3156 cum
3382 3103 3754 3161 sacerdotibus

2090 3197 2141 3261 α
2172 3196 2226 3243 et
2262 3187 2441 3244 levitis
2479 3195 2533 3244 et
2570 3188 2785 3247 clericis
2823 3191 2892 3249 ad
2950 3196 3254 3255 orationem
3311 3200 3594 3270 sternitur,
3652 3218 3753 3274 pro

2171 3273 2600 3334 sanctiﬁcatione
2620 3278 2792 3351 ipsius
2812 3281 3008 3341 domus
3029 3283 3365 3343 dedicandae.
3392 3290 3584 3349 Postea
3624 3273 3761 3351 con-

2171 3381 2404 3439 surgens
2432 3366 2501 3422 ab
2529 3367 2783 3425 oratione
2816 3372 3059 3428 nondum
3084 3375 3327 3433 salutans
3367 3378 3627 3450 populum
3672 3381 3763 3437 di-

2171 3464 2383 3519 cendo:
2413 3487 2434 3514 α
2460 3464 2723 3522 Dominus
2745 3467 3047 3538 vobiscum,
3075 3495 3098 3521 ιι
3124 3475 3500 3535 tantummodo
3519 3477 3762 3534 hortatur

2171 3560 2404 3610 cunctos
2431 3554 2501 3610 ad
2531 3555 2812 3613 orandum.
2846 3558 2944 3615 His
2975 3561 3265 3634 completis
3291 3562 3485 3636 incipit
3511 3566 3579 3622 de
3625 3567 3760 3625 sini-

2173 3659 2288 3709 stro
2326 3653 2530 3725 angulo
2570 3652 2811 3713 basilicae
2850 3657 2923 3713 ab
2984 3659 3192 3717 oriente
3242 3677 3342 3734 per
3395 3663 3759 3735 pavimentum

2172 3741 2419 3799 scribere
2447 3743 2816 3815 alphabetum,
2861 3764 3035 3820 usque
3089 3749 3146 3805 in
3198 3750 3445 3808 dextrum
3500 3756 3758 3827 angulum

2171 3830 2491 3901 occidentis,
2522 3849 2583 3889 ac
2612 3833 2817 3893 deinde
2845 3851 2879 3890 a
2926 3837 3116 3896 dextro
3171 3840 3373 3913 angulo
3426 3843 3650 3901 orientis
3703 3845 3757 3902 in

2171 3929 2463 3987 sinistrum
2490 3931 2811 3991 occidentis.
2845 3935 3057 3993 Dehinc
3088 3937 3159 3993 ad
3186 3938 3383 3997 altiora
3423 3945 3758 4001 conscendet

2172 4029 2225 4079 et
2252 4028 2405 4076 stans
2432 4028 2560 4078 ante
2590 4022 2782 4090 altare,
2815 4024 2990 4081 Deum
3020 4026 3127 4082 sibi
3154 4027 3210 4083 in
3239 4028 3573 4099 adjutorium
3606 4042 3757 4089 vocat

2170 4107 2362 4166 dicens
2393 4128 2405 4165 ε
2443 4130 2467 4162 ι
2501 4111 2673 4179 Deus,
2694 4111 2750 4167 in
2768 4112 3099 4183 adjutorium
3117 4132 3297 4174 meum
3328 4117 3546 4176 intende
3568 4121 3745 4186 (Psal.

2172 4208 2337 4279 nux).
2393 4230 2414 4258 »
2451 4209 2745 4280 Complens
2774 4227 3001 4268 versum
3031 4230 3154 4270 cum
3188 4238 3215 4266 ι
3266 4216 3455 4274 Gloria
3503 4219 3664 4286 Patri,
3727 4243 3747 4270 υ

2172 4297 2292 4353 sine
2310 4297 2568 4355 Alleluia.
2605 4300 2733 4355 Post
2762 4301 2879 4358 hmc
2908 4318 3102 4374 aquam
3154 4304 3442 4373 benedicit,
3495 4308 3659 4363 salem
3702 4318 3754 4365 et

2172 4387 2414 4445 cinerem
2430 4387 2742 4445 admiscens
2763 4398 2815 4446 et
2832 4389 3042 4447 faciens
3058 4401 3142 4449 ter
3159 4394 3377 4466 signum
3400 4398 3578 4453 crucis
3597 4410 3756 4469 super

2173 4485 2369 4557 ipsam.
2396 4486 2498 4541 Cui
2515 4487 2756 4543 misturm
2786 4488 2968 4543 vinum
3009 4490 3172 4545 etiam
3212 4492 3451 4549 additur.
3493 4496 3615 4551 Post
3645 4496 3754 4552 haec

464 4594 641 4651 canda
678 4591 954 4657 universa,
995 4590 1114 4645 haec
1171 4590 1326 4662 quasi
1388 4590 1637 4661 quaedam
1702 4591 2064 4647 instrumenta

2175 4574 2369 4648 tinguit
2395 4576 2621 4649 digitum
2647 4575 2703 4631 in
2731 4592 2887 4647 aqua,
2912 4586 2966 4633 et
3010 4578 3141 4636 facit
3194 4596 3410 4638 crucem
3466 4600 3565 4654 per
3618 4601 3752 4657 qua-

464 4682 749 4754 prtemissa
795 4687 939 4745 sunt,
992 4679 1391 4751 subsequenter
1446 4680 1661 4735 tractari
1728 4689 2055 4752 exposcunt.

461 4772 533 4828 Et
562 4772 818 4843 primum,
848 4770 989 4825 sicut
1018 4768 1222 4824 dictum
1252 4776 1356 4834 est,
1389 4768 1460 4823 de
1490 4767 1831 4825 dedicatione
1878 4770 2062 4827 eccle-

461 4862 561 4918 siae
590 4859 751 4933 quasi
781 4859 851 4915 de
878 4858 1057 4931 primo
1088 4858 1432 4930 baptismate,
1475 4873 1586 4929 quo
1627 4859 1745 4929 ipsa
1800 4859 2063 4931 quodam-

458 4953 624 5008 modo
652 4947 892 5006 ecclesia
918 4947 1156 5019 primum
1187 4947 1510 5018 baptizatur,
1542 4954 1599 5002 ut
1626 4946 1685 5002 in
1713 4963 1781 5004 ea
1807 4956 2059 5017 postmo-

464 5039 596 5098 dum
621 5038 875 5096 homines
900 5037 969 5093 ad
1001 5037 1235 5093 salutem
1272 5035 1641 5110 regenerandi
1687 5037 2056 5109 baptiaentur.

458 5129 626 5200 Quasi
653 5128 801 5186 enim
830 5126 1062 5199 primum
1092 5132 1501 5183 sacramentum
1539 5126 1601 5181 in
1641 5125 1913 5198 baptismo
1957 5143 2058 5184 co-

458 5216 761 5292 gnoscitur,
790 5232 894 5289 per
921 5214 1070 5289 quod
1115 5212 1308 5271 ﬁdeles
1361 5229 1555 5273 omnes
1609 5214 1755 5272 inter
1809 5217 2060 5273 membra

456 5316 710 5390 corporis
730 5313 928 5371 Christi
946 5328 1044 5385 per
1062 5312 1437 5387 generationis
1459 5327 1617 5370 nove
1638 5313 1867 5387 gratiam
1894 5329 2056 5371 com-

455 5414 737 5477 putantur.
777 5402 990 5460 Idcirco
1019 5404 1125 5459 hoc
1152 5400 1392 5474 primum
1419 5404 1761 5459 tractandum
1808 5404 2058 5461 occurrit

452 5496 694 5566 primum
722 5494 778 5550 in
808 5492 1160 5550 dedicatione
1190 5491 1487 5565 ﬁguratum
1538 5492 1804 5560 ecclesiae,
1855 5494 2056 5551 deinde

452 5580 510 5639 in
540 5582 968 5640 sanctiﬁcatione
1013 5581 1213 5638 animae
1270 5579 1449 5637 fidelis
1503 5582 1830 5638 exhibitum.
1894 5582 2055 5653 Quod

453 5674 598 5728 enim
627 5673 684 5726 in
713 5672 820 5729 hac
845 5673 1013 5728 domo
1041 5668 1309 5727 orationis
1337 5669 1628 5726 visibiliter
1673 5688 1773 5743 per
1820 5670 2054 5746 ﬁguram

455 5769 801 5840 exprimitur,
833 5777 1004 5824 totum
1034 5766 1091 5822 in
1140 5769 1325 5823 anima
1374 5766 1521 5823 ﬁdeli
1570 5786 1669 5841 per
1721 5771 2051 5827 invisibilcm

453 5859 742 5915 veritatem
771 5856 1089 5913 exhibetur.
1122 5854 1246 5927 Ipsa
1276 5855 1420 5913 enim
1441 5856 1647 5915 veritas
1673 5859 1772 5917 Dei
1792 5860 2054 5932 templum

2173 4672 2300 4721 tuor
2330 4681 2536 4721 cornua
2564 4665 2776 4722 altaris.
2812 4667 2945 4724 Inde
2973 4668 3121 4724 venit
3153 4679 3278 4726 ante
3307 4672 3503 4739 altare,
3554 4682 3607 4729 et
3654 4674 3753 4730 cir-

2172 4762 2362 4820 cuiens
2392 4765 2639 4837 aspergit
2668 4764 2804 4820 illud
2827 4773 3037 4837 septem
3068 4767 3299 4836 vncibus,
3332 4771 3643 4841 aspersorio
3673 4772 3752 4827 fa-

2170 4860 2259 4908 cto
2288 4853 2357 4908 de
2388 4852 2657 4924 hyssopo.
2695 4853 2902 4909 Circuit
2929 4854 3127 4912 dehinc
3155 4863 3235 4912 ter
3263 4866 3428 4914 totam
3470 4859 3750 4916 ecclesiam

2169 4940 2518 5009 intrinsecus,
2551 4957 2858 5014 aspergens
2909 4943 3150 5015 parietes
3206 4945 3384 5017 ipsius
3438 4947 3507 5005 de
3562 4949 3749 5005 eadem

2167 5054 2333 5112 aqua,
2365 5038 2577 5097 faciens
2604 5041 2711 5097 hoc
2740 5040 2902 5096 etiam
2938 5042 3117 5098 tertio.
3169 5044 3386 5101 Interim
3434 5061 3574 5102 vero
3619 5061 3749 5103 can-

2168 5132 2311 5186 tatur
2346 5129 2641 5201 psalmus:
2689 5153 2711 5180 ι»
2751 5130 3027 5203 Exsurgat
3080 5132 3229 5188 Deus
3277 5134 3450 5197 (Ptol.
3501 5137 3689 5205 van),
3723 5158 3743 5184 η

2166 5232 2293 5274 cum
2323 5218 2647 5290 antiphona.
2686 5219 2953 5275 Cantatur
2980 5219 3139 5275 etiam
3187 5221 3528 5293 antiphona:
3582 5245 3605 5275 ι
3652 5223 3751 5293 Qui

2164 5315 2369 5372 habitat
2397 5316 2454 5371 in
2481 5316 2752 5389 adjutorio
2782 5315 3046 5374 Altissimi
3076 5319 3247 5385 (Psal.
3294 5321 3413 5392 xc).
3474 5343 3495 5369 υ
3560 5321 3751 5381 Circuit

2162 5400 2386 5462 interim
2408 5405 2528 5478 ipse
2559 5405 2826 5477 pontifex,
2867 5407 3140 5464 transiens
3177 5425 3278 5480 per
3300 5410 3537 5466 mediam
3584 5412 3749 5468 eccle-

2167 5495 2328 5566 siam,
2361 5504 2413 5551 et
2441 5503 2671 5551 cantans
2705 5515 2718 5551 :
2756 5517 2778 5547 α
2836 5497 3045 5552 Domus
3092 5513 3217 5554 mea
3261 5498 3454 5555 domus
3498 5502 3750 5558 orationis

2165 5594 2449 5650 vocabitur
2478 5594 2704 5663 (Matth.
2736 5594 2886 5661 xxi).
2931 5616 2953 5643 ι)
2990 5595 3061 5650 Et
3089 5595 3215 5651 item
3244 5614 3256 5649 :
3295 5616 3317 5644 α
3352 5598 3605 5655 Narrabo
3651 5616 3747 5656 no-

2164 5699 2289 5739 men
2314 5691 2461 5739 tuum
2485 5683 2752 5739 fratribus
2772 5684 2945 5739 meis:
2970 5708 2993 5733 α
3016 5684 3068 5739 in
3088 5685 3269 5741 medio
3282 5687 3565 5744 ecclesiae:
3589 5712 3611 5735 α
3629 5689 3751 5744 Lau-

2163 5772 2310 5828 dabo
2337 5781 2390 5828 te
2423 5775 2604 5843 (Psal.
2638 5772 2774 5841 xxi).
2811 5796 2833 5823 η
2870 5773 2966 5828 His
2996 5783 3174 5830 autem
3207 5777 3465 5847 peractis,
3515 5779 3747 5849 pontifex

2162 5861 2232 5919 ad
2261 5862 2564 5920 orationem
2593 5879 2653 5921 se
2674 5863 2996 5936 consternit,
3028 5880 3286 5937 prccans,
3328 5873 3387 5923 ut
3428 5882 3621 5925 omnes
3661 5868 3746 5941 qui
