3972 6450
185 382 333 437 1229

1185 376 1766 435 D‘EFLORATIONES
1805 378 1912 439 SS.
1966 382 2265 442 PATRUM.
2298 416 2367 429 -—
2402 387 2529 444 LIB.
2552 390 2621 443 ll.

3367 398 3502 451 1230

182 503 447 557 eamdem
512 500 735 555 domum
791 500 988 555 oraturi
1049 500 1380 568 intraverint,
1440 502 1718 556 exauditos
1746 503 1967 566 seAet
1996 505 2321 574 perﬁcienda
2369 518 2448 566 est
2473 511 2803 567 Iudaeorum.
2862 514 3020 583 Quod
3075 524 3361 574 stansante
3417 519 3502 574 al-

179 591 492 662 gaudeant.
536 589 821 656 Completa
869 588 1049 658 itaque
1105 590 1431 658 capitatione,
1486 590 1812 645 convertitur

182 678 253 734 ad
284 679 467 732 altare
500 677 792 747 incipienss
838 677 1189 745 antiphonam
1224 696 1234 730 :
1276 700 1298 725 «
1332 677 1570 733 lntroibo
1626 678 1694 732 ad
1724 678 1808 732 al-

183 773 298 820 tare
338 765 443 821 Dei
504 766 691 831 (Psal.
760 766 916 834 xui),
949 787 970 811 ιι
1003 781 1126 819 cum
1156 765 1273 835 ipso
1331 767 1558 835 psalmo,
1593 765 1811 835 etquod

182 853 470 923 reliquum
540 852 699 907 fuerit
755 851 822 905 de
879 868 1019 921 aqua
1072 852 1477 923 purificationis,
1517 853 1586 909 ad
1637 854 1811 908 basim

186 941 378 997 altaris
421 939 675 995 effundit.
716 940 922 995 Deinde
953 941 1187 1011 seipsum
1217 941 1380 997 altare
1410 942 1573 998 linteo
1629 950 1812 996 exter-

186 1038 363 1111 gitur,
398 1037 652 1111 pontifex
682 1037 958 1092 incensum
1006 1037 1176 1093 defert
1206 1054 1367 1110 super
1394 1038 1551 1093 illud.
1617 1038 1815 1094 Postea

190 1127 325 1182 facit
360 1143 585 1183 crucem
618 1126 672 1181 in
712 1125 893 1180 medio
917 1125 1118 1191 altaris,
1151 1134 1203 1180 et
1234 1142 1329 1197 per
1357 1134 1584 1198 quatuor
1635 1143 1813 1198 angu-

192 1214 276 1270 los
316 1216 446 1286 ejus
478 1215 544 1269 de
578 1215 697 1269 oleo
729 1213 1087 1271 sanctiticato.
1125 1214 1332 1270 Deinde
1385 1215 1441 1271 in
1468 1215 1690 1272 circuitu
1719 1230 1814 1270 ec-

192 1304 382 1358 clesize
447 1302 737 1357 duodecim
794 1319 978 1359 cruces
1033 1303 1389 1359 chrismantur
1414 1303 1473 1359 in
1525 1303 1819 1373 parietibus

195 1392 266 1448 ab
294 1393 421 1462 ipso
457 1391 731 1464 pontiﬁce,
770 1399 873 1446 tres
900 1408 998 1461 per
1037 1392 1277 1463 singulos
1306 1390 1572 1464 ﬁgurataz.
1609 1393 1817 1449 Rever-

192 1498 284 1534 sus
344 1480 552 1534 deinde
617 1479 720 1533 itur
773 1481 839 1535 ad
897 1481 1061 1534 altare
1114 1497 1420 1548 accensum,
1481 1482 1600 1535 thus
1653 1494 1819 1551 super

194 1578 335 1632 illud
368 1576 534 1631 offert
562 1578 618 1631 in
649 1576 871 1633 modum
922 1577 1112 1644 crucis,
1138 1585 1191 1631 et
1217 1577 1293 1631 sic
1322 1584 1536 1646 peracta
1588 1577 1817 1646 denique

192 1667 634 1733 consecratione,
668 1666 844 1736 ipsum
887 1666 1052 1719 altare
1093 1664 1230 1718 albis
1266 1664 1625 1719 velaminibus
1682 1681 1818 1735 ope-

189 1756 351 1809 ritur.
388 1754 525 1809 Htec
554 1754 621 1807 de
670 1753 869 1808 visibili
903 1753 1240 1808 dedicatione
1272 1770 1287 1819 ;
1314 1754 1442 1821 quid
1471 1761 1650 1809 autem
1705 1770 1817 1824 my-

192 1843 345 1897 sterii
380 1842 487 1897 ista
514 1842 823 1897 contineant
849 1842 1140 1896 videndum
1172 1849 1251 1894 est
1277 1842 1458 1897 nobis.

890 1997 1129 2039 υινιειο.

272 2108 454 2163 Multa
486 2107 539 2162 in
579 2107 664 2163 his
691 2107 941 2162 omnibus
969 2108 1137 2162 latent
1162 2107 1431 2178 profunda
1451 2106 1719 2177 mysteria,
1752 2123 1819 2161 ex

201 2198 413 2266 quibus
439 2212 613 2268 pauca
643 2197 711 2250 ad
736 2196 1055 2251 memoriam
1088 2197 1428 2252 excitandam
1460 2197 1811 2267 attingamus.

201 2286 424 2340 Domus
462 2284 765 2339 dedicanda
821 2284 1204 2339 sanctiﬁcanda
1255 2285 1435 2338 anima
1481 2291 1560 2338 est
1606 2298 1620 2351 ;
1679 2297 1820 2352 aqua

202 2376 354 2429 enim
419 2383 499 2429 est
558 2373 892 2445 pmnitentia,
940 2373 1124 2427 sordes
1180 2372 1404 2428 abluens
1456 2380 1816 2443 peccatorum.

202 2462 320 2529 Sal,
359 2479 545 2520 sermo
575 2461 788 2518 divinus
815 2462 1177 2532 increpatione
1208 2460 1458 2515 mordens
1486 2469 1540 2515 et
1566 2460 1823 2517 condiens

203 2562 377 2617 corda
400 2562 658 2633 insipida.
719 2560 881 2614 Trina
908 2559 1144 2631 aspersio
1194 2560 1329 2614 trina
1357 2558 1553 2613 mersio
1609 2565 1687 2613 est
1714 2575 1819 2629 pu-

204 2650 466 2705 riﬁcandi
496 2666 596 2719 per
626 2665 843 2719 aquam.
877 2649 1176 2703 Duodecim
1206 2647 1491 2702 luminaria
1532 2654 1653 2703 sunt
1682 2662 1823 2719 apo-

207 2740 337 2794 stoli
370 2739 675 2794 Ecclesiam
732 2754 828 2808 per
870 2746 1098 2808 quatuor
1152 2736 1338 2793 mundi
1385 2744 1564 2806 partes
1616 2735 1823 2789 illumi—

203 2845 428 2903 nantes,
465 2844 517 2891 et
544 2836 717 2890 crucis
744 2834 1057 2904 mysterium
1088 2849 1187 2902 per
1214 2839 1383 2887 totum
1424 2832 1690 2887 mundum
1719 2830 1822 2885 de-

207 2925 473 2980 ferentes.
510 2924 756 2978 Pontifex
772 2923 1012 2978 Christus
1038 2930 1119 2976 est
1149 2939 1163 2988 ;
1196 2921 1369 2993 virga,
1428 2928 1697 2990 potestas;
1724 2919 1823 2974 tri-

206 3030 280 3068 na
342 3012 774 3084 superliminaris
838 3011 1132 3081 percussio,
1174 3011 1293 3064 cmli
1334 3018 1612 3078 terraeque,
1656 3015 1709 3063 et
1744 3008 1825 3061 in-

210 3102 355 3159 ferni
387 3102 707 3157 dominatio.
742 3099 1098 3171 Interrogatio
1128 3097 1344 3166 inclusi,
1395 3096 1699 3167 ignorantia
1725 3111 1825 3167 po-

208 3200 325 3270 puli
364 3219 382 3266 ;
418 3200 625 3269 apertio
654 3199 795 3264 ostii,
830 3196 1061 3252 sublatio
1088 3196 1315 3265 peccati.
1351 3194 1594 3250 Pontifex
1635 3195 1821 3266 ingre-

209 3288 370 3343 diens
423 3287 707 3342 ecclesiam
762 3301 951 3357 pacem
1018 3284 1239 3340 Domini
1294 3283 1635 3355 imprecetur,
1694 3281 1821 3351 quia

210 3376 462 3432 Christus
514 3375 773 3431 mundum
805 3373 1115 3447 ingrediens
1168 3388 1357 3444 pacem
1402 3371 1739 3442 intergDeum
1768 3376 1821 3423 et

209 3475 497 3529 hominem
550 3474 703 3528 facit.
773 3474 1067 3527 Prostratus
1121 3487 1220 3541 pro
1248 3467 1664 3524 sanctiﬁcatione
1721 3467 1820 3521 do-

210 3579 336 3618 mus
365 3571 506 3627 orat,
575 3569 630 3615 et
685 3562 923 3617 Christus
951 3560 1264 3615 humiliatus
1310 3573 1408 3629 pro
1438 3555 1717 3625 discipulis
1770 3561 1824 3611 et

211 3669 315 3724 pro
348 3652 637 3708 credituris
665 3651 918 3705 omnibus
946 3651 1155 3704 Patrem
1184 3655 1300 3703 orat
1335 3647 1555 3702 dicens:
1586 3668 1608 3694 ιι
1644 3646 1815 3709 Pater,

209 3748 495 3804 sanctifica
524 3764 617 3803 eos
656 3748 710 3801 in
740 3746 958 3801 nomine
992 3752 1080 3800 tuo
1112 3746 1294 3811 (Joan.
1325 3746 1489 3813 xvn).
1524 3764 1545 3789 »
1584 3742 1821 3814 Surgens

211 3847 400 3892 autem
460 3836 529 3893 ab
567 3835 825 3891 'bratione
884 3833 1143 3905 populum
1173 3848 1279 3887 non
1311 3832 1523 3897 salutat,
1564 3830 1818 3899 quoniam

208 3926 303 3995 qui
336 3926 573 3981 necdum
630 3921 940 3979 sanctiﬁcati
968 3929 1091 3976 sunt
1138 3920 1573 3992 applaudendum
1603 3935 1710 3973 non
1739 3924 1821 3972 est

207 4013 365 4083 ipsis,
416 4014 511 4069 sed
545 4012 808 4069 orandum
838 4026 938 4081 pro
974 4010 1124 4081 ipsis.
1169 4008 1467 4079 Descriptio
1523 4004 1816 4078 alphabeti,

213 4102 455 4174 simplex
479 4101 724 4157 doctrina
751 4098 910 4164 ﬁdei;
935 4098 1324 4170 pavimentum,
1368 4112 1462 4152 cor
1488 4095 1809 4150 humanum.

215 4193 281 4247 In
309 4191 633 4261 pavimento
660 4188 1007 4259 alphabetum
1037 4186 1371 4254 describitur,
1403 4183 1655 4254 quoniam
1695 4199 1819 4239 car-

214 4288 359 4342 nalis
388 4286 626 4359 p0pulus
655 4285 832 4355 prima
874 4298 938 4337 ac
979 4282 1208 4353 simplici
1266 4280 1508 4337 doctrina
1562 4280 1815 4333 initiatur.

216 4383 730 4440 Ductusasinistro
786 4381 987 4452 angulo
1043 4379 1261 4434 orientis
1316 4378 1372 4431 in
1426 4377 1673 4432 dextrum
1718 4390 1818 4430 oc-

212 4473 468 4541 cidentis,
527 4479 581 4526 et
618 4470 745 4524 item
784 4485 817 4524 a
853 4470 1043 4524 dextro
1081 4468 1280 4541 angulo
1335 4466 1553 4522 orientis
1591 4465 1645 4519 in
1681 4464 1819 4519 sini-

1843 1861 1899 1925 Β

1851 3210 1903 3276 C

209 4569 382 4616 atrum
455 4558 747 4616 occidentis
812 4558 1042 4613 formam
1107 4556 1278 4612 crucis
1342 4554 1613 4627 exprimit.
1690 4552 1815 4623 quia
1841 4555 1899 4617 D

213 4658 493 4715 mentibus
525 4656 805 4712 hominum
835 4670 935 4725 per
977 4652 1139 4709 ﬁdem
1169 4652 1498 4725 evangelicae
1550 4651 1816 4724 praedica-

218 4746 386 4804 tionis
415 4745 761 4817 imprimitur.
819 4744 885 4798 Et
913 4742 1039 4813 quia
1093 4743 1325 4813 primum
1364 4740 1495 4795 ﬁdes
1523 4741 1579 4795 in
1622 4739 1820 4795 Iudaeis

219 4835 342 4904 iuit,
377 4843 434 4892 et
460 4842 650 4907 postea
677 4833 746 4887 ad
790 4840 982 4905 gentes
1010 4830 1271 4898 transivit,
1320 4837 1373 4885 et
1400 4845 1610 4885 rursum
1630 4828 1686 4883 in
1714 4827 1825 4884 ﬁne

219 4941 347 4981 cum
377 4922 659 4996 plenitudo
687 4921 930 4993 gentium
960 4918 1253 4987 intraverit,
1286 4925 1407 4973 tunc
1436 4918 1611 4973 omnis
1653 4918 1824 4973 Israel

223 5022 410 5078 salvus
436 5021 556 5076 erit.
606 5018 891 5087 Utriusque
944 5031 1079 5088 ergo
1105 5015 1291 5085 populi
1339 5014 1710 5070 collectionem
1768 5014 1826 5069 hi

218 5109 329 5167 duo
392 5124 581 5168 versus
616 5106 923 5179 signiﬁcant
976 5105 1033 5159 in
1085 5104 1256 5159 crucis
1306 5102 1486 5176 eﬁigie
1532 5104 1820 5175 compecti,

223 5199 330 5255 hoc
361 5206 444 5256 est
481 5196 629 5267 quod
686 5194 853 5250 Iacob
880 5192 1020 5249 ﬁlios
1068 5193 1269 5262 Joseph
1302 5192 1646 5260 benedicens,
1696 5208 1816 5247 can-

222 5298 430 5352 cellatis
460 5293 710 5349 manibus
738 5292 969 5348 formam
1013 5290 1182 5345 crucis
1210 5290 1526 5360 exprimens
1577 5290 1823 5344 dextram

228 5400 453 5440 manum
508 5398 670 5450 super
724 5388 884 5451 caput
936 5380 1216 5450 Epluaim,
1261 5385 1316 5433 et
1342 5379 1613 5434 sinistram
1666 5394 1828 5448 super

225 5482 386 5546 caput
408 5475 654 5527 Manasse
687 5469 867 5542 posuit
901 5470 1062 5540 (Gen.
1093 5467 1306 5534 vaui),
1337 5468 1481 5536 quia,
1515 5466 1677 5539 priori
1716 5483 1823 5537 po-

228 5572 354 5640 pulo
406 5568 644 5638 abjecto,
689 5565 874 5636 junior
919 5566 988 5621 ad
1041 5563 1318 5617 dexteram
1376 5564 1670 5619 collocatus
1722 5570 1821 5618 est.

223 5667 499 5727 Cambuca
545 5664 659 5718 sive
696 5664 851 5737 virga
901 5659 1182 5732 pastoralis
1212 5674 1332 5726 qua
1392 5660 1663 5731 Scriptura
1688 5658 1827 5731 ﬁgu-

227 5765 395 5826 ratur,
427 5752 742 5826 mysterium
797 5748 1066 5823 signiﬁcat
1092 5747 1388 5813 doctorum,
1425 5763 1649 5821 quorum
1703 5755 1823 5803 stu-

227 5845 316 5903 dio
338 5855 390 5905 et
417 5840 805 5917 praedicatione
861 5846 914 5895 et
940 5833 1215 5893 conversio
1243 5834 1488 5902 gentium
1550 5835 1690 5890 facta
1716 5844 1816 5905 est,

1917 600 2028 648 tare
2057 596 2231 650 Deum
2259 598 2314 650 in
2340 598 2664 666 adjutorium
2721 601 2954 667 invocat,
2986 604 3253 676 signiﬁcat
3297 622 3388 662 eos
3416 606 3506 677 qui

1919 692 2187 752 prmcepta
2239 684 2367 740 ﬁdei
2394 687 2702 758 cognitione
2758 706 2815 743 se
2845 691 2915 745 ad
2951 692 3097 747 bona
3138 709 3303 764 opera
3332 702 3385 750 et
3437 696 3508 750 ad

1918 780 2114 835 luctam
2137 790 2322 839 contra
2375 784 2675 841 invisibiles
2704 788 2882 843 hostes
2909 790 3200 862 accingunt
3230 807 3243 859 ;
3276 799 3330 847 et
3382 793 3507 862 quia

1919 868 1987 924 de
2014 870 2124 924 suis
2163 871 2365 927 viribus
2419 873 2595 928 minus
2649 885 2997 945 praesumunt,
3053 879 3295 935 divinum
3350 883 3512 936 auxi.

1920 957 2050 1011 lium
2087 959 2188 1013 sibi
2220 960 2405 1016 adesse
2461 962 2773 1033 deposcunt.
2802 967 2863 1020 In
2893 982 2999 1036 quo
3027 968 3155 1036 quia
3194 969 3509 1024 certantium

1919 1044 2075 1101 labor
2103 1048 2439 1117 exprimitur,
2485 1051 2637 1119 quasi
2689 1052 2830 1108 inter
2876 1054 3102 1125 suspiria
3148 1064 3202 1112 et
3255 1058 3506 1129 gemitus,

1921 1135 2159 1189 nondum
2190 1136 2402 1191 alleluia
2430 1138 2755 1195 nominatur.

1997 1259 2121 1313 Post
2176 1260 2291 1314 haec
2345 1276 2485 1331 aqua
2538 1262 2878 1320 benedicitur
2929 1281 3051 1322 cum
3079 1266 3190 1323 sale
3221 1274 3274 1323 et
3308 1267 3507 1336 cinere,

1923 1346 2106 1402 addito
2136 1347 2430 1419 vinojaqua
2477 1351 2655 1406 misto.
2685 1353 2846 1423 Aqua
2896 1355 3128 1425 populus
3159 1363 3256 1428 est,
3285 1357 3365 1413 sal
3418 1357 3513 1414 do-

1923 1436 2113 1501 ctrina,
2179 1436 2313 1491 cinis
2396 1439 2658 1509 passionis
2731 1442 2921 1497 Christi
2985 1444 3264 1511 memoria,
3332 1445 3517 1501 vinum

1927 1540 2065 1593 aqua
2096 1525 2334 1593 mistum,
2390 1542 2583 1598 corpus
2621 1530 2763 1584 Deus
2814 1539 2866 1585 et
2905 1532 3090 1587 homo.
3146 1534 3340 1589 Vinum
3378 1534 3518 1590 divi-

1926 1613 2079 1675 nitas,
2116 1629 2255 1683 aqua
2310 1616 2623 1671 mortalitas.
2674 1619 2764 1673 Sic
2818 1620 2961 1673 enim
3014 1622 3243 1691 populus
3277 1622 3516 1678 sanctiﬁ-

1928 1719 2078 1766 catur
2105 1712 2346 1767 doctrina
2384 1713 2528 1779 ﬁdei,
2587 1722 2640 1769 et
2688 1718 2949 1771 memoria
2986 1719 3247 1788 passionis
3302 1719 3516 1791 Christi,

1926 1801 2106 1855 unitus
2135 1801 2296 1870 capiti
2349 1818 2446 1857 suo
2471 1803 2585 1858 Deo
2617 1810 2671 1858 et
2726 1805 2949 1860 homini.
2996 1806 3119 1861 Post
3174 1808 3289 1863 haec
3341 1808 3519 1865 eccle-

1927 1888 2006 1943 sia
2035 1889 2256 1944 interius
2284 1906 2424 1960 aqua
2460 1891 2788 1947 sanctiﬁcata
2843 1895 3165 1965 aspergitur,
3197 1902 3255 1949 ut
3308 1897 3519 1952 etintus

1927 1984 1980 2031 et
2003 1978 2235 2032 exterius
2263 1979 2445 2033 anima
2498 1979 2825 2035 sanctiﬁcata
2871 1982 3199 2037 ostendatur.
3256 1986 3514 2055 Asperso-

1926 2073 2064 2128 rium
2121 2076 2336 2145 hyssopi
2402 2075 2758 2132 humilitatem
2823 2078 3019 2134 Christi
3067 2079 3349 2152 signiﬁcat,
3412 2096 3521 2154 qua

1927 2178 2143 2233 aspersa
2203 2172 2384 2218 sancta
2447 2165 2735 2220 mundatur
2796 2167 3051 2223 Ecclesia.
3122 2170 3322 2225 Circuit
3374 2186 3518 2243 pon—

1926 2250 2057 2304 tifex
2087 2252 2250 2305 altare
2281 2252 2558 2307 ecclesiam
2612 2260 2776 2308 totam
2806 2256 3163 2327 aspergendo,
3196 2258 3346 2327 quasi
3401 2275 3518 2314 om-

1927 2363 2022 2401 nes
2045 2349 2338 2414 lustrando,
2371 2357 2423 2405 et
2450 2366 2632 2405 curam
2672 2351 3035 2422 impendendo
3064 2355 3315 2410 omnibus
3351 2357 3519 2412 verbo

1927 2444 1979 2491 et
2008 2438 2256 2509 exemplo
2312 2454 2652 2493 communem
2683 2456 2741 2494 se
2771 2441 3018 2510 praebens
3044 2443 3309 2499 universis
3343 2464 3354 2500 :
3384 2460 3520 2514 pro-

1926 2532 2047 2595 pter
2073 2527 2216 2596 quod
2260 2526 2420 2582 etiam
2477 2544 2612 2599 opus
2665 2529 2907 2584 oratione
2950 2539 3304 2600 consummat,
3362 2526 3523 2589 orans

1926 2629 1986 2676 ut
2022 2621 2376 2677 exaudiantur
2428 2622 2505 2678 ibi
2557 2622 2702 2693 justa
2756 2632 3016 2695 petentes,
3068 2628 3322 2696 quoniam
3386 2645 3523 2701 opus

1928 2712 2163 2766 hominis
2191 2712 2307 2768 sine
2333 2712 2517 2768 divino
2571 2713 2772 2769 auxilio
2815 2729 2932 2769 eme
2951 2723 3158 2785 petest:
3192 2716 3520 2773 fructuosum

1930 2816 2044 2855 esse
2074 2816 2180 2855 non
2218 2809 2410 2872 potest.
2444 2801 2748 2856 Novissime
2768 2803 3353 2874 completaexpiatione
3391 2822 3525 2879 pon-

1928 2889 2067 2943 tifex
2096 2888 2165 2943 ad
2218 2890 2384 2944 altare
2437 2890 2784 2958 convertitur,
2818 2891 2961 2961 quod
2988 2892 3256 2962 reliquum
3322 2902 3401 2949 est
3456 2894 3524 2949 de

1929 2992 2069 3046 aqua
2089 2976 2472 3047 puriﬁcationis
2504 2977 2571 3032 ad
2609 2978 2783 3034 basim
2842 2980 2955 3047 ejus
3012 2978 3307 3049 eﬁ‘undens,
3371 2984 3523 3052 quasi

1931 3065 2272 3120 committens
2298 3066 2413 3121 Deo
2442 3066 2586 3135 quod
2618 3082 2780 3137 super
2807 3073 2885 3121 est
2913 3068 3055 3122 vires
3082 3085 3206 3124 suas
3261 3070 3526 3126 excedens

1933 3153 1988 3208 in
2017 3153 2348 3224 perfectione
2376 3153 2630 3224 mysterii,
2690 3155 2899 3210 Dehinc
2926 3156 3090 3211 linteo
3147 3157 3315 3213 altare
3339 3165 3522 3213 exter-

1927 3243 2089 3314 gitur.
2156 3243 2337 3298 Altare
2397 3243 2635 3298 Christus
2672 3250 2770 3308 est,
2812 3259 2973 3313 super
3024 3260 3183 3314 quem
3249 3244 3524 3302 offerimus

1926 3336 2069 3393 Patri
2098 3346 2294 3393 nostrai
2340 3337 2643 3394 devotionis
2697 3353 2909 3393 munus.
2950 3340 3195 3395 Linteum
3231 3356 3357 3397 caro
3403 3342 3522 3412 ejus

1929 3425 2265 3482 tunsionibus
2317 3427 2579 3497 passionis
2634 3427 2702 3481 ad
2770 3426 3056 3483 candorem
3110 3429 3525 3500 incorruptionis

1927 3514 2202 3585 perducta.
2236 3518 2516 3571 Incensum
2545 3516 2815 3571 orationes
2843 3524 3147 3573 sanctorum
3202 3518 3473 3590 signiﬁcat
3501 3537 3519 3586 ς

1928 3604 2107 3659 oleum
2163 3612 2342 3660 autem
2386 3604 2614 3676 gratiam
2672 3604 2900 3675 Spiritus
2948 3606 3117 3660 sancti
3170 3607 3521 3675 demonstrat,

1928 3692 2084 3761 cujus
2136 3692 2411 3765 plenitudo
2442 3693 2497 3747 in
2535 3692 2713 3762 capite
2748 3694 3040 3762 praecessit.
3102 3695 3314 3751 Dehinc
3347 3698 3524 3766 parti-

1929 3780 2125 3851 cipatio
2154 3780 2222 3835 ad
2252 3780 2497 3835 membra
2518 3780 2763 3835 deﬂuxit.
2819 3782 3039 3851 Propter
3096 3783 3196 3838 hoc
3226 3800 3260 3839 a
3313 3793 3525 3840 sacrato

1927 3868 2081 3925 altari
2109 3867 2394 3924 duodecim
2450 3884 2634 3924 cruces
2664 3869 2720 3923 in
2774 3869 3089 3938 partietibus
3143 3871 3521 3942 chrismantur,

1927 3956 2053 4028 quia
2088 3956 2380 4026 spiritualis
2432 3956 2607 4028 gratia
2662 3973 2695 4011 a
2740 3958 2951 4013 Christo
3001 3958 3057 4012 in
3100 3961 3372 4029 apostolos
3429 3961 3524 4016 de-

1924 4046 2151 4113 scendit,
2208 4053 2265 4101 ut
2308 4046 2482 4101 crucis
2534 4046 2846 4115 mysterium
2902 4063 2998 4117 per
3051 4054 3280 4117 quatuor
3333 4050 3525 4107 mundi

1926 4141 2104 4206 partes
2133 4149 2253 4189 cum
2310 4132 2415 4189 ﬁde
2472 4133 2747 4188 Trinitatis
2791 4134 3171 4205 praedicarent.
3217 4136 3522 4192 Candidum

1925 4230 2192 4296 velamen,
2225 4229 2369 4300 quod
2399 4237 2519 4301 post
2544 4230 3001 4303 consecrationem
3056 4232 3223 4288 altare
3261 4234 3516 4303 operitur,

1925 4319 2155 4391 gloriam
2178 4318 2591 4390 incorruptionis
2619 4318 2885 4390 designat,
2917 4336 3023 4389 qua
3052 4328 3171 4392 post
3214 4323 3517 4393 passionem

1925 4415 2239 4479 consumpta
2270 4407 2590 4463 mortalitate
2636 4408 2760 4462 Jesu
2819 4410 3123 4465 humanitas
3174 4409 3362 4468 induta
3416 4420 3518 4479 est,

1925 4496 2059 4552 sicut
2084 4496 2339 4565 scriptum
2373 4502 2452 4551 est
2484 4510 2497 4549 :
2533 4518 2554 4544 α
2591 4496 2906 4552 Conscidisti
2958 4514 3170 4553 saccum
3202 4515 3405 4568 meum,
3465 4509 3521 4555 et

1924 4583 2317 4641 circumdedisti
2348 4601 2434 4638 me
2466 4583 2648 4639 laetitia
2677 4585 2857 4653 (Psal.
2894 4588 3073 4656 xxxx).
3116 4608 3139 4635 ιο

2349 4732 2541 4773 88110
2581 4731 2653 4772 DE
2690 4732 3089 4773 DBNCATIONE.

2005 4877 2027 4901 α
2064 4852 2244 4908 Sancti
2275 4850 2522 4925 Spiritus,
2569 4851 2819 4920 Domine,
2852 4851 3012 4907 corda
3067 4858 3247 4908 nostra
3300 4851 3525 4910 mundet

1928 4941 2145 5003 infusio.
2213 4947 2265 4995 et
2302 4939 2409 4993 suis
2473 4938 2608 4993 roris
2672 4938 2860 4993 intima
2897 4938 3205 5011 aspersione
3267 4940 3521 4996 secundet

1927 5031 2112 5100 (Orat.
2153 5029 2334 5098 miss.)
2369 5047 2392 5078 ι
2425 5027 2631 5082 Novate
2660 5026 2813 5081 vobis
2840 5028 3054 5093 novate,
3077 5033 3131 5083 et
3148 5028 3313 5083 nolite
3340 5045 3519 5086 serere

1928 5135 2089 5190 super
2116 5117 2296 5188 spinas
2325 5115 2472 5186 (Jer.
2510 5121 2606 5186 xv).
2637 5115 2899 5171 Dominus
2927 5116 3055 5170 dicit
3083 5116 3138 5170 in
3172 5117 3465 5190 Evangelio
3502 5139 3515 5174 :

1934 5228 1959 5257 ε
1990 5208 2165 5262 Nemo
2183 5205 2342 5260 mittit
2368 5205 2551 5259 vinum
2571 5221 2769 5259 novum
2806 5204 2860 5259 in
2874 5213 3014 5260 utres
3030 5212 3265 5278 veteres;
3281 5207 3518 5277 alioquin

1930 5297 2266 5367 disrumpunt
2320 5301 2464 5348 utres
2531 5301 2583 5348 et
2610 5294 2794 5349 vinum
2888 5292 3206 5360 eﬁ'undetur,
3260 5302 3313 5351 et
3373 5303 3517 5350 utres

1929 5395 2202 5466 peribunt.
2248 5391 2352 5447 Sed
2390 5391 2574 5446 vinum
2632 5407 2832 5445 novum
2889 5390 2943 5443 in
3001 5398 3142 5445 utres
3196 5407 3366 5448 novos
3400 5394 3517 5447 mit-

1928 5490 2087 5545 tatur,
2122 5490 2175 5537 et
2201 5488 2422 5551 utraque
2467 5487 2746 5534 servantur
2802 5479 3020 5547 (Matth.
3053 5480 3149 5547 ix).
3215 5503 3237 5528 η
3285 5482 3518 5551 Aliquod

1929 5573 2114 5628 vinum
2144 5573 2247 5625 hoc
2276 5571 2406 5639 agit,
2440 5577 2499 5623 ut
2517 5572 2678 5624 homo
2731 5568 2923 5636 aliquis
2952 5567 3213 5637 irrumpat
3234 5571 3295 5623 in
3350 5571 3519 5642 lacry-

1929 5677 2066 5726 mas,
2097 5659 2383 5728 aliquando
2414 5666 2470 5713 et
2497 5674 2588 5713 cor
2615 5657 2849 5712 hominis
2878 5654 3135 5711 laetiﬁcat.
3195 5660 3407 5715 Novum
3440 5661 3539 5717 vi-'

1928 5764 2056 5807 num
2076 5755 2155 5804 est
2183 5746 2281 5802 Dei
2311 5746 2557 5813 verbum,
2597 5746 2741 5818 quod
2770 5744 2974 5801 homini
2998 5745 3145 5815 justo
3199 5764 3417 5820 semper
3442 5750 3521 5805 in-

1928 5836 2068 5909 gerit
2094 5852 2292 5893 novum
2322 5835 2604 5908 gaudium.
2633 5835 2854 5892 Veteres
2879 5849 3005 5892 vero
3034 5841 3180 5893 utres
3206 5845 3331 5893 sunt
3358 5854 3517 5896 men-
