  <div class='ocr_page' id='page_1' title='image "/cluster/home/n/w/nwhite01/storage/ocr_20150623/156-157/uc1.31175010662024/1257.png"; bbox 0 0 3972 6440; ppageno 0'>
   <div class='ocr_carea' id='block_1_1' title="bbox 464 398 597 455">
    <p class='ocr_par' dir='ltr' id='par_1_1' title="bbox 464 398 597 455">
     <span class='ocr_line' id='line_1_1' title="bbox 464 398 597 455; baseline -0.015 -2"><span class='ocrx_word' id='word_1_1' title='bbox 464 398 597 455; x_wconf 74' lang='grc'><strong>1231</strong></span> 
     </span>
    </p>
   </div>
   <div class='ocr_carea' id='block_1_2' title="bbox 1605 379 2635 441">
    <p class='ocr_par' dir='ltr' id='par_1_2' title="bbox 1605 379 2635 441">
     <span class='ocr_line' id='line_1_2' title="bbox 1605 379 2635 441; baseline -0.001 -3"><span class='ocrx_word' id='word_1_2' title='bbox 1605 380 1949 441; x_wconf 81' lang='lat' dir='ltr'>WERNERI</span> <span class='ocrx_word' id='word_1_3' title='bbox 1987 381 2275 440; x_wconf 78' lang='lat' dir='ltr'>ABBATIS</span> <span class='ocrx_word' id='word_1_4' title='bbox 2303 380 2371 438; x_wconf 91' lang='lat' dir='ltr'>S.</span> <span class='ocrx_word' id='word_1_5' title='bbox 2410 379 2635 438; x_wconf 77' lang='lat' dir='ltr'>BLASII</span> 
     </span>
    </p>
   </div>
   <div class='ocr_carea' id='block_1_3' title="bbox 3632 381 3782 442">
    <p class='ocr_par' dir='ltr' id='par_1_3' title="bbox 3632 381 3782 442">
     <span class='ocr_line' id='line_1_3' title="bbox 3632 381 3782 442; baseline 0.027 -4"><span class='ocrx_word' id='word_1_6' title='bbox 3632 381 3782 442; x_wconf 71' lang='grc'>1232</span> 
     </span>
    </p>
   </div>
   <div class='ocr_carea' id='block_1_4' title="bbox 466 505 3780 589">
    <p class='ocr_par' dir='ltr' id='par_1_4' title="bbox 466 505 3780 589">
     <span class='ocr_line' id='line_1_4' title="bbox 466 505 3780 589; baseline -0.005 -11"><span class='ocrx_word' id='word_1_7' title='bbox 466 529 547 578; x_wconf 88' lang='lat' dir='ltr'>tes</span> <span class='ocrx_word' id='word_1_8' title='bbox 567 518 829 587; x_wconf 79' lang='lat' dir='ltr'>carnales,</span> <span class='ocrx_word' id='word_1_9' title='bbox 870 532 992 589; x_wconf 74' lang='lat' dir='ltr'>quae</span> <span class='ocrx_word' id='word_1_10' title='bbox 1021 532 1088 574; x_wconf 86' lang='lat' dir='ltr'>ex</span> <span class='ocrx_word' id='word_1_11' title='bbox 1117 514 1262 572; x_wconf 85' lang='lat' dir='ltr'>mala</span> <span class='ocrx_word' id='word_1_12' title='bbox 1300 510 1623 569; x_wconf 80' lang='lat' dir='ltr'>conscientia</span> <span class='ocrx_word' id='word_1_13' title='bbox 1653 526 1747 565; x_wconf 88' lang='lat' dir='ltr'>sua</span> <span class='ocrx_word' id='word_1_14' title='bbox 1806 518 2079 564; x_wconf 85' lang='lat' dir='ltr'>merentur</span> <span class='ocrx_word' id='word_1_15' title='bbox 2106 511 2158 571; x_wconf 85' lang='lat' dir='ltr'><strong>A</strong></span> <span class='ocrx_word' id='word_1_16' title='bbox 2190 508 2496 577; x_wconf 83' lang='lat' dir='ltr'>ubicunque</span> <span class='ocrx_word' id='word_1_17' title='bbox 2553 523 2650 563; x_wconf 86' lang='lat' dir='ltr'>vos</span> <span class='ocrx_word' id='word_1_18' title='bbox 2689 507 2743 562; x_wconf 90' lang='lat' dir='ltr'>in</span> <span class='ocrx_word' id='word_1_19' title='bbox 2773 506 2992 563; x_wconf 84' lang='lat' dir='ltr'>nomine</span> <span class='ocrx_word' id='word_1_20' title='bbox 3038 505 3257 563; x_wconf 89' lang='lat' dir='ltr'>Domini</span> <span class='ocrx_word' id='word_1_21' title='bbox 3301 508 3780 581; x_wconf 82' lang='lat' dir='ltr'>congregaveritis,</span> 
     </span>
    </p>
   </div>
   <div class='ocr_carea' id='block_1_5' title="bbox 471 599 2079 670">
    <p class='ocr_par' dir='ltr' id='par_1_5' title="bbox 471 599 2079 670">
     <span class='ocr_line' id='line_1_5' title="bbox 471 599 2079 670; baseline -0.009 -4"><span class='ocrx_word' id='word_1_22' title='bbox 471 611 670 666; x_wconf 68' lang='lat' dir='ltr'>animae</span> <span class='ocrx_word' id='word_1_23' title='bbox 697 609 1044 664; x_wconf 82' lang='lat' dir='ltr'>detrimenta.</span> <span class='ocrx_word' id='word_1_24' title='bbox 1108 606 1247 661; x_wconf 87' lang='lat' dir='ltr'>Hinc</span> <span class='ocrx_word' id='word_1_25' title='bbox 1277 619 1344 659; x_wconf 89' lang='lat' dir='ltr'>ex</span> <span class='ocrx_word' id='word_1_26' title='bbox 1398 600 1602 655; x_wconf 87' lang='lat' dir='ltr'>intimis</span> <span class='ocrx_word' id='word_1_27' title='bbox 1624 599 1934 670; x_wconf 65' lang='lat' dir='ltr'>praecordiis</span> <span class='ocrx_word' id='word_1_28' title='bbox 1990 599 2079 653; x_wconf 89' lang='lat' dir='ltr'>di-</span> 
     </span>
    </p>
   </div>
   <div class='ocr_carea' id='block_1_6' title="bbox 470 688 2077 755">
    <p class='ocr_par' dir='ltr' id='par_1_6' title="bbox 470 688 2077 755">
     <span class='ocr_line' id='line_1_6' title="bbox 470 688 2077 755; baseline -0.009 -2"><span class='ocrx_word' id='word_1_29' title='bbox 470 698 702 754; x_wconf 87' lang='lat' dir='ltr'>cendum</span> <span class='ocrx_word' id='word_1_30' title='bbox 756 696 857 752; x_wconf 89' lang='lat' dir='ltr'>erit</span> <span class='ocrx_word' id='word_1_31' title='bbox 910 694 1068 750; x_wconf 89' lang='lat' dir='ltr'>nobis</span> <span class='ocrx_word' id='word_1_32' title='bbox 1101 712 1113 748; x_wconf 97' lang='lat'>:</span> <span class='ocrx_word' id='word_1_33' title='bbox 1151 715 1172 741; x_wconf 79' lang='grc' dir='ltr'><strong><em>α</em></strong></span> <span class='ocrx_word' id='word_1_34' title='bbox 1208 692 1316 747; x_wconf 92' lang='lat' dir='ltr'>Cor</span> <span class='ocrx_word' id='word_1_35' title='bbox 1366 688 1627 744; x_wconf 89' lang='lat' dir='ltr'>mundum</span> <span class='ocrx_word' id='word_1_36' title='bbox 1685 703 1810 742; x_wconf 89' lang='lat' dir='ltr'>erea</span> <span class='ocrx_word' id='word_1_37' title='bbox 1874 688 1929 741; x_wconf 91' lang='lat' dir='ltr'>in</span> <span class='ocrx_word' id='word_1_38' title='bbox 1968 703 2077 755; x_wconf 91' lang='lat' dir='ltr'>me,</span> 
     </span>
    </p>
   </div>
   <div class='ocr_carea' id='block_1_7' title="bbox 473 785 2081 866">
    <p class='ocr_par' dir='ltr' id='par_1_7' title="bbox 473 785 2081 866">
     <span class='ocr_line' id='line_1_7' title="bbox 473 785 2081 866; baseline -0.009 -14"><span class='ocrx_word' id='word_1_39' title='bbox 473 797 619 852; x_wconf 86' lang='lat' dir='ltr'><strong>Deus</strong></span> <span class='ocrx_word' id='word_1_40' title='bbox 649 796 831 866; x_wconf 79' lang='lat' dir='ltr'>(Psal.</span> <span class='ocrx_word' id='word_1_41' title='bbox 896 795 1016 862; x_wconf 75' lang='grc' dir='ltr'><strong>ιιι).</strong></span> <span class='ocrx_word' id='word_1_42' title='bbox 1059 813 1081 839; x_wconf 73' lang='grc' dir='ltr'><em>η</em></span> <span class='ocrx_word' id='word_1_43' title='bbox 1119 790 1176 847; x_wconf 91' lang='lat' dir='ltr'>Si</span> <span class='ocrx_word' id='word_1_44' title='bbox 1218 797 1397 843; x_wconf 89' lang='lat' dir='ltr'>autem</span> <span class='ocrx_word' id='word_1_45' title='bbox 1430 785 1672 843; x_wconf 85' lang='lat' dir='ltr'>conversi</span> <span class='ocrx_word' id='word_1_46' title='bbox 1716 785 1938 851; x_wconf 85' lang='lat' dir='ltr'>fueritis,</span> <span class='ocrx_word' id='word_1_47' title='bbox 1986 801 2081 839; x_wconf 90' lang='lat' dir='ltr'>re-</span> 
     </span>
    </p>
   </div>
   <div class='ocr_carea' id='block_1_8' title="bbox 473 874 2078 954">
    <p class='ocr_par' dir='ltr' id='par_1_8' title="bbox 473 874 2078 954">
     <span class='ocr_line' id='line_1_8' title="bbox 473 874 2078 954; baseline -0.008 -14"><span class='ocrx_word' id='word_1_48' title='bbox 473 894 723 954; x_wconf 91' lang='lat' dir='ltr'>ctumque</span> <span class='ocrx_word' id='word_1_49' title='bbox 776 898 869 938; x_wconf 91' lang='lat' dir='ltr'>cor</span> <span class='ocrx_word' id='word_1_50' title='bbox 925 880 1280 951; x_wconf 88' lang='lat' dir='ltr'>acquisieritis</span> <span class='ocrx_word' id='word_1_51' title='bbox 1335 878 1386 931; x_wconf 94' lang='lat' dir='ltr'>iu</span> <span class='ocrx_word' id='word_1_52' title='bbox 1417 876 1705 946; x_wconf 68' lang='lat' dir='ltr'>praeceptis</span> <span class='ocrx_word' id='word_1_53' title='bbox 1763 874 2078 942; x_wconf 85' lang='lat' dir='ltr'>Dominicis,</span> 
     </span>
    </p>
   </div>
   <div class='ocr_carea' id='block_1_9' title="bbox 473 964 2085 1041">
    <p class='ocr_par' dir='ltr' id='par_1_9' title="bbox 473 964 2085 1041">
     <span class='ocr_line' id='line_1_9' title="bbox 473 964 2085 1041; baseline -0.008 -12"><span class='ocrx_word' id='word_1_54' title='bbox 473 974 728 1030; x_wconf 87' lang='lat' dir='ltr'>continuo</span> <span class='ocrx_word' id='word_1_55' title='bbox 758 973 864 1026; x_wconf 92' lang='lat' dir='ltr'>hoc</span> <span class='ocrx_word' id='word_1_56' title='bbox 892 969 1221 1041; x_wconf 90' lang='lat' dir='ltr'>adimpletur</span> <span class='ocrx_word' id='word_1_57' title='bbox 1249 967 1304 1021; x_wconf 91' lang='lat' dir='ltr'>in</span> <span class='ocrx_word' id='word_1_58' title='bbox 1332 965 1490 1023; x_wconf 88' lang='lat' dir='ltr'>vobis</span> <span class='ocrx_word' id='word_1_59' title='bbox 1522 982 1535 1019; x_wconf 85' lang='lat'><strong>:</strong></span> <span class='ocrx_word' id='word_1_60' title='bbox 1571 965 1727 1019; x_wconf 89' lang='lat' dir='ltr'>Verte</span> <span class='ocrx_word' id='word_1_61' title='bbox 1778 964 1995 1032; x_wconf 89' lang='lat' dir='ltr'>impios,</span> <span class='ocrx_word' id='word_1_62' title='bbox 2030 969 2085 1017; x_wconf 88' lang='lat' dir='ltr'>et</span> 
     </span>
    </p>
   </div>
   <div class='ocr_carea' id='block_1_10' title="bbox 475 1058 2083 1141">
    <p class='ocr_par' dir='ltr' id='par_1_10' title="bbox 475 1058 2083 1141">
     <span class='ocr_line' id='line_1_10' title="bbox 475 1058 2083 1141; baseline -0.009 -14"><span class='ocrx_word' id='word_1_63' title='bbox 475 1087 585 1128; x_wconf 91' lang='lat' dir='ltr'>non</span> <span class='ocrx_word' id='word_1_64' title='bbox 614 1078 770 1126; x_wconf 89' lang='lat' dir='ltr'>erunt</span> <span class='ocrx_word' id='word_1_65' title='bbox 796 1069 972 1141; x_wconf 89' lang='lat' dir='ltr'>impii,</span> <span class='ocrx_word' id='word_1_66' title='bbox 1032 1075 1236 1123; x_wconf 91' lang='lat' dir='ltr'>etcum</span> <span class='ocrx_word' id='word_1_67' title='bbox 1266 1065 1485 1120; x_wconf 89' lang='lat' dir='ltr'>demum</span> <span class='ocrx_word' id='word_1_68' title='bbox 1541 1061 1709 1118; x_wconf 87' lang='lat' dir='ltr'>corda</span> <span class='ocrx_word' id='word_1_69' title='bbox 1735 1068 1916 1116; x_wconf 88' lang='lat' dir='ltr'>nostra</span> <span class='ocrx_word' id='word_1_70' title='bbox 1971 1058 2083 1114; x_wconf 81' lang='lat' dir='ltr'>efﬁ-</span> 
     </span>
    </p>
   </div>
   <div class='ocr_carea' id='block_1_11' title="bbox 474 1147 2083 1225">
    <p class='ocr_par' dir='ltr' id='par_1_11' title="bbox 474 1147 2083 1225">
     <span class='ocr_line' id='line_1_11' title="bbox 474 1147 2083 1225; baseline -0.009 -9"><span class='ocrx_word' id='word_1_71' title='bbox 474 1159 687 1217; x_wconf 87' lang='lat' dir='ltr'>ciuntur</span> <span class='ocrx_word' id='word_1_72' title='bbox 713 1174 876 1223; x_wconf 87' lang='lat' dir='ltr'>nova,</span> <span class='ocrx_word' id='word_1_73' title='bbox 939 1171 1249 1225; x_wconf 90' lang='lat' dir='ltr'>novumque</span> <span class='ocrx_word' id='word_1_74' title='bbox 1277 1151 1585 1209; x_wconf 89' lang='lat' dir='ltr'>retinebunt</span> <span class='ocrx_word' id='word_1_75' title='bbox 1612 1150 1819 1205; x_wconf 90' lang='lat' dir='ltr'>vinum.</span> <span class='ocrx_word' id='word_1_76' title='bbox 1866 1171 1889 1197; x_wconf 83' lang='grc'>‹‹</span> <span class='ocrx_word' id='word_1_77' title='bbox 1929 1147 2083 1203; x_wconf 89' lang='lat' dir='ltr'>Fun-</span> 
     </span>
    </p>
   </div>
   <div class='ocr_carea' id='block_1_12' title="bbox 473 1237 2084 1316">
    <p class='ocr_par' dir='ltr' id='par_1_12' title="bbox 473 1237 2084 1316">
     <span class='ocr_line' id='line_1_12' title="bbox 473 1237 2084 1316; baseline -0.009 -12"><span class='ocrx_word' id='word_1_78' title='bbox 473 1249 727 1304; x_wconf 88' lang='lat' dir='ltr'>damenta</span> <span class='ocrx_word' id='word_1_79' title='bbox 770 1245 891 1316; x_wconf 88' lang='lat' dir='ltr'>ejus</span> <span class='ocrx_word' id='word_1_80' title='bbox 918 1244 976 1300; x_wconf 94' lang='lat' dir='ltr'>in</span> <span class='ocrx_word' id='word_1_81' title='bbox 1031 1242 1308 1299; x_wconf 91' lang='lat' dir='ltr'>montibus</span> <span class='ocrx_word' id='word_1_82' title='bbox 1336 1239 1551 1309; x_wconf 75' lang='lat' dir='ltr'>sanctis,</span> <span class='ocrx_word' id='word_1_83' title='bbox 1614 1237 1793 1310; x_wconf 89' lang='lat' dir='ltr'>diligit</span> <span class='ocrx_word' id='word_1_84' title='bbox 1819 1237 2084 1292; x_wconf 91' lang='lat' dir='ltr'>Dominus</span> 
     </span>
    </p>
   </div>
   <div class='ocr_carea' id='block_1_13' title="bbox 472 1326 2074 1410">
    <p class='ocr_par' dir='ltr' id='par_1_13' title="bbox 472 1326 2074 1410">
     <span class='ocr_line' id='line_1_13' title="bbox 472 1326 2074 1410; baseline -0.007 -18"><span class='ocrx_word' id='word_1_85' title='bbox 472 1344 656 1410; x_wconf 87' lang='lat' dir='ltr'>portas</span> <span class='ocrx_word' id='word_1_86' title='bbox 696 1335 831 1392; x_wconf 90' lang='lat' dir='ltr'>Sion</span> <span class='ocrx_word' id='word_1_87' title='bbox 859 1350 1023 1406; x_wconf 87' lang='lat' dir='ltr'>super</span> <span class='ocrx_word' id='word_1_88' title='bbox 1066 1331 1250 1388; x_wconf 82' lang='lat' dir='ltr'>omnia</span> <span class='ocrx_word' id='word_1_89' title='bbox 1290 1328 1639 1385; x_wconf 88' lang='lat' dir='ltr'>tabernacula</span> <span class='ocrx_word' id='word_1_90' title='bbox 1667 1326 1835 1383; x_wconf 86' lang='lat' dir='ltr'>Jacob</span> <span class='ocrx_word' id='word_1_91' title='bbox 1889 1326 2074 1397; x_wconf 77' lang='lat' dir='ltr'>(Psal.</span> 
     </span>
    </p>
   </div>
   <div class='ocr_carea' id='block_1_14' title="bbox 474 1416 2082 1495">
    <p class='ocr_par' dir='ltr' id='par_1_14' title="bbox 474 1416 2082 1495">
     <span class='ocr_line' id='line_1_14' title="bbox 474 1416 2082 1495; baseline -0.007 -14"><span class='ocrx_word' id='word_1_92' title='bbox 474 1426 725 1495; x_wconf 79' lang='lat' dir='ltr'>uxxvr).</span> <span class='ocrx_word' id='word_1_93' title='bbox 780 1446 803 1473; x_wconf 71' lang='grc' dir='ltr'><strong>ι»</strong></span> <span class='ocrx_word' id='word_1_94' title='bbox 862 1423 1238 1480; x_wconf 78' lang='lat' dir='ltr'>Fundamenta</span> <span class='ocrx_word' id='word_1_95' title='bbox 1276 1418 1534 1475; x_wconf 66' lang='lat' dir='ltr'>Ecclesiae</span> <span class='ocrx_word' id='word_1_96' title='bbox 1591 1416 1762 1472; x_wconf 79' lang='lat' dir='ltr'>sancti</span> <span class='ocrx_word' id='word_1_97' title='bbox 1798 1422 1923 1470; x_wconf 90' lang='lat' dir='ltr'>sunt</span> <span class='ocrx_word' id='word_1_98' title='bbox 1956 1430 2082 1486; x_wconf 87' lang='lat' dir='ltr'>pro-</span> 
     </span>
    </p>
   </div>
   <div class='ocr_carea' id='block_1_15' title="bbox 475 1508 2085 1587">
    <p class='ocr_par' dir='ltr' id='par_1_15' title="bbox 475 1508 2085 1587">
     <span class='ocr_line' id='line_1_15' title="bbox 475 1508 2085 1587; baseline -0.007 -18"><span class='ocrx_word' id='word_1_99' title='bbox 475 1516 675 1587; x_wconf 75' lang='lat' dir='ltr'>phetae,</span> <span class='ocrx_word' id='word_1_100' title='bbox 715 1512 1003 1569; x_wconf 84' lang='lat' dir='ltr'>duodecim</span> <span class='ocrx_word' id='word_1_101' title='bbox 1030 1509 1201 1567; x_wconf 88' lang='lat' dir='ltr'>sancti</span> <span class='ocrx_word' id='word_1_102' title='bbox 1241 1508 1490 1581; x_wconf 86' lang='lat' dir='ltr'>apostoli,</span> <span class='ocrx_word' id='word_1_103' title='bbox 1524 1522 1624 1561; x_wconf 91' lang='lat' dir='ltr'>nec</span> <span class='ocrx_word' id='word_1_104' title='bbox 1654 1521 1762 1560; x_wconf 91' lang='lat' dir='ltr'>non</span> <span class='ocrx_word' id='word_1_105' title='bbox 1793 1512 1847 1560; x_wconf 90' lang='lat' dir='ltr'>et</span> <span class='ocrx_word' id='word_1_106' title='bbox 1899 1511 2085 1559; x_wconf 90' lang='lat' dir='ltr'>sancta</span> 
     </span>
    </p>
   </div>
   <div class='ocr_carea' id='block_1_16' title="bbox 474 1605 2084 1679">
    <p class='ocr_par' dir='ltr' id='par_1_16' title="bbox 474 1605 2084 1679">
     <span class='ocr_line' id='line_1_16' title="bbox 474 1605 2084 1679; baseline -0.007 -11"><span class='ocrx_word' id='word_1_107' title='bbox 474 1612 718 1669; x_wconf 82' lang='lat' dir='ltr'>doctrina</span> <span class='ocrx_word' id='word_1_108' title='bbox 748 1627 813 1667; x_wconf 88' lang='lat' dir='ltr'>ex</span> <span class='ocrx_word' id='word_1_109' title='bbox 843 1626 937 1666; x_wconf 92' lang='lat' dir='ltr'>ore</span> <span class='ocrx_word' id='word_1_110' title='bbox 985 1625 1171 1664; x_wconf 90' lang='lat' dir='ltr'>eorum</span> <span class='ocrx_word' id='word_1_111' title='bbox 1204 1607 1431 1679; x_wconf 88' lang='lat' dir='ltr'>prolata.</span> <span class='ocrx_word' id='word_1_112' title='bbox 1492 1605 1664 1661; x_wconf 66' lang='lat' dir='ltr'>Porta!</span> <span class='ocrx_word' id='word_1_113' title='bbox 1693 1618 1906 1674; x_wconf 89' lang='lat' dir='ltr'>quoque</span> <span class='ocrx_word' id='word_1_114' title='bbox 1962 1617 2084 1657; x_wconf 87' lang='lat' dir='ltr'>san-</span> 
     </span>
    </p>
   </div>
   <div class='ocr_carea' id='block_1_17' title="bbox 476 1692 2084 1769">
    <p class='ocr_par' dir='ltr' id='par_1_17' title="bbox 476 1692 2084 1769">
     <span class='ocr_line' id='line_1_17' title="bbox 476 1692 2084 1769; baseline -0.007 -12"><span class='ocrx_word' id='word_1_115' title='bbox 476 1711 576 1757; x_wconf 63' lang='lat' dir='ltr'>cte</span> <span class='ocrx_word' id='word_1_116' title='bbox 606 1700 888 1767; x_wconf 75' lang='lat' dir='ltr'>Ecclesiae,</span> <span class='ocrx_word' id='word_1_117' title='bbox 932 1714 1052 1769; x_wconf 66' lang='lat' dir='ltr'>quae</span> <span class='ocrx_word' id='word_1_118' title='bbox 1103 1697 1202 1753; x_wconf 93' lang='lat' dir='ltr'>Dei</span> <span class='ocrx_word' id='word_1_119' title='bbox 1231 1694 1589 1767; x_wconf 89' lang='lat' dir='ltr'>omnipotenti</span> <span class='ocrx_word' id='word_1_120' title='bbox 1643 1692 1914 1748; x_wconf 87' lang='lat' dir='ltr'>chariores</span> <span class='ocrx_word' id='word_1_121' title='bbox 1959 1699 2084 1746; x_wconf 91' lang='lat' dir='ltr'>sunt</span> 
     </span>
    </p>
   </div>
   <div class='ocr_carea' id='block_1_18' title="bbox 478 1780 2085 1855">
    <p class='ocr_par' dir='ltr' id='par_1_18' title="bbox 478 1780 2085 1855">
     <span class='ocr_line' id='line_1_18' title="bbox 478 1780 2085 1855; baseline -0.007 -10"><span class='ocrx_word' id='word_1_122' title='bbox 478 1790 737 1846; x_wconf 90' lang='lat' dir='ltr'>omnibus</span> <span class='ocrx_word' id='word_1_123' title='bbox 793 1790 850 1843; x_wconf 90' lang='lat' dir='ltr'>in</span> <span class='ocrx_word' id='word_1_124' title='bbox 916 1786 1096 1843; x_wconf 81' lang='lat' dir='ltr'>Veteri</span> <span class='ocrx_word' id='word_1_125' title='bbox 1161 1787 1505 1842; x_wconf 86' lang='lat' dir='ltr'>Testamento</span> <span class='ocrx_word' id='word_1_126' title='bbox 1552 1780 1927 1855; x_wconf 68' lang='lat' dir='ltr'>praeﬁguratis,</span> <span class='ocrx_word' id='word_1_127' title='bbox 1960 1787 2085 1834; x_wconf 90' lang='lat' dir='ltr'>sunt</span> 
     </span>
    </p>
   </div>
   <div class='ocr_carea' id='block_1_19' title="bbox 2187 596 3785 668">
    <p class='ocr_par' dir='ltr' id='par_1_19' title="bbox 2187 596 3785 668">
     <span class='ocr_line' id='line_1_19' title="bbox 2187 596 3785 668; baseline 0.002 -19"><span class='ocrx_word' id='word_1_128' title='bbox 2187 604 2245 649; x_wconf 91' lang='lat' dir='ltr'>ut</span> <span class='ocrx_word' id='word_1_129' title='bbox 2272 596 2481 651; x_wconf 86' lang='lat' dir='ltr'>beatius</span> <span class='ocrx_word' id='word_1_130' title='bbox 2511 597 2739 652; x_wconf 81' lang='lat' dir='ltr'>veniatis</span> <span class='ocrx_word' id='word_1_131' title='bbox 2786 597 2854 652; x_wconf 90' lang='lat' dir='ltr'>ad</span> <span class='ocrx_word' id='word_1_132' title='bbox 2891 612 3201 668; x_wconf 86' lang='lat' dir='ltr'>supremum</span> <span class='ocrx_word' id='word_1_133' title='bbox 3232 596 3374 652; x_wconf 89' lang='lat' dir='ltr'>diem</span> <span class='ocrx_word' id='word_1_134' title='bbox 3428 598 3785 653; x_wconf 83' lang='lat' dir='ltr'>resurrectio-</span> 
     </span>
    </p>
   </div>
   <div class='ocr_carea' id='block_1_20' title="bbox 2187 684 3785 755">
    <p class='ocr_par' dir='ltr' id='par_1_20' title="bbox 2187 684 3785 755">
     <span class='ocr_line' id='line_1_20' title="bbox 2187 684 3785 755; baseline 0.003 -18"><span class='ocrx_word' id='word_1_135' title='bbox 2187 684 2289 737; x_wconf 90' lang='lat' dir='ltr'>nis.</span> <span class='ocrx_word' id='word_1_136' title='bbox 2324 685 2566 754; x_wconf 82' lang='lat' dir='ltr'>Denique</span> <span class='ocrx_word' id='word_1_137' title='bbox 2596 692 2649 739; x_wconf 89' lang='lat' dir='ltr'>et</span> <span class='ocrx_word' id='word_1_138' title='bbox 2676 685 2729 739; x_wconf 94' lang='lat' dir='ltr'>id</span> <span class='ocrx_word' id='word_1_139' title='bbox 2779 686 3060 755; x_wconf 86' lang='lat' dir='ltr'>providete</span> <span class='ocrx_word' id='word_1_140' title='bbox 3088 685 3143 739; x_wconf 89' lang='lat' dir='ltr'>in</span> <span class='ocrx_word' id='word_1_141' title='bbox 3171 685 3684 754; x_wconf 87' lang='lat' dir='ltr'>frequentationibus</span> <span class='ocrx_word' id='word_1_142' title='bbox 3713 685 3785 741; x_wconf 86' lang='lat' dir='ltr'>ab</span> 
     </span>
    </p>
   </div>
   <div class='ocr_carea' id='block_1_21' title="bbox 2188 782 3785 853">
    <p class='ocr_par' dir='ltr' id='par_1_21' title="bbox 2188 782 3785 853">
     <span class='ocr_line' id='line_1_21' title="bbox 2188 782 3785 853; baseline 0.001 -16"><span class='ocrx_word' id='word_1_143' title='bbox 2188 783 2321 837; x_wconf 89' lang='lat' dir='ltr'>hora</span> <span class='ocrx_word' id='word_1_144' title='bbox 2350 783 2404 837; x_wconf 93' lang='lat' dir='ltr'>in</span> <span class='ocrx_word' id='word_1_145' title='bbox 2434 785 2644 851; x_wconf 84' lang='lat' dir='ltr'>horam,</span> <span class='ocrx_word' id='word_1_146' title='bbox 2697 783 2763 838; x_wconf 91' lang='lat' dir='ltr'>de</span> <span class='ocrx_word' id='word_1_147' title='bbox 2794 783 2881 838; x_wconf 91' lang='lat' dir='ltr'>die</span> <span class='ocrx_word' id='word_1_148' title='bbox 2912 784 2965 837; x_wconf 90' lang='lat' dir='ltr'>in</span> <span class='ocrx_word' id='word_1_149' title='bbox 2995 784 3137 838; x_wconf 89' lang='lat' dir='ltr'>diem</span> <span class='ocrx_word' id='word_1_150' title='bbox 3160 799 3326 853; x_wconf 91' lang='lat' dir='ltr'>usque</span> <span class='ocrx_word' id='word_1_151' title='bbox 3356 782 3421 838; x_wconf 88' lang='lat' dir='ltr'>ad</span> <span class='ocrx_word' id='word_1_152' title='bbox 3454 799 3651 839; x_wconf 86' lang='lat' dir='ltr'>cornua</span> <span class='ocrx_word' id='word_1_153' title='bbox 3705 784 3785 839; x_wconf 86' lang='lat' dir='ltr'>al-</span> 
     </span>
    </p>
   </div>
   <div class='ocr_carea' id='block_1_22' title="bbox 2188 871 3783 943">
    <p class='ocr_par' dir='ltr' id='par_1_22' title="bbox 2188 871 3783 943">
     <span class='ocr_line' id='line_1_22' title="bbox 2188 871 3783 943; baseline 0.001 -16"><span class='ocrx_word' id='word_1_154' title='bbox 2188 872 2333 927; x_wconf 90' lang='lat' dir='ltr'>taris.</span> <span class='ocrx_word' id='word_1_155' title='bbox 2366 873 2478 927; x_wconf 71' lang='lat' dir='ltr'>Hoc</span> <span class='ocrx_word' id='word_1_156' title='bbox 2510 873 2674 927; x_wconf 87' lang='lat' dir='ltr'>altare</span> <span class='ocrx_word' id='word_1_157' title='bbox 2699 881 2777 927; x_wconf 79' lang='lat' dir='ltr'>est</span> <span class='ocrx_word' id='word_1_158' title='bbox 2806 873 2920 943; x_wconf 89' lang='lat' dir='ltr'>ipse</span> <span class='ocrx_word' id='word_1_159' title='bbox 2970 872 3229 939; x_wconf 87' lang='lat' dir='ltr'>Christus,</span> <span class='ocrx_word' id='word_1_160' title='bbox 3270 871 3359 942; x_wconf 87' lang='lat' dir='ltr'>qui</span> <span class='ocrx_word' id='word_1_161' title='bbox 3392 873 3445 926; x_wconf 91' lang='lat' dir='ltr'>in</span> <span class='ocrx_word' id='word_1_162' title='bbox 3473 889 3627 928; x_wconf 88' lang='lat' dir='ltr'>cruce</span> <span class='ocrx_word' id='word_1_163' title='bbox 3680 888 3783 943; x_wconf 90' lang='lat' dir='ltr'>pro</span> 
     </span>
    </p>
   </div>
   <div class='ocr_carea' id='block_1_23' title="bbox 2188 959 3783 1031">
    <p class='ocr_par' dir='ltr' id='par_1_23' title="bbox 2188 959 3783 1031">
     <span class='ocr_line' id='line_1_23' title="bbox 2188 959 3783 1031; baseline 0 -15"><span class='ocrx_word' id='word_1_164' title='bbox 2188 959 2345 1016; x_wconf 91' lang='lat' dir='ltr'>nobis</span> <span class='ocrx_word' id='word_1_165' title='bbox 2368 960 2563 1015; x_wconf 87' lang='lat' dir='ltr'>obtulit</span> <span class='ocrx_word' id='word_1_166' title='bbox 2614 962 2842 1031; x_wconf 87' lang='lat' dir='ltr'>pretium</span> <span class='ocrx_word' id='word_1_167' title='bbox 2872 961 2953 1016; x_wconf 91' lang='lat' dir='ltr'>sui</span> <span class='ocrx_word' id='word_1_168' title='bbox 3010 961 3146 1016; x_wconf 89' lang='lat' dir='ltr'>sacri</span> <span class='ocrx_word' id='word_1_169' title='bbox 3203 960 3428 1016; x_wconf 90' lang='lat' dir='ltr'>cruoris.</span> <span class='ocrx_word' id='word_1_170' title='bbox 3465 960 3678 1017; x_wconf 88' lang='lat' dir='ltr'>Cornua</span> <span class='ocrx_word' id='word_1_171' title='bbox 3723 961 3783 1016; x_wconf 91' lang='lat' dir='ltr'>in</span> 
     </span>
    </p>
   </div>
   <div class='ocr_carea' id='block_1_24' title="bbox 2187 1049 3783 1121">
    <p class='ocr_par' dir='ltr' id='par_1_24' title="bbox 2187 1049 3783 1121">
     <span class='ocr_line' id='line_1_24' title="bbox 2187 1049 3783 1121; baseline 0.002 -18"><span class='ocrx_word' id='word_1_172' title='bbox 2187 1050 2439 1104; x_wconf 91' lang='lat' dir='ltr'>manibus</span> <span class='ocrx_word' id='word_1_173' title='bbox 2466 1049 2584 1119; x_wconf 89' lang='lat' dir='ltr'>ejus</span> <span class='ocrx_word' id='word_1_174' title='bbox 2612 1050 2836 1117; x_wconf 80' lang='lat' dir='ltr'>(Habac.</span> <span class='ocrx_word' id='word_1_175' title='bbox 2869 1050 2971 1120; x_wconf 84' lang='grc' dir='ltr'><strong>ιιι),</strong></span> <span class='ocrx_word' id='word_1_176' title='bbox 3003 1051 3186 1106; x_wconf 87' lang='lat' dir='ltr'>clavos</span> <span class='ocrx_word' id='word_1_177' title='bbox 3213 1050 3405 1121; x_wconf 87' lang='lat' dir='ltr'>quibus</span> <span class='ocrx_word' id='word_1_178' title='bbox 3421 1066 3612 1105; x_wconf 89' lang='lat' dir='ltr'>manus</span> <span class='ocrx_word' id='word_1_179' title='bbox 3629 1057 3783 1106; x_wconf 87' lang='lat' dir='ltr'>erant</span> 
     </span>
    </p>
   </div>
   <div class='ocr_carea' id='block_1_25' title="bbox 2188 1145 3783 1221">
    <p class='ocr_par' dir='ltr' id='par_1_25' title="bbox 2188 1145 3783 1221">
     <span class='ocr_line' id='line_1_25' title="bbox 2188 1145 3783 1221; baseline 0.001 -19"><span class='ocrx_word' id='word_1_180' title='bbox 2188 1145 2458 1203; x_wconf 75' lang='lat' dir='ltr'>transﬁxae</span> <span class='ocrx_word' id='word_1_181' title='bbox 2507 1148 2791 1221; x_wconf 86' lang='lat' dir='ltr'>designant</span> <span class='ocrx_word' id='word_1_182' title='bbox 2819 1148 2875 1202; x_wconf 90' lang='lat' dir='ltr'>in</span> <span class='ocrx_word' id='word_1_183' title='bbox 2914 1149 3085 1204; x_wconf 91' lang='lat' dir='ltr'>crucis</span> <span class='ocrx_word' id='word_1_184' title='bbox 3116 1149 3377 1221; x_wconf 90' lang='lat' dir='ltr'>patibulo.</span> <span class='ocrx_word' id='word_1_185' title='bbox 3436 1148 3783 1204; x_wconf 83' lang='lat' dir='ltr'>Orationibus</span> 
     </span>
    </p>
   </div>
   <div class='ocr_carea' id='block_1_26' title="bbox 2189 1235 3785 1308">
    <p class='ocr_par' dir='ltr' id='par_1_26' title="bbox 2189 1235 3785 1308">
     <span class='ocr_line' id='line_1_26' title="bbox 2189 1235 3785 1308; baseline 0.002 -18"><span class='ocrx_word' id='word_1_186' title='bbox 2189 1235 2387 1306; x_wconf 84' lang='lat' dir='ltr'>itaque,</span> <span class='ocrx_word' id='word_1_187' title='bbox 2437 1236 2659 1306; x_wconf 85' lang='lat' dir='ltr'>jejuniis</span> <span class='ocrx_word' id='word_1_188' title='bbox 2712 1246 2766 1293; x_wconf 91' lang='lat' dir='ltr'>et</span> <span class='ocrx_word' id='word_1_189' title='bbox 2794 1238 3052 1305; x_wconf 88' lang='lat' dir='ltr'>castitate,</span> <span class='ocrx_word' id='word_1_190' title='bbox 3112 1238 3338 1308; x_wconf 84' lang='lat' dir='ltr'>aliisque</span> <span class='ocrx_word' id='word_1_191' title='bbox 3368 1237 3521 1293; x_wconf 92' lang='lat' dir='ltr'>bonis</span> <span class='ocrx_word' id='word_1_192' title='bbox 3575 1238 3785 1294; x_wconf 81' lang='lat' dir='ltr'>actibus</span> 
     </span>
    </p>
   </div>
   <div class='ocr_carea' id='block_1_27' title="bbox 2188 1324 3779 1400">
    <p class='ocr_par' dir='ltr' id='par_1_27' title="bbox 2188 1324 3779 1400">
     <span class='ocr_line' id='line_1_27' title="bbox 2188 1324 3779 1400; baseline 0.002 -22"><span class='ocrx_word' id='word_1_193' title='bbox 2188 1324 2243 1379; x_wconf 88' lang='lat' dir='ltr'>id</span> <span class='ocrx_word' id='word_1_194' title='bbox 2272 1333 2582 1400; x_wconf 90' lang='lat' dir='ltr'>satagamus</span> <span class='ocrx_word' id='word_1_195' title='bbox 2612 1326 2852 1397; x_wconf 85' lang='lat' dir='ltr'>quotidie</span> <span class='ocrx_word' id='word_1_196' title='bbox 2881 1343 3011 1399; x_wconf 87' lang='lat' dir='ltr'>erga</span> <span class='ocrx_word' id='word_1_197' title='bbox 3049 1326 3149 1381; x_wconf 92' lang='lat' dir='ltr'>Dei</span> <span class='ocrx_word' id='word_1_198' title='bbox 3177 1326 3492 1395; x_wconf 86' lang='lat' dir='ltr'>bonitatem,</span> <span class='ocrx_word' id='word_1_199' title='bbox 3546 1335 3604 1381; x_wconf 90' lang='lat' dir='ltr'>ut</span> <span class='ocrx_word' id='word_1_200' title='bbox 3656 1342 3779 1382; x_wconf 91' lang='lat' dir='ltr'>cum</span> 
     </span>
    </p>
   </div>
   <div class='ocr_carea' id='block_1_28' title="bbox 2187 1413 3780 1487">
    <p class='ocr_par' dir='ltr' id='par_1_28' title="bbox 2187 1413 3780 1487">
     <span class='ocr_line' id='line_1_28' title="bbox 2187 1413 3780 1487; baseline 0.002 -19"><span class='ocrx_word' id='word_1_201' title='bbox 2187 1413 2310 1469; x_wconf 85' lang='lat' dir='ltr'>ﬁnis</span> <span class='ocrx_word' id='word_1_202' title='bbox 2336 1415 2543 1470; x_wconf 86' lang='lat' dir='ltr'>venerit</span> <span class='ocrx_word' id='word_1_203' title='bbox 2569 1415 2694 1471; x_wconf 74' lang='lat' dir='ltr'>vitae</span> <span class='ocrx_word' id='word_1_204' title='bbox 2723 1414 2767 1470; x_wconf 87' lang='lat' dir='ltr'>si</span> <span class='ocrx_word' id='word_1_205' title='bbox 2796 1431 2863 1471; x_wconf 89' lang='lat' dir='ltr'>ex</span> <span class='ocrx_word' id='word_1_206' title='bbox 2894 1423 3003 1471; x_wconf 92' lang='lat' dir='ltr'>toto</span> <span class='ocrx_word' id='word_1_207' title='bbox 3028 1431 3136 1471; x_wconf 90' lang='lat' dir='ltr'>non</span> <span class='ocrx_word' id='word_1_208' title='bbox 3196 1414 3460 1487; x_wconf 89' lang='lat' dir='ltr'>possimus</span> <span class='ocrx_word' id='word_1_209' title='bbox 3513 1414 3569 1469; x_wconf 92' lang='lat' dir='ltr'>in</span> <span class='ocrx_word' id='word_1_210' title='bbox 3621 1431 3780 1471; x_wconf 89' lang='lat' dir='ltr'>cruce</span> 
     </span>
    </p>
   </div>
   <div class='ocr_carea' id='block_1_29' title="bbox 2188 1503 3778 1576">
    <p class='ocr_par' dir='ltr' id='par_1_29' title="bbox 2188 1503 3778 1576">
     <span class='ocr_line' id='line_1_29' title="bbox 2188 1503 3778 1576; baseline 0.001 -17"><span class='ocrx_word' id='word_1_211' title='bbox 2188 1504 2449 1576; x_wconf 88' lang='lat' dir='ltr'>pendere,</span> <span class='ocrx_word' id='word_1_212' title='bbox 2482 1506 2671 1559; x_wconf 87' lang='lat' dir='ltr'>saltem</span> <span class='ocrx_word' id='word_1_213' title='bbox 2709 1503 3051 1561; x_wconf 75' lang='lat' dir='ltr'>inveniamur</span> <span class='ocrx_word' id='word_1_214' title='bbox 3101 1505 3345 1575; x_wconf 86' lang='lat' dir='ltr'>suspensi</span> <span class='ocrx_word' id='word_1_215' title='bbox 3400 1504 3579 1559; x_wconf 90' lang='lat' dir='ltr'>inuno</span> <span class='ocrx_word' id='word_1_216' title='bbox 3626 1504 3778 1560; x_wconf 87' lang='lat' dir='ltr'>clave</span> 
     </span>
    </p>
   </div>
   <div class='ocr_carea' id='block_1_30' title="bbox 2187 1593 3777 1665">
    <p class='ocr_par' dir='ltr' id='par_1_30' title="bbox 2187 1593 3777 1665">
     <span class='ocr_line' id='line_1_30' title="bbox 2187 1593 3777 1665; baseline 0 -15"><span class='ocrx_word' id='word_1_217' title='bbox 2187 1594 2358 1650; x_wconf 91' lang='lat' dir='ltr'>crucis</span> <span class='ocrx_word' id='word_1_218' title='bbox 2385 1602 2625 1650; x_wconf 79' lang='lat' dir='ltr'>sacratae.</span> <span class='ocrx_word' id='word_1_219' title='bbox 2685 1595 2766 1650; x_wconf 90' lang='lat' dir='ltr'>De</span> <span class='ocrx_word' id='word_1_220' title='bbox 2797 1597 2898 1649; x_wconf 92' lang='lat' dir='ltr'>hoc</span> <span class='ocrx_word' id='word_1_221' title='bbox 2953 1594 3105 1649; x_wconf 85' lang='lat' dir='ltr'>altari</span> <span class='ocrx_word' id='word_1_222' title='bbox 3146 1593 3356 1649; x_wconf 87' lang='lat' dir='ltr'>dixerat</span> <span class='ocrx_word' id='word_1_223' title='bbox 3410 1593 3524 1665; x_wconf 89' lang='lat' dir='ltr'>ipse</span> <span class='ocrx_word' id='word_1_224' title='bbox 3563 1594 3701 1649; x_wconf 84' lang='lat' dir='ltr'>Deus</span> <span class='ocrx_word' id='word_1_225' title='bbox 3762 1611 3777 1650; x_wconf 90' lang='lat'><strong>:</strong></span> 
     </span>
    </p>
   </div>
   <div class='ocr_carea' id='block_1_31' title="bbox 2191 1682 3778 1753">
    <p class='ocr_par' dir='ltr' id='par_1_31' title="bbox 2191 1682 3778 1753">
     <span class='ocr_line' id='line_1_31' title="bbox 2191 1682 3778 1753; baseline 0.001 -15"><span class='ocrx_word' id='word_1_226' title='bbox 2191 1706 2214 1731; x_wconf 78' lang='grc' dir='ltr'>ι</span> <span class='ocrx_word' id='word_1_227' title='bbox 2248 1683 2425 1738; x_wconf 82' lang='lat' dir='ltr'>Altare</span> <span class='ocrx_word' id='word_1_228' title='bbox 2454 1684 2523 1737; x_wconf 88' lang='lat' dir='ltr'>de</span> <span class='ocrx_word' id='word_1_229' title='bbox 2578 1691 2717 1739; x_wconf 87' lang='lat' dir='ltr'>terra</span> <span class='ocrx_word' id='word_1_230' title='bbox 2773 1682 2978 1738; x_wconf 83' lang='lat' dir='ltr'>facietis</span> <span class='ocrx_word' id='word_1_231' title='bbox 3032 1683 3165 1738; x_wconf 82' lang='lat' dir='ltr'>mihi</span> <span class='ocrx_word' id='word_1_232' title='bbox 3217 1684 3418 1752; x_wconf 74' lang='lat' dir='ltr'>(Exod.</span> <span class='ocrx_word' id='word_1_233' title='bbox 3456 1682 3571 1753; x_wconf 85' lang='lat' dir='ltr'>xx).</span> <span class='ocrx_word' id='word_1_234' title='bbox 3606 1705 3628 1730; x_wconf 78' lang='grc' dir='ltr'>ιι</span> <span class='ocrx_word' id='word_1_235' title='bbox 3664 1684 3778 1739; x_wconf 81' lang='lat' dir='ltr'>Hoc</span> 
     </span>
    </p>
   </div>
   <div class='ocr_carea' id='block_1_32' title="bbox 2187 1771 3778 1845">
    <p class='ocr_par' dir='ltr' id='par_1_32' title="bbox 2187 1771 3778 1845">
     <span class='ocr_line' id='line_1_32' title="bbox 2187 1771 3778 1845; baseline 0.001 -18"><span class='ocrx_word' id='word_1_236' title='bbox 2187 1780 2354 1828; x_wconf 89' lang='lat' dir='ltr'>attare</span> <span class='ocrx_word' id='word_1_237' title='bbox 2384 1780 2463 1827; x_wconf 90' lang='lat' dir='ltr'>est</span> <span class='ocrx_word' id='word_1_238' title='bbox 2483 1774 2647 1828; x_wconf 89' lang='lat' dir='ltr'>homo</span> <span class='ocrx_word' id='word_1_239' title='bbox 2677 1772 2891 1827; x_wconf 89' lang='lat' dir='ltr'>divinus</span> <span class='ocrx_word' id='word_1_240' title='bbox 2920 1780 3125 1828; x_wconf 88' lang='lat' dir='ltr'>erectus</span> <span class='ocrx_word' id='word_1_241' title='bbox 3171 1788 3238 1827; x_wconf 86' lang='lat' dir='ltr'>ex</span> <span class='ocrx_word' id='word_1_242' title='bbox 3269 1771 3435 1828; x_wconf 84' lang='lat' dir='ltr'>Maria</span> <span class='ocrx_word' id='word_1_243' title='bbox 3462 1772 3670 1845; x_wconf 76' lang='lat' dir='ltr'>virgine</span> <span class='ocrx_word' id='word_1_244' title='bbox 3725 1780 3778 1828; x_wconf 85' lang='lat' dir='ltr'>et</span> 
     </span>
    </p>
   </div>
   <div class='ocr_carea' id='block_1_33' title="bbox 471 1861 2973 1957">
    <p class='ocr_par' dir='ltr' id='par_1_33' title="bbox 471 1861 2973 1957">
     <span class='ocr_line' id='line_1_33' title="bbox 471 1861 2973 1957; baseline -0.006 -11"><span class='ocrx_word' id='word_1_245' title='bbox 471 1890 693 1947; x_wconf 82' lang='lat' dir='ltr'>virtutes</span> <span class='ocrx_word' id='word_1_246' title='bbox 724 1895 925 1944; x_wconf 63' lang='lat' dir='ltr'>sanctae</span> <span class='ocrx_word' id='word_1_247' title='bbox 981 1886 1140 1943; x_wconf 90' lang='lat' dir='ltr'>bonis</span> <span class='ocrx_word' id='word_1_248' title='bbox 1159 1884 1414 1957; x_wconf 82' lang='lat' dir='ltr'>Operibus</span> <span class='ocrx_word' id='word_1_249' title='bbox 1431 1882 1695 1949; x_wconf 68' lang='lat' dir='ltr'>admistae,</span> <span class='ocrx_word' id='word_1_250' title='bbox 1725 1888 1909 1937; x_wconf 91' lang='lat' dir='ltr'>sancta</span> <span class='ocrx_word' id='word_1_251' title='bbox 1962 1880 2073 1936; x_wconf 91' lang='lat' dir='ltr'>sci-</span> <span class='ocrx_word' id='word_1_252' title='bbox 2102 1871 2156 1933; x_wconf 87' lang='grc' dir='ltr'>Β</span> <span class='ocrx_word' id='word_1_253' title='bbox 2187 1878 2254 1917; x_wconf 66' lang='lat' dir='ltr'>ex</span> <span class='ocrx_word' id='word_1_254' title='bbox 2283 1879 2310 1916; x_wconf 79' lang='grc' dir='ltr'><strong>ι’</strong></span> <span class='ocrx_word' id='word_1_255' title='bbox 2312 1862 2454 1934; x_wconf 67' lang='lat' dir='ltr'>0331i</span> <span class='ocrx_word' id='word_1_256' title='bbox 2483 1861 2762 1917; x_wconf 67' lang='grc' dir='ltr'>ευδοίίαίυδ</span> <span class='ocrx_word' id='word_1_257' title='bbox 2788 1862 2973 1934; x_wconf 62' lang='lat' dir='ltr'>surpe-</span> 
     </span>
    </p>
   </div>
   <div class='ocr_carea' id='block_1_34' title="bbox 471 1969 2076 2047">
    <p class='ocr_par' dir='ltr' id='par_1_34' title="bbox 471 1969 2076 2047">
     <span class='ocr_line' id='line_1_34' title="bbox 471 1969 2076 2047; baseline -0.007 -12"><span class='ocrx_word' id='word_1_258' title='bbox 471 1980 599 2035; x_wconf 89' lang='lat' dir='ltr'>licet</span> <span class='ocrx_word' id='word_1_259' title='bbox 625 1978 779 2046; x_wconf 86' lang='lat' dir='ltr'>ﬁdes,</span> <span class='ocrx_word' id='word_1_260' title='bbox 807 1993 950 2047; x_wconf 89' lang='lat' dir='ltr'>spes,</span> <span class='ocrx_word' id='word_1_261' title='bbox 985 1984 1038 2031; x_wconf 91' lang='lat' dir='ltr'>et</span> <span class='ocrx_word' id='word_1_262' title='bbox 1067 1975 1300 2032; x_wconf 89' lang='lat' dir='ltr'>charitas</span> <span class='ocrx_word' id='word_1_263' title='bbox 1332 1988 1346 2041; x_wconf 89' lang='lat'>;</span> <span class='ocrx_word' id='word_1_264' title='bbox 1378 1980 1619 2028; x_wconf 90' lang='lat' dir='ltr'>sanctum</span> <span class='ocrx_word' id='word_1_265' title='bbox 1674 1986 1887 2041; x_wconf 89' lang='lat' dir='ltr'>quoque</span> <span class='ocrx_word' id='word_1_266' title='bbox 1940 1969 2076 2041; x_wconf 89' lang='lat' dir='ltr'>bap-</span> 
     </span>
    </p>
   </div>
   <div class='ocr_carea' id='block_1_35' title="bbox 473 2060 2076 2138">
    <p class='ocr_par' dir='ltr' id='par_1_35' title="bbox 473 2060 2076 2138">
     <span class='ocr_line' id='line_1_35' title="bbox 473 2060 2076 2138; baseline -0.006 -15"><span class='ocrx_word' id='word_1_267' title='bbox 473 2069 651 2123; x_wconf 89' lang='lat' dir='ltr'>tisma.</span> <span class='ocrx_word' id='word_1_268' title='bbox 687 2066 793 2137; x_wconf 90' lang='lat' dir='ltr'>Qui</span> <span class='ocrx_word' id='word_1_269' title='bbox 823 2072 1183 2138; x_wconf 89' lang='lat' dir='ltr'>peccaverunt</span> <span class='ocrx_word' id='word_1_270' title='bbox 1209 2070 1332 2133; x_wconf 90' lang='lat' dir='ltr'>post</span> <span class='ocrx_word' id='word_1_271' title='bbox 1348 2062 1618 2134; x_wconf 89' lang='lat' dir='ltr'>baptisma</span> <span class='ocrx_word' id='word_1_272' title='bbox 1645 2060 1713 2116; x_wconf 87' lang='lat' dir='ltr'>ad</span> <span class='ocrx_word' id='word_1_273' title='bbox 1743 2061 1839 2115; x_wconf 86' lang='lat' dir='ltr'>has</span> <span class='ocrx_word' id='word_1_274' title='bbox 1894 2067 2076 2130; x_wconf 90' lang='lat' dir='ltr'>portas</span> 
     </span>
    </p>
   </div>
   <div class='ocr_carea' id='block_1_36' title="bbox 471 2149 2071 2223">
    <p class='ocr_par' dir='ltr' id='par_1_36' title="bbox 471 2149 2071 2223">
     <span class='ocr_line' id='line_1_36' title="bbox 471 2149 2071 2223; baseline -0.006 -10"><span class='ocrx_word' id='word_1_275' title='bbox 471 2158 657 2213; x_wconf 88' lang='lat' dir='ltr'>salutis</span> <span class='ocrx_word' id='word_1_276' title='bbox 713 2156 986 2223; x_wconf 85' lang='lat' dir='ltr'>festinent,</span> <span class='ocrx_word' id='word_1_277' title='bbox 1036 2153 1285 2210; x_wconf 90' lang='lat' dir='ltr'>videlicet</span> <span class='ocrx_word' id='word_1_278' title='bbox 1343 2151 1412 2206; x_wconf 93' lang='lat' dir='ltr'>ad</span> <span class='ocrx_word' id='word_1_279' title='bbox 1438 2167 1621 2208; x_wconf 89' lang='lat' dir='ltr'>veram</span> <span class='ocrx_word' id='word_1_280' title='bbox 1677 2149 2071 2220; x_wconf 66' lang='lat' dir='ltr'>paenitentiam,</span> 
     </span>
    </p>
   </div>
   <div class='ocr_carea' id='block_1_37' title="bbox 472 2238 2075 2317">
    <p class='ocr_par' dir='ltr' id='par_1_37' title="bbox 472 2238 2075 2317">
     <span class='ocr_line' id='line_1_37' title="bbox 472 2238 2075 2317; baseline -0.006 -15"><span class='ocrx_word' id='word_1_281' title='bbox 472 2262 665 2317; x_wconf 89' lang='lat' dir='ltr'>puram</span> <span class='ocrx_word' id='word_1_282' title='bbox 723 2244 1141 2312; x_wconf 88' lang='lat' dir='ltr'>confessionem,</span> <span class='ocrx_word' id='word_1_283' title='bbox 1201 2247 1633 2313; x_wconf 87' lang='lat' dir='ltr'>perseverantem</span> <span class='ocrx_word' id='word_1_284' title='bbox 1692 2238 2075 2294; x_wconf 86' lang='lat' dir='ltr'>continentiam</span> 
     </span>
    </p>
   </div>
   <div class='ocr_carea' id='block_1_38' title="bbox 473 2327 2074 2408">
    <p class='ocr_par' dir='ltr' id='par_1_38' title="bbox 473 2327 2074 2408">
     <span class='ocr_line' id='line_1_38' title="bbox 473 2327 2074 2408; baseline -0.007 -16"><span class='ocrx_word' id='word_1_285' title='bbox 473 2352 506 2391; x_wconf 87' lang='lat' dir='ltr'>a</span> <span class='ocrx_word' id='word_1_286' title='bbox 535 2335 792 2408; x_wconf 87' lang='lat' dir='ltr'>peccatis.</span> <span class='ocrx_word' id='word_1_287' title='bbox 823 2333 999 2405; x_wconf 90' lang='lat' dir='ltr'>Super</span> <span class='ocrx_word' id='word_1_288' title='bbox 1028 2334 1167 2388; x_wconf 90' lang='lat' dir='ltr'>hanc</span> <span class='ocrx_word' id='word_1_289' title='bbox 1203 2332 1382 2401; x_wconf 91' lang='lat' dir='ltr'>itaque</span> <span class='ocrx_word' id='word_1_290' title='bbox 1411 2329 1632 2385; x_wconf 90' lang='lat' dir='ltr'>domum</span> <span class='ocrx_word' id='word_1_291' title='bbox 1670 2328 1831 2384; x_wconf 89' lang='lat' dir='ltr'>hodie</span> <span class='ocrx_word' id='word_1_292' title='bbox 1862 2327 2074 2399; x_wconf 89' lang='lat' dir='ltr'>suppli-</span> 
     </span>
    </p>
   </div>
   <div class='ocr_carea' id='block_1_39' title="bbox 472 2416 2074 2494">
    <p class='ocr_par' dir='ltr' id='par_1_39' title="bbox 472 2416 2074 2494">
     <span class='ocr_line' id='line_1_39' title="bbox 472 2416 2074 2494; baseline -0.006 -14"><span class='ocrx_word' id='word_1_293' title='bbox 472 2440 661 2481; x_wconf 89' lang='lat' dir='ltr'>camus</span> <span class='ocrx_word' id='word_1_294' title='bbox 716 2421 1080 2494; x_wconf 89' lang='lat' dir='ltr'>omnipotenti</span> <span class='ocrx_word' id='word_1_295' title='bbox 1138 2420 1277 2491; x_wconf 81' lang='lat' dir='ltr'>Deo,</span> <span class='ocrx_word' id='word_1_296' title='bbox 1337 2426 1599 2489; x_wconf 89' lang='lat' dir='ltr'>quatenus</span> <span class='ocrx_word' id='word_1_297' title='bbox 1653 2416 1914 2488; x_wconf 90' lang='lat' dir='ltr'>quidquid</span> <span class='ocrx_word' id='word_1_298' title='bbox 1967 2416 2074 2471; x_wconf 91' lang='lat' dir='ltr'>ali-</span> 
     </span>
    </p>
   </div>
   <div class='ocr_carea' id='block_1_40' title="bbox 471 2512 2075 2593">
    <p class='ocr_par' dir='ltr' id='par_1_40' title="bbox 471 2512 2075 2593">
     <span class='ocr_line' id='line_1_40' title="bbox 471 2512 2075 2593; baseline -0.006 -16"><span class='ocrx_word' id='word_1_299' title='bbox 471 2520 593 2593; x_wconf 87' lang='lat' dir='ltr'>quis</span> <span class='ocrx_word' id='word_1_300' title='bbox 646 2519 931 2578; x_wconf 89' lang='lat' dir='ltr'>hominum</span> <span class='ocrx_word' id='word_1_301' title='bbox 987 2517 1337 2592; x_wconf 85' lang='lat' dir='ltr'>postulaverit</span> <span class='ocrx_word' id='word_1_302' title='bbox 1374 2516 1463 2571; x_wconf 92' lang='lat' dir='ltr'>hic</span> <span class='ocrx_word' id='word_1_303' title='bbox 1491 2532 1523 2571; x_wconf 94' lang='lat' dir='ltr'>a</span> <span class='ocrx_word' id='word_1_304' title='bbox 1551 2515 1785 2571; x_wconf 90' lang='lat' dir='ltr'>Domino</span> <span class='ocrx_word' id='word_1_305' title='bbox 1812 2513 1963 2583; x_wconf 89' lang='lat' dir='ltr'>boni,</span> <span class='ocrx_word' id='word_1_306' title='bbox 2019 2512 2075 2568; x_wconf 93' lang='lat' dir='ltr'>id</span> 
     </span>
    </p>
   </div>
   <div class='ocr_carea' id='block_1_41' title="bbox 475 2603 2075 2681">
    <p class='ocr_par' dir='ltr' id='par_1_41' title="bbox 475 2603 2075 2681">
     <span class='ocr_line' id='line_1_41' title="bbox 475 2603 2075 2681; baseline -0.005 -16"><span class='ocrx_word' id='word_1_307' title='bbox 475 2617 746 2666; x_wconf 86' lang='lat' dir='ltr'>mereatur</span> <span class='ocrx_word' id='word_1_308' title='bbox 773 2608 1027 2681; x_wconf 87' lang='lat' dir='ltr'>adipisci.</span> <span class='ocrx_word' id='word_1_309' title='bbox 1065 2606 1239 2663; x_wconf 89' lang='lat' dir='ltr'>Hodie</span> <span class='ocrx_word' id='word_1_310' title='bbox 1270 2621 1483 2677; x_wconf 89' lang='lat' dir='ltr'>quoque</span> <span class='ocrx_word' id='word_1_311' title='bbox 1518 2604 1687 2660; x_wconf 89' lang='lat' dir='ltr'>sancti</span> <span class='ocrx_word' id='word_1_312' title='bbox 1715 2603 1896 2676; x_wconf 88' lang='lat' dir='ltr'>angeli</span> <span class='ocrx_word' id='word_1_313' title='bbox 1937 2603 2075 2660; x_wconf 90' lang='lat' dir='ltr'>visi-</span> 
     </span>
    </p>
   </div>
   <div class='ocr_carea' id='block_1_42' title="bbox 474 2701 2075 2773">
    <p class='ocr_par' dir='ltr' id='par_1_42' title="bbox 474 2701 2075 2773">
     <span class='ocr_line' id='line_1_42' title="bbox 474 2701 2075 2773; baseline -0.004 -10"><span class='ocrx_word' id='word_1_314' title='bbox 474 2713 587 2763; x_wconf 87' lang='lat' dir='ltr'>tant</span> <span class='ocrx_word' id='word_1_315' title='bbox 633 2707 723 2763; x_wconf 91' lang='lat' dir='ltr'>hic</span> <span class='ocrx_word' id='word_1_316' title='bbox 793 2722 921 2761; x_wconf 91' lang='lat' dir='ltr'>suos</span> <span class='ocrx_word' id='word_1_317' title='bbox 983 2704 1253 2773; x_wconf 88' lang='lat' dir='ltr'>concives,</span> <span class='ocrx_word' id='word_1_318' title='bbox 1319 2702 1516 2773; x_wconf 87' lang='lat' dir='ltr'>quibus</span> <span class='ocrx_word' id='word_1_319' title='bbox 1568 2701 1770 2757; x_wconf 90' lang='lat' dir='ltr'>dudum</span> <span class='ocrx_word' id='word_1_320' title='bbox 1826 2701 2075 2773; x_wconf 88' lang='lat' dir='ltr'>indigna-</span> 
     </span>
    </p>
   </div>
   <div class='ocr_carea' id='block_1_43' title="bbox 476 2790 2068 2867">
    <p class='ocr_par' dir='ltr' id='par_1_43' title="bbox 476 2790 2068 2867">
     <span class='ocr_line' id='line_1_43' title="bbox 476 2790 2068 2867; baseline -0.004 -16"><span class='ocrx_word' id='word_1_321' title='bbox 476 2798 692 2865; x_wconf 87' lang='lat' dir='ltr'>bantur,</span> <span class='ocrx_word' id='word_1_322' title='bbox 724 2803 781 2852; x_wconf 87' lang='lat' dir='ltr'>et</span> <span class='ocrx_word' id='word_1_323' title='bbox 806 2811 1003 2867; x_wconf 88' lang='lat' dir='ltr'>corpus</span> <span class='ocrx_word' id='word_1_324' title='bbox 1037 2793 1265 2849; x_wconf 89' lang='lat' dir='ltr'>sumitur</span> <span class='ocrx_word' id='word_1_325' title='bbox 1291 2792 1435 2847; x_wconf 82' lang='lat' dir='ltr'>Jesu.</span> <span class='ocrx_word' id='word_1_326' title='bbox 1485 2790 1623 2847; x_wconf 85' lang='lat' dir='ltr'>Hinc</span> <span class='ocrx_word' id='word_1_327' title='bbox 1645 2790 1901 2862; x_wconf 90' lang='lat' dir='ltr'>scriptum</span> <span class='ocrx_word' id='word_1_328' title='bbox 1957 2798 2068 2846; x_wconf 90' lang='lat' dir='ltr'>est:</span> 
     </span>
    </p>
   </div>
   <div class='ocr_carea' id='block_1_44' title="bbox 480 2879 2069 2958">
    <p class='ocr_par' dir='ltr' id='par_1_44' title="bbox 480 2879 2069 2958">
     <span class='ocr_line' id='line_1_44' title="bbox 480 2879 2069 2958; baseline -0.004 -17"><span class='ocrx_word' id='word_1_329' title='bbox 480 2910 503 2935; x_wconf 73' lang='grc' dir='ltr'><strong>κ</strong></span> <span class='ocrx_word' id='word_1_330' title='bbox 536 2884 730 2958; x_wconf 86' lang='lat' dir='ltr'>Angeli</span> <span class='ocrx_word' id='word_1_331' title='bbox 760 2900 950 2941; x_wconf 89' lang='lat' dir='ltr'>eorum</span> <span class='ocrx_word' id='word_1_332' title='bbox 977 2898 1191 2955; x_wconf 84' lang='lat' dir='ltr'>semper</span> <span class='ocrx_word' id='word_1_333' title='bbox 1217 2881 1403 2940; x_wconf 70' lang='lat' dir='ltr'>vident</span> <span class='ocrx_word' id='word_1_334' title='bbox 1432 2880 1630 2936; x_wconf 87' lang='lat' dir='ltr'>faciem</span> <span class='ocrx_word' id='word_1_335' title='bbox 1660 2879 1829 2935; x_wconf 88' lang='lat' dir='ltr'>Patris</span> <span class='ocrx_word' id='word_1_336' title='bbox 1848 2880 2069 2951; x_wconf 77' lang='lat' dir='ltr'>(Matth.</span> 
     </span>
    </p>
   </div>
   <div class='ocr_carea' id='block_1_45' title="bbox 484 2968 2073 3045">
    <p class='ocr_par' dir='ltr' id='par_1_45' title="bbox 484 2968 2073 3045">
     <span class='ocr_line' id='line_1_45' title="bbox 484 2968 2073 3045; baseline -0.004 -15"><span class='ocrx_word' id='word_1_337' title='bbox 484 2976 669 3045; x_wconf 86' lang='lat' dir='ltr'>xvm).</span> <span class='ocrx_word' id='word_1_338' title='bbox 712 2996 735 3022; x_wconf 79' lang='grc' dir='ltr'>ιι</span> <span class='ocrx_word' id='word_1_339' title='bbox 771 2973 868 3029; x_wconf 87' lang='lat' dir='ltr'>Hic</span> <span class='ocrx_word' id='word_1_340' title='bbox 896 2972 1076 3044; x_wconf 89' lang='lat' dir='ltr'>itaque</span> <span class='ocrx_word' id='word_1_341' title='bbox 1107 2971 1287 3044; x_wconf 75' lang='lat' dir='ltr'>angeli</span> <span class='ocrx_word' id='word_1_342' title='bbox 1306 2970 1476 3025; x_wconf 90' lang='lat' dir='ltr'>sancti</span> <span class='ocrx_word' id='word_1_343' title='bbox 1504 2985 1629 3025; x_wconf 92' lang='lat' dir='ltr'>cum</span> <span class='ocrx_word' id='word_1_344' title='bbox 1667 2968 1852 3025; x_wconf 68' lang='lat' dir='ltr'>laetitia</span> <span class='ocrx_word' id='word_1_345' title='bbox 1879 2969 2073 3042; x_wconf 78' lang='lat' dir='ltr'>grandi</span> 
     </span>
    </p>
   </div>
   <div class='ocr_carea' id='block_1_46' title="bbox 473 3067 2071 3137">
    <p class='ocr_par' dir='ltr' id='par_1_46' title="bbox 473 3067 2071 3137">
     <span class='ocr_line' id='line_1_46' title="bbox 473 3067 2071 3137; baseline -0.004 -9"><span class='ocrx_word' id='word_1_346' title='bbox 473 3072 736 3129; x_wconf 86' lang='lat' dir='ltr'>hodierno</span> <span class='ocrx_word' id='word_1_347' title='bbox 766 3071 1063 3128; x_wconf 88' lang='lat' dir='ltr'>ascendunt</span> <span class='ocrx_word' id='word_1_348' title='bbox 1090 3078 1142 3127; x_wconf 88' lang='lat' dir='ltr'>et</span> <span class='ocrx_word' id='word_1_349' title='bbox 1166 3069 1514 3137; x_wconf 89' lang='lat' dir='ltr'>descendunt,</span> <span class='ocrx_word' id='word_1_350' title='bbox 1548 3068 1898 3124; x_wconf 87' lang='lat' dir='ltr'>adventantes</span> <span class='ocrx_word' id='word_1_351' title='bbox 1947 3067 2071 3122; x_wconf 85' lang='lat' dir='ltr'>ani-</span> 
     </span>
    </p>
   </div>
   <div class='ocr_carea' id='block_1_47' title="bbox 472 3156 2074 3233">
    <p class='ocr_par' dir='ltr' id='par_1_47' title="bbox 472 3156 2074 3233">
     <span class='ocr_line' id='line_1_47' title="bbox 472 3156 2074 3233; baseline -0.005 -14"><span class='ocrx_word' id='word_1_352' title='bbox 472 3178 599 3233; x_wconf 84' lang='lat' dir='ltr'>mae,</span> <span class='ocrx_word' id='word_1_353' title='bbox 632 3178 755 3219; x_wconf 92' lang='lat' dir='ltr'>cum</span> <span class='ocrx_word' id='word_1_354' title='bbox 787 3161 948 3217; x_wconf 87' lang='lat' dir='ltr'>fuerit</span> <span class='ocrx_word' id='word_1_355' title='bbox 975 3159 1149 3232; x_wconf 85' lang='lat' dir='ltr'>sopita</span> <span class='ocrx_word' id='word_1_356' title='bbox 1171 3158 1224 3213; x_wconf 92' lang='lat' dir='ltr'>in</span> <span class='ocrx_word' id='word_1_357' title='bbox 1256 3158 1463 3214; x_wconf 91' lang='lat' dir='ltr'>cunctis</span> <span class='ocrx_word' id='word_1_358' title='bbox 1482 3173 1602 3228; x_wconf 72' lang='lat' dir='ltr'>qua:</span> <span class='ocrx_word' id='word_1_359' title='bbox 1631 3173 1728 3229; x_wconf 89' lang='lat' dir='ltr'>per</span> <span class='ocrx_word' id='word_1_360' title='bbox 1744 3173 1961 3213; x_wconf 89' lang='lat' dir='ltr'>carnem</span> <span class='ocrx_word' id='word_1_361' title='bbox 1979 3156 2074 3212; x_wconf 85' lang='lat' dir='ltr'>ad-</span> 
     </span>
    </p>
   </div>
   <div class='ocr_carea' id='block_1_48' title="bbox 471 3237 2222 3338">
    <p class='ocr_par' dir='ltr' id='par_1_48' title="bbox 471 3237 2222 3338">
     <span class='ocr_line' id='line_1_48' title="bbox 471 3237 2222 3338; baseline -0.003 -30"><span class='ocrx_word' id='word_1_362' title='bbox 471 3258 767 3309; x_wconf 89' lang='lat' dir='ltr'>amaverat.</span> <span class='ocrx_word' id='word_1_363' title='bbox 818 3251 948 3306; x_wconf 76' lang='lat' dir='ltr'>Haec</span> <span class='ocrx_word' id='word_1_364' title='bbox 975 3249 1158 3305; x_wconf 90' lang='lat' dir='ltr'>anima</span> <span class='ocrx_word' id='word_1_365' title='bbox 1214 3248 1342 3304; x_wconf 90' lang='lat' dir='ltr'>dum</span> <span class='ocrx_word' id='word_1_366' title='bbox 1374 3247 1637 3318; x_wconf 87' lang='lat' dir='ltr'>quieverit</span> <span class='ocrx_word' id='word_1_367' title='bbox 1664 3263 1697 3302; x_wconf 89' lang='lat' dir='ltr'>a</span> <span class='ocrx_word' id='word_1_368' title='bbox 1724 3247 1865 3302; x_wconf 89' lang='lat' dir='ltr'>curis</span> <span class='ocrx_word' id='word_1_369' title='bbox 1915 3254 2073 3303; x_wconf 79' lang='lat' dir='ltr'>exte-</span> <span class='ocrx_word' id='word_1_370' title='bbox 2104 3237 2156 3302; x_wconf 88' lang='lat' dir='ltr'>C</span> <span class='ocrx_word' id='word_1_371' title='bbox 2183 3237 2222 3338; x_wconf 52' lang='grc' dir='ltr'>’ᾗ</span> 
     </span>
    </p>
   </div>
   <div class='ocr_carea' id='block_1_49' title="bbox 470 3344 2074 3419">
    <p class='ocr_par' dir='ltr' id='par_1_49' title="bbox 470 3344 2074 3419">
     <span class='ocr_line' id='line_1_49' title="bbox 470 3344 2074 3419; baseline -0.005 -13"><span class='ocrx_word' id='word_1_372' title='bbox 470 3349 702 3407; x_wconf 74' lang='lat' dir='ltr'>tioribus</span> <span class='ocrx_word' id='word_1_373' title='bbox 757 3349 814 3403; x_wconf 91' lang='lat' dir='ltr'>in</span> <span class='ocrx_word' id='word_1_374' title='bbox 862 3347 974 3403; x_wconf 89' lang='lat' dir='ltr'>suis</span> <span class='ocrx_word' id='word_1_375' title='bbox 1028 3346 1446 3419; x_wconf 77' lang='lat' dir='ltr'>cogitationibus</span> <span class='ocrx_word' id='word_1_376' title='bbox 1510 3351 1564 3401; x_wconf 78' lang='lat' dir='ltr'>et</span> <span class='ocrx_word' id='word_1_377' title='bbox 1619 3344 1772 3415; x_wconf 89' lang='lat' dir='ltr'>quasi</span> <span class='ocrx_word' id='word_1_378' title='bbox 1826 3344 2074 3417; x_wconf 85' lang='lat' dir='ltr'>vigilanti</span> 
     </span>
    </p>
   </div>
   <div class='ocr_carea' id='block_1_50' title="bbox 476 3434 2074 3507">
    <p class='ocr_par' dir='ltr' id='par_1_50' title="bbox 476 3434 2074 3507">
     <span class='ocr_line' id='line_1_50' title="bbox 476 3434 2074 3507; baseline -0.005 -10"><span class='ocrx_word' id='word_1_379' title='bbox 476 3438 641 3497; x_wconf 89' lang='lat' dir='ltr'>corde</span> <span class='ocrx_word' id='word_1_380' title='bbox 700 3437 863 3494; x_wconf 86' lang='lat' dir='ltr'>fuerit</span> <span class='ocrx_word' id='word_1_381' title='bbox 906 3436 960 3491; x_wconf 92' lang='lat' dir='ltr'>in</span> <span class='ocrx_word' id='word_1_382' title='bbox 1017 3436 1118 3492; x_wconf 87' lang='lat' dir='ltr'>Dei</span> <span class='ocrx_word' id='word_1_383' title='bbox 1164 3434 1639 3507; x_wconf 90' lang='lat' dir='ltr'>contemplatione,</span> <span class='ocrx_word' id='word_1_384' title='bbox 1696 3434 1865 3489; x_wconf 87' lang='lat' dir='ltr'>sancti</span> <span class='ocrx_word' id='word_1_385' title='bbox 1893 3434 2074 3506; x_wconf 78' lang='lat' dir='ltr'>angeli</span> 
     </span>
    </p>
   </div>
   <div class='ocr_carea' id='block_1_51' title="bbox 472 3533 2073 3608">
    <p class='ocr_par' dir='ltr' id='par_1_51' title="bbox 472 3533 2073 3608">
     <span class='ocr_line' id='line_1_51' title="bbox 472 3533 2073 3608; baseline -0.003 -15"><span class='ocrx_word' id='word_1_386' title='bbox 472 3536 664 3608; x_wconf 89' lang='lat' dir='ltr'>procul</span> <span class='ocrx_word' id='word_1_387' title='bbox 687 3535 854 3592; x_wconf 93' lang='lat' dir='ltr'>dubio</span> <span class='ocrx_word' id='word_1_388' title='bbox 882 3534 1183 3607; x_wconf 82' lang='lat' dir='ltr'>gaudentes</span> <span class='ocrx_word' id='word_1_389' title='bbox 1227 3541 1512 3589; x_wconf 91' lang='lat' dir='ltr'>occurrunt</span> <span class='ocrx_word' id='word_1_390' title='bbox 1561 3533 1665 3588; x_wconf 88' lang='lat' dir='ltr'>illi.</span> <span class='ocrx_word' id='word_1_391' title='bbox 1703 3533 1840 3590; x_wconf 91' lang='lat' dir='ltr'>Cum</span> <span class='ocrx_word' id='word_1_392' title='bbox 1892 3541 2073 3590; x_wconf 89' lang='lat' dir='ltr'>autem</span> 
     </span>
    </p>
   </div>
   <div class='ocr_carea' id='block_1_52' title="bbox 471 3621 2073 3694">
    <p class='ocr_par' dir='ltr' id='par_1_52' title="bbox 471 3621 2073 3694">
     <span class='ocr_line' id='line_1_52' title="bbox 471 3621 2073 3694; baseline -0.002 -13"><span class='ocrx_word' id='word_1_393' title='bbox 471 3642 626 3681; x_wconf 89' lang='lat' dir='ltr'>mens</span> <span class='ocrx_word' id='word_1_394' title='bbox 654 3626 894 3681; x_wconf 91' lang='lat' dir='ltr'>humana</span> <span class='ocrx_word' id='word_1_395' title='bbox 924 3623 1085 3680; x_wconf 82' lang='lat' dir='ltr'>fuerit</span> <span class='ocrx_word' id='word_1_396' title='bbox 1137 3639 1452 3694; x_wconf 88' lang='lat' dir='ltr'>repercussa</span> <span class='ocrx_word' id='word_1_397' title='bbox 1479 3621 1634 3693; x_wconf 85' lang='lat' dir='ltr'>gravi</span> <span class='ocrx_word' id='word_1_398' title='bbox 1659 3622 1902 3692; x_wconf 89' lang='lat' dir='ltr'>corporis</span> <span class='ocrx_word' id='word_1_399' title='bbox 1954 3622 2073 3677; x_wconf 86' lang='lat' dir='ltr'>fra-</span> 
     </span>
    </p>
   </div>
   <div class='ocr_carea' id='block_1_53' title="bbox 466 3711 2073 3789">
    <p class='ocr_par' dir='ltr' id='par_1_53' title="bbox 466 3711 2073 3789">
     <span class='ocr_line' id='line_1_53' title="bbox 466 3711 2073 3789; baseline -0.003 -18"><span class='ocrx_word' id='word_1_400' title='bbox 466 3714 695 3789; x_wconf 87' lang='lat' dir='ltr'>gilitate,</span> <span class='ocrx_word' id='word_1_401' title='bbox 726 3713 1041 3771; x_wconf 89' lang='lat' dir='ltr'>obscuratur</span> <span class='ocrx_word' id='word_1_402' title='bbox 1083 3712 1234 3783; x_wconf 88' lang='lat' dir='ltr'>quasi</span> <span class='ocrx_word' id='word_1_403' title='bbox 1282 3713 1337 3767; x_wconf 94' lang='lat' dir='ltr'>in</span> <span class='ocrx_word' id='word_1_404' title='bbox 1372 3711 1579 3779; x_wconf 85' lang='lat' dir='ltr'>nubilo,</span> <span class='ocrx_word' id='word_1_405' title='bbox 1614 3712 1758 3782; x_wconf 91' lang='lat' dir='ltr'>quod</span> <span class='ocrx_word' id='word_1_406' title='bbox 1811 3711 2073 3783; x_wconf 90' lang='lat' dir='ltr'>splendo-</span> 
     </span>
    </p>
   </div>
   <div class='ocr_carea' id='block_1_54' title="bbox 467 3807 2072 3885">
    <p class='ocr_par' dir='ltr' id='par_1_54' title="bbox 467 3807 2072 3885">
     <span class='ocr_line' id='line_1_54' title="bbox 467 3807 2072 3885; baseline -0.002 -17"><span class='ocrx_word' id='word_1_407' title='bbox 467 3829 582 3868; x_wconf 89' lang='lat' dir='ltr'>rem</span> <span class='ocrx_word' id='word_1_408' title='bbox 612 3819 885 3885; x_wconf 70' lang='lat' dir='ltr'>perpetuae</span> <span class='ocrx_word' id='word_1_409' title='bbox 917 3810 1051 3866; x_wconf 89' lang='lat' dir='ltr'>lucis</span> <span class='ocrx_word' id='word_1_410' title='bbox 1079 3826 1147 3866; x_wconf 85' lang='lat' dir='ltr'>ex</span> <span class='ocrx_word' id='word_1_411' title='bbox 1168 3810 1260 3865; x_wconf 90' lang='lat' dir='ltr'>illa</span> <span class='ocrx_word' id='word_1_412' title='bbox 1279 3807 1632 3881; x_wconf 88' lang='lat' dir='ltr'>perturbavit.</span> <span class='ocrx_word' id='word_1_413' title='bbox 1690 3809 1896 3865; x_wconf 88' lang='lat' dir='ltr'>Etcum</span> <span class='ocrx_word' id='word_1_414' title='bbox 1940 3809 2072 3865; x_wconf 86' lang='lat' dir='ltr'>item</span> 
     </span>
    </p>
   </div>
   <div class='ocr_carea' id='block_1_55' title="bbox 469 3898 2074 3973">
    <p class='ocr_par' dir='ltr' id='par_1_55' title="bbox 469 3898 2074 3973">
     <span class='ocr_line' id='line_1_55' title="bbox 469 3898 2074 3973; baseline -0.002 -16"><span class='ocrx_word' id='word_1_415' title='bbox 469 3910 713 3973; x_wconf 89' lang='lat' dir='ltr'>tempore</span> <span class='ocrx_word' id='word_1_416' title='bbox 744 3899 1054 3957; x_wconf 90' lang='lat' dir='ltr'>tentationis</span> <span class='ocrx_word' id='word_1_417' title='bbox 1099 3899 1350 3955; x_wconf 89' lang='lat' dir='ltr'>reciderit</span> <span class='ocrx_word' id='word_1_418' title='bbox 1383 3898 1438 3953; x_wconf 94' lang='lat' dir='ltr'>in</span> <span class='ocrx_word' id='word_1_419' title='bbox 1466 3914 1593 3955; x_wconf 91' lang='lat' dir='ltr'>suos</span> <span class='ocrx_word' id='word_1_420' title='bbox 1621 3900 1870 3969; x_wconf 90' lang='lat' dir='ltr'>antiquos</span> <span class='ocrx_word' id='word_1_421' title='bbox 1922 3900 2074 3971; x_wconf 82' lang='lat' dir='ltr'>cogi-</span> 
     </span>
    </p>
   </div>
   <div class='ocr_carea' id='block_1_56' title="bbox 469 3988 2070 4061">
    <p class='ocr_par' dir='ltr' id='par_1_56' title="bbox 469 3988 2070 4061">
     <span class='ocr_line' id='line_1_56' title="bbox 469 3988 2070 4061; baseline -0.002 -13"><span class='ocrx_word' id='word_1_422' title='bbox 469 3999 627 4061; x_wconf 90' lang='lat' dir='ltr'>tatus,</span> <span class='ocrx_word' id='word_1_423' title='bbox 685 4007 749 4047; x_wconf 92' lang='lat' dir='ltr'>ac</span> <span class='ocrx_word' id='word_1_424' title='bbox 801 3989 1221 4061; x_wconf 82' lang='lat' dir='ltr'>reciprocaverit</span> <span class='ocrx_word' id='word_1_425' title='bbox 1273 3988 1549 4043; x_wconf 88' lang='lat' dir='ltr'>mirabiles</span> <span class='ocrx_word' id='word_1_426' title='bbox 1606 3988 1847 4060; x_wconf 89' lang='lat' dir='ltr'>corporis</span> <span class='ocrx_word' id='word_1_427' title='bbox 1902 3996 2070 4056; x_wconf 90' lang='lat' dir='ltr'>actus,</span> 
     </span>
    </p>
   </div>
   <div class='ocr_carea' id='block_1_57' title="bbox 468 4076 2074 4150">
    <p class='ocr_par' dir='ltr' id='par_1_57' title="bbox 468 4076 2074 4150">
     <span class='ocr_line' id='line_1_57' title="bbox 468 4076 2074 4150; baseline -0.002 -14"><span class='ocrx_word' id='word_1_428' title='bbox 468 4080 638 4139; x_wconf 79' lang='lat' dir='ltr'>nostri</span> <span class='ocrx_word' id='word_1_429' title='bbox 664 4080 918 4136; x_wconf 86' lang='lat' dir='ltr'>concives</span> <span class='ocrx_word' id='word_1_430' title='bbox 936 4094 1037 4133; x_wconf 90' lang='lat' dir='ltr'>nos</span> <span class='ocrx_word' id='word_1_431' title='bbox 1065 4077 1429 4150; x_wconf 89' lang='lat' dir='ltr'>aufugiunt,et</span> <span class='ocrx_word' id='word_1_432' title='bbox 1448 4076 1628 4149; x_wconf 85' lang='lat' dir='ltr'>angeli</span> <span class='ocrx_word' id='word_1_433' title='bbox 1657 4076 1714 4131; x_wconf 91' lang='lat' dir='ltr'>in</span> <span class='ocrx_word' id='word_1_434' title='bbox 1765 4078 2074 4133; x_wconf 69' lang='lat' dir='ltr'>coelestibus</span> 
     </span>
    </p>
   </div>
   <div class='ocr_carea' id='block_1_58' title="bbox 475 4164 2074 4238">
    <p class='ocr_par' dir='ltr' id='par_1_58' title="bbox 475 4164 2074 4238">
     <span class='ocr_line' id='line_1_58' title="bbox 475 4164 2074 4238; baseline -0.003 -12"><span class='ocrx_word' id='word_1_435' title='bbox 475 4170 800 4226; x_wconf 88' lang='lat' dir='ltr'>erubescunt</span> <span class='ocrx_word' id='word_1_436' title='bbox 816 4168 886 4224; x_wconf 91' lang='lat' dir='ltr'>de</span> <span class='ocrx_word' id='word_1_437' title='bbox 914 4166 1109 4223; x_wconf 88' lang='lat' dir='ltr'>nostris</span> <span class='ocrx_word' id='word_1_438' title='bbox 1158 4164 1464 4222; x_wconf 82' lang='lat' dir='ltr'>excessibus</span> <span class='ocrx_word' id='word_1_439' title='bbox 1517 4165 1572 4219; x_wconf 91' lang='lat' dir='ltr'>in</span> <span class='ocrx_word' id='word_1_440' title='bbox 1601 4165 1711 4220; x_wconf 91' lang='lat' dir='ltr'>suis</span> <span class='ocrx_word' id='word_1_441' title='bbox 1764 4165 2074 4238; x_wconf 82' lang='lat' dir='ltr'>agminibus</span> 
     </span>
    </p>
   </div>
   <div class='ocr_carea' id='block_1_59' title="bbox 540 4271 2071 4349">
    <p class='ocr_par' dir='ltr' id='par_1_59' title="bbox 540 4271 2071 4349">
     <span class='ocr_line' id='line_1_59' title="bbox 540 4271 2071 4349; baseline -0.003 -16"><span class='ocrx_word' id='word_1_442' title='bbox 540 4275 732 4349; x_wconf 79' lang='lat' dir='ltr'>Igitur,</span> <span class='ocrx_word' id='word_1_443' title='bbox 762 4274 1084 4343; x_wconf 87' lang='lat' dir='ltr'>charissimi,</span> <span class='ocrx_word' id='word_1_444' title='bbox 1150 4271 1515 4329; x_wconf 89' lang='lat' dir='ltr'>conciliamini</span> <span class='ocrx_word' id='word_1_445' title='bbox 1588 4271 1745 4329; x_wconf 88' lang='lat' dir='ltr'>vobis</span> <span class='ocrx_word' id='word_1_446' title='bbox 1825 4273 2071 4346; x_wconf 91' lang='lat' dir='ltr'>spiritum</span> 
     </span>
    </p>
   </div>
   <div class='ocr_carea' id='block_1_60' title="bbox 469 4361 2072 4433">
    <p class='ocr_par' dir='ltr' id='par_1_60' title="bbox 469 4361 2072 4433">
     <span class='ocr_line' id='line_1_60' title="bbox 469 4361 2072 4433; baseline -0.002 -11"><span class='ocrx_word' id='word_1_447' title='bbox 469 4363 701 4432; x_wconf 89' lang='lat' dir='ltr'>consilii,</span> <span class='ocrx_word' id='word_1_448' title='bbox 732 4363 810 4419; x_wconf 89' lang='lat' dir='ltr'>uti</span> <span class='ocrx_word' id='word_1_449' title='bbox 831 4379 1047 4419; x_wconf 89' lang='lat' dir='ltr'>causam</span> <span class='ocrx_word' id='word_1_450' title='bbox 1087 4368 1322 4419; x_wconf 86' lang='lat' dir='ltr'>vestram</span> <span class='ocrx_word' id='word_1_451' title='bbox 1381 4361 1455 4417; x_wconf 89' lang='lat' dir='ltr'>ita</span> <span class='ocrx_word' id='word_1_452' title='bbox 1508 4361 1743 4417; x_wconf 79' lang='lat' dir='ltr'>tractatis</span> <span class='ocrx_word' id='word_1_453' title='bbox 1771 4362 1915 4433; x_wconf 91' lang='lat' dir='ltr'>quod</span> <span class='ocrx_word' id='word_1_454' title='bbox 1956 4363 2072 4419; x_wconf 91' lang='lat' dir='ltr'>Deo</span> 
     </span>
    </p>
   </div>
   <div class='ocr_carea' id='block_1_61' title="bbox 471 4459 2072 4537">
    <p class='ocr_par' dir='ltr' id='par_1_61' title="bbox 471 4459 2072 4537">
     <span class='ocr_line' id='line_1_61' title="bbox 471 4459 2072 4537; baseline -0.001 -19"><span class='ocrx_word' id='word_1_455' title='bbox 471 4460 752 4537; x_wconf 87' lang='lat' dir='ltr'>placeatis,</span> <span class='ocrx_word' id='word_1_456' title='bbox 785 4461 929 4533; x_wconf 91' lang='lat' dir='ltr'>quod</span> <span class='ocrx_word' id='word_1_457' title='bbox 950 4459 1243 4516; x_wconf 91' lang='lat' dir='ltr'>amicitiam</span> <span class='ocrx_word' id='word_1_458' title='bbox 1275 4459 1590 4533; x_wconf 83' lang='lat' dir='ltr'>angelorum</span> <span class='ocrx_word' id='word_1_459' title='bbox 1634 4460 1895 4529; x_wconf 87' lang='lat' dir='ltr'>habeatis,</span> <span class='ocrx_word' id='word_1_460' title='bbox 1928 4461 2072 4533; x_wconf 92' lang='lat' dir='ltr'>quod</span> 
     </span>
    </p>
   </div>
   <div class='ocr_carea' id='block_1_62' title="bbox 465 4548 2074 4625">
    <p class='ocr_par' dir='ltr' id='par_1_62' title="bbox 465 4548 2074 4625">
     <span class='ocr_line' id='line_1_62' title="bbox 465 4548 2074 4625; baseline -0.001 -16"><span class='ocrx_word' id='word_1_461' title='bbox 465 4554 557 4625; x_wconf 84' lang='lat' dir='ltr'>jus</span> <span class='ocrx_word' id='word_1_462' title='bbox 577 4549 978 4608; x_wconf 66' lang='lat' dir='ltr'>hereditarium</span> <span class='ocrx_word' id='word_1_463' title='bbox 1034 4548 1267 4605; x_wconf 85' lang='lat' dir='ltr'>ﬁliorum</span> <span class='ocrx_word' id='word_1_464' title='bbox 1298 4549 1397 4603; x_wconf 90' lang='lat' dir='ltr'>Dei</span> <span class='ocrx_word' id='word_1_465' title='bbox 1457 4548 1795 4620; x_wconf 88' lang='lat' dir='ltr'>possideatis.</span> <span class='ocrx_word' id='word_1_466' title='bbox 1859 4551 2074 4607; x_wconf 78' lang='lat' dir='ltr'>Charis-</span> 
     </span>
    </p>
   </div>
   <div class='ocr_carea' id='block_1_63' title="bbox 469 4637 2074 4711">
    <p class='ocr_par' dir='ltr' id='par_1_63' title="bbox 469 4637 2074 4711">
     <span class='ocr_line' id='line_1_63' title="bbox 469 4637 2074 4711; baseline -0.001 -14"><span class='ocrx_word' id='word_1_467' title='bbox 469 4641 596 4698; x_wconf 93' lang='lat' dir='ltr'>simi</span> <span class='ocrx_word' id='word_1_468' title='bbox 629 4660 642 4698; x_wconf 93' lang='lat'><strong>:</strong></span> <span class='ocrx_word' id='word_1_469' title='bbox 671 4656 794 4697; x_wconf 91' lang='lat' dir='ltr'>ecce</span> <span class='ocrx_word' id='word_1_470' title='bbox 842 4640 898 4695; x_wconf 89' lang='lat' dir='ltr'>in</span> <span class='ocrx_word' id='word_1_471' title='bbox 953 4638 1118 4695; x_wconf 91' lang='lat' dir='ltr'>domo</span> <span class='ocrx_word' id='word_1_472' title='bbox 1173 4637 1319 4711; x_wconf 87' lang='lat' dir='ltr'>regis</span> <span class='ocrx_word' id='word_1_473' title='bbox 1374 4637 1606 4695; x_wconf 84' lang='lat' dir='ltr'>caelestis</span> <span class='ocrx_word' id='word_1_474' title='bbox 1655 4640 1927 4708; x_wconf 83' lang='lat' dir='ltr'>constatis,</span> <span class='ocrx_word' id='word_1_475' title='bbox 1986 4641 2074 4697; x_wconf 91' lang='lat' dir='ltr'>hic</span> 
     </span>
    </p>
   </div>
   <div class='ocr_carea' id='block_1_64' title="bbox 470 4735 2075 4813">
    <p class='ocr_par' dir='ltr' id='par_1_64' title="bbox 470 4735 2075 4813">
     <span class='ocr_line' id='line_1_64' title="bbox 470 4735 2075 4813; baseline -0.002 -14"><span class='ocrx_word' id='word_1_476' title='bbox 470 4748 632 4800; x_wconf 87' lang='lat' dir='ltr'>vocat</span> <span class='ocrx_word' id='word_1_477' title='bbox 659 4754 917 4813; x_wconf 88' lang='lat' dir='ltr'>sponsam</span> <span class='ocrx_word' id='word_1_478' title='bbox 979 4754 1153 4807; x_wconf 89' lang='lat' dir='ltr'>suam,</span> <span class='ocrx_word' id='word_1_479' title='bbox 1184 4736 1425 4792; x_wconf 88' lang='lat' dir='ltr'>animam</span> <span class='ocrx_word' id='word_1_480' title='bbox 1481 4735 1686 4793; x_wconf 89' lang='lat' dir='ltr'>scilicet</span> <span class='ocrx_word' id='word_1_481' title='bbox 1738 4738 2075 4810; x_wconf 85' lang='lat' dir='ltr'>uniuscujus-</span> 
     </span>
    </p>
   </div>
   <div class='ocr_carea' id='block_1_65' title="bbox 475 4836 2070 4914">
    <p class='ocr_par' dir='ltr' id='par_1_65' title="bbox 475 4836 2070 4914">
     <span class='ocr_line' id='line_1_65' title="bbox 475 4836 2070 4914; baseline -0.002 -15"><span class='ocrx_word' id='word_1_482' title='bbox 475 4857 581 4914; x_wconf 86' lang='lat' dir='ltr'>que</span> <span class='ocrx_word' id='word_1_483' title='bbox 635 4855 799 4912; x_wconf 90' lang='lat' dir='ltr'>quam</span> <span class='ocrx_word' id='word_1_484' title='bbox 830 4838 963 4896; x_wconf 90' lang='lat' dir='ltr'>emit</span> <span class='ocrx_word' id='word_1_485' title='bbox 989 4836 1211 4910; x_wconf 85' lang='lat' dir='ltr'>proprio</span> <span class='ocrx_word' id='word_1_486' title='bbox 1239 4851 1450 4906; x_wconf 88' lang='lat' dir='ltr'>cruore,</span> <span class='ocrx_word' id='word_1_487' title='bbox 1504 4851 1568 4892; x_wconf 91' lang='lat' dir='ltr'>ac</span> <span class='ocrx_word' id='word_1_488' title='bbox 1619 4836 1763 4893; x_wconf 90' lang='lat' dir='ltr'>dicat</span> <span class='ocrx_word' id='word_1_489' title='bbox 1804 4857 1817 4894; x_wconf 91' lang='lat'><strong>:</strong></span> <span class='ocrx_word' id='word_1_490' title='bbox 1876 4838 2070 4913; x_wconf 91' lang='lat' dir='ltr'>Surge,</span> 
     </span>
    </p>
   </div>
   <div class='ocr_carea' id='block_1_66' title="bbox 472 4926 2074 5001">
    <p class='ocr_par' dir='ltr' id='par_1_66' title="bbox 472 4926 2074 5001">
     <span class='ocr_line' id='line_1_66' title="bbox 472 4926 2074 5001; baseline -0.002 -12"><span class='ocrx_word' id='word_1_491' title='bbox 472 4931 649 4989; x_wconf 86' lang='lat' dir='ltr'>amica</span> <span class='ocrx_word' id='word_1_492' title='bbox 684 4945 829 4998; x_wconf 89' lang='lat' dir='ltr'>mea,</span> <span class='ocrx_word' id='word_1_493' title='bbox 861 4934 1112 4985; x_wconf 80' lang='lat' dir='ltr'>excutere</span> <span class='ocrx_word' id='word_1_494' title='bbox 1141 4926 1209 4983; x_wconf 88' lang='lat' dir='ltr'>de</span> <span class='ocrx_word' id='word_1_495' title='bbox 1248 4926 1470 4999; x_wconf 89' lang='lat' dir='ltr'>pulvere</span> <span class='ocrx_word' id='word_1_496' title='bbox 1498 4926 1694 4983; x_wconf 88' lang='lat' dir='ltr'>veteris</span> <span class='ocrx_word' id='word_1_497' title='bbox 1720 4928 1924 4999; x_wconf 83' lang='lat' dir='ltr'>peccati</span> <span class='ocrx_word' id='word_1_498' title='bbox 1967 4945 2074 5001; x_wconf 92' lang='lat' dir='ltr'>quo</span> 
     </span>
    </p>
   </div>
   <div class='ocr_carea' id='block_1_67' title="bbox 468 5014 2070 5095">
    <p class='ocr_par' dir='ltr' id='par_1_67' title="bbox 468 5014 2070 5095">
     <span class='ocr_line' id='line_1_67' title="bbox 468 5014 2070 5095; baseline -0.002 -16"><span class='ocrx_word' id='word_1_499' title='bbox 468 5021 646 5095; x_wconf 81' lang='lat' dir='ltr'>scpita</span> <span class='ocrx_word' id='word_1_500' title='bbox 669 5018 921 5092; x_wconf 84' lang='lat' dir='ltr'>jacebas.</span> <span class='ocrx_word' id='word_1_501' title='bbox 960 5015 1219 5074; x_wconf 77' lang='lat' dir='ltr'>Audorna</span> <span class='ocrx_word' id='word_1_502' title='bbox 1245 5015 1380 5071; x_wconf 89' lang='lat' dir='ltr'>mihi</span> <span class='ocrx_word' id='word_1_503' title='bbox 1410 5014 1669 5085; x_wconf 89' lang='lat' dir='ltr'>templum</span> <span class='ocrx_word' id='word_1_504' title='bbox 1686 5015 1743 5071; x_wconf 92' lang='lat' dir='ltr'>in</span> <span class='ocrx_word' id='word_1_505' title='bbox 1768 5016 1930 5074; x_wconf 91' lang='lat' dir='ltr'>corde</span> <span class='ocrx_word' id='word_1_506' title='bbox 1961 5025 2070 5088; x_wconf 92' lang='lat' dir='ltr'>tuo,</span> 
     </span>
    </p>
   </div>
   <div class='ocr_carea' id='block_1_68' title="bbox 470 5104 2071 5183">
    <p class='ocr_par' dir='ltr' id='par_1_68' title="bbox 470 5104 2071 5183">
     <span class='ocr_line' id='line_1_68' title="bbox 470 5104 2071 5183; baseline -0.001 -17"><span class='ocrx_word' id='word_1_507' title='bbox 470 5111 598 5183; x_wconf 85' lang='lat' dir='ltr'>quia</span> <span class='ocrx_word' id='word_1_508' title='bbox 624 5106 758 5165; x_wconf 92' lang='lat' dir='ltr'>illud</span> <span class='ocrx_word' id='word_1_509' title='bbox 812 5105 1116 5162; x_wconf 87' lang='lat' dir='ltr'>inhabitare</span> <span class='ocrx_word' id='word_1_510' title='bbox 1173 5104 1320 5175; x_wconf 90' lang='lat' dir='ltr'>volo,</span> <span class='ocrx_word' id='word_1_511' title='bbox 1377 5104 1421 5159; x_wconf 87' lang='lat' dir='ltr'>si</span> <span class='ocrx_word' id='word_1_512' title='bbox 1478 5112 1702 5175; x_wconf 88' lang='lat' dir='ltr'>peccata</span> <span class='ocrx_word' id='word_1_513' title='bbox 1752 5106 2071 5164; x_wconf 89' lang='lat' dir='ltr'>deserueris.</span> 
     </span>
    </p>
   </div>
   <div class='ocr_carea' id='block_1_69' title="bbox 468 5194 2071 5268">
    <p class='ocr_par' dir='ltr' id='par_1_69' title="bbox 468 5194 2071 5268">
     <span class='ocr_line' id='line_1_69' title="bbox 468 5194 2071 5268; baseline 0.001 -14"><span class='ocrx_word' id='word_1_514' title='bbox 468 5198 601 5257; x_wconf 88' lang='lat' dir='ltr'>Post</span> <span class='ocrx_word' id='word_1_515' title='bbox 649 5212 841 5255; x_wconf 89' lang='lat' dir='ltr'>omnes</span> <span class='ocrx_word' id='word_1_516' title='bbox 885 5194 1319 5253; x_wconf 88' lang='lat' dir='ltr'>abominationes</span> <span class='ocrx_word' id='word_1_517' title='bbox 1373 5200 1489 5249; x_wconf 88' lang='lat' dir='ltr'>tuas</span> <span class='ocrx_word' id='word_1_518' title='bbox 1540 5203 1808 5252; x_wconf 83' lang='lat' dir='ltr'>revertere</span> <span class='ocrx_word' id='word_1_519' title='bbox 1837 5195 1907 5251; x_wconf 90' lang='lat' dir='ltr'>ad</span> <span class='ocrx_word' id='word_1_520' title='bbox 1962 5212 2071 5268; x_wconf 89' lang='lat' dir='ltr'>me,</span> 
     </span>
    </p>
   </div>
   <div class='ocr_carea' id='block_1_70' title="bbox 469 5290 2073 5371">
    <p class='ocr_par' dir='ltr' id='par_1_70' title="bbox 469 5290 2073 5371">
     <span class='ocr_line' id='line_1_70' title="bbox 469 5290 2073 5371; baseline -0.011 -17"><span class='ocrx_word' id='word_1_521' title='bbox 469 5304 522 5354; x_wconf 90' lang='lat' dir='ltr'>et</span> <span class='ocrx_word' id='word_1_522' title='bbox 549 5313 654 5371; x_wconf 87' lang='lat' dir='ltr'>ego</span> <span class='ocrx_word' id='word_1_523' title='bbox 681 5303 923 5352; x_wconf 88' lang='lat' dir='ltr'>revertar</span> <span class='ocrx_word' id='word_1_524' title='bbox 977 5290 1048 5349; x_wconf 92' lang='lat' dir='ltr'>ad</span> <span class='ocrx_word' id='word_1_525' title='bbox 1108 5300 1157 5349; x_wconf 86' lang='lat' dir='ltr'>te</span> <span class='ocrx_word' id='word_1_526' title='bbox 1188 5291 1627 5364; x_wconf 71' lang='lat' dir='ltr'>(Ancusrmus.)</span> <span class='ocrx_word' id='word_1_527' title='bbox 1680 5292 1821 5364; x_wconf 80' lang='lat' dir='ltr'>Jam,</span> <span class='ocrx_word' id='word_1_528' title='bbox 1860 5295 2073 5352; x_wconf 70' lang='lat' dir='ltr'>charis-</span> 
     </span>
    </p>
   </div>
   <div class='ocr_carea' id='block_1_71' title="bbox 471 5393 2075 5472">
    <p class='ocr_par' dir='ltr' id='par_1_71' title="bbox 471 5393 2075 5472">
     <span class='ocr_line' id='line_1_71' title="bbox 471 5393 2075 5472; baseline 0 -17"><span class='ocrx_word' id='word_1_529' title='bbox 471 5400 616 5472; x_wconf 85' lang='lat' dir='ltr'>simi,</span> <span class='ocrx_word' id='word_1_530' title='bbox 646 5406 791 5457; x_wconf 89' lang='lat' dir='ltr'>recte</span> <span class='ocrx_word' id='word_1_531' title='bbox 822 5397 959 5454; x_wconf 83' lang='lat' dir='ltr'>festa</span> <span class='ocrx_word' id='word_1_532' title='bbox 987 5394 1243 5453; x_wconf 62' lang='lat' dir='ltr'>Ecclesia</span> <span class='ocrx_word' id='word_1_533' title='bbox 1282 5394 1467 5451; x_wconf 90' lang='lat' dir='ltr'>colunt</span> <span class='ocrx_word' id='word_1_534' title='bbox 1494 5396 1585 5465; x_wconf 89' lang='lat' dir='ltr'>qui</span> <span class='ocrx_word' id='word_1_535' title='bbox 1612 5411 1670 5451; x_wconf 92' lang='lat' dir='ltr'>se</span> <span class='ocrx_word' id='word_1_536' title='bbox 1696 5393 1837 5453; x_wconf 83' lang='lat' dir='ltr'>filios</span> <span class='ocrx_word' id='word_1_537' title='bbox 1893 5398 2075 5455; x_wconf 82' lang='lat' dir='ltr'>Eccle-</span> 
     </span>
    </p>
   </div>
   <div class='ocr_carea' id='block_1_72' title="bbox 470 5493 2069 5572">
    <p class='ocr_par' dir='ltr' id='par_1_72' title="bbox 470 5493 2069 5572">
     <span class='ocr_line' id='line_1_72' title="bbox 470 5493 2069 5572; baseline 0.001 -19"><span class='ocrx_word' id='word_1_538' title='bbox 470 5498 566 5556; x_wconf 68' lang='lat' dir='ltr'>sim</span> <span class='ocrx_word' id='word_1_539' title='bbox 605 5503 961 5572; x_wconf 85' lang='lat' dir='ltr'>cognoscunt.</span> <span class='ocrx_word' id='word_1_540' title='bbox 993 5494 1192 5552; x_wconf 84' lang='lat' dir='ltr'>Sancta</span> <span class='ocrx_word' id='word_1_541' title='bbox 1242 5493 1484 5550; x_wconf 84' lang='lat' dir='ltr'>Ecclesia</span> <span class='ocrx_word' id='word_1_542' title='bbox 1529 5502 1613 5549; x_wconf 88' lang='lat' dir='ltr'>est</span> <span class='ocrx_word' id='word_1_543' title='bbox 1667 5502 1839 5552; x_wconf 88' lang='lat' dir='ltr'>mater</span> <span class='ocrx_word' id='word_1_544' title='bbox 1872 5505 2069 5554; x_wconf 89' lang='lat' dir='ltr'>vestra.</span> 
     </span>
    </p>
   </div>
   <div class='ocr_carea' id='block_1_73' title="bbox 470 5590 2073 5664">
    <p class='ocr_par' dir='ltr' id='par_1_73' title="bbox 470 5590 2073 5664">
     <span class='ocr_line' id='line_1_73' title="bbox 470 5590 2073 5664; baseline -0.002 -11"><span class='ocrx_word' id='word_1_545' title='bbox 470 5594 631 5664; x_wconf 85' lang='lat' dir='ltr'>Quod</span> <span class='ocrx_word' id='word_1_546' title='bbox 657 5596 702 5652; x_wconf 83' lang='lat' dir='ltr'>si</span> <span class='ocrx_word' id='word_1_547' title='bbox 732 5603 788 5651; x_wconf 90' lang='lat' dir='ltr'>et</span> <span class='ocrx_word' id='word_1_548' title='bbox 811 5610 911 5654; x_wconf 81' lang='lat' dir='ltr'>ves</span> <span class='ocrx_word' id='word_1_549' title='bbox 956 5592 1212 5649; x_wconf 67' lang='lat' dir='ltr'>Ecclesia:</span> <span class='ocrx_word' id='word_1_550' title='bbox 1239 5590 1336 5646; x_wconf 86' lang='lat' dir='ltr'>ﬁlii</span> <span class='ocrx_word' id='word_1_551' title='bbox 1393 5590 1617 5659; x_wconf 82' lang='lat' dir='ltr'>fueritis,</span> <span class='ocrx_word' id='word_1_552' title='bbox 1667 5591 1805 5649; x_wconf 90' lang='lat' dir='ltr'>festa</span> <span class='ocrx_word' id='word_1_553' title='bbox 1858 5593 2073 5651; x_wconf 90' lang='lat' dir='ltr'>dedica-</span> 
     </span>
    </p>
   </div>
   <div class='ocr_carea' id='block_1_74' title="bbox 469 5688 2070 5750">
    <p class='ocr_par' dir='ltr' id='par_1_74' title="bbox 469 5688 2070 5750">
     <span class='ocr_line' id='line_1_74' title="bbox 469 5688 2070 5750; baseline 0.003 -5"><span class='ocrx_word' id='word_1_554' title='bbox 469 5692 631 5749; x_wconf 85' lang='lat' dir='ltr'>tionis</span> <span class='ocrx_word' id='word_1_555' title='bbox 654 5701 799 5749; x_wconf 80' lang='lat' dir='ltr'>recte</span> <span class='ocrx_word' id='word_1_556' title='bbox 827 5689 1191 5747; x_wconf 85' lang='lat' dir='ltr'>celebrabitis.</span> <span class='ocrx_word' id='word_1_557' title='bbox 1251 5688 1485 5745; x_wconf 86' lang='lat' dir='ltr'>Proinde</span> <span class='ocrx_word' id='word_1_558' title='bbox 1517 5711 1541 5739; x_wconf 77' lang='grc' dir='ltr'><strong><em>α</em></strong></span> <span class='ocrx_word' id='word_1_559' title='bbox 1566 5691 1870 5747; x_wconf 85' lang='lat' dir='ltr'>constituite</span> <span class='ocrx_word' id='word_1_560' title='bbox 1925 5693 2070 5750; x_wconf 89' lang='lat' dir='ltr'>diem</span> 
     </span>
    </p>
   </div>
   <div class='ocr_carea' id='block_1_75' title="bbox 464 5786 2072 5857">
    <p class='ocr_par' dir='ltr' id='par_1_75' title="bbox 464 5786 2072 5857">
     <span class='ocr_line' id='line_1_75' title="bbox 464 5786 2072 5857; baseline 0.003 -15"><span class='ocrx_word' id='word_1_561' title='bbox 464 5789 763 5845; x_wconf 80' lang='lat' dir='ltr'>solemnem</span> <span class='ocrx_word' id='word_1_562' title='bbox 846 5788 903 5841; x_wconf 89' lang='lat' dir='ltr'>in</span> <span class='ocrx_word' id='word_1_563' title='bbox 956 5786 1243 5842; x_wconf 73' lang='lat' dir='ltr'>condensis</span> <span class='ocrx_word' id='word_1_564' title='bbox 1312 5801 1483 5857; x_wconf 89' lang='lat' dir='ltr'>usque</span> <span class='ocrx_word' id='word_1_565' title='bbox 1528 5786 1598 5842; x_wconf 92' lang='lat' dir='ltr'>ad</span> <span class='ocrx_word' id='word_1_566' title='bbox 1668 5803 1836 5845; x_wconf 90' lang='lat' dir='ltr'>cornu</span> <span class='ocrx_word' id='word_1_567' title='bbox 1890 5791 2072 5847; x_wconf 89' lang='lat' dir='ltr'>altaris</span> 
     </span>
    </p>
   </div>
   <div class='ocr_carea' id='block_1_76' title="bbox 465 5883 2071 5959">
    <p class='ocr_par' dir='ltr' id='par_1_76' title="bbox 465 5883 2071 5959">
     <span class='ocr_line' id='line_1_76' title="bbox 465 5883 2071 5959; baseline 0.006 -19"><span class='ocrx_word' id='word_1_568' title='bbox 465 5885 645 5952; x_wconf 69' lang='lat' dir='ltr'>(Prol.</span> <span class='ocrx_word' id='word_1_569' title='bbox 682 5885 889 5956; x_wconf 83' lang='lat' dir='ltr'>oxvn).</span> <span class='ocrx_word' id='word_1_570' title='bbox 930 5904 952 5933; x_wconf 73' lang='grc' dir='ltr'><em>η</em></span> <span class='ocrx_word' id='word_1_571' title='bbox 987 5883 1160 5939; x_wconf 83' lang='lat' dir='ltr'>Hodie</span> <span class='ocrx_word' id='word_1_572' title='bbox 1189 5883 1369 5954; x_wconf 81' lang='lat' dir='ltr'>itaque</span> <span class='ocrx_word' id='word_1_573' title='bbox 1407 5884 1690 5943; x_wconf 86' lang='lat' dir='ltr'>vobiscum</span> <span class='ocrx_word' id='word_1_574' title='bbox 1748 5895 2071 5959; x_wconf 84' lang='lat' dir='ltr'>pertractate</span> 
     </span>
    </p>
   </div>
   <div class='ocr_carea' id='block_1_77' title="bbox 2252 2004 3774 2077">
    <p class='ocr_par' dir='ltr' id='par_1_77' title="bbox 2252 2004 3774 2077">
     <span class='ocr_line' id='line_1_77' title="bbox 2252 2004 3774 2077; baseline 0 -17"><span class='ocrx_word' id='word_1_575' title='bbox 2252 2005 2400 2077; x_wconf 86' lang='lat' dir='ltr'>Ergo</span> <span class='ocrx_word' id='word_1_576' title='bbox 2437 2026 2459 2055; x_wconf 78' lang='grc' dir='ltr'><strong>«ι</strong></span> <span class='ocrx_word' id='word_1_577' title='bbox 2493 2021 2616 2060; x_wconf 92' lang='lat' dir='ltr'>cum</span> <span class='ocrx_word' id='word_1_578' title='bbox 2657 2004 2895 2061; x_wconf 89' lang='lat' dir='ltr'>medium</span> <span class='ocrx_word' id='word_1_579' title='bbox 2951 2004 3221 2061; x_wconf 89' lang='lat' dir='ltr'>silentium</span> <span class='ocrx_word' id='word_1_580' title='bbox 3277 2013 3517 2062; x_wconf 88' lang='lat' dir='ltr'>tenerent</span> <span class='ocrx_word' id='word_1_581' title='bbox 3572 2004 3774 2073; x_wconf 90' lang='lat' dir='ltr'>omnia,</span> 
     </span>
    </p>
   </div>
   <div class='ocr_carea' id='block_1_78' title="bbox 2182 2093 3776 2165">
    <p class='ocr_par' dir='ltr' id='par_1_78' title="bbox 2182 2093 3776 2165">
     <span class='ocr_line' id='line_1_78' title="bbox 2182 2093 3776 2165; baseline 0 -15"><span class='ocrx_word' id='word_1_582' title='bbox 2182 2102 2236 2150; x_wconf 90' lang='lat' dir='ltr'>et</span> <span class='ocrx_word' id='word_1_583' title='bbox 2262 2110 2371 2150; x_wconf 90' lang='lat' dir='ltr'>nox</span> <span class='ocrx_word' id='word_1_584' title='bbox 2391 2093 2448 2148; x_wconf 90' lang='lat' dir='ltr'>in</span> <span class='ocrx_word' id='word_1_585' title='bbox 2474 2109 2573 2150; x_wconf 89' lang='lat' dir='ltr'>suo</span> <span class='ocrx_word' id='word_1_586' title='bbox 2601 2109 2758 2150; x_wconf 87' lang='lat' dir='ltr'>cursu</span> <span class='ocrx_word' id='word_1_587' title='bbox 2788 2094 2888 2150; x_wconf 89' lang='lat' dir='ltr'>iter</span> <span class='ocrx_word' id='word_1_588' title='bbox 2920 2094 3160 2164; x_wconf 88' lang='lat' dir='ltr'>haberet,</span> <span class='ocrx_word' id='word_1_589' title='bbox 3218 2094 3560 2165; x_wconf 89' lang='lat' dir='ltr'>omnipotens</span> <span class='ocrx_word' id='word_1_590' title='bbox 3599 2109 3776 2150; x_wconf 87' lang='lat' dir='ltr'>sermo</span> 
     </span>
    </p>
   </div>
   <div class='ocr_carea' id='block_1_79' title="bbox 2184 2183 3772 2256">
    <p class='ocr_par' dir='ltr' id='par_1_79' title="bbox 2184 2183 3772 2256">
     <span class='ocr_line' id='line_1_79' title="bbox 2184 2183 3772 2256; baseline -0.001 -17"><span class='ocrx_word' id='word_1_591' title='bbox 2184 2191 2322 2250; x_wconf 90' lang='lat' dir='ltr'>tuus,</span> <span class='ocrx_word' id='word_1_592' title='bbox 2356 2184 2607 2250; x_wconf 90' lang='lat' dir='ltr'>Domine,</span> <span class='ocrx_word' id='word_1_593' title='bbox 2631 2200 2663 2238; x_wconf 89' lang='lat' dir='ltr'>a</span> <span class='ocrx_word' id='word_1_594' title='bbox 2690 2183 2966 2256; x_wconf 88' lang='lat' dir='ltr'>regalibus</span> <span class='ocrx_word' id='word_1_595' title='bbox 2993 2183 3212 2241; x_wconf 87' lang='lat' dir='ltr'>sedibus</span> <span class='ocrx_word' id='word_1_596' title='bbox 3226 2185 3373 2240; x_wconf 90' lang='lat' dir='ltr'>venit</span> <span class='ocrx_word' id='word_1_597' title='bbox 3394 2185 3543 2256; x_wconf 86' lang='lat' dir='ltr'>(Sap.</span> <span class='ocrx_word' id='word_1_598' title='bbox 3561 2190 3730 2249; x_wconf 87' lang='lat' dir='ltr'>xvm).</span> <span class='ocrx_word' id='word_1_599' title='bbox 3748 2205 3772 2232; x_wconf 79' lang='grc' dir='ltr'>ι</span> 
     </span>
    </p>
   </div>
   <div class='ocr_carea' id='block_1_80' title="bbox 2181 2272 3782 2344">
    <p class='ocr_par' dir='ltr' id='par_1_80' title="bbox 2181 2272 3782 2344">
     <span class='ocr_line' id='line_1_80' title="bbox 2181 2272 3782 2344; baseline -0.001 -16"><span class='ocrx_word' id='word_1_600' title='bbox 2181 2273 2316 2328; x_wconf 87' lang='lat' dir='ltr'>Bina</span> <span class='ocrx_word' id='word_1_601' title='bbox 2370 2272 2582 2327; x_wconf 89' lang='lat' dir='ltr'>silentia</span> <span class='ocrx_word' id='word_1_602' title='bbox 2644 2273 2984 2344; x_wconf 85' lang='lat' dir='ltr'>contigerant</span> <span class='ocrx_word' id='word_1_603' title='bbox 3037 2272 3095 2328; x_wconf 89' lang='lat' dir='ltr'>in</span> <span class='ocrx_word' id='word_1_604' title='bbox 3136 2272 3337 2328; x_wconf 91' lang='lat' dir='ltr'>mundo</span> <span class='ocrx_word' id='word_1_605' title='bbox 3404 2292 3418 2328; x_wconf 88' lang='lat'><strong>:</strong></span> <span class='ocrx_word' id='word_1_606' title='bbox 3474 2273 3548 2328; x_wconf 87' lang='lat' dir='ltr'>ita</span> <span class='ocrx_word' id='word_1_607' title='bbox 3574 2272 3782 2328; x_wconf 87' lang='lat' dir='ltr'>scilicet</span> 
     </span>
    </p>
   </div>
   <div class='ocr_carea' id='block_1_81' title="bbox 2182 2360 3769 2434">
    <p class='ocr_par' dir='ltr' id='par_1_81' title="bbox 2182 2360 3769 2434">
     <span class='ocr_line' id='line_1_81' title="bbox 2182 2360 3769 2434; baseline 0.001 -18"><span class='ocrx_word' id='word_1_608' title='bbox 2182 2368 2239 2416; x_wconf 91' lang='lat' dir='ltr'>ut</span> <span class='ocrx_word' id='word_1_609' title='bbox 2268 2360 2334 2416; x_wconf 92' lang='lat' dir='ltr'>de</span> <span class='ocrx_word' id='word_1_610' title='bbox 2366 2362 2481 2416; x_wconf 87' lang='lat' dir='ltr'>Deo</span> <span class='ocrx_word' id='word_1_611' title='bbox 2516 2360 2647 2415; x_wconf 90' lang='lat' dir='ltr'>nihil</span> <span class='ocrx_word' id='word_1_612' title='bbox 2670 2377 2810 2430; x_wconf 90' lang='lat' dir='ltr'>pene</span> <span class='ocrx_word' id='word_1_613' title='bbox 2865 2360 3138 2416; x_wconf 89' lang='lat' dir='ltr'>audiretur</span> <span class='ocrx_word' id='word_1_614' title='bbox 3162 2361 3221 2416; x_wconf 89' lang='lat' dir='ltr'>in</span> <span class='ocrx_word' id='word_1_615' title='bbox 3250 2362 3486 2418; x_wconf 89' lang='lat' dir='ltr'>humano</span> <span class='ocrx_word' id='word_1_616' title='bbox 3541 2376 3769 2434; x_wconf 86' lang='lat' dir='ltr'>genere.</span> 
     </span>
    </p>
   </div>
   <div class='ocr_carea' id='block_1_82' title="bbox 2182 2456 3779 2528">
    <p class='ocr_par' dir='ltr' id='par_1_82' title="bbox 2182 2456 3779 2528">
     <span class='ocr_line' id='line_1_82' title="bbox 2182 2456 3779 2528; baseline 0.001 -16"><span class='ocrx_word' id='word_1_617' title='bbox 2182 2457 2374 2513; x_wconf 78' lang='lat' dir='ltr'>Adhuc</span> <span class='ocrx_word' id='word_1_618' title='bbox 2401 2473 2618 2528; x_wconf 90' lang='lat' dir='ltr'>quoque</span> <span class='ocrx_word' id='word_1_619' title='bbox 2671 2458 2919 2514; x_wconf 91' lang='lat' dir='ltr'>adveniet</span> <span class='ocrx_word' id='word_1_620' title='bbox 2966 2475 3131 2514; x_wconf 92' lang='lat' dir='ltr'>unum</span> <span class='ocrx_word' id='word_1_621' title='bbox 3183 2458 3451 2514; x_wconf 90' lang='lat' dir='ltr'>silentium</span> <span class='ocrx_word' id='word_1_622' title='bbox 3474 2456 3531 2513; x_wconf 90' lang='lat' dir='ltr'>in</span> <span class='ocrx_word' id='word_1_623' title='bbox 3579 2466 3779 2514; x_wconf 63' lang='lat' dir='ltr'>aeterna</span> 
     </span>
    </p>
   </div>
   <div class='ocr_carea' id='block_1_83' title="bbox 2183 2547 3778 2618">
    <p class='ocr_par' dir='ltr' id='par_1_83' title="bbox 2183 2547 3778 2618">
     <span class='ocr_line' id='line_1_83' title="bbox 2183 2547 3778 2618; baseline 0.001 -17"><span class='ocrx_word' id='word_1_624' title='bbox 2183 2547 2381 2618; x_wconf 88' lang='lat' dir='ltr'>quiete,</span> <span class='ocrx_word' id='word_1_625' title='bbox 2412 2547 2507 2602; x_wconf 92' lang='lat' dir='ltr'>ubi</span> <span class='ocrx_word' id='word_1_626' title='bbox 2535 2548 2721 2602; x_wconf 91' lang='lat' dir='ltr'>siletur</span> <span class='ocrx_word' id='word_1_627' title='bbox 2747 2547 2819 2603; x_wconf 91' lang='lat' dir='ltr'>ab</span> <span class='ocrx_word' id='word_1_628' title='bbox 2847 2547 2996 2604; x_wconf 88' lang='lat' dir='ltr'>omni</span> <span class='ocrx_word' id='word_1_629' title='bbox 3037 2548 3265 2603; x_wconf 91' lang='lat' dir='ltr'>tumultu</span> <span class='ocrx_word' id='word_1_630' title='bbox 3294 2556 3347 2603; x_wconf 90' lang='lat' dir='ltr'>et</span> <span class='ocrx_word' id='word_1_631' title='bbox 3376 2548 3646 2603; x_wconf 88' lang='lat' dir='ltr'>mundana</span> <span class='ocrx_word' id='word_1_632' title='bbox 3697 2547 3778 2602; x_wconf 89' lang='lat' dir='ltr'>in-</span> 
     </span>
    </p>
   </div>
   <div class='ocr_carea' id='block_1_84' title="bbox 2182 2635 3777 2709">
    <p class='ocr_par' dir='ltr' id='par_1_84' title="bbox 2182 2635 3777 2709">
     <span class='ocr_line' id='line_1_84' title="bbox 2182 2635 3777 2709; baseline 0.001 -19"><span class='ocrx_word' id='word_1_633' title='bbox 2182 2635 2381 2707; x_wconf 84' lang='lat' dir='ltr'>quieto,</span> <span class='ocrx_word' id='word_1_634' title='bbox 2412 2651 2519 2706; x_wconf 88' lang='lat' dir='ltr'>quo</span> <span class='ocrx_word' id='word_1_635' title='bbox 2549 2644 2602 2692; x_wconf 90' lang='lat' dir='ltr'>et</span> <span class='ocrx_word' id='word_1_636' title='bbox 2627 2637 2886 2709; x_wconf 89' lang='lat' dir='ltr'>gaudium</span> <span class='ocrx_word' id='word_1_637' title='bbox 2915 2636 3190 2693; x_wconf 88' lang='lat' dir='ltr'>habebunt</span> <span class='ocrx_word' id='word_1_638' title='bbox 3216 2636 3487 2693; x_wconf 72' lang='lat' dir='ltr'>ineﬂ‘abile</span> <span class='ocrx_word' id='word_1_639' title='bbox 3514 2637 3652 2692; x_wconf 90' lang='lat' dir='ltr'>inter</span> <span class='ocrx_word' id='word_1_640' title='bbox 3678 2651 3777 2692; x_wconf 89' lang='lat' dir='ltr'>co-</span> 
     </span>
    </p>
   </div>
   <div class='ocr_carea' id='block_1_85' title="bbox 2180 2731 3778 2803">
    <p class='ocr_par' dir='ltr' id='par_1_85' title="bbox 2180 2731 3778 2803">
     <span class='ocr_line' id='line_1_85' title="bbox 2180 2731 3778 2803; baseline 0 -16"><span class='ocrx_word' id='word_1_641' title='bbox 2180 2738 2454 2787; x_wconf 90' lang='lat' dir='ltr'>ruscantes</span> <span class='ocrx_word' id='word_1_642' title='bbox 2481 2746 2833 2801; x_wconf 75' lang='lat' dir='ltr'>ammnosque</span> <span class='ocrx_word' id='word_1_643' title='bbox 2889 2731 3122 2803; x_wconf 86' lang='lat' dir='ltr'>paradisi</span> <span class='ocrx_word' id='word_1_644' title='bbox 3163 2731 3388 2803; x_wconf 89' lang='lat' dir='ltr'>lapides.</span> <span class='ocrx_word' id='word_1_645' title='bbox 3419 2732 3536 2787; x_wconf 85' lang='lat' dir='ltr'>Hoc</span> <span class='ocrx_word' id='word_1_646' title='bbox 3563 2738 3642 2787; x_wconf 89' lang='lat' dir='ltr'>est</span> <span class='ocrx_word' id='word_1_647' title='bbox 3676 2738 3778 2787; x_wconf 88' lang='lat' dir='ltr'>ter-</span> 
     </span>
    </p>
   </div>
   <div class='ocr_carea' id='block_1_86' title="bbox 2182 2819 3774 2894">
    <p class='ocr_par' dir='ltr' id='par_1_86' title="bbox 2182 2819 3774 2894">
     <span class='ocr_line' id='line_1_86' title="bbox 2182 2819 3774 2894; baseline 0 -19"><span class='ocrx_word' id='word_1_648' title='bbox 2182 2819 2314 2876; x_wconf 90' lang='lat' dir='ltr'>tium</span> <span class='ocrx_word' id='word_1_649' title='bbox 2344 2820 2636 2875; x_wconf 90' lang='lat' dir='ltr'>silentium.</span> <span class='ocrx_word' id='word_1_650' title='bbox 2669 2820 2907 2876; x_wconf 90' lang='lat' dir='ltr'>Primum</span> <span class='ocrx_word' id='word_1_651' title='bbox 2936 2821 3206 2876; x_wconf 91' lang='lat' dir='ltr'>silentium</span> <span class='ocrx_word' id='word_1_652' title='bbox 3245 2828 3508 2877; x_wconf 87' lang='lat' dir='ltr'>eratante</span> <span class='ocrx_word' id='word_1_653' title='bbox 3544 2820 3720 2894; x_wconf 85' lang='lat' dir='ltr'>legem</span> <span class='ocrx_word' id='word_1_654' title='bbox 3756 2839 3774 2883; x_wconf 74' lang='grc' dir='ltr'>ς</span> 
     </span>
    </p>
   </div>
   <div class='ocr_carea' id='block_1_87' title="bbox 2183 2908 3772 2981">
    <p class='ocr_par' dir='ltr' id='par_1_87' title="bbox 2183 2908 3772 2981">
     <span class='ocr_line' id='line_1_87' title="bbox 2183 2908 3772 2981; baseline 0.001 -18"><span class='ocrx_word' id='word_1_655' title='bbox 2183 2908 2283 2964; x_wconf 89' lang='lat' dir='ltr'>tria</span> <span class='ocrx_word' id='word_1_656' title='bbox 2311 2908 2483 2964; x_wconf 91' lang='lat' dir='ltr'>millia</span> <span class='ocrx_word' id='word_1_657' title='bbox 2509 2917 2563 2964; x_wconf 92' lang='lat' dir='ltr'>et</span> <span class='ocrx_word' id='word_1_658' title='bbox 2590 2917 2806 2964; x_wconf 90' lang='lat' dir='ltr'>centum</span> <span class='ocrx_word' id='word_1_659' title='bbox 2835 2925 3101 2966; x_wconf 90' lang='lat' dir='ltr'>annorum</span> <span class='ocrx_word' id='word_1_660' title='bbox 3147 2909 3772 2981; x_wconf 88' lang='lat' dir='ltr'>perdurans;secundum</span> 
     </span>
    </p>
   </div>
   <div class='ocr_carea' id='block_1_88' title="bbox 2178 2997 3773 3072">
    <p class='ocr_par' dir='ltr' id='par_1_88' title="bbox 2178 2997 3773 3072">
     <span class='ocr_line' id='line_1_88' title="bbox 2178 2997 3773 3072; baseline 0.001 -20"><span class='ocrx_word' id='word_1_661' title='bbox 2178 2997 2451 3053; x_wconf 89' lang='lat' dir='ltr'>silentium</span> <span class='ocrx_word' id='word_1_662' title='bbox 2507 3007 2629 3069; x_wconf 91' lang='lat' dir='ltr'>post</span> <span class='ocrx_word' id='word_1_663' title='bbox 2682 2998 2861 3071; x_wconf 89' lang='lat' dir='ltr'>legem</span> <span class='ocrx_word' id='word_1_664' title='bbox 2890 3005 3017 3055; x_wconf 88' lang='lat' dir='ltr'>ante</span> <span class='ocrx_word' id='word_1_665' title='bbox 3070 2998 3323 3072; x_wconf 84' lang='lat' dir='ltr'>gratiam,</span> <span class='ocrx_word' id='word_1_666' title='bbox 3355 2998 3499 3069; x_wconf 88' lang='lat' dir='ltr'>quod</span> <span class='ocrx_word' id='word_1_667' title='bbox 3538 2997 3773 3054; x_wconf 87' lang='lat' dir='ltr'>medium</span> 
     </span>
    </p>
   </div>
   <div class='ocr_carea' id='block_1_89' title="bbox 2178 3095 3776 3168">
    <p class='ocr_par' dir='ltr' id='par_1_89' title="bbox 2178 3095 3776 3168">
     <span class='ocr_line' id='line_1_89' title="bbox 2178 3095 3776 3168; baseline 0.001 -18"><span class='ocrx_word' id='word_1_668' title='bbox 2178 3095 2452 3151; x_wconf 88' lang='lat' dir='ltr'>silentium</span> <span class='ocrx_word' id='word_1_669' title='bbox 2481 3102 2613 3151; x_wconf 88' lang='lat' dir='ltr'>erat.</span> <span class='ocrx_word' id='word_1_670' title='bbox 2664 3098 2726 3151; x_wconf 91' lang='lat' dir='ltr'>In</span> <span class='ocrx_word' id='word_1_671' title='bbox 2773 3096 2948 3168; x_wconf 88' lang='lat' dir='ltr'>primo</span> <span class='ocrx_word' id='word_1_672' title='bbox 2977 3097 3188 3154; x_wconf 90' lang='lat' dir='ltr'>silentio</span> <span class='ocrx_word' id='word_1_673' title='bbox 3239 3113 3341 3152; x_wconf 89' lang='lat' dir='ltr'>nec</span> <span class='ocrx_word' id='word_1_674' title='bbox 3383 3103 3604 3167; x_wconf 89' lang='lat' dir='ltr'>peccata</span> <span class='ocrx_word' id='word_1_675' title='bbox 3657 3111 3776 3166; x_wconf 70' lang='lat' dir='ltr'>quae</span> 
     </span>
    </p>
   </div>
   <div class='ocr_carea' id='block_1_90' title="bbox 2182 3185 3776 3260">
    <p class='ocr_par' dir='ltr' id='par_1_90' title="bbox 2182 3185 3776 3260">
     <span class='ocr_line' id='line_1_90' title="bbox 2182 3185 3776 3260; baseline 0.002 -21"><span class='ocrx_word' id='word_1_676' title='bbox 2182 3192 2479 3257; x_wconf 88' lang='lat' dir='ltr'>gesserant,</span> <span class='ocrx_word' id='word_1_677' title='bbox 2511 3201 2611 3241; x_wconf 89' lang='lat' dir='ltr'>nec</span> <span class='ocrx_word' id='word_1_678' title='bbox 2664 3185 2969 3241; x_wconf 86' lang='lat' dir='ltr'>diuturnam</span> <span class='ocrx_word' id='word_1_679' title='bbox 3000 3193 3250 3253; x_wconf 90' lang='lat' dir='ltr'>mortem,</span> <span class='ocrx_word' id='word_1_680' title='bbox 3282 3202 3401 3257; x_wconf 68' lang='lat' dir='ltr'>qum</span> <span class='ocrx_word' id='word_1_681' title='bbox 3431 3185 3509 3241; x_wconf 91' lang='lat' dir='ltr'>eis</span> <span class='ocrx_word' id='word_1_682' title='bbox 3559 3186 3776 3260; x_wconf 86' lang='lat' dir='ltr'>ingrue-</span> 
     </span>
    </p>
   </div>
   <div class='ocr_carea' id='block_1_91' title="bbox 2224 3283 3775 3356">
    <p class='ocr_par' dir='ltr' id='par_1_91' title="bbox 2224 3283 3775 3356">
     <span class='ocr_line' id='line_1_91' title="bbox 2224 3283 3775 3356; baseline 0.002 -19"><span class='ocrx_word' id='word_1_683' title='bbox 2224 3290 2296 3349; x_wconf 89' lang='lat' dir='ltr'>at,</span> <span class='ocrx_word' id='word_1_684' title='bbox 2347 3297 2688 3353; x_wconf 87' lang='lat' dir='ltr'>nequaquam</span> <span class='ocrx_word' id='word_1_685' title='bbox 2734 3291 3073 3356; x_wconf 86' lang='lat' dir='ltr'>agnoverunt</span> <span class='ocrx_word' id='word_1_686' title='bbox 3110 3302 3122 3339; x_wconf 90' lang='lat'><strong>:</strong></span> <span class='ocrx_word' id='word_1_687' title='bbox 3156 3283 3266 3340; x_wconf 91' lang='lat' dir='ltr'>imo</span> <span class='ocrx_word' id='word_1_688' title='bbox 3306 3284 3579 3339; x_wconf 88' lang='lat' dir='ltr'>siluerunt.</span> <span class='ocrx_word' id='word_1_689' title='bbox 3640 3285 3775 3340; x_wconf 88' lang='lat' dir='ltr'>Dato</span> 
     </span>
    </p>
   </div>
   <div class='ocr_carea' id='block_1_92' title="bbox 2186 3372 3774 3445">
    <p class='ocr_par' dir='ltr' id='par_1_92' title="bbox 2186 3372 3774 3445">
     <span class='ocr_line' id='line_1_92' title="bbox 2186 3372 3774 3445; baseline 0.001 -18"><span class='ocrx_word' id='word_1_690' title='bbox 2186 3388 2313 3427; x_wconf 90' lang='lat' dir='ltr'>vero</span> <span class='ocrx_word' id='word_1_691' title='bbox 2342 3372 2465 3444; x_wconf 87' lang='lat' dir='ltr'>lege</span> <span class='ocrx_word' id='word_1_692' title='bbox 2496 3388 2594 3443; x_wconf 89' lang='lat' dir='ltr'>per</span> <span class='ocrx_word' id='word_1_693' title='bbox 2621 3373 2860 3443; x_wconf 81' lang='lat' dir='ltr'>Moysen,</span> <span class='ocrx_word' id='word_1_694' title='bbox 2893 3372 3226 3443; x_wconf 85' lang='lat' dir='ltr'>ostensisque</span> <span class='ocrx_word' id='word_1_695' title='bbox 3281 3372 3531 3444; x_wconf 87' lang='lat' dir='ltr'>peccatis,</span> <span class='ocrx_word' id='word_1_696' title='bbox 3587 3388 3774 3445; x_wconf 86' lang='lat' dir='ltr'>pecca-</span> 
     </span>
    </p>
   </div>
   <div class='ocr_carea' id='block_1_93' title="bbox 2184 3461 3773 3535">
    <p class='ocr_par' dir='ltr' id='par_1_93' title="bbox 2184 3461 3773 3535">
     <span class='ocr_line' id='line_1_93' title="bbox 2184 3461 3773 3535; baseline 0.001 -18"><span class='ocrx_word' id='word_1_697' title='bbox 2184 3468 2328 3517; x_wconf 84' lang='lat' dir='ltr'>tores</span> <span class='ocrx_word' id='word_1_698' title='bbox 2352 3461 2581 3515; x_wconf 91' lang='lat' dir='ltr'>salutem</span> <span class='ocrx_word' id='word_1_699' title='bbox 2604 3461 2935 3531; x_wconf 69' lang='lat' dir='ltr'>quaarebant,</span> <span class='ocrx_word' id='word_1_700' title='bbox 2996 3469 3317 3532; x_wconf 90' lang='lat' dir='ltr'>ruptumque</span> <span class='ocrx_word' id='word_1_701' title='bbox 3344 3461 3610 3518; x_wconf 89' lang='lat' dir='ltr'>silentium</span> <span class='ocrx_word' id='word_1_702' title='bbox 3652 3477 3773 3535; x_wconf 85' lang='lat' dir='ltr'>pro-</span> 
     </span>
    </p>
   </div>
   <div class='ocr_carea' id='block_1_94' title="bbox 2183 3550 3772 3624">
    <p class='ocr_par' dir='ltr' id='par_1_94' title="bbox 2183 3550 3772 3624">
     <span class='ocr_line' id='line_1_94' title="bbox 2183 3550 3772 3624; baseline 0.001 -19"><span class='ocrx_word' id='word_1_703' title='bbox 2183 3552 2360 3624; x_wconf 67' lang='lat' dir='ltr'>phetae</span> <span class='ocrx_word' id='word_1_704' title='bbox 2388 3550 2821 3620; x_wconf 74' lang='lat' dir='ltr'>praedicaverunt</span> <span class='ocrx_word' id='word_1_705' title='bbox 2874 3551 3022 3606; x_wconf 91' lang='lat' dir='ltr'>nasci</span> <span class='ocrx_word' id='word_1_706' title='bbox 3054 3551 3389 3606; x_wconf 84' lang='lat' dir='ltr'>Salvatorem</span> <span class='ocrx_word' id='word_1_707' title='bbox 3443 3551 3510 3606; x_wconf 90' lang='lat' dir='ltr'>de</span> <span class='ocrx_word' id='word_1_708' title='bbox 3568 3552 3772 3624; x_wconf 87' lang='lat' dir='ltr'>virgine</span> 
     </span>
    </p>
   </div>
   <div class='ocr_carea' id='block_1_95' title="bbox 2181 3647 3771 3721">
    <p class='ocr_par' dir='ltr' id='par_1_95' title="bbox 2181 3647 3771 3721">
     <span class='ocr_line' id='line_1_95' title="bbox 2181 3647 3771 3721; baseline 0 -17"><span class='ocrx_word' id='word_1_709' title='bbox 2181 3648 2371 3704; x_wconf 82' lang='lat' dir='ltr'>Maria.</span> <span class='ocrx_word' id='word_1_710' title='bbox 2403 3648 2647 3718; x_wconf 90' lang='lat' dir='ltr'>Cumque</span> <span class='ocrx_word' id='word_1_711' title='bbox 2674 3655 3012 3721; x_wconf 89' lang='lat' dir='ltr'>nonagentos</span> <span class='ocrx_word' id='word_1_712' title='bbox 3040 3664 3210 3704; x_wconf 91' lang='lat' dir='ltr'>annos</span> <span class='ocrx_word' id='word_1_713' title='bbox 3232 3647 3614 3705; x_wconf 84' lang='lat' dir='ltr'>vociferassent</span> <span class='ocrx_word' id='word_1_714' title='bbox 3665 3665 3771 3720; x_wconf 89' lang='lat' dir='ltr'>op-</span> 
     </span>
    </p>
   </div>
   <div class='ocr_carea' id='block_1_96' title="bbox 2183 3736 3771 3804">
    <p class='ocr_par' dir='ltr' id='par_1_96' title="bbox 2183 3736 3771 3804">
     <span class='ocr_line' id='line_1_96' title="bbox 2183 3736 3771 3804; baseline 0.001 -12"><span class='ocrx_word' id='word_1_715' title='bbox 2183 3736 2345 3792; x_wconf 90' lang='lat' dir='ltr'>tando</span> <span class='ocrx_word' id='word_1_716' title='bbox 2368 3736 2585 3792; x_wconf 90' lang='lat' dir='ltr'>Domini</span> <span class='ocrx_word' id='word_1_717' title='bbox 2615 3736 2927 3804; x_wconf 89' lang='lat' dir='ltr'>adventum,</span> <span class='ocrx_word' id='word_1_718' title='bbox 2960 3737 3109 3793; x_wconf 90' lang='lat' dir='ltr'>venit</span> <span class='ocrx_word' id='word_1_719' title='bbox 3137 3737 3377 3793; x_wconf 90' lang='lat' dir='ltr'>Christus</span> <span class='ocrx_word' id='word_1_720' title='bbox 3410 3757 3422 3793; x_wconf 89' lang='lat'><strong>:</strong></span> <span class='ocrx_word' id='word_1_721' title='bbox 3447 3738 3587 3793; x_wconf 90' lang='lat' dir='ltr'>unde</span> <span class='ocrx_word' id='word_1_722' title='bbox 3615 3753 3771 3793; x_wconf 89' lang='lat' dir='ltr'>omne</span> 
     </span>
    </p>
   </div>
   <div class='ocr_carea' id='block_1_97' title="bbox 2182 3824 3771 3897">
    <p class='ocr_par' dir='ltr' id='par_1_97' title="bbox 2182 3824 3771 3897">
     <span class='ocr_line' id='line_1_97' title="bbox 2182 3824 3771 3897; baseline 0.004 -21"><span class='ocrx_word' id='word_1_723' title='bbox 2182 3824 2326 3896; x_wconf 78' lang='lat' dir='ltr'>quod</span> <span class='ocrx_word' id='word_1_724' title='bbox 2353 3825 2410 3880; x_wconf 91' lang='lat' dir='ltr'>in</span> <span class='ocrx_word' id='word_1_725' title='bbox 2439 3833 2580 3880; x_wconf 87' lang='lat' dir='ltr'>terra</span> <span class='ocrx_word' id='word_1_726' title='bbox 2607 3834 2721 3881; x_wconf 90' lang='lat' dir='ltr'>erat</span> <span class='ocrx_word' id='word_1_727' title='bbox 2747 3825 2910 3895; x_wconf 90' lang='lat' dir='ltr'>siluit,</span> <span class='ocrx_word' id='word_1_728' title='bbox 2944 3826 3070 3897; x_wconf 91' lang='lat' dir='ltr'>quia</span> <span class='ocrx_word' id='word_1_729' title='bbox 3125 3827 3361 3882; x_wconf 87' lang='lat' dir='ltr'>Christus</span> <span class='ocrx_word' id='word_1_730' title='bbox 3388 3827 3621 3882; x_wconf 84' lang='lat' dir='ltr'>advenit.</span> <span class='ocrx_word' id='word_1_731' title='bbox 3662 3827 3771 3882; x_wconf 86' lang='lat' dir='ltr'>Hoc</span> 
     </span>
    </p>
   </div>
   <div class='ocr_carea' id='block_1_98' title="bbox 2181 3923 3772 3995">
    <p class='ocr_par' dir='ltr' id='par_1_98' title="bbox 2181 3923 3772 3995">
     <span class='ocr_line' id='line_1_98' title="bbox 2181 3923 3772 3995; baseline 0.001 -16"><span class='ocrx_word' id='word_1_732' title='bbox 2181 3930 2263 3979; x_wconf 92' lang='lat' dir='ltr'>est</span> <span class='ocrx_word' id='word_1_733' title='bbox 2288 3923 2432 3978; x_wconf 89' lang='lat' dir='ltr'>enim</span> <span class='ocrx_word' id='word_1_734' title='bbox 2453 3923 2725 3978; x_wconf 89' lang='lat' dir='ltr'>silentium</span> <span class='ocrx_word' id='word_1_735' title='bbox 2756 3923 2811 3978; x_wconf 91' lang='lat' dir='ltr'>in</span> <span class='ocrx_word' id='word_1_736' title='bbox 2838 3940 2946 3994; x_wconf 90' lang='lat' dir='ltr'>quo</span> <span class='ocrx_word' id='word_1_737' title='bbox 2975 3923 3214 3979; x_wconf 88' lang='lat' dir='ltr'>Christus</span> <span class='ocrx_word' id='word_1_738' title='bbox 3245 3931 3399 3980; x_wconf 90' lang='lat' dir='ltr'>natus</span> <span class='ocrx_word' id='word_1_739' title='bbox 3426 3940 3586 3981; x_wconf 92' lang='lat' dir='ltr'>omne</span> <span class='ocrx_word' id='word_1_740' title='bbox 3631 3923 3772 3995; x_wconf 88' lang='lat' dir='ltr'>quod</span> 
     </span>
    </p>
   </div>
   <div class='ocr_carea' id='block_1_99' title="bbox 2181 4011 3767 4081">
    <p class='ocr_par' dir='ltr' id='par_1_99' title="bbox 2181 4011 3767 4081">
     <span class='ocr_line' id='line_1_99' title="bbox 2181 4011 3767 4081; baseline 0.001 -14"><span class='ocrx_word' id='word_1_741' title='bbox 2181 4012 2358 4067; x_wconf 87' lang='lat' dir='ltr'>fuerat</span> <span class='ocrx_word' id='word_1_742' title='bbox 2385 4011 2611 4068; x_wconf 78' lang='lat' dir='ltr'>feliciter</span> <span class='ocrx_word' id='word_1_743' title='bbox 2637 4019 2823 4067; x_wconf 91' lang='lat' dir='ltr'>natum</span> <span class='ocrx_word' id='word_1_744' title='bbox 2844 4012 3172 4069; x_wconf 89' lang='lat' dir='ltr'>exclamavit</span> <span class='ocrx_word' id='word_1_745' title='bbox 3195 4028 3207 4068; x_wconf 91' lang='lat'>:</span> <span class='ocrx_word' id='word_1_746' title='bbox 3232 4014 3502 4080; x_wconf 77' lang='lat' dir='ltr'>Miserere,</span> <span class='ocrx_word' id='word_1_747' title='bbox 3522 4014 3767 4081; x_wconf 89' lang='lat' dir='ltr'>Domine,</span> 
     </span>
    </p>
   </div>
   <div class='ocr_carea' id='block_1_100' title="bbox 2181 4101 3771 4175">
    <p class='ocr_par' dir='ltr' id='par_1_100' title="bbox 2181 4101 3771 4175">
     <span class='ocr_line' id='line_1_100' title="bbox 2181 4101 3771 4175; baseline 0.001 -19"><span class='ocrx_word' id='word_1_748' title='bbox 2181 4101 2463 4157; x_wconf 88' lang='lat' dir='ltr'>miserere.</span> <span class='ocrx_word' id='word_1_749' title='bbox 2502 4101 2682 4156; x_wconf 79' lang='lat' dir='ltr'>Medio</span> <span class='ocrx_word' id='word_1_750' title='bbox 2728 4117 2963 4172; x_wconf 85' lang='lat' dir='ltr'>namque</span> <span class='ocrx_word' id='word_1_751' title='bbox 3007 4101 3219 4157; x_wconf 91' lang='lat' dir='ltr'>silentio</span> <span class='ocrx_word' id='word_1_752' title='bbox 3275 4103 3378 4158; x_wconf 91' lang='lat' dir='ltr'>hoc</span> <span class='ocrx_word' id='word_1_753' title='bbox 3405 4102 3566 4158; x_wconf 92' lang='lat' dir='ltr'>modo</span> <span class='ocrx_word' id='word_1_754' title='bbox 3619 4110 3771 4175; x_wconf 89' lang='lat' dir='ltr'>rupto</span> 
     </span>
    </p>
   </div>
   <div class='ocr_carea' id='block_1_101' title="bbox 2182 4190 3772 4265">
    <p class='ocr_par' dir='ltr' id='par_1_101' title="bbox 2182 4190 3772 4265">
     <span class='ocr_line' id='line_1_101' title="bbox 2182 4190 3772 4265; baseline 0.001 -20"><span class='ocrx_word' id='word_1_755' title='bbox 2182 4205 2311 4261; x_wconf 85' lang='lat' dir='ltr'>pax,</span> <span class='ocrx_word' id='word_1_756' title='bbox 2366 4190 2539 4261; x_wconf 86' lang='lat' dir='ltr'>quies,</span> <span class='ocrx_word' id='word_1_757' title='bbox 2598 4190 2894 4257; x_wconf 86' lang='lat' dir='ltr'>miseratio,</span> <span class='ocrx_word' id='word_1_758' title='bbox 2940 4199 3285 4263; x_wconf 88' lang='lat' dir='ltr'>peccatorum</span> <span class='ocrx_word' id='word_1_759' title='bbox 3340 4190 3673 4265; x_wconf 87' lang='lat' dir='ltr'>indulgentia</span> <span class='ocrx_word' id='word_1_760' title='bbox 3695 4199 3772 4247; x_wconf 90' lang='lat' dir='ltr'>est</span> 
     </span>
    </p>
   </div>
   <div class='ocr_carea' id='block_1_102' title="bbox 2182 4278 3767 4352">
    <p class='ocr_par' dir='ltr' id='par_1_102' title="bbox 2182 4278 3767 4352">
     <span class='ocr_line' id='line_1_102' title="bbox 2182 4278 3767 4352; baseline 0.002 -19"><span class='ocrx_word' id='word_1_761' title='bbox 2182 4279 2419 4336; x_wconf 86' lang='lat' dir='ltr'>humano</span> <span class='ocrx_word' id='word_1_762' title='bbox 2447 4279 2636 4352; x_wconf 88' lang='lat' dir='ltr'>generi</span> <span class='ocrx_word' id='word_1_763' title='bbox 2665 4295 2763 4351; x_wconf 89' lang='lat' dir='ltr'>per</span> <span class='ocrx_word' id='word_1_764' title='bbox 2792 4278 3061 4335; x_wconf 89' lang='lat' dir='ltr'>Christum</span> <span class='ocrx_word' id='word_1_765' title='bbox 3127 4280 3342 4336; x_wconf 88' lang='lat' dir='ltr'>collata.</span> <span class='ocrx_word' id='word_1_766' title='bbox 3369 4281 3486 4336; x_wconf 86' lang='lat' dir='ltr'>Hoc</span> <span class='ocrx_word' id='word_1_767' title='bbox 3512 4280 3609 4336; x_wconf 89' lang='lat' dir='ltr'>Dei</span> <span class='ocrx_word' id='word_1_768' title='bbox 3639 4281 3767 4336; x_wconf 80' lang='lat' dir='ltr'>Ver-</span> 
     </span>
    </p>
   </div>
   <div class='ocr_carea' id='block_1_103' title="bbox 2179 4367 3767 4439">
    <p class='ocr_par' dir='ltr' id='par_1_103' title="bbox 2179 4367 3767 4439">
     <span class='ocr_line' id='line_1_103' title="bbox 2179 4367 3767 4439; baseline 0.001 -16"><span class='ocrx_word' id='word_1_769' title='bbox 2179 4367 2310 4423; x_wconf 91' lang='lat' dir='ltr'>bum</span> <span class='ocrx_word' id='word_1_770' title='bbox 2331 4368 2507 4424; x_wconf 90' lang='lat' dir='ltr'>adhuc</span> <span class='ocrx_word' id='word_1_771' title='bbox 2555 4369 2845 4439; x_wconf 88' lang='lat' dir='ltr'>alloquitur</span> <span class='ocrx_word' id='word_1_772' title='bbox 2898 4369 3207 4425; x_wconf 89' lang='lat' dir='ltr'>mundum:</span> <span class='ocrx_word' id='word_1_773' title='bbox 3243 4392 3266 4418; x_wconf 71' lang='grc' dir='ltr'><strong><em>κ</em></strong></span> <span class='ocrx_word' id='word_1_774' title='bbox 3327 4369 3526 4426; x_wconf 89' lang='lat' dir='ltr'>Discite</span> <span class='ocrx_word' id='word_1_775' title='bbox 3579 4385 3612 4425; x_wconf 91' lang='lat' dir='ltr'>a</span> <span class='ocrx_word' id='word_1_776' title='bbox 3664 4386 3767 4437; x_wconf 89' lang='lat' dir='ltr'>me,</span> 
     </span>
    </p>
   </div>
   <div class='ocr_carea' id='block_1_104' title="bbox 2181 4456 3768 4529">
    <p class='ocr_par' dir='ltr' id='par_1_104' title="bbox 2181 4456 3768 4529">
     <span class='ocr_line' id='line_1_104' title="bbox 2181 4456 3768 4529; baseline 0.001 -17"><span class='ocrx_word' id='word_1_777' title='bbox 2181 4456 2308 4529; x_wconf 92' lang='lat' dir='ltr'>quia</span> <span class='ocrx_word' id='word_1_778' title='bbox 2338 4457 2482 4513; x_wconf 92' lang='lat' dir='ltr'>mitis</span> <span class='ocrx_word' id='word_1_779' title='bbox 2509 4475 2629 4513; x_wconf 91' lang='lat' dir='ltr'>sum</span> <span class='ocrx_word' id='word_1_780' title='bbox 2657 4468 2709 4513; x_wconf 92' lang='lat' dir='ltr'>ct</span> <span class='ocrx_word' id='word_1_781' title='bbox 2763 4458 2981 4514; x_wconf 90' lang='lat' dir='ltr'>humilis</span> <span class='ocrx_word' id='word_1_782' title='bbox 3009 4458 3171 4514; x_wconf 90' lang='lat' dir='ltr'>corde</span> <span class='ocrx_word' id='word_1_783' title='bbox 3199 4458 3419 4528; x_wconf 73' lang='lat' dir='ltr'>(Matth.</span> <span class='ocrx_word' id='word_1_784' title='bbox 3451 4458 3553 4529; x_wconf 74' lang='grc' dir='ltr'><strong>χι).</strong></span> <span class='ocrx_word' id='word_1_785' title='bbox 3581 4481 3603 4508; x_wconf 80' lang='grc' dir='ltr'><strong>υ</strong></span> <span class='ocrx_word' id='word_1_786' title='bbox 3638 4458 3768 4514; x_wconf 91' lang='lat' dir='ltr'>Cum</span> 
     </span>
    </p>
   </div>
   <div class='ocr_carea' id='block_1_105' title="bbox 2184 4546 3770 4619">
    <p class='ocr_par' dir='ltr' id='par_1_105' title="bbox 2184 4546 3770 4619">
     <span class='ocr_line' id='line_1_105' title="bbox 2184 4546 3770 4619; baseline 0 -17"><span class='ocrx_word' id='word_1_787' title='bbox 2184 4555 2363 4602; x_wconf 87' lang='lat' dir='ltr'>autem</span> <span class='ocrx_word' id='word_1_788' title='bbox 2394 4546 2463 4602; x_wconf 90' lang='lat' dir='ltr'>ad</span> <span class='ocrx_word' id='word_1_789' title='bbox 2500 4547 2887 4603; x_wconf 84' lang='lat' dir='ltr'>beatitudinem</span> <span class='ocrx_word' id='word_1_790' title='bbox 2943 4548 3201 4603; x_wconf 89' lang='lat' dir='ltr'>mortales</span> <span class='ocrx_word' id='word_1_791' title='bbox 3253 4548 3610 4619; x_wconf 86' lang='lat' dir='ltr'>pervenerint,</span> <span class='ocrx_word' id='word_1_792' title='bbox 3665 4563 3770 4604; x_wconf 90' lang='lat' dir='ltr'>non</span> 
     </span>
    </p>
   </div>
   <div class='ocr_carea' id='block_1_106' title="bbox 2186 4645 3771 4716">
    <p class='ocr_par' dir='ltr' id='par_1_106' title="bbox 2186 4645 3771 4716">
     <span class='ocr_line' id='line_1_106' title="bbox 2186 4645 3771 4716; baseline 0.002 -17"><span class='ocrx_word' id='word_1_793' title='bbox 2186 4645 2323 4701; x_wconf 86' lang='lat' dir='ltr'>ultra</span> <span class='ocrx_word' id='word_1_794' title='bbox 2353 4645 2589 4701; x_wconf 87' lang='lat' dir='ltr'>clamare</span> <span class='ocrx_word' id='word_1_795' title='bbox 2631 4661 2732 4701; x_wconf 89' lang='lat' dir='ltr'>nec</span> <span class='ocrx_word' id='word_1_796' title='bbox 2779 4661 2935 4702; x_wconf 90' lang='lat' dir='ltr'>orare</span> <span class='ocrx_word' id='word_1_797' title='bbox 2973 4646 3193 4711; x_wconf 89' lang='lat' dir='ltr'>habent,</span> <span class='ocrx_word' id='word_1_798' title='bbox 3224 4645 3321 4701; x_wconf 78' lang='lat' dir='ltr'>sel</span> <span class='ocrx_word' id='word_1_799' title='bbox 3348 4645 3576 4701; x_wconf 90' lang='lat' dir='ltr'>silentet</span> <span class='ocrx_word' id='word_1_800' title='bbox 3628 4646 3771 4716; x_wconf 91' lang='lat' dir='ltr'>quie-</span> 
     </span>
    </p>
   </div>
   <div class='ocr_carea' id='block_1_107' title="bbox 2180 4741 3770 4815">
    <p class='ocr_par' dir='ltr' id='par_1_107' title="bbox 2180 4741 3770 4815">
     <span class='ocr_line' id='line_1_107' title="bbox 2180 4741 3770 4815; baseline -0.001 -16"><span class='ocrx_word' id='word_1_801' title='bbox 2180 4749 2335 4799; x_wconf 87' lang='lat' dir='ltr'>scunt</span> <span class='ocrx_word' id='word_1_802' title='bbox 2362 4759 2395 4798; x_wconf 93' lang='lat' dir='ltr'>a</span> <span class='ocrx_word' id='word_1_803' title='bbox 2422 4742 2671 4814; x_wconf 90' lang='lat' dir='ltr'>pluribus</span> <span class='ocrx_word' id='word_1_804' title='bbox 2719 4741 3084 4815; x_wconf 85' lang='lat' dir='ltr'>gemebundis</span> <span class='ocrx_word' id='word_1_805' title='bbox 3108 4742 3435 4799; x_wconf 88' lang='lat' dir='ltr'>clamoribus</span> <span class='ocrx_word' id='word_1_806' title='bbox 3456 4742 3647 4815; x_wconf 89' lang='lat' dir='ltr'>quibus</span> <span class='ocrx_word' id='word_1_807' title='bbox 3670 4742 3770 4799; x_wconf 90' lang='lat' dir='ltr'>sibi</span> 
     </span>
    </p>
   </div>
   <div class='ocr_carea' id='block_1_108' title="bbox 2183 4838 3772 4912">
    <p class='ocr_par' dir='ltr' id='par_1_108' title="bbox 2183 4838 3772 4912">
     <span class='ocr_line' id='line_1_108' title="bbox 2183 4838 3772 4912; baseline 0.002 -17"><span class='ocrx_word' id='word_1_808' title='bbox 2183 4838 2381 4911; x_wconf 87' lang='lat' dir='ltr'>aperiri</span> <span class='ocrx_word' id='word_1_809' title='bbox 2406 4840 2613 4896; x_wconf 64' lang='lat' dir='ltr'>caelum</span> <span class='ocrx_word' id='word_1_810' title='bbox 2662 4838 3052 4907; x_wconf 85' lang='lat' dir='ltr'>vociferabant,</span> <span class='ocrx_word' id='word_1_811' title='bbox 3082 4840 3240 4912; x_wconf 81' lang='lat' dir='ltr'>juxta</span> <span class='ocrx_word' id='word_1_812' title='bbox 3264 4840 3397 4897; x_wconf 89' lang='lat' dir='ltr'>illud</span> <span class='ocrx_word' id='word_1_813' title='bbox 3430 4860 3442 4896; x_wconf 88' lang='lat'><strong>:</strong></span> <span class='ocrx_word' id='word_1_814' title='bbox 3479 4863 3502 4890; x_wconf 77' lang='grc' dir='ltr'>σι</span> <span class='ocrx_word' id='word_1_815' title='bbox 3560 4841 3772 4898; x_wconf 86' lang='lat' dir='ltr'>Consci-</span> 
     </span>
    </p>
   </div>
   <div class='ocr_carea' id='block_1_109' title="bbox 2183 4937 3770 4996">
    <p class='ocr_par' dir='ltr' id='par_1_109' title="bbox 2183 4937 3770 4996">
     <span class='ocr_line' id='line_1_109' title="bbox 2183 4937 3770 4996; baseline 0.003 -4"><span class='ocrx_word' id='word_1_816' title='bbox 2183 4937 2309 4993; x_wconf 89' lang='lat' dir='ltr'>disti</span> <span class='ocrx_word' id='word_1_817' title='bbox 2355 4954 2570 4995; x_wconf 87' lang='lat' dir='ltr'>saccum</span> <span class='ocrx_word' id='word_1_818' title='bbox 2650 4955 2834 4996; x_wconf 88' lang='lat' dir='ltr'>meum</span> <span class='ocrx_word' id='word_1_819' title='bbox 2887 4947 2942 4995; x_wconf 91' lang='lat' dir='ltr'>et</span> <span class='ocrx_word' id='word_1_820' title='bbox 2995 4938 3395 4996; x_wconf 87' lang='lat' dir='ltr'>circumdedisti</span> <span class='ocrx_word' id='word_1_821' title='bbox 3450 4954 3539 4995; x_wconf 90' lang='lat' dir='ltr'>me</span> <span class='ocrx_word' id='word_1_822' title='bbox 3592 4938 3770 4996; x_wconf 61' lang='lat' dir='ltr'>latitia</span> 
     </span>
    </p>
   </div>
   <div class='ocr_carea' id='block_1_110' title="bbox 2184 5026 3767 5101">
    <p class='ocr_par' dir='ltr' id='par_1_110' title="bbox 2184 5026 3767 5101">
     <span class='ocr_line' id='line_1_110' title="bbox 2184 5026 3767 5101; baseline 0.001 -18"><span class='ocrx_word' id='word_1_823' title='bbox 2184 5026 2367 5097; x_wconf 69' lang='lat' dir='ltr'>(Psal.</span> <span class='ocrx_word' id='word_1_824' title='bbox 2397 5028 2588 5100; x_wconf 74' lang='lat' dir='ltr'>xxxx).</span> <span class='ocrx_word' id='word_1_825' title='bbox 2613 5049 2637 5076; x_wconf 77' lang='grc' dir='ltr'>ι</span> <span class='ocrx_word' id='word_1_826' title='bbox 2658 5029 2719 5083; x_wconf 90' lang='lat' dir='ltr'>In</span> <span class='ocrx_word' id='word_1_827' title='bbox 2736 5027 3032 5099; x_wconf 50' lang='lat' dir='ltr'>illo.medio</span> <span class='ocrx_word' id='word_1_828' title='bbox 3051 5027 3284 5097; x_wconf 87' lang='lat' dir='ltr'>silentio,</span> <span class='ocrx_word' id='word_1_829' title='bbox 3304 5034 3362 5083; x_wconf 92' lang='lat' dir='ltr'>ut</span> <span class='ocrx_word' id='word_1_830' title='bbox 3381 5027 3661 5101; x_wconf 65' lang='lat' dir='ltr'>praefatum</span> <span class='ocrx_word' id='word_1_831' title='bbox 3671 5035 3767 5095; x_wconf 85' lang='lat' dir='ltr'>est,</span> 
     </span>
    </p>
   </div>
   <div class='ocr_carea' id='block_1_111' title="bbox 2182 5114 3772 5189">
    <p class='ocr_par' dir='ltr' id='par_1_111' title="bbox 2182 5114 3772 5189">
     <span class='ocr_line' id='line_1_111' title="bbox 2182 5114 3772 5189; baseline 0 -18"><span class='ocrx_word' id='word_1_832' title='bbox 2182 5114 2529 5187; x_wconf 90' lang='lat' dir='ltr'>omnipotens</span> <span class='ocrx_word' id='word_1_833' title='bbox 2545 5130 2725 5173; x_wconf 89' lang='lat' dir='ltr'>sermo</span> <span class='ocrx_word' id='word_1_834' title='bbox 2754 5132 2788 5173; x_wconf 92' lang='lat' dir='ltr'>a</span> <span class='ocrx_word' id='word_1_835' title='bbox 2815 5116 3094 5189; x_wconf 86' lang='lat' dir='ltr'>regalibus</span> <span class='ocrx_word' id='word_1_836' title='bbox 3124 5115 3346 5172; x_wconf 87' lang='lat' dir='ltr'>sedibus</span> <span class='ocrx_word' id='word_1_837' title='bbox 3370 5117 3535 5175; x_wconf 89' lang='lat' dir='ltr'>venit.</span> <span class='ocrx_word' id='word_1_838' title='bbox 3588 5115 3718 5187; x_wconf 85' lang='lat' dir='ltr'>Quis</span> <span class='ocrx_word' id='word_1_839' title='bbox 3742 5118 3772 5171; x_wconf 71' lang='grc'><strong>7</strong></span> 
     </span>
    </p>
   </div>
   <div class='ocr_carea' id='block_1_112' title="bbox 2181 5213 3770 5287">
    <p class='ocr_par' dir='ltr' id='par_1_112' title="bbox 2181 5213 3770 5287">
     <span class='ocr_line' id='line_1_112' title="bbox 2181 5213 3770 5287; baseline 0 -18"><span class='ocrx_word' id='word_1_840' title='bbox 2181 5213 2280 5269; x_wconf 92' lang='lat' dir='ltr'>Dci</span> <span class='ocrx_word' id='word_1_841' title='bbox 2303 5213 2560 5282; x_wconf 80' lang='lat' dir='ltr'>Verbum,</span> <span class='ocrx_word' id='word_1_842' title='bbox 2624 5214 2789 5270; x_wconf 88' lang='lat' dir='ltr'>Filius</span> <span class='ocrx_word' id='word_1_843' title='bbox 2824 5214 2945 5283; x_wconf 89' lang='lat' dir='ltr'>Dei,</span> <span class='ocrx_word' id='word_1_844' title='bbox 2978 5215 3095 5271; x_wconf 85' lang='lat' dir='ltr'>Rex</span> <span class='ocrx_word' id='word_1_845' title='bbox 3122 5214 3288 5270; x_wconf 87' lang='lat' dir='ltr'>Filius</span> <span class='ocrx_word' id='word_1_846' title='bbox 3313 5213 3496 5287; x_wconf 81' lang='lat' dir='ltr'>Regis.</span> <span class='ocrx_word' id='word_1_847' title='bbox 3546 5214 3694 5271; x_wconf 88' lang='lat' dir='ltr'>Unde</span> <span class='ocrx_word' id='word_1_848' title='bbox 3742 5214 3770 5269; x_wconf 86' lang='lat'><strong>?</strong></span> 
     </span>
    </p>
   </div>
   <div class='ocr_carea' id='block_1_113' title="bbox 2179 5302 3769 5377">
    <p class='ocr_par' dir='ltr' id='par_1_113' title="bbox 2179 5302 3769 5377">
     <span class='ocr_line' id='line_1_113' title="bbox 2179 5302 3769 5377; baseline 0.001 -19"><span class='ocrx_word' id='word_1_849' title='bbox 2179 5305 2226 5358; x_wconf 81' lang='grc' dir='ltr'>Α</span> <span class='ocrx_word' id='word_1_850' title='bbox 2252 5318 2513 5359; x_wconf 88' lang='lat' dir='ltr'>concessu</span> <span class='ocrx_word' id='word_1_851' title='bbox 2568 5304 2649 5358; x_wconf 90' lang='lat' dir='ltr'>sui</span> <span class='ocrx_word' id='word_1_852' title='bbox 2679 5303 2867 5359; x_wconf 86' lang='lat' dir='ltr'>Patris.</span> <span class='ocrx_word' id='word_1_853' title='bbox 2908 5302 3067 5372; x_wconf 86' lang='lat' dir='ltr'>Quod</span> <span class='ocrx_word' id='word_1_854' title='bbox 3096 5304 3123 5358; x_wconf 67' lang='grc' dir='ltr'>ἱ)</span> <span class='ocrx_word' id='word_1_855' title='bbox 3150 5306 3211 5359; x_wconf 82' lang='grc' dir='ltr'><strong>Ιιι</strong></span> <span class='ocrx_word' id='word_1_856' title='bbox 3240 5303 3534 5377; x_wconf 82' lang='lat' dir='ltr'>patibulem</span> <span class='ocrx_word' id='word_1_857' title='bbox 3581 5310 3769 5361; x_wconf 64' lang='lat' dir='ltr'>sancta</span> 
     </span>
    </p>
   </div>
   <div class='ocr_carea' id='block_1_114' title="bbox 2179 5400 3765 5473">
    <p class='ocr_par' dir='ltr' id='par_1_114' title="bbox 2179 5400 3765 5473">
     <span class='ocr_line' id='line_1_114' title="bbox 2179 5400 3765 5473; baseline 0.001 -18"><span class='ocrx_word' id='word_1_858' title='bbox 2179 5401 2372 5467; x_wconf 90' lang='lat' dir='ltr'>crucis,</span> <span class='ocrx_word' id='word_1_859' title='bbox 2420 5416 2453 5457; x_wconf 90' lang='lat' dir='ltr'>a</span> <span class='ocrx_word' id='word_1_860' title='bbox 2487 5401 2614 5458; x_wconf 86' lang='lat' dir='ltr'>sede</span> <span class='ocrx_word' id='word_1_861' title='bbox 2643 5401 2816 5473; x_wconf 86' lang='lat' dir='ltr'>regali</span> <span class='ocrx_word' id='word_1_862' title='bbox 2844 5401 2914 5456; x_wconf 90' lang='lat' dir='ltr'>ad</span> <span class='ocrx_word' id='word_1_863' title='bbox 2940 5400 3227 5457; x_wconf 86' lang='lat' dir='ltr'>textrinam</span> <span class='ocrx_word' id='word_1_864' title='bbox 3256 5401 3499 5457; x_wconf 88' lang='lat' dir='ltr'>mortalis</span> <span class='ocrx_word' id='word_1_865' title='bbox 3549 5402 3765 5473; x_wconf 80' lang='lat' dir='ltr'>peccati,</span> 
     </span>
    </p>
   </div>
   <div class='ocr_carea' id='block_1_115' title="bbox 2179 5497 3769 5570">
    <p class='ocr_par' dir='ltr' id='par_1_115' title="bbox 2179 5497 3769 5570">
     <span class='ocr_line' id='line_1_115' title="bbox 2179 5497 3769 5570; baseline 0.001 -17"><span class='ocrx_word' id='word_1_866' title='bbox 2179 5512 2214 5553; x_wconf 91' lang='lat' dir='ltr'>a</span> <span class='ocrx_word' id='word_1_867' title='bbox 2241 5497 2527 5570; x_wconf 90' lang='lat' dir='ltr'>splendore</span> <span class='ocrx_word' id='word_1_868' title='bbox 2555 5498 2678 5553; x_wconf 73' lang='lat' dir='ltr'>cmli</span> <span class='ocrx_word' id='word_1_869' title='bbox 2729 5497 2799 5553; x_wconf 89' lang='lat' dir='ltr'>ad</span> <span class='ocrx_word' id='word_1_870' title='bbox 2855 5499 3102 5555; x_wconf 88' lang='lat' dir='ltr'>tenebras</span> <span class='ocrx_word' id='word_1_871' title='bbox 3138 5497 3358 5554; x_wconf 79' lang='lat' dir='ltr'>infami.</span> <span class='ocrx_word' id='word_1_872' title='bbox 3380 5498 3445 5553; x_wconf 86' lang='lat' dir='ltr'>Et</span> <span class='ocrx_word' id='word_1_873' title='bbox 3489 5497 3610 5554; x_wconf 93' lang='lat' dir='ltr'>ideo</span> <span class='ocrx_word' id='word_1_874' title='bbox 3637 5514 3669 5553; x_wconf 85' lang='lat' dir='ltr'>a</span> <span class='ocrx_word' id='word_1_875' title='bbox 3693 5512 3769 5554; x_wconf 90' lang='lat' dir='ltr'>re-</span> 
     </span>
    </p>
   </div>
   <div class='ocr_carea' id='block_1_116' title="bbox 2178 5595 3766 5669">
    <p class='ocr_par' dir='ltr' id='par_1_116' title="bbox 2178 5595 3766 5669">
     <span class='ocr_line' id='line_1_116' title="bbox 2178 5595 3766 5669; baseline 0.001 -19"><span class='ocrx_word' id='word_1_876' title='bbox 2178 5595 2395 5667; x_wconf 89' lang='lat' dir='ltr'>galibus</span> <span class='ocrx_word' id='word_1_877' title='bbox 2422 5612 2530 5651; x_wconf 91' lang='lat' dir='ltr'>non</span> <span class='ocrx_word' id='word_1_878' title='bbox 2551 5595 2622 5651; x_wconf 92' lang='lat' dir='ltr'>ab</span> <span class='ocrx_word' id='word_1_879' title='bbox 2648 5611 2757 5652; x_wconf 90' lang='lat' dir='ltr'>una</span> <span class='ocrx_word' id='word_1_880' title='bbox 2784 5595 2912 5651; x_wconf 89' lang='lat' dir='ltr'>sede</span> <span class='ocrx_word' id='word_1_881' title='bbox 2939 5595 3129 5669; x_wconf 87' lang='lat' dir='ltr'>regali,</span> <span class='ocrx_word' id='word_1_882' title='bbox 3167 5596 3294 5667; x_wconf 89' lang='lat' dir='ltr'>quia</span> <span class='ocrx_word' id='word_1_883' title='bbox 3322 5596 3377 5651; x_wconf 90' lang='lat' dir='ltr'>hi</span> <span class='ocrx_word' id='word_1_884' title='bbox 3405 5596 3496 5667; x_wconf 90' lang='lat' dir='ltr'>qui</span> <span class='ocrx_word' id='word_1_885' title='bbox 3541 5595 3766 5652; x_wconf 66' lang='lat' dir='ltr'>caelestia</span> 
     </span>
    </p>
   </div>
   <div class='ocr_carea' id='block_1_117' title="bbox 2179 5697 3767 5769">
    <p class='ocr_par' dir='ltr' id='par_1_117' title="bbox 2179 5697 3767 5769">
     <span class='ocr_line' id='line_1_117' title="bbox 2179 5697 3767 5769; baseline 0.001 -17"><span class='ocrx_word' id='word_1_886' title='bbox 2179 5713 2303 5753; x_wconf 89' lang='lat' dir='ltr'>cum</span> <span class='ocrx_word' id='word_1_887' title='bbox 2330 5697 2519 5754; x_wconf 90' lang='lat' dir='ltr'>labore</span> <span class='ocrx_word' id='word_1_888' title='bbox 2545 5699 2818 5769; x_wconf 85' lang='lat' dir='ltr'>petierint,</span> <span class='ocrx_word' id='word_1_889' title='bbox 2851 5698 3043 5754; x_wconf 87' lang='lat' dir='ltr'>horum</span> <span class='ocrx_word' id='word_1_890' title='bbox 3091 5698 3316 5769; x_wconf 90' lang='lat' dir='ltr'>quisque</span> <span class='ocrx_word' id='word_1_891' title='bbox 3344 5697 3566 5767; x_wconf 89' lang='lat' dir='ltr'>recipiet</span> <span class='ocrx_word' id='word_1_892' title='bbox 3615 5711 3767 5753; x_wconf 88' lang='lat' dir='ltr'>coro-</span> 
     </span>
    </p>
   </div>
   <div class='ocr_carea' id='block_1_118' title="bbox 2178 5795 3765 5870">
    <p class='ocr_par' dir='ltr' id='par_1_118' title="bbox 2178 5795 3765 5870">
     <span class='ocr_line' id='line_1_118' title="bbox 2178 5795 3765 5870; baseline 0.001 -20"><span class='ocrx_word' id='word_1_893' title='bbox 2178 5810 2305 5851; x_wconf 90' lang='lat' dir='ltr'>nam</span> <span class='ocrx_word' id='word_1_894' title='bbox 2335 5796 2462 5852; x_wconf 70' lang='lat' dir='ltr'>vitee</span> <span class='ocrx_word' id='word_1_895' title='bbox 2514 5797 2742 5870; x_wconf 89' lang='lat' dir='ltr'>singulis</span> <span class='ocrx_word' id='word_1_896' title='bbox 2770 5796 3068 5869; x_wconf 89' lang='lat' dir='ltr'>quibusque</span> <span class='ocrx_word' id='word_1_897' title='bbox 3122 5795 3364 5870; x_wconf 87' lang='lat' dir='ltr'>singulas</span> <span class='ocrx_word' id='word_1_898' title='bbox 3391 5810 3617 5852; x_wconf 90' lang='lat' dir='ltr'>coronas</span> <span class='ocrx_word' id='word_1_899' title='bbox 3672 5796 3765 5851; x_wconf 82' lang='lat' dir='ltr'>ha-</span> 
     </span>
    </p>
   </div>
   <div class='ocr_carea' id='block_1_119' title="bbox 2177 5892 3763 5973">
    <p class='ocr_par' dir='ltr' id='par_1_119' title="bbox 2177 5892 3763 5973">
     <span class='ocr_line' id='line_1_119' title="bbox 2177 5892 3763 5973; baseline 0.002 -23"><span class='ocrx_word' id='word_1_900' title='bbox 2177 5893 2430 5952; x_wconf 86' lang='lat' dir='ltr'>bentibus</span> <span class='ocrx_word' id='word_1_901' title='bbox 2482 5900 2537 5954; x_wconf 87' lang='lat' dir='ltr'>et</span> <span class='ocrx_word' id='word_1_902' title='bbox 2580 5910 2703 5953; x_wconf 89' lang='lat' dir='ltr'>cum</span> <span class='ocrx_word' id='word_1_903' title='bbox 2733 5895 2888 5953; x_wconf 87' lang='lat' dir='ltr'>Patre</span> <span class='ocrx_word' id='word_1_904' title='bbox 2940 5907 3037 5954; x_wconf 89' lang='lat' dir='ltr'>suo</span> <span class='ocrx_word' id='word_1_905' title='bbox 3093 5892 3442 5970; x_wconf 85' lang='lat' dir='ltr'>regnantibus</span> <span class='ocrx_word' id='word_1_906' title='bbox 3498 5892 3553 5951; x_wconf 89' lang='lat' dir='ltr'>in</span> <span class='ocrx_word' id='word_1_907' title='bbox 3602 5906 3763 5973; x_wconf 86' lang='lat' dir='ltr'>regno</span> 
     </span>
    </p>
   </div>
  </div>
