3972 6460
227 465 367 524 1233

1167 453 1752 514 DEFLORATIONES
1787 452 1892 509 SS.
1937 451 2243 511 PATRUM.
2275 485 2344 496 —
2372 455 2504 512 LIB.
2547 455 2622 511 II.

3397 451 3535 511 ηει

237 592 381 664 quod
426 589 763 662 praeparavit
789 585 1140 658 diligentibus
1169 600 1228 639 se
1259 598 1290 638 a
1319 582 1505 637 mundi
1537 580 1824 651 principio,
1856 577 1909 637 Α
1940 580 2068 652 quid
2099 581 2309 651 lapides
2338 581 2654 650 angulares,
2687 581 2819 654 quid
2862 580 3255 654 pavimentum,
3290 577 3416 651 quid
3446 577 3529 634 fe-

233 681 372 735 sicut
400 681 473 733 ibi
509 696 521 734 :
564 702 585 726 ι
634 677 917 746 Quotquot
944 685 1120 728 autem
1156 681 1479 736 receperunt
1508 688 1649 731 eum,
1682 670 1832 723 dedit

235 769 318 824 eis
357 777 686 838 potestatem
735 766 879 819 ﬁlios
929 764 1027 818 Dei
1076 762 1213 825 ﬁeri,
1265 762 1349 815 his
1403 762 1488 832 qui
1522 760 1747 814 credunt
1776 758 1831 812 in

233 867 458 920 nomine
487 865 608 933 ejus
640 865 833 932 (Joan.
873 863 932 928 ι).
967 883 987 906 υ
1025 860 1079 913 Si
1109 857 1199 912 filii
1233 859 1350 925 ejus
1381 857 1577 910 fuerint
1617 864 1668 908 et
1696 871 1830 909 con-

235 969 478 1025 sequens
509 954 607 1008 erit
638 960 692 1005 ut
724 958 776 1005 et
806 966 967 1019 reges
999 949 1126 1002 sint.
1171 947 1332 1014 Quod
1363 945 1408 998 si
1450 961 1609 1011 reges
1640 942 1829 1012 sequi-

236 1059 330 1106 tur
359 1061 415 1104 ut
446 1049 820 1120 unusquisque
842 1046 1082 1113 regalem
1117 1044 1390 1114 possideat
1422 1042 1629 1108 sedem,
1662 1057 1831 1093 unus—

237 1141 473 1211 quisque
529 1137 809 1209 proprium
864 1136 1064 1188 habeat
1121 1148 1367 1203 regnum.
1419 1132 1529 1185 Rex
1561 1138 1828 1194 terrenus,

237 1227 430 1300 plures
459 1228 668 1281 habens
700 1224 841 1278 ﬁlios
873 1239 980 1278 non
1032 1222 1137 1276 nisi
1182 1238 1343 1275 unum
1376 1219 1574 1290 poterit
1603 1218 1831 1287 imperio

237 1325 541 1382 sublimare
575 1339 588 1376 :
623 1339 722 1377 rex
753 1328 931 1374 autem
964 1334 1197 1389 regnum
1244 1325 1375 1387 quot
1415 1315 1554 1370 filios
1583 1315 1834 1369 habuerit

237 1418 322 1469 tot
375 1427 609 1467 coronas
658 1409 950 1478 unicuique
1003 1409 1054 1459 iu
1089 1422 1263 1477 regno
1295 1420 1396 1459 suo
1428 1404 1636 1457 tribuit.
1677 1403 1833 1470 Quod

236 1501 566 1572 promissum
601 1514 705 1551 non
747 1506 829 1552 est
873 1502 1139 1558 nostrum,
1192 1494 1292 1546 sed
1340 1493 1534 1546 Christi
1583 1492 1671 1561 qui
1704 1491 1837 1555 dixit

239 1607 342 1646 suo
376 1586 784 1644 i’atricmlesti:
821 1608 841 1631 ιι
880 1585 998 1638 Non
1032 1599 1128 1653 pro
1161 1583 1242 1634 llis
1273 1591 1476 1633 tantum
1529 1595 1690 1649 rogo,
1739 1579 1835 1632 sed

239 1704 342 1758 pro
373 1687 453 1740 eis
485 1685 572 1755 qui
598 1681 858 1737 credituri
886 1690 1006 1734 sunt
1037 1697 1134 1749 per
1169 1680 1397 1731 verbum
1430 1693 1615 1730 eorum
1644 1676 1694 1729 iu
1729 1692 1832 1741 me,

238 1782 299 1831 ut
337 1790 539 1830 omnes
583 1789 743 1826 unum
782 1772 907 1833 sint,
960 1769 1096 1822 sicut
1128 1775 1187 1820 tu
1222 1768 1382 1820 Pater
1421 1766 1474 1819 in
1507 1781 1613 1829 me,
1649 1773 1700 1818 et
1730 1780 1836 1834 ego

240 1863 298 1920 in
327 1872 400 1929 te,
433 1871 488 1916 ut
515 1871 568 1917 et
598 1860 697 1930 ipsi
730 1860 784 1913 in
815 1859 969 1913 nobis
1015 1871 1181 1910 unum
1241 1856 1370 1917 sint,
1403 1865 1457 1907 et
1490 1862 1544 1906 ut
1603 1854 1836 1907 mundus

241 1962 433 2019 credat
464 1960 590 2032 quia
646 1966 702 2012 tu
763 1973 849 2011 me
906 1955 1097 2009 misisti
1155 1955 1338 2019 (Joan.
1368 1953 1531 2006 xvul.
1574 1975 1595 1999 υ
1633 1953 1785 2006 Unde
1820 1969 1831 2005 :

248 2076 272 2100 ιι
317 2050 501 2105 Nolite
523 2049 764 2120 dilegere
789 2045 1072 2110 mundum,
1097 2058 1280 2114 neque
1311 2057 1376 2096 ea
1406 2057 1525 2113 qure
1556 2041 1611 2094 in
1635 2040 1837 2094 mundo

242 2149 369 2196 sunt
399 2139 451 2204 (Ι
475 2140 637 2194 Joan.
672 2139 752 2205 ιι).
793 2158 815 2182 η

312 2236 466 2291 Dixit
495 2233 636 2288 enim
672 2230 1043 2287 Ecclesiastes
1077 2245 1090 2285 :
1130 2251 1151 2275 ε
1192 2227 1428 2282 Vanitas
1461 2228 1754 2281 vanitatum
1785 2233 1838 2280 et

243 2324 429 2382 omnia
458 2323 668 2377 vanitas
699 2321 906 2388 (Boote.
939 2323 1026 2386 ιι).
1079 2341 1100 2365 υ
1147 2317 1344 2372 Omnia
1375 2332 1497 2388 quae
1537 2316 1590 2369 in
1634 2315 1838 2369 mundo

241 2423 390 2479 sunt,
422 2409 789 2480 corruptibilia
812 2415 864 2463 et
895 2421 1034 2462 vana
1062 2415 1264 2460 tamen.
1314 2405 1382 2458 Et
1427 2407 1529 2459 hoc
1569 2403 1836 2459 describi-

242 2519 333 2566 tur
373 2525 386 2564 :
427 2533 448 2556 ε
487 2508 628 2563 Vidit
651 2509 797 2563 Deus
819 2514 1015 2562 cuncta
1037 2521 1158 2574 qua
1197 2503 1417 2567 fecerat,
1443 2509 1663 2557 eterant
1683 2500 1839 2555 valde

244 2601 390 2654 bona
419 2599 578 2665 (Gen.
611 2600 652 2665 ι)
679 2620 700 2643 ι
737 2594 895 2663 Quod
927 2593 971 2647 si
1005 2594 1166 2659 bona,
1203 2593 1345 2645 unde
1383 2607 1522 2644 vana
1544 2591 1572 2645 Ἰ
1607 2590 1836 2654 C(elum,

246 2697 416 2750 terra,
464 2685 566 2750 sol,
616 2685 762 2747 lana,
824 2692 972 2737 astra
1034 2681 1259 2745 nobilia,
1322 2679 1609 2749 splendida
1670 2677 1840 2732 faeies

245 2774 424 2847 Moysi
453 2792 466 2836 ;
503 2776 623 2827 hinc
653 2771 833 2827 omnia
882 2769 1129 2841 prodiere
1161 2785 1193 2822 a
1224 2769 1365 2822 bono
1409 2767 1684 2829 Creatore,
1718 2766 1838 2821 ideo

245 2873 419 2928 bona.
466 2872 666 2926 Tamen
709 2869 753 2922 si
794 2871 908 2923 haec
965 2868 1033 2922 ad
1090 2867 1263 2920 Deum
1303 2867 1665 2930 conterantur,
1711 2864 1842 2918 nihil

249 2969 400 3028 sunt,
453 2968 508 3014 et
553 2959 723 3012 multo
755 2957 935 3011 minus
991 2957 1046 3010 in
1097 2956 1502 3024 comparatione
1536 2953 1632 3008 Dei
1660 2961 1838 3020 erunt,

246 3065 414 3122 quam
466 3047 739 3120 igniculus
769 3045 1013 3100 candelae
1063 3045 1224 3098 totius
1269 3045 1398 3097 solis
1438 3042 1832 3113 magnitudine.

246 3148 455 3202 Omnes
487 3151 758 3198 torrentes
789 3143 992 3197 vadunt
1013 3141 1067 3195 in
1090 3157 1233 3194 mare
1249 3148 1300 3195 et
1327 3155 1474 3194 mare
1510 3155 1617 3193 non
1643 3139 1841 3208 imple—

246 3245 353 3292 tur.
385 3234 468 3290 Ad
499 3232 675 3288 locum
715 3232 863 3286 illum
894 3232 961 3286 de
993 3246 1099 3302 quo
1147 3238 1416 3283 torrentes
1447 3235 1662 3294 exeunt,
1716 3228 1842 3282 illuc

244 3323 354 3395 ipsi
385 3329 754 3385 revertentur,
784 3329 841 3375 ut
868 3319 1064 3373 iterum
1095 3318 1279 3372 ﬂuant.
1333 3318 1575 3387 ldipsum
1608 3325 1660 3369 et
1698 3317 1840 3369 Pau-

245 3413 336 3469 lus
367 3427 506 3481 pene
536 3410 707 3481 tangit
738 3410 842 3464 hoc
873 3407 1039 3462 modo
1073 3425 1085 3460 :
1127 3429 1148 3454 α
1200 3407 1449 3460 Prazterit
1493 3404 1633 3458 enim
1668 3403 1844 3476 ﬁgura

245 3510 410 3579 hujus
452 3508 637 3561 mundi
694 3509 746 3577 (Ι
799 3509 921 3563 Cor.
959 3514 1075 3571 vn).
1122 3529 1145 3553 ι»
1188 3505 1362 3559 Nobis
1403 3504 1586 3574 itaque
1625 3502 1845 3557 miseris

248 3599 370 3671 pari
409 3597 573 3652 modo
611 3595 893 3664 contingit,
935 3595 1028 3665 qui
1085 3594 1153 3648 de
1194 3603 1341 3648 terra
1400 3593 1520 3646 facti
1559 3591 1751 3645 iterum
1791 3591 1844 3644 in

247 3691 460 3742 terram
492 3685 754 3740 redimus.
779 3685 886 3739 Sed
905 3683 957 3736 hi
991 3698 1134 3738 nunc
1165 3691 1466 3737 nascuntur
1492 3680 1720 3746 beatius,
1755 3679 1848 3751 qui

249 3791 377 3856 post
408 3783 477 3838 de
509 3790 651 3837 terra
683 3780 1107 3845 resurrexerint,
1162 3780 1325 3834 multo
1377 3778 1665 3833 feliciores.
1701 3778 1845 3832 Cha-

251 3871 478 3929 rissimi.
508 3871 838 3942 quandoque
873 3884 1231 3923 renascamur
1251 3868 1318 3921 ad
1344 3868 1606 3932 laborem,
1629 3866 1702 3919 uti
1731 3866 1847 3919 avis

251 3960 324 4016 ad
355 3961 616 4014 volatum.
657 3961 846 4028 itaque
881 3973 1004 4012 cum
1049 3973 1426 4017 nasceremur,
1457 3955 1711 4011 continuo
1743 3971 1846 4008 au-

255 4057 505 4112 diebatur
533 4072 564 4110 a
595 4056 752 4110 nobis
782 4058 846 4118 Α.
879 4071 928 4122 a,
956 4069 988 4108 a
1022 4071 1036 4120 ;
1086 4055 1184 4109 sed
1233 4070 1340 4108 non
1391 4058 1558 4107 multo
1589 4061 1708 4123 post
1739 4068 1847 4122 prie

254 4146 552 4202 acerbitate
581 4145 770 4200 mortis
796 4143 1028 4214 idipsum
1060 4145 1127 4210 A,
1182 4159 1231 4209 a,
1287 4158 1320 4196 a
1351 4143 1639 4212 repetitur.
1673 4141 1847 4209 Quam

255 4234 486 4306 elegans
517 4249 648 4287 caro
677 4232 840 4287 fuerit
873 4249 886 4286 :
937 4241 1117 4286 tamen
1149 4232 1388 4286 cadaver
1437 4231 1673 4284 futurum
1722 4229 1844 4300 erit,

255 4348 324 4389 ac
379 4332 577 4387 deinde
641 4330 847 4402 pulvis.
911 4331 1050 4384 ilinc
1101 4337 1285 4384 notate
1324 4329 1470 4401 quod
1511 4331 1614 4384 Job
1652 4329 1790 4383 dicat
1833 4328 1846 4366 τ

261 4444 284 4468 α
331 4421 579 4476 Paucitas
616 4419 837 4474 dierum
877 4434 1123 4472 meorum
1163 4416 1346 4472 finitur
1387 4417 1573 4482 brevi;
1615 4417 1846 4482 dimitte,

258 4525 366 4574 me,
392 4509 639 4572 Domino,
667 4509 784 4563 sine
803 4507 1056 4578 plangam
1079 4507 1354 4576 paululum
1378 4505 1623 4560 dolorem
1647 4521 1846 4568 meum,

1941 679 2153 734 uestrae,
2174 670 2301 740 quid
2324 670 2516 733 altare,
2541 671 2670 742 quid
2692 687 2970 740 campanae
3011 670 3300 740 designent
3329 667 3526 722 viden-

1938 759 2064 811 dum
2100 759 2251 812 vobis
2282 759 2404 813 erit.
2430 761 2812 813 Cmmeterium
2839 760 3017 829 itaque
3047 759 3268 813 denotat
3286 757 3526 827 requiem

1940 877 2098 931 quam
2131 861 2182 914 in
2204 870 2349 915 terra
2379 870 2504 930 post
2531 871 2760 915 mortem
2800 861 3064 915 habemus
3099 875 3269 930 usque
3299 859 3354 912 in
3381 858 3527 913 diem

1939 949 2264 1002 universalis
2297 950 2732 1011 resurrectionis,
2762 965 2885 1004 cum
2917 949 2969 1002 in
3002 947 3232 1018 patriam
3263 947 3409 1000 illam
3439 947 3526 1001 in-

1939 1038 2282 1091 traverimus.
2329 1039 2481 1092 Unde
2539 1038 2792 1106 seriptum
2829 1044 2911 1092 est
2944 1055 2956 1090 :
2995 1060 3017 1084 ·
3049 1038 3109 1090 In
3137 1036 3360 1090 domum
3411 1036 3529 1090 Do-

1942 1135 2080 1188 mini
2111 1135 2358 1189 laetantes
2379 1135 2775 1205 ibimus\Psal.
2807 1136 2974 1204 cxxn).
3005 1157 3027 1182 ι
3061 1133 3244 1188 Limen
3261 1147 3413 1197 vero,
3438 1131 3532 1187 ubi

1941 1224 2169 1294 primum
2199 1223 2460 1293 templum
2493 1223 2781 1291 intramus,
2828 1230 2979 1277 notat
3026 1229 3268 1277 veterem
3299 1220 3478 1293 legem
3511 1234 3527 1290 ;

1941 1320 2096 1366 antes
2127 1321 2303 1366 autem
2337 1311 2692 1382 apostolicam
2724 1311 3026 1367 doctrinam
3047 1319 3100 1365 et
3127 1309 3530 1381 evangelicam;

1941 1423 2125 1484 postes
2155 1431 2290 1484 quos
2323 1415 2406 1468 vel
2438 1431 2602 1484 super
2632 1413 2900 1478 liminare,
2927 1413 3070 1484 quod
3096 1419 3378 1482 utrumque
3408 1426 3538 1467 con-

1942 1503 2092 1566 tinet,
2127 1501 2397 1572 signiﬁcat
2433 1503 2599 1556 sancti
2632 1503 2862 1572 Spiritus
2893 1501 3160 1574 gratiam;
3196 1499 3364 1571 janua
3403 1515 3536 1556 vero

1943 1605 2180 1657 totaliter
2209 1620 2332 1658 cum
2356 1605 2472 1658 istis
2506 1604 2856 1658 dinumeratis
2881 1604 3125 1674 partibus
3155 1601 3318 1658 fidem
3339 1603 3535 1658 catho-

1943 1691 2122 1757 licam,
2170 1709 2270 1762 per
2299 1709 2464 1764 quam
2511 1693 2821 1747 Ecclesiam
2870 1693 3163 1746 intramus.
3204 1691 3446 1757 Mnralia,
3478 1691 3533 1744 in

1942 1780 2136 1851 quibus
2166 1780 2302 1849 lapis
2336 1798 2502 1850 super
2531 1780 2770 1851 lapidem
2817 1789 2902 1835 est
2946 1780 3178 1851 positus,
3213 1787 3361 1833 notat
3391 1778 3537 1850 quod

1950 1882 2322 1953 unusquisque
2352 1891 2596 1936 nostrum
2621 1883 2877 1936 damnum
2910 1889 3088 1951 portet
3119 1880 3362 1946 alterius,
3397 1879 3539 1936 sicut

1949 1971 2214 2040 scriptum
2249 1980 2331 2025 est
2365 1989 2379 2024 :
2417 1995 2436 2016 -
2472 1971 2624 2025 Alter
2680 1969 2908 2024 alterius
2958 1985 3125 2024 onera
3157 1975 3390 2039 portate,
3421 1976 3532 2024 etc.

1945 2059 2092 2129 (Gal.
2127 2066 2224 2125 γι.)
2264 2082 2284 2105 η
2340 2058 2578 2129 Lapides
2623 2074 2839 2130 quoque
2882 2056 3172 2129 angulares
3217 2063 3341 2111 sunt
3367 2056 3543 2112 sancti

1947 2155 2184 2226 Spiritus
2232 2155 2370 2210 dona
2413 2172 2532 2226 quae
2576 2156 2855 2210 continent
2885 2154 2938 2209 in
2971 2163 3175 2208 aeterno
3205 2153 3408 2223 templo
3435 2153 3544 2209 duo

1946 2259 2150 2313 genera
2205 2244 2508 2308 hominum,
2559 2244 2873 2298 Judreorum
2933 2241 3139 2296 scilicet
3175 2249 3227 2295 et
3263 2241 3535 2313 gentium.

1947 2331 2331 2388 Pavimentum
2364 2333 2503 2404 quod
2537 2332 2766 2402 pedibus
2793 2331 2985 2386 teritur
3001 2330 3070 2384 ab
3099 2330 3350 2384 omnibus
3371 2329 3545 2385 eccle-

1948 2430 2083 2484 siam
2137 2429 2478 2492 intrantibus,
2539 2429 2792 2501 dasignat
2843 2426 3222 2491 humilitatem,
3256 2426 3395 2482 sicut
3425 2427 3544 2498 ipse

1948 2519 2191 2573 Christus
2223 2519 2298 2573 ait
2333 2536 2344 2572 ε
2386 2542 2405 2566 (ι
2442 2517 2547 2586 Qui
2579 2535 2638 2571 se
2670 2516 2867 2570 exaltat
2907 2515 3272 2570 humiliabitur
3302 2515 3534 2580 (Matth.

1948 2610 2122 2677 xvut).
2161 2631 2182 2653 κ
2220 2607 2341 2660 Alta
2372 2622 2503 2661 vero
2538 2606 2773 2660 fenestra
2809 2604 3048 2676 quinque
3078 2609 3299 2658 nostros
3331 2619 3544 2670 sensus,

1950 2725 2084 2780 quos
2113 2723 2145 2762 a
2175 2716 2319 2762 terra
2343 2717 2452 2762 tam
2485 2708 2714 2761 sublime
2738 2715 2954 2777 portare
2977 2706 3262 2769 debemus,
3290 2714 3347 2760 ut
3368 2704 3550 2760 lumen

1950 2797 2172 2854 cmleste
2209 2797 2483 2868 possimus
2513 2812 2724 2866 capere,
2759 2811 2861 2850 nec
2906 2793 2992 2850 fur
3019 2795 3300 2864 antiquus,
3339 2793 3552 2849 scilicet

1951 2886 2228 2949 diabolus,
2292 2885 2521 2940 minime
2590 2891 2756 2956 queat
2820 2882 2943 2938 illos
2983 2883 3318 2954 irrumpere.
3365 2881 3551 2938 Altare

1949 3003 2082 3042 vero
2115 2994 2196 3040 est
2219 2986 2334 3056 ipse
2358 2988 2522 3049 Deus,
2548 3002 2706 3056 quem
2730 2985 2784 3038 in
2817 2993 3001 3039 nostro
3021 2984 3354 3040 inconcusso
3385 2983 3552 3040 corde

1950 3075 2279 3129 habeamus.
2322 3076 2400 3129 De
2451 3089 2557 3144 quo
2605 3073 2870 3142 scriptum
2911 3080 2992 3126 est
3038 3090 3052 3126 :
3097 3095 3118 3120 α
3165 3071 3352 3127 Erexit
3380 3071 3551 3126 Jacob

1951 3162 2189 3232 lapidem
2233 3162 2284 3215 in
2327 3162 2561 3227 titulum,
2613 3161 2846 3216 fundens
2875 3160 3058 3216 oleum
3103 3161 3343 3231 desuper
3371 3160 3538 3230 (Gen.

1952 3256 2158 3325 xxviii).
2191 3282 2212 3304 »ι
2239 3260 2528 3328 Campanae
2551 3274 2767 3330 quoque
2789 3256 3358 3328 signiticantnostram
3375 3255 3553 3324 quoti-

1949 3346 2167 3400 dianam
2199 3347 2541 3402 vocationem
2582 3347 2638 3400 in
2683 3345 3006 3411 Ecclesiam,
3044 3353 3099 3400 ut
3120 3345 3193 3399 ibi
3219 3359 3232 3400 :
3262 3368 3283 3394 «
3311 3345 3546 3411 Currite,

1950 3436 2080 3491 dum
2111 3434 2289 3490 lucem
2323 3435 2532 3491 habetis
2565 3435 2756 3504 (Joan.
2808 3434 2932 3504 xtl).
2979 3456 3000 3482 α
3034 3434 3102 3488 Ει
3133 3433 3300 3488 item:
3342 3457 3365 3482 α
3398 3433 3548 3490 Con-

1952 3533 2222 3589 vertimini
2255 3533 2324 3586 ad
2356 3549 2441 3586 me
2472 3531 2525 3585 in
2555 3539 2665 3586 toto
2695 3531 2863 3587 corde
2902 3537 3086 3585 vestro
3117 3531 3278 3598 (Joel.
3307 3531 3386 3600 ιι).
3415 3552 3436 3578 υ
3474 3531 3553 3585 Ac

1951 3622 2148 3678 deinde
2181 3640 2194 3676 :
2234 3643 2253 3668 «
2289 3622 2426 3676 Nolo
2458 3628 2690 3675 mortem
2714 3619 3018 3690 peccatoris
3040 3619 3264 3690 (Ezech.
3303 3618 3485 3689 xvut).
3521 3641 3544 3666 υ

1952 3723 2198 3791 Itemque
2247 3737 2260 3772 :
2321 3741 2341 3766 α
2405 3719 2778 3772 Paenitentiam
2836 3717 3030 3787 agite;
3089 3715 3554 3788 appropinquabit

1954 3810 2096 3864 enim
2131 3823 2361 3877 regnum
2421 3807 2685 3861 cmlorum
2734 3807 2952 3875 (Matth.
2989 3805 3094 3875 ιιι).
3134 3829 3155 3852 η
3190 3805 3345 3860 Hanc
3391 3819 3546 3860 voca-

1952 3899 2175 3958 tionem,
2211 3894 2538 3961 charissimi,
2578 3894 2816 3965 Spiritus
2854 3903 3075 3949 sanctus
3105 3893 3264 3950 vobis
3297 3892 3556 3964 dignetur

1953 3995 2172 4058 donare,
2201 4002 2466 4064 quatenus
2489 3992 2640 4046 illam
2675 3992 2754 4048 sic
2784 3991 3121 4062 intelligetis,
3158 3994 3216 4044 ut
3245 4006 3435 4046 omnes
3462 4006 3554 4062 pa-

1955 4081 2388 4148 riterin'_aulam
2435 4081 2786 4151 perveniatis,
2837 4097 2959 4153 quae
2992 4096 3101 4134 non
3132 4079 3326 4150 recipit
3382 4078 3550 4134 ullam

1955 4171 2251 4225 maculam.
2293 4168 2454 4237 Quod
2485 4169 2602 4239 ipse
2654 4169 2816 4224 vobis
2845 4176 3113 4239 przestare
3160 4167 3418 4240 dignetur
3447 4165 3546 4240 qui

1953 4284 2056 4342 pro
2086 4267 2245 4323 vobis
2272 4275 2515 4322 mortuus
2545 4265 2676 4320 vivit
2722 4273 2776 4322 et
2825 4273 3014 4338 regnat
3056 4266 3205 4322 Deus
3233 4280 3334 4338 per
3362 4264 3547 4322 omnia

1957 4356 2159 4415 szecula
2189 4355 2516 4412 saeculorum
2533 4396 2547 4410 .
2578 4358 2778 4410 Amen.

2438 4453 2578 4507 Item
2607 4452 2674 4508 de
2703 4451 3083 4508 dedicatione.

2029 4561 2178 4616 Sicut
2207 4558 2409 4630 optime
2439 4557 2589 4613 novit
2618 4557 2872 4613 sanctitas
2903 4566 3106 4623 vestra,
3141 4555 3343 4613 fratres
3373 4564 3428 4612 et
3454 4557 3553 4614 do—

258 4608 874 4710 “""°‘l“‘m.."‘.‘d‘"f'.“f‘
906 4607 1566 4710 “’"“'“)°.“‘~’l"°sam.e‘
1596 4616 1838 4676 °i‘°”“"‘
1870 4625 1933 4689 D
1959 4607 3550 4710 ωίῖιῖέὲιὲῖιῖὸέιῖεῖέιζςιξιῖεῖιὶιὶίἷιεέὶῖᾇὲῐὲιέὲιῖ’ἇὲῖιίὲὲιῖἇ-

260 4701 453 4754 mortis
480 4698 715 4767 caligine
741 4698 877 4767 (Job.
917 4707 991 4767 ιι).
1030 4720 1050 4744 η
1095 4696 1230 4766 Quis
1271 4695 1450 4766 itaque
1500 4697 1692 4750 horum
1726 4713 1844 4749 me-

260 4789 494 4844 moriam
529 4787 632 4850 his,
651 4787 741 4858 qui
771 4787 979 4840 dudum
1010 4793 1135 4840 ante
1158 4800 1256 4839 nos
1277 4785 1515 4838 fuerunt.
1543 4783 1663 4838 Pari
1685 4783 1847 4838 modo

262 4895 317 4941 et
345 4901 447 4941 nos
475 4883 868 4948 obliviscimur,
904 4891 1026 4953 post
1055 4899 1234 4937 annos
1265 4891 1526 4938 centenos
1556 4891 1646 4937 aut
1676 4881 1845 4953 prius.

264 4974 479 5030 Primus
508 4981 686 5027 autem
715 4981 768 5028 et
796 4971 1124 5027 novissimus
1157 4972 1328 5026 nostri
1371 4979 1725 5026 memoratur.
1761 4971 1850 5024 Ad

265 5079 425 5136 quem
449 5069 561 5117 toto
591 5060 756 5116 corde
785 5061 854 5114 sit
902 5068 1089 5115 nostra
1125 5059 1417 5115 conversio
1458 5059 1512 5113 in
1558 5061 1700 5114 hunc
1738 5059 1853 5114 haec

267 5161 451 5206 nostra
506 5149 777 5205 dedicatio
833 5150 1212 5211 transferatur,
1274 5156 1330 5202 ut
1387 5164 1449 5203 ea
1507 5164 1626 5220 quae
1668 5147 1724 5202 in
1752 5148 1854 5202 hoc

267 5252 477 5322 templo
527 5259 947 5321 componuntur,
1000 5249 1053 5303 in
1086 5250 1239 5304 nobis
1280 5249 1412 5320 ipsis
1453 5249 1855 5304 transformen-

271 5349 378 5396 tur.
406 5341 676 5410 Scriptum
692 5347 773 5393 est
797 5339 974 5392 enim:
1003 5361 1023 5384 ι
1049 5337 1331 5407 Templum
1350 5339 1856 5408 Domini,templu'n

272 5429 510 5491 Domini,
539 5427 796 5496 templum
841 5426 1057 5480 Domini
1091 5439 1338 5480 sanctum
1378 5435 1457 5478 est
1499 5429 1630 5494 (lar.
1664 5429 1784 5494 vu).
1832 5448 1853 5472 η

273 5527 390 5581 Iloc
419 5535 472 5580 et
511 5525 708 5578 Paulus
749 5523 832 5576 his
863 5523 1042 5575 verbis
1084 5523 1282 5576 indicat
1317 5538 1328 5572 :
1369 5544 1390 5568 α
1444 5524 1730 5593 Templum
1762 5523 1859 5577 Dei

277 5622 521 5669 sanctum
551 5620 652 5676 est,
683 5613 828 5682 quod
865 5610 994 5664 estis
1027 5627 1122 5664 vos
1160 5610 1213 5679 (Ι
1243 5611 1368 5663 Cor.
1411 5614 1510 5678 ιιι).
1547 5634 1569 5659 η

345 5717 502 5771 Nunc
529 5714 694 5784 igitur
723 5711 848 5782 quid
872 5713 1262 5773 cmmeterium,
1283 5711 1428 5777 quod
1449 5720 1533 5766 est
1561 5720 1686 5766 ante
1723 5721 1862 5766 tem-

281 5805 449 5877 plum,
484 5803 612 5873 quid
640 5802 822 5868 janua,
855 5798 984 5867 quid
1016 5799 1201 5860 limen,
1247 5796 1373 5866 quid
1396 5807 1574 5864 antes,
1595 5800 1726 5870 quid
1759 5817 1863 5869 po-

279 5901 414 5961 stea,
449 5891 580 5961 quid
618 5888 792 5956 janua
823 5900 944 5940 cum
993 5885 1075 5939 his
1131 5885 1402 5951 omnibus,
1439 5887 1567 5958 quid
1613 5887 1862 5956 muralia,

1957 4738 2042 4793 nis
2071 4737 2279 4808 templi,
2311 4736 2364 4789 in
2396 4751 2505 4805 qua
2537 4735 2620 4791 vel
2650 4735 2968 4790 benedictus
2997 4733 3086 4788 vel
3115 4742 3314 4790 unctus
3348 4743 3432 4789 est
3461 4733 3550 4789 la-

1957 4827 2063 4898 pis,
2099 4827 2151 4878 in
2185 4841 2291 4896 quo
2322 4824 2482 4878 nobis
2511 4831 2565 4878 et
2595 4824 2778 4880 divina
2836 4820 3101 4879 sacriﬁcia
3130 4831 3550 4880 consecrantur.

1961 4922 2194 4992 Quando
2223 4929 2402 4976 autem
2433 4921 2564 4976 istas
2595 4921 2912 4977 festivitates
2959 4919 3209 4986 colimus,
3259 4919 3554 4992 diligenter

1961 5011 2324 5076 attendamus,
2350 5018 2406 5063 ut
2444 5009 2597 5082 quod
2651 5009 2707 5065 in
2762 5008 3086 5064 manufaetis
3115 5008 3332 5080 templis
3357 5007 3549 5065 visibi-

1961 5099 2089 5155 liter
2117 5098 2351 5163 collitur,
2386 5098 2518 5153 totis
2540 5098 2744 5154 viribus
2773 5097 3208 5164 elaboremus,ut
3230 5105 3283 5153 et
3308 5097 3364 5152 in
3395 5097 3556 5154 nobis

1960 5187 2312 5243 invisibiliter
2338 5186 2700 5258 compleatur.
2753 5186 3014 5256 Quamvis
3056 5185 3201 5241 enim
3231 5193 3420 5241 sancta
3449 5186 3558 5241 sint

1963 5275 2182 5345 templa,
2207 5290 2328 5344 quae
2359 5273 2605 5330 videmus
2634 5276 2700 5330 de
2728 5275 2896 5346 lignis
2913 5283 2966 5330 et
2985 5274 3257 5346 lapidibus
3277 5274 3556 5342 fabricari,

1964 5372 2147 5418 tamen
2176 5361 2448 5416 sanctiora
2478 5379 2666 5418 coram
2722 5365 2838 5418 Deo
2897 5371 3023 5418 sunt
3066 5362 3267 5434 templa
3295 5362 3478 5417 cordis
3504 5371 3559 5418 et

1967 5449 2218 5520 corporis
2247 5450 2436 5504 nostri.
2471 5451 2702 5520 Templa
2731 5450 2800 5506 de
2846 5451 3009 5521 lignis
3053 5459 3106 5506 et
3152 5451 3420 5520 lapidibus
3451 5453 3558 5506 hu-

1967 5554 2130 5594 mano
2159 5538 2379 5608 ingenio
2412 5547 2856 5608 componuntur;
2880 5540 3080 5610 templa
3115 5555 3243 5596 vero
3271 5555 3559 5611 corporum

1971 5636 2024 5684 et
2063 5627 2314 5682 cordiurn
2350 5640 2663 5681 nostrorum
2686 5642 2856 5681 manu
2881 5629 3085 5682 caelesti
3106 5627 3458 5684 fabricantur.
3483 5629 3564 5684 De

1972 5714 2294 5787 quai'abrzca
2317 5715 2481 5769 domo
2509 5714 2758 5769 videlicet
2781 5715 3030 5785 spiritali,
3062 5716 3284 5786 sapiens
3309 5716 3568 5772 Salomon

1973 5805 2086 5858 ait:
2123 5825 2144 5850 ι
2178 5802 2453 5872 Sapientia
2482 5802 2770 5857 aediﬁcavit
2803 5801 2906 5856 sibi
2937 5803 3190 5870 domum,
3226 5804 3436 5860 excilit
3463 5820 3565 5860 co-

1972 5890 2185 5948 lumnas
2210 5899 2420 5962 septem
2454 5892 2640 5959 (Prov.
2670 5891 2772 5959 ix).
2813 5912 2834 5939 ι»
2871 5889 3008 5959 Quae
3050 5891 3309 5948 nimirum
3349 5891 3569 5961 dzmua,
