3972 6402
453 434 594 491 1235

1596 434 1941 493 WERNERI
1976 436 2266 494 ABBATIS
2305 438 2369 494 S.
2403 438 2630 498 BLASII

3631 454 3772 512 1236

453 575 614 631 quam
648 559 751 615 sibi
781 561 1047 632 sapientia
1093 559 1410 626 aedificavit,
1458 574 1567 614 non
1624 561 1805 616 solum
1834 576 1866 616 a
1894 561 2056 617 nobis
2082 563 2139 625 Α
2172 563 2363 633 patrita
2392 565 2627 622 dulciter
2643 580 3023 639 narraverunt,
3047 573 3205 645 quasi
3224 573 3398 630 dulcia
3416 577 3617 646 pocula
3638 592 3772 648 epu-

453 648 690 722 exigitur
721 657 778 705 ut
800 650 1101 716 dedicatur,
1135 649 1235 704 sed
1265 656 1321 704 ut
1348 647 1580 704 interius
1628 664 1662 704 a
1694 649 1855 704 nobis
1884 647 2058 705 aedili-

456 747 628 794 cetur.
660 739 898 809 Tempus
927 739 1068 794 enim
1101 754 1247 794 nunc
1291 746 1375 794 est
1433 752 1557 793 eam
1588 738 1641 793 in
1691 738 1853 794 nobis
1885 737 2061 794 aediﬁ-

455 836 635 903 candi,
666 851 775 892 non
806 845 990 892 autem
1020 836 1334 892 dedicandi.
1388 836 1676 892 Dedicatio
1705 852 1838 892 vero
1867 836 2063 891 domus

454 939 565 979 non
598 932 794 994 potest,
827 939 932 981 nec
964 923 1131 983 debet
1162 923 1306 993 fieri,
1339 938 1465 980 cum
1494 922 1579 978 vel
1607 922 1944 980 constructio
1972 922 2062 994 ip-

456 1007 567 1063 sius
598 1007 883 1064 inchoatur
913 1007 1001 1064 vel
1030 1024 1163 1080 pars
1192 1007 1369 1064 media
1398 1006 1718 1073 exstruitur,
1754 1007 1851 1063 sed
1883 1007 2062 1079 potius

453 1122 573 1162 cum
604 1114 1038 1162 consummatur.
1079 1106 1237 1162 Unde
1276 1121 1485 1177 magna
1514 1104 1765 1176 quaedam
1805 1104 2064 1160 distantia

453 1194 593 1251 inter
620 1192 1038 1252 aedificationem
1055 1203 1110 1252 et
1130 1194 1536 1251 dedicationem
1550 1194 1851 1265 reperitur.
1877 1193 2063 1249 Distat

454 1284 597 1340 enim
629 1283 753 1341 loco
782 1292 1046 1356 tempore,
1078 1283 1340 1357 qualitate
1382 1298 1595 1350 rerum,
1641 1283 1903 1355 qualitate
1930 1299 2062 1355 per-

453 1396 717 1437 sonarum
744 1397 757 1436 :
788 1382 933 1448 loco,
966 1382 1111 1454 quod
1141 1384 1259 1437 haec
1288 1381 1483 1436 domus
1513 1380 1831 1436 aediﬁcanda
1861 1388 1943 1436 est
1971 1381 2062 1435 in-

456 1470 639 1537 terris,
673 1469 772 1526 sed
802 1470 1111 1526 dedicanda
1140 1470 1195 1525 in
1219 1470 1408 1536 caelis;
1435 1478 1699 1541 tempore,
1722 1470 1866 1542 quod
1889 1467 2065 1525 aedifi-

456 1560 638 1616 canda
667 1567 753 1615 est
783 1558 842 1614 in
872 1567 1135 1631 tempore,
1171 1558 1226 1614 id
1258 1566 1339 1614 est
1370 1560 1425 1612 in
1456 1559 1559 1615 hac
1599 1559 1733 1629 vita,
1772 1559 1871 1614 sed
1903 1557 2064 1614 dedi-

455 1657 631 1713 canda
659 1656 761 1713 erit
787 1656 842 1712 in
864 1657 1195 1724 aeternitate,
1226 1658 1332 1713 hoc
1354 1665 1439 1713 est
1470 1656 1523 1711 in
1557 1655 1665 1711 alia
1696 1656 1845 1721 vita;
1872 1655 2058 1729 quali-

455 1753 566 1802 tate
597 1762 797 1814 rerum,
832 1747 979 1817 quod
1008 1745 1298 1802 aedificatio
1328 1760 1475 1801 nunc
1506 1744 1625 1801 fieri
1655 1745 1820 1800 debet
1850 1744 1907 1800 in
1946 1746 2066 1816 ipsa

458 1851 541 1902 re,
572 1834 741 1890 corde
778 1834 986 1891 scilicet
1017 1843 1071 1890 et
1100 1850 1332 1905 corpore
1358 1838 1575 1902 nostro,
1608 1834 1703 1889 sed
1731 1833 1874 1888 infra
1922 1835 2065 1890 hanc

459 1929 875 1988 aedificationem
903 1931 1177 1988 dedicatio
1207 1947 1315 1987 non
1348 1939 1522 2002 potest
1552 1948 1694 1997 esse,
1727 1932 1832 1987 nisi
1860 1932 1915 1987 in
1945 1930 2066 1989 sola

459 2037 585 2092 spe.
620 2020 788 2076 Verbi
816 2020 1013 2093 gratia,
1045 2029 1105 2076 ut
1134 2036 1258 2077 eum
1284 2022 1425 2076 hanc
1442 2020 1742 2092 spiritalem
1764 2020 1989 2076 domum
2010 2021 2067 2077 in

462 2110 626 2167 nobis
656 2111 825 2166 sacris
856 2109 1153 2166 virtutibus
1184 2108 1544 2176 aedificamus,
1598 2110 1814 2165 interim
1845 2126 2066 2183 quoque

460 2223 747 2277 speremus
780 2207 927 2279 quod
957 2215 1009 2263 et
1039 2208 1092 2262 in
1133 2214 1335 2263 aeterna
1381 2206 1717 2263 beatitudine
1752 2207 2063 2265 dedicetur.

458 2295 589 2351 Haec
618 2302 799 2351 autem
856 2294 1145 2351 aediﬁcatio
1191 2295 1359 2351 debet
1417 2293 1531 2350 ﬁeri
1565 2312 1660 2366 per
1714 2296 2062 2369 sapientiam,

458 2400 580 2456 quae
608 2382 901 2439 aedificavit
929 2383 1033 2439 sibi
1057 2382 1303 2452 domum,
1355 2383 1557 2440 excidit
1600 2382 1884 2440 columnas
1931 2400 2064 2455 sep-

458 2486 587 2546 tem,
620 2479 804 2553 posuit
833 2495 1101 2547 mensam,
1161 2479 1461 2535 immolavit
1509 2480 1791 2549 victimas,
1848 2479 2067 2538 miscuit

460 2568 669 2635 vinum,
703 2567 851 2624 misit
877 2568 1107 2624 ancillas
1135 2568 1372 2625 invitare
1400 2568 1467 2623 ad
1498 2569 1833 2626 convivium.

532 2674 834 2746 Sapientia,
859 2673 1188 2739 charissimi,
1217 2692 1340 2747 qua:
1372 2675 1476 2729 sibi
1506 2676 1728 2731 domum
1759 2675 2065 2745 aediﬁcavit,

463 2772 546 2820 est
566 2762 816 2819 Christus
831 2762 931 2819 Dei
952 2763 1130 2821 virtus
1148 2773 1203 2819 et
1222 2764 1315 2819 Dei
1331 2764 1616 2834 sapientia,
1642 2764 1739 2837 qui
1761 2764 2069 2821 Ecclesium

463 2850 533 2908 de
550 2850 687 2907 vivis
719 2858 772 2907 et
803 2850 992 2907 electis
1021 2851 1091 2906 ad
1122 2851 1477 2907 habitandum
1529 2852 1635 2908 sibi
1677 2853 1950 2911 fundavit.
1987 2854 2069 2909 Ad

462 2949 605 3005 hanc
634 2933 857 3005 domum
884 2948 1215 3006 fulciendam
1257 2959 1472 3021 septem
1516 2950 1799 3007 columnas
1844 2951 2067 3008 excidit.

463 3037 591 3111 quia
619 3046 827 3110 septem
848 3038 1020 3093 libros
1050 3038 1139 3111 qui
1167 3039 1531 3111 agiographa,
1562 3040 1615 3095 id
1637 3049 1717 3095 est
1738 3055 1895 3096 sacra
1924 3040 2070 3097 Scri-

462 3134 621 3199 ptura
649 3126 1013 3199 appellantur,
1040 3128 1187 3183 omni
1217 3128 1487 3200 sapientia
1511 3138 1562 3184 et
1585 3129 1818 3185 scientia
1834 3129 2070 3201 perpoli-

2169 651 2408 709 lantibus
2423 656 2935 726 propinaverunt.ln
2953 663 3055 717 hac
3072 665 3234 719 domo
3249 664 3498 720 victimas
3517 666 3769 723 immola-

2172 743 2265 809 vit,
2291 742 2419 798 dum
2439 759 2639 816 corpus
2660 763 2817 802 suum
2840 765 2942 820 pro
2965 750 3203 806 humano
3242 768 3452 825 genere
3482 755 3596 810 Deo
3620 756 3769 810 Patri

2171 839 2504 897 sacrificavit
2527 865 2549 892 κ
2572 844 2765 900 Vinum
2794 846 3011 903 miscuit
3032 849 3213 917 (Prov.
3231 854 3333 918 ix),
3355 874 3376 900 -
3402 853 3530 908 dum
3548 853 3774 926 sangui-

2169 947 2295 985 nem
2317 947 2473 987 suum
2496 948 2594 1002 pro
2612 943 2797 991 nostra
2816 937 3194 1009 redemptione
3209 939 3429 995 fudit.In
3446 942 3774 1013 quibusdam

2170 1018 2308 1078 locis
2330 1021 2514 1078 vinum
2536 1032 2761 1095 propter
2790 1024 3162 1084 fortitudinem
3186 1044 3309 1086 cum
3341 1046 3482 1101 aqua
3505 1033 3767 1088 miscent:

2170 1118 2298 1180 ideo
2320 1119 2470 1185 dicit,
2498 1139 2522 1171 ι
2547 1121 2731 1177 vinum
2752 1122 2986 1189 miscuit,
3030 1146 3051 1173 α
3083 1125 3210 1196 quia
3246 1128 3314 1183 de
3341 1128 3506 1185 latere
3552 1128 3754 1185 Christi

2171 1223 2320 1281 aqua
2350 1209 2619 1281 sanguine
2644 1211 2803 1267 mista
2834 1212 3005 1268 fluxit.
3040 1214 3123 1268 Ad
3164 1216 3266 1271 has
3310 1218 3498 1288 epulas
3523 1217 3768 1274 invitan-

2171 1298 2320 1364 dum,
2345 1312 2453 1354 non
2472 1314 2685 1368 servos,
2712 1301 2809 1355 sed
2844 1301 3072 1358 ancillas
3103 1303 3271 1370 misit,
3307 1307 3433 1377 quia
3466 1322 3572 1362 non
3604 1308 3765 1363 nobi-

2171 1396 2274 1462 les,
2309 1395 2408 1452 sed
2454 1398 2755 1468 apostolos,
2803 1400 3110 1457 rusticanos
3139 1402 3350 1459 scilicet
3398 1405 3662 1472 homines,
3709 1413 3769 1460 ut

2173 1494 2302 1557 puta
2333 1486 2635 1557 piscatores
2665 1488 2900 1545 invitare
2931 1489 3164 1561 populos
3219 1492 3287 1548 ad
3323 1494 3545 1549 caeleste
3573 1494 3765 1550 convi-

2176 1576 2319 1630 vium
2350 1575 2525 1630 misit.

2244 1682 2414 1751 Hujus
2443 1681 2638 1738 domus
2666 1699 2885 1756 quoque
2911 1685 3195 1743 aedificatio
3241 1687 3405 1744 debet
3440 1688 3555 1745 ﬁeri
3584 1696 3638 1745 et
3662 1705 3762 1761 per

2167 1770 2454 1841 justitiam,
2478 1771 2532 1827 id
2562 1779 2649 1828 est
2670 1789 2771 1844 per
2797 1782 3015 1831 sanctas
3044 1777 3269 1833 virtutes
3294 1797 3305 1832 :
3359 1794 3481 1848 quas
3509 1778 3667 1834 nobis
3697 1794 3762 1834 ex

2093 1893 2148 1954 B
2178 1860 2353 1933 gratia
2373 1860 2558 1917 divina
2595 1861 2984 1931 conferuntur;
3042 1865 3314 1922 dedicatio
3371 1882 3501 1923 vero
3553 1868 3671 1934 erit,
3702 1866 3759 1921 in

2176 1960 2384 2016 caelesti
2407 1960 2602 2034 gloria,
2637 1977 2760 2017 cum
2791 1962 3051 2019 virtutum
3082 1981 3245 2037 opera
3278 1966 3471 2022 fuerint
3500 1982 3763 2022 consum-

2172 2058 2338 2105 mata.
2372 2051 2433 2105 ln
2465 2051 2721 2123 qualitate
2750 2069 3104 2124 personarum
3127 2054 3503 2112 aadiﬁcantium
3539 2063 3590 2111 et
3610 2056 3766 2111 dedi-

2175 2139 2418 2195 cantium
2472 2140 2612 2195 hanc
2671 2141 2891 2196 domum
2946 2143 3111 2199 distat
3158 2144 3406 2210 multum,
3448 2144 3570 2216 quia
3601 2146 3762 2201 homo

2175 2238 2292 2295 Deo
2323 2247 2652 2310 cooperatur
2677 2240 2730 2295 in
2764 2240 3144 2308 azdificatione,
3175 2243 3271 2299 sed
3296 2246 3447 2300 solus
3469 2243 3618 2299 Deus
3638 2259 3765 2315 ope-

2176 2328 2387 2383 rabitur
2418 2329 2473 2382 in
2503 2328 2867 2386 dedicatione.
2913 2332 3072 2388 Nunc
3107 2332 3277 2405 igitur
3303 2331 3592 2388 videndum
3624 2348 3764 2404 quo-

2176 2418 2339 2473 modo
2359 2426 2684 2489 cooperetnr
2707 2421 2870 2476 homo
2908 2421 3024 2476 Deo
3071 2422 3128 2476 in
3160 2421 3536 2489 aedificatione,
3577 2422 3762 2494 sicque

2174 2517 2429 2574 videatur
2456 2518 2729 2589 quomodo
2760 2525 2813 2573 et
2843 2520 2990 2575 Deus
3020 2529 3281 2592 operetur
3306 2521 3363 2576 in
3394 2521 3761 2578 dedicatione.

2176 2606 2443 2661 Dominus
2474 2606 2726 2662 Christus
2758 2609 2855 2664 Dei
2887 2608 3058 2664 virtus
3107 2619 3211 2676 est,
3261 2618 3315 2666 et
3345 2611 3443 2666 Dei
3471 2610 3758 2682 sapientia.

2178 2695 2298 2766 Ipsa
2330 2696 2427 2751 Dei
2460 2694 2633 2751 virtus
2681 2705 2735 2751 et
2779 2698 2879 2753 Dei
2936 2698 3205 2769 sapientia
3261 2699 3507 2755 Christus
3555 2699 3765 2765 dicitur,

2179 2791 2233 2847 id
2265 2801 2348 2847 est
2374 2801 2585 2857 unctus,
2635 2808 2700 2849 eo
2749 2794 2895 2865 quod
2956 2795 3183 2867 Spiritus
3229 2806 3451 2853 sanctus
3503 2813 3767 2868 superve-

2180 2880 2336 2936 niens
2366 2881 2685 2937 innunxerit
2715 2899 2859 2951 eum,
2893 2884 3032 2939 dans
3062 2884 3111 2940 ei
3142 2885 3285 2941 dona
3306 2885 3545 2940 omnium
3572 2886 3768 2957 gratia-

2181 2986 2298 3024 rum
2330 2970 2470 3024 ultra
2500 2986 2810 3026 mensuram
2834 2988 2946 3043 prae
2975 2973 3182 3030 cunctis
3196 2974 3405 3030 caeteris
3426 2973 3766 3029 hominibus:

2179 3082 2318 3140 quos
2348 3076 2399 3123 et
2428 3067 2570 3123 idem
2617 3067 2929 3140 repleverat
2985 3070 3214 3141 Spiritus
3266 3080 3503 3127 sanctus.
3536 3072 3619 3126 Ex
3663 3072 3763 3127 hac

2180 3156 2448 3213 unctione
2479 3157 2566 3213 vel
2597 3173 2662 3213 ex
2695 3158 2794 3214 hac
2833 3158 3115 3215 aﬂiucntia
3161 3161 3409 3216 omnium
3442 3160 3764 3234 gentiarum,

464 3225 559 3293 vit,
585 3242 813 3298 quorum
849 3226 1092 3283 doctrina
1120 3226 1286 3281 totius
1308 3227 1572 3283 Ecclesiae
1605 3235 1878 3284 structura
1900 3229 1975 3284 ita
2001 3228 2071 3284 ad
2100 3256 2151 3322 α
2182 3246 2359 3318 placet
2426 3246 2475 3302 ei
2541 3262 2641 3302 nos
2697 3247 2986 3319 inungere,
3046 3257 3101 3303 ει
3155 3264 3257 3321 ρει.
3309 3225 3478 3319 ipsa":
3527 3258 3765 3304 nostram

463 3314 711 3372 coelestia
739 3323 1096 3383 sustentatur,
1123 3324 1180 3369 ut
1204 3315 1387 3388 aliqua
1433 3316 1679 3372 machina
1721 3317 1776 3372 in
1805 3332 1936 3373 aera
1965 3332 2064 3373 co-

466 3412 667 3467 lumnis
718 3411 966 3469 libratur.
1050 3412 1230 3468 Prima
1276 3413 1445 3485 igitur
1494 3413 1748 3470 columna
1807 3423 1890 3470 est
1928 3415 2071 3470 liber

466 3498 695 3556 Joannis
722 3500 1089 3573 Apocalypsi;
1118 3502 1378 3572 secunda,
1398 3502 1537 3560 liber
1557 3504 1904 3560 Psalmorum
1925 3519 1939 3574 ;
1963 3513 2071 3560 ter-

466 3589 557 3657 tia,
575 3590 717 3646 liber
749 3591 1161 3646 Proverbiorum
1188 3610 1202 3658 ;
1236 3600 1446 3664 quarta,
1478 3590 1614 3647 liber
1650 3593 2016 3649 Ecclesiastes
2053 3610 2066 3657 ;

471 3686 680 3756 quinta,
711 3687 941 3743 Cantica
958 3688 1330 3755 canticorum;
1358 3697 1532 3757 sexta,
1556 3689 1694 3744 liber
1727 3689 2018 3759 Sapientia.-
2053 3708 2067 3756 ;

476 3776 727 3845 septima,
762 3775 904 3831 liber
936 3775 1385 3833 Ecclesiasticus.
1423 3777 1533 3832 Has
1557 3786 1764 3847 septem
1789 3778 2071 3833 columnas

468 3863 655 3920 domui
684 3864 785 3920 Dei
816 3865 1127 3936 suppositas
1173 3865 1387 3921 nobiles
1428 3867 1691 3937 pictores,
1742 3866 2067 3939 Gregorius,

422 4010 425 4011 ν
472 3962 834 4035 Augustinus,
866 3962 957 4017 alii
988 3979 1205 4035 quoque
1237 3972 1289 4018 et
1317 3963 1430 4029 alii,
1464 3964 1553 4033 qui
1582 3964 1842 4021 decorem
1874 3965 2070 4021 domus

468 4050 573 4107 Dei
603 4050 931 4119 dilexerunt,
963 4052 1316 4122 postmodum
1350 4052 1676 4124 exponendo
1704 4054 2072 4125 depinxerunt

469 4157 521 4205 et
551 4150 707 4221 quasi
737 4150 1021 4221 praestanti
1051 4150 1258 4220 pictura
1302 4150 1550 4224 insignes
1598 4151 1975 4207 reddiderunt.
2009 4154 2070 4208 In

468 4238 563 4293 tali
583 4239 747 4294 domo
766 4239 1016 4310 sapentia
1039 4255 1294 4295 mensam
1318 4241 1519 4311 posuit,
1549 4257 1669 4297 cum
1704 4256 1915 4297 sacram
1937 4240 2070 4298 ﬁde-

451 4325 550 4381 'les
581 4326 782 4398 ubique
806 4326 1142 4399 Scripturam
1164 4328 1431 4385 docuerit.
1458 4330 1587 4385 Haec
1602 4346 1789 4385 mensa
1812 4347 1934 4402 quae
1953 4338 2072 4388 tuo-

467 4438 586 4479 rum
614 4424 846 4495 pedibus
876 4423 1110 4492 fulcitur,
1153 4425 1281 4499 quia
1330 4442 1490 4483 sacra
1523 4428 1808 4498 Scriptura
1836 4436 2070 4501 quatuor

465 4512 644 4568 modis
700 4511 1051 4585 intelligitur.
1113 4514 1326 4570 Primus
1381 4533 1480 4585 pes
1518 4525 1599 4571 est
1645 4517 1886 4584 historia,
1942 4534 2065 4574 cum

467 4601 537 4656 ita
603 4610 657 4657 ut
713 4600 893 4658 littera
963 4612 1144 4660 narrat
1214 4604 1532 4676 accipitur;
1599 4606 1877 4662 secundus
1930 4606 2148 4675 alle-D

464 4700 644 4772 goria,
723 4716 847 4757 cum
922 4701 1072 4757 aliud
1166 4701 1382 4773 dicitur,

461 4789 651 4845 tertius
706 4796 707 4799 “
727 4790 1030 4860 moralitas,

1472 4702 1620 4758 aliud
1696 4703 2020 4776 intelligitur
2053 4723 2066 4769 ;

1108 4807 1232 4848 cum
1287 4809 1390 4864 per
1463 4808 1528 4847 ea
1585 4809 1713 4866 quae
1788 4792 2063 4866 leguntur,

462 4902 644 4943 mores
674 4887 1044 4955 instruuntur;
1107 4898 1355 4962 quartus,
1416 4906 1693 4963 anagoge,
1745 4889 1800 4944 id
1849 4899 1937 4947 est
1966 4907 2065 4949 su-

458 4977 647 5046 perior
674 4991 893 5044 sensus,
925 4994 1046 5034 cum
1107 4979 1353 5035 coelestia
1410 4987 1463 5035 et
1509 4988 1710 5035 aeterna
1758 4980 2054 5037 docentur.

459 5066 637 5137 Super
677 5066 823 5123 hanc
871 5084 1122 5125 mensam
1157 5067 1360 5124 diversi
1416 5068 1630 5124 diversa
1662 5069 1865 5124 fercula
1894 5069 2061 5126 mini-

453 5170 784 5233 straverunt,
819 5171 871 5220 et
903 5165 1067 5221 variis
1110 5167 1397 5222 sententiis
1444 5166 1600 5239 quasi
1649 5168 1824 5223 variis
1871 5169 2053 5240 epulis

452 5252 718 5309 convivas
759 5253 1116 5310 satiavcrunt.
1164 5256 1383 5329 Moyses
1430 5255 1632 5312 ctenim
1676 5256 1803 5311 dum
1864 5258 2057 5314 mundi

446 5342 797 5410 creationem,
822 5344 1065 5415 paradisi
1095 5343 1536 5415 dispositionem,
1572 5344 1762 5401 diluvii
1810 5346 2055 5401 inunda-

444 5439 664 5511 tionem,
690 5444 931 5502 Abrahte
956 5444 1347 5512 obedientiam,
1399 5448 1601 5516 Ioseph
1650 5447 2049 5518 castimoniam,

447 5527 679 5588 filiorum
707 5533 883 5589 Israel
917 5534 1311 5601 liberationem,
1345 5544 1393 5591 et
1441 5553 1540 5607 per
1589 5537 1758 5591 maris
1790 5537 1959 5591 Rubri
1988 5554 2053 5596 ac

445 5623 612 5677 eremi
642 5623 1146 5679 deambulationem
1177 5625 1385 5680 eisdem
1420 5642 1617 5681 manna
1647 5625 1718 5680 de
1748 5625 1886 5681 coalo
1934 5627 2051 5698 plu-

442 5713 609 5784 visse,
642 5726 694 5771 et
728 5734 928 5790 aquam
959 5721 1026 5775 de
1059 5728 1215 5792 petra
1230 5722 1462 5778 ﬂuxisse
1490 5722 1843 5794 retulitquasi
1862 5724 2047 5780 suavia

439 5808 493 5855 et
520 5802 724 5858 diversi
744 5806 965 5875 generis
984 5807 1185 5863 fercula
1203 5811 1615 5865 convivantibus
1644 5809 1841 5865 intulit.
1868 5810 2043 5868 David

440 5894 619 5944 autem
647 5890 901 5949 stomtsri
918 5892 1213 5965 propheta,
1236 5893 1367 5951 dum
1385 5894 1455 5953 ds
1478 5894 1769 5954 dulcedine
1790 5909 2042 5970 supernas

2175 3346 2486 3401 unctionem
2512 3346 2742 3401 domum
2791 3362 2947 3402 suam
3006 3349 3059 3402 in
3083 3347 3241 3403 nobis
3291 3345 3579 3404 aedificare.
3633 3346 3767 3416 Quae

2178 3434 2395 3503 domus,
2418 3434 2547 3490 licet
2578 3433 2747 3505 ipsius
2776 3436 2866 3500 sit,
2896 3435 3022 3492 licet
3077 3451 3201 3491 eam
3248 3434 3497 3502 aediﬁcet,
3554 3443 3613 3490 ut
3648 3450 3762 3491 eam

2180 3523 2460 3588 inhabitet,
2495 3523 2569 3577 ibi
2596 3531 2779 3578 tamen
2807 3531 2859 3580 et
2880 3540 2982 3580 nos
3011 3525 3061 3580 ei
3093 3525 3491 3591 cohabitamus,
3522 3539 3623 3581 nea
3653 3525 3766 3595 ipse

2180 3619 2401 3693 quidem
2431 3636 2498 3676 ea
2527 3620 2808 3693 indignum
2838 3622 2937 3677 sed
2968 3621 3069 3677 soli
3101 3638 3200 3678 nos
3230 3620 3558 3694 indigemus.
3599 3621 3766 3694 Igitur

2181 3726 2245 3765 ex
2272 3707 2389 3765 sola
2418 3709 2594 3783 gratia
2623 3726 2729 3782 qua
2769 3710 2891 3780 ipse
2942 3710 3296 3781 superaﬁluit,
3331 3719 3384 3766 et
3414 3727 3482 3767 ex
3519 3710 3769 3765 unctione

2181 3808 2412 3878 Spiritus
2439 3808 2643 3875 sancti,
2675 3824 2796 3881 qua:
2826 3808 2944 3879 ipse
2973 3826 3088 3881 prae
3137 3809 3349 3866 cunctis
3395 3808 3713 3864 mortalibus
3740 3823 3769 3861 a

2180 3897 2296 3952 Deo
2329 3906 2411 3952 est
2442 3902 2659 3965 unctus,
2693 3897 2915 3953 domum
2962 3914 3119 3953 suam
3177 3897 3232 3953 in
3260 3897 3420 3953 nobis
3467 3897 3579 3954 vult
3616 3897 3766 3951 inun-

2180 4002 2331 4057 gere,
2377 3986 2430 4040 id
2472 3994 2554 4041 est
2592 3986 2878 4042 dedicare.
2927 3985 3063 4057 Quia
3103 4003 3242 4043 vero
3280 3987 3396 4059 ipse
3449 3986 3619 4041 virtus
3667 3992 3765 4050 est,

2179 4083 2341 4146 prout
2370 4074 2504 4140 vult,
2537 4083 2713 4146 potest
2734 4076 2896 4132 etiam
2927 4093 3043 4131 eam
3075 4074 3375 4133 aediﬁcare.

2253 4182 2515 4251 Quamvis
2571 4189 2755 4237 autem
2809 4182 2926 4239 haec
2976 4182 3104 4249 tria,
3165 4183 3375 4240 scilicet
3406 4182 3562 4247 velle,
3608 4180 3760 4246 scire,

2178 4288 2363 4344 posse,
2401 4271 2504 4326 sibi
2534 4280 2899 4342 coopercntur
2939 4271 2993 4327 in
3037 4272 3395 4328 mditicatione
3425 4270 3622 4326 domus
3647 4266 3760 4335 Dei,

2179 4369 2359 4415 tamen
2410 4361 2661 4433 quaedam
2709 4361 2906 4416 domus
2954 4370 3039 4417 est
3099 4377 3260 4433 quam
3322 4360 3494 4415 virtus
3539 4359 3765 4415 aediﬁcat

2179 4459 2304 4525 sibi,
2327 4467 2379 4515 et
2401 4467 2484 4515 est
2499 4459 2749 4533 quaedam
2773 4476 2933 4532 quam
2956 4458 3221 4526 Christus,
3248 4459 3301 4513 id
3318 4468 3398 4514 est
3415 4466 3625 4525 unctus,
3645 4454 3766 4512 tedi-

2181 4548 2305 4605 ficat
2352 4548 2476 4615 sibi,
2541 4557 2592 4603 et
2622 4558 2706 4603 est
2757 4550 2951 4604 domus
3009 4564 3170 4621 quam
3220 4548 3489 4619 sapientia
3543 4543 3767 4603 :editicat

2181 4637 2304 4693 sibi.
2331 4640 2555 4704 Domus,
2590 4653 2753 4710 quam
2810 4638 2980 4693 virtus
3028 4635 3262 4693 mdiﬁcat
3303 4636 3405 4692 sibi
3451 4635 3608 4692 nobis
3637 4634 3766 4690 etin

2178 4735 2356 4798 nobis,
2390 4744 2635 4806 tempore
2665 4736 2841 4806 prima
2871 4744 2971 4802 est,
3010 4743 3062 4789 et
3092 4736 3290 4791 dicitur
3322 4735 3514 4789 domus
3557 4733 3761 4789 virtutis

2178 4824 2264 4881 vel
2294 4824 2621 4891 dilectionis,
2655 4825 2789 4896 quia
2816 4824 2988 4879 virtus
3019 4824 3071 4879 in
3103 4824 3390 4879 dilectione
3424 4828 3524 4878 est.
3563 4823 3760 4877 Domus

2176 4930 2329 4977 vero.
2363 4931 2524 4986 quam
2556 4914 2824 4980 Christus,
2871 4914 2926 4968 id
2985 4922 3067 4968 est
3121 4913 3321 4979 unctio,
3374 4912 3605 4968 aediﬁcat
3637 4910 3754 4976 sibi,

2175 5003 2419 5059 secunda
2450 5007 2553 5067 est,
2587 5012 2639 5058 et
2662 5002 2859 5058 dicitur
2891 5003 3083 5057 domus
3115 5001 3383 5057 unctionis
3405 5000 3488 5055 vel
3517 5000 3754 5055 delecta-

2172 5091 2353 5156 tionis,
2414 5092 2535 5163 quia
2585 5092 2768 5146 unctio
2799 5107 2901 5163 qua
2951 5091 3180 5161 quisque
3227 5090 3544 5158 delectatur,
3590 5087 3748 5143 estin

2169 5179 2554 5236 delectatione.
2591 5182 2799 5235 Domus
2827 5195 2974 5245 vero,
3021 5194 3183 5252 quam
3230 5178 3493 5250 sapientia
3531 5175 3751 5233 aedificat

2166 5269 2291 5334 sibi,
2325 5270 2488 5325 tertia
2517 5276 2618 5333 est,
2652 5278 2704 5324 et
2735 5268 2932 5323 dicitur
2964 5269 3158 5323 domus
3189 5267 3469 5338 sapientiae
3503 5266 3590 5321 vel
3621 5281 3749 5322 coo-

2165 5359 2557 5429 templationis.
2592 5359 2715 5429 quia
2746 5357 3008 5427 sapientia
3039 5367 3121 5412 est
3168 5357 3220 5411 in
3270 5354 3740 5426 contemplatione.

2164 5446 2307 5502 Cum
2365 5457 2548 5503 autem
2598 5448 2715 5501 haec
2769 5455 2880 5501 tres
2929 5446 3125 5501 domus
3183 5446 3236 5500 in
3285 5461 3394 5500 uno
3424 5443 3748 5499 aedificantur

2160 5538 2351 5602 corde,
2387 5537 2457 5591 ibi
2492 5537 2635 5593 velut
2682 5536 2733 5588 in
2766 5552 2926 5589 unum
2962 5534 3266 5604 junguntur
3312 5535 3554 5597 domum,
3602 5538 3659 5586 ut
3687 5530 3748 5585 sit

2158 5634 2567 5707 quodammodo
2598 5634 2794 5689 domus
2824 5649 2931 5687 una
2960 5641 3011 5687 et
3044 5633 3177 5687 trina
3204 5650 3217 5685 :
3269 5632 3463 5685 domus
3508 5628 3747 5685 videlicet

2157 5723 2317 5778 unius
2351 5723 2470 5790 Dei,
2532 5731 2583 5778 et
2625 5732 2831 5777 sanctae
2885 5721 3161 5776 Trinitatis
3223 5721 3394 5775 Patris
3445 5728 3498 5773 et
3558 5718 3671 5774 Filii
3700 5727 3746 5773 et

2155 5812 2383 5881 Spiritus
2409 5811 2603 5867 sancti.
2623 5812 2827 5866 Domus
2851 5811 2976 5874 ista,
3005 5826 3135 5865 cum
3184 5807 3545 5865 mdilicaturin
3569 5807 3739 5872 nobis,

2150 5908 2262 5956 non
2316 5893 2617 5956 ludificatur
2673 5895 2795 5956 Iino
2842 5895 3029 5955 nobist
3061 5893 3465 5968 Coeperatorea
3510 5903 3737 5966 numqui
