3956 6422
109 334 209 389 237

1288 333 1644 392 MORALIUM
1681 335 1754 392 IN
1790 336 2097 394 GENESIN
2138 339 2270 396 LIB.
2300 339 2442 396 VIII.

3516 350 3622 406 238

111 463 205 519 Dei
258 462 467 533 gratia,
524 478 625 534 per
672 462 1081 533 correptionem
1130 478 1165 520 a
1204 471 1411 520 nostra:
1458 462 1820 522 discretionis
1856 469 1902 522 A
1930 477 1984 524 et
2016 470 2219 536 Deum,
2255 472 2355 542 qui
2387 473 2637 530 Trinitas
2665 482 2767 544 est,
2803 476 3137 534 medullitus
3161 493 3325 535 nosse
3356 494 3624 550 quaerens

107 560 275 623 captu
308 553 469 623 quod
502 552 695 623 puniri
728 552 931 609 debeat
957 568 1071 609 non
1104 553 1416 609 invenitur.

176 641 351 697 Vsus.
399 644 493 710 36,
548 644 634 696 37.
692 670 765 683 —
827 645 1161 710 Tumensque
1206 642 1389 705 Jacob,
1448 658 1569 697 cum
1623 644 1811 713 jurgia

107 734 185 784 ait
217 747 231 784 :
265 731 447 795 Quam
482 730 546 784 ob
592 732 807 800 culpam
839 746 1018 785 meam
1058 736 1108 785 et
1137 730 1200 784 ob
1244 731 1389 799 quod
1423 737 1705 800 peccatum
1734 735 1812 787 sic

106 821 369 873 emarsisti
409 823 533 888 post
580 835 681 884 me,
728 824 778 873 et
822 823 1101 874 scrutatus
1146 835 1200 874 es
1248 835 1453 874 omnem
1505 822 1810 890 supellecti-

112 909 214 964 lem
271 907 498 962 meam?
575 908 718 974 Quid
788 910 1051 962 invenisti
1115 908 1182 961 de
1234 914 1429 963 cuncta
1499 911 1815 967 substantia

106 996 292 1050 domus
341 996 496 1052 tuae?
526 1000 665 1052 Pone
705 998 793 1052 hic
840 1013 1021 1052 coram
1068 998 1345 1063 fratribus
1390 1001 1522 1052 meis
1570 1004 1622 1053 et
1668 1003 1810 1065 luis,

105 1093 153 1139 et
186 1086 442 1155 judicent
480 1089 624 1141 inter
670 1103 752 1140 me
783 1092 833 1140 et
882 1092 947 1140 te.
982 1086 1128 1142 Cum
1175 1086 1434 1142 humana
1483 1102 1644 1142 mens
1697 1097 1810 1145 tam

107 1175 360 1230 districte
393 1176 800 1231 conscientiam
831 1184 1091 1245 oportere
1119 1175 1325 1231 discuti
1360 1183 1563 1245 pensat
1593 1178 1812 1246 grande

108 1260 318 1331 sepius
365 1261 519 1330 apud
567 1276 624 1317 se
673 1262 965 1317 fastidium
1012 1262 1233 1329 tolerat,
1284 1262 1439 1319 unde
1483 1268 1710 1330 tumens,
1757 1272 1812 1321 et

109 1349 273 1419 quasi
321 1350 642 1405 furibunda
685 1349 927 1405 interius
974 1350 1202 1405 clamat.
1257 1348 1425 1416 Quae,
1468 1351 1576 1417 ait,
1625 1351 1811 1421 culpae

108 1437 373 1493 nimietas
438 1437 660 1508 exigit,
731 1445 794 1493 ut
864 1446 1019 1495 tanto
1080 1438 1197 1494 zelo
1251 1453 1344 1493 me
1418 1438 1807 1510 insequendo,

108 1542 139 1581 o
205 1525 529 1595 spiritualis
589 1526 910 1597 diligentia,
962 1526 1258 1594 ellerveas,
1334 1537 1389 1583 et
1435 1534 1579 1583 totos
1629 1529 1809 1583 animi

111 1629 366 1670 recessus
403 1614 631 1670 rimeris
669 1622 722 1670 et
752 1615 1032 1686 colligas?
1066 1616 1213 1681 Quid
1237 1619 1496 1671 invenisti
1523 1631 1694 1685 penes
1720 1632 1810 1673 me

109 1706 173 1759 de
216 1705 552 1772 substantia,
587 1704 643 1759 id
690 1711 774 1760 est
801 1705 869 1760 de
909 1705 998 1759 his
1042 1706 1313 1761 omnibus
1357 1706 1807 1774 terrenitatibus,

109 1807 235 1862 quae
266 1792 474 1848 merito
522 1793 785 1849 substare
833 1801 887 1848 et
917 1793 1149 1849 subesse
1190 1793 1397 1849 debent
1443 1793 1641 1850 domui
1675 1802 1806 1863 tuae,

112 1883 164 1937 id
220 1890 304 1937 est
370 1889 609 1937 tuorum
676 1882 1092 1937 conscientiae?
1153 1882 1409 1938 Ponatur
1476 1883 1534 1937 in
1595 1883 1813 1953 judicio

110 1971 315 2026 divinae
364 1978 478 2026 tute
526 1977 581 2025 et
635 1970 906 2025 humanae
960 1970 1198 2026 rationis
1248 1985 1415 2039 mea},
1463 1979 1518 2028 et
1564 1971 1812 2041 profecto

114 2072 209 2128 pro
230 2072 360 2113 mea
389 2056 757 2113 immunitate
787 2056 1022 2127 peccati.

144 2146 313 2201 Vsus.
366 2148 456 2200 38.
509 2176 575 2185 —-
635 2147 847 2213 Viginti
898 2148 1058 2201 annis
1109 2150 1201 2214 fui
1257 2152 1465 2214 tecum,
1517 2148 1571 2202 id
1623 2154 1706 2203 est
1758 2155 1813 2204 et

114 2233 414 2290 denarium
460 2233 835 2303 plenitudinis
879 2234 1021 2305 legis
1064 2234 1121 2290 in
1170 2244 1374 2296 mente.
1416 2243 1471 2292 et
1506 2236 1813 2292 denarium

115 2323 391 2378 virtutum
446 2321 502 2378 id
558 2329 641 2378 est
688 2336 977 2379 annorum
1028 2324 1414 2393 perfectionis,
1468 2325 1661 2381 Laban
1707 2341 1814 2381 su-

116 2425 285 2482 perno
328 2411 571 2467 candori
616 2411 843 2466 servavi
896 2418 1037 2466 I25
1085 2412 1141 2467 in
1191 2427 1381 2482 opere,
1428 2429 1547 2468 oves
1593 2413 1810 2484 simpli-

117 2500 262 2555 cium
307 2498 745 2565 beneﬁciorum,
787 2507 843 2555 et
881 2516 1059 2569 caprae
1104 2501 1654 2571 contemplationum
1700 2509 1811 2557 ste-

114 2590 234 2643 riles
282 2602 316 2644 a
362 2588 560 2644 fructu
619 2580 717 2657 per
776 2587 1125 2658 hypocrisim
1174 2606 1282 2643 non
1331 2593 1523 2657 fuere,
1576 2594 1810 2653 arietes,

117 2677 436 2745 rationales,
492 2676 703 2731 scilicet
734 2684 946 2745 motus,
997 2685 1275 2749 tanquam
1308 2693 1551 2750 gregum
1598 2681 1813 2751 cogita-

119 2766 331 2822 tionum
364 2765 545 2821 duces
577 2765 634 2820 in
679 2766 1009 2835 memetipso
1040 2780 1144 2836 per
1190 2767 1463 2823 vitiorum
1509 2769 1815 2824 admissio-

120 2869 243 2910 nem
292 2869 410 2910 non
447 2854 774 2923 consumpsi
807 2856 1002 2925 (Vsus.
1049 2858 1140 2926 39)
1169 2872 1263 2910 nec
1308 2863 1527 2926 captum
1557 2873 1593 2912 a
1622 2859 1810 2927 bestia,

122 2943 172 2998 id
215 2952 298 2999 est
353 2943 645 3013 direptum
692 2958 725 2999 a
766 2943 994 2999 diabolo
1043 2944 1285 3000 interius
1336 2945 1551 3001 bonum
1602 2946 1816 3001 sanctis

123 3030 473 3101 quibuslibet
521 3046 635 3088 non
681 3032 784 3088 feci
828 3032 1097 3088 ostentui.
1147 3033 1308 3089 Unde
1355 3033 1618 3090 Psalmus
1650 3049 1663 3088 :
1698 3037 1816 3091 Non

122 3122 527 3188 confundantur
570 3137 737 3192 super
777 3137 860 3176 me
909 3124 1007 3191 qui
1049 3128 1298 3192 quaerunt
1328 3127 1395 3190 te,
1454 3126 1594 3177 Deus
1639 3123 1813 3177 Israel

125 3210 284 3278 (Psal.
357 3224 557 3279 vam,
627 3213 705 3276 8).
765 3212 881 3278 Ego
951 3211 1211 3264 damnum
1281 3226 1432 3265 omne
1499 3211 1807 3275 reddebam,

123 3298 535 3369 compensando
582 3299 843 3356 videlicet
891 3307 1119 3369 peccata
1166 3299 1495 3367 laboribus;
1540 3299 1815 3368 quidquid

122 3390 263 3454 furto
322 3390 579 3459 peribat,
634 3388 848 3444 scilicet
920 3388 1289 3458 subreptione
1344 3388 1596 3455 diaboli,
1656 3405 1689 3441 a
1732 3403 1815 3442 me

124 3478 386 3544 exigebas,
445 3477 726 3533 subaudis
776 3480 1015 3532 restitui.
1070 3477 1265 3545 (Vsus.
1314 3478 1422 3546 40.)
1474 3480 1576 3532 Die
1620 3476 1678 3531 in
1724 3476 1815 3531 liis

125 3580 247 3637 quae
303 3563 695 3636 intelligebam
748 3580 760 3619 :
808 3567 973 3622 Nocte
1024 3564 1083 3619 in
1130 3565 1216 3621 his
1263 3579 1395 3635 quae
1452 3564 1813 3635 ignorabam,

126 3648 177 3703 id
218 3658 299 3706 est
330 3652 388 3706 in
439 3652 605 3708 bonis
632 3661 688 3709 et
728 3653 787 3708 in
833 3653 1016 3721 malis,
1068 3658 1203 3708 astu
1247 3653 1578 3708 cenodoxim
1618 3653 1817 3707 urebar

128 3736 180 3791 in
221 3738 402 3808 bonis,
435 3748 491 3797 et
522 3755 594 3797 ex
638 3742 761 3813 ipso
804 3748 1030 3812 torpore
1075 3755 1199 3797 meo
1247 3755 1316 3797 ac
1362 3741 1409 3796 si
1440 3741 1573 3811 gelu
1600 3755 1817 3812 coque—

128 3825 224 3881 bar
250 3828 307 3883 in
336 3830 543 3899 malis;
573 3830 821 3899 fugiebat
866 3845 1082 3884 somnus
1112 3829 1479 3900 negligentiae
1524 3830 1592 3884 ab
1624 3831 1818 3885 inten-

131 3914 370 3972 tionibus
416 3918 579 3984 meis,
614 3918 769 3989 quod
794 3925 877 3973 est
906 3919 1091 3972 oculis.
1143 3917 1589 3988 Intelligentiam
1623 3926 1816 3973 autem

131 3998 195 4053 ad
222 4002 336 4058 sola
382 4004 535 4060 bona
568 4006 852 4075 pertinere
896 4006 1129 4069 scimus,
1175 4005 1315 4076 quia
1343 4006 1426 4061 nil
1474 4006 1674 4074 scitur,
1708 4006 1815 4062 nisi

133 4090 274 4156 quod
299 4105 502 4148 verum
525 4101 631 4162 est,
657 4101 710 4149 et
737 4094 782 4148 si
808 4093 1017 4149 falsum
1050 4093 1249 4160 scitur,
1276 4093 1331 4148 in
1355 4101 1581 4150 tantum
1616 4094 1814 4162 scitur,

135 4175 186 4231 in
212 4188 491 4248 quantum
513 4182 719 4238 falsum
743 4197 864 4239 esse
894 4183 1106 4252 scitur;
1140 4182 1423 4253 quidquid
1448 4197 1584 4238 vero
1613 4197 1817 4238 verum

134 4274 229 4333 est,
261 4267 474 4327 bonum
511 4286 628 4327 esse
657 4272 1035 4337 convincitur,
1073 4271 1131 4326 in
1162 4279 1447 4341 quantum
1482 4286 1680 4327 verum
1714 4278 1813 4326 est.

1852 3066 1893 3123 C

1922 559 2242 615 carnalium
2293 568 2691 631 tempestatum
2727 566 2891 632 mole,
2936 566 3108 622 etiam
3150 568 3223 624 ab
3270 583 3370 638 spe
3402 583 3623 625 merce-

1921 646 2007 702 dis
2039 647 2095 702 in
2129 648 2391 705 timorem
2428 666 2607 720 pmnze
2640 655 3017 711 convertitur.

1995 735 2162 792 VERS.
2215 738 2303 791 42.
2336 769 2405 777 -
2437 742 2561 795 Nisi
2594 742 2739 795 Deus
2766 744 2949 811 patris
2978 746 3085 797 mei
3114 744 3418 812 Abraham,
3454 746 3509 801 id
3541 754 3625 803 est

1922 824 2109 892 Deus,
2146 826 2247 896 qui
2302 829 2566 895 praesidet
2601 830 2809 885 rationi
2863 846 3001 887 mea:
3031 833 3398 890 cohibuisset.
3434 835 3623 890 Abra-

1920 912 2047 967 ham
2077 915 2251 980 enim,
2301 922 2459 984 pater
2486 918 2675 973 videns
2716 922 2980 989 populum
3012 921 3238 986 dicitur,
3278 930 3333 979 et
3380 923 3627 980 intellec-

1921 1001 2038 1057 ctui
2068 1009 2302 1071 paterne
2354 1006 2653 1074 providere
2684 1007 2859 1078 vulgo
2889 1010 3300 1079 cogitationum
3346 1012 3625 1081 pertinere

1920 1090 2146 1160 proprie
2177 1093 2385 1159 scitur;
2418 1099 2468 1146 et
2498 1096 2659 1149 timor
2686 1095 2861 1156 Isaac.
2896 1097 2950 1152 id
2980 1106 3064 1154 est
3099 1099 3269 1155 timor
3300 1100 3625 1155 amissionis

1921 1179 2118 1250 gaudii
2148 1181 2367 1236 aeterni.
2425 1183 2584 1238 Isaac
2631 1184 2786 1241 enim
2836 1185 3048 1242 dicitur
3084 1190 3229 1242 risus
3273 1186 3515 1244 forsitan
3548 1190 3622 1245 ob

1921 1274 2000 1323 tot
2053 1268 2437 1325 difﬁcultates.
2486 1271 2530 1327 Ο
2561 1272 2778 1339 Laban,
2837 1274 2891 1328 id
2936 1283 3021 1330 est
3063 1276 3305 1332 cmlestis
3355 1277 3620 1347 claritas,

1921 1372 2051 1427 qua:
2084 1372 2198 1426 quo
2229 1358 2478 1429 amplius
2507 1375 2541 1415 a
2571 1375 2661 1416 me
2694 1362 2999 1431 quaeritur,
3039 1370 3194 1419 tanto
3226 1367 3411 1435 magis
3442 1363 3629 1420 differ-

1892 1454 2034 1513 ,tur,
2072 1446 2294 1501 nudum
2342 1462 2580 1517 prorsus
2627 1457 2681 1505 et
2709 1450 2979 1519 impotem
3023 1451 3260 1521 justitize
3310 1453 3626 1509 dimisisses

1923 1532 1979 1587 in
2029 1533 2310 1601 libidines,
2363 1536 2578 1605 quibus
2609 1551 2822 1606 corpus
2868 1538 3139 1595 afﬁcitur.
3174 1543 3545 1609 Afﬂictionem
3576 1548 3627 1595 et

1921 1622 2156 1675 laborem
2198 1639 2481 1690 manuum,
2540 1625 2593 1679 id
2640 1634 2723 1680 est
2766 1640 3005 1695 operum
3056 1642 3335 1695 meorum,
3389 1634 3626 1698 respexit

1924 1712 2083 1770 Deus,
2135 1710 2243 1764 sub
2282 1724 2401 1779 qua
2449 1712 2732 1766 malorum
2778 1712 2992 1768 tribula
3041 1714 3163 1769 haec
3210 1717 3433 1771 tantilla
3473 1718 3625 1772 bona

1922 1812 2159 1867 operer;
2192 1805 2240 1851 et
2288 1802 2473 1865 arguit
2524 1805 2572 1854 te
2601 1802 2739 1865 heri,
2782 1801 2836 1855 id
2867 1809 2951 1856 est
2997 1804 3357 1872 argumentis
3385 1805 3625 1860 eviden-

1921 1886 2078 1942 tibus
2112 1887 2410 1956 praateritte
2452 1888 2830 1944 humanitatis
2872 1890 2975 1945 tibi
3007 1891 3254 1946 ostendit
3285 1906 3462 1962 quam
3507 1893 3624 1948 cle-

1922 1974 2194 2029 mentiam
2229 1975 2435 2030 debeas
2474 1975 2562 2030 his
2593 1976 2693 2046 qui
2735 1976 3156 2046 periclitantur,
3189 1995 3321 2035 cum
3353 1989 3416 2037 tu
3451 1989 3621 2051 portu

1924 2060 2140 2129 potiare
2188 2060 2410 2116 salutis.
2466 2062 2593 2116 Heri
2644 2071 2835 2117 autem
2891 2077 2994 2132 pro
3034 2068 3311 2132 preterito
3362 2069 3619 2136 ponitur.

1923 2148 2063 2204 Hinc
2083 2150 2261 2204 Isaias
2281 2155 2601 2218 praeparata
2623 2157 2699 2205 est
2722 2150 2790 2205 ab
2808 2152 2927 2205 heri
2950 2152 3193 2221 Topheth
3217 2170 3230 2206 :
3255 2155 3455 2221 (Isaia.
3490 2170 3626 2222 xxx,

1924 2238 2035 2305 33).
2067 2236 2200 2291 Haec
2232 2238 2517 2307 praecipue
2551 2246 2811 2307 aguntur
2840 2239 2899 2294 in
2929 2240 3297 2309 conscientia,
3331 2257 3464 2298 cum
3492 2257 3626 2298 san-

1923 2332 2041 2379 ctos
2066 2324 2334 2379 ardenter
2361 2324 2698 2393 expetimus,
2730 2332 2784 2381 et
2828 2326 2987 2381 tarde
3017 2326 3289 2396 opitulari
3321 2329 3624 2386 sentimus.

1994 2412 2165 2469 Vsus.
2210 2414 2298 2468 43.
2338 2443 2397 2451 -
2426 2413 2587 2467 Filiae
2616 2418 2666 2467 et
2706 2416 2829 2483 filii,
2862 2414 2942 2469 ait
2974 2415 3191 2481 Laban,
3225 2422 3275 2469 et
3300 2432 3485 2485 greges
3519 2421 3622 2484 tui,

1923 2507 1973 2556 et
1998 2505 2179 2556 omnia
2220 2518 2339 2570 quas
2369 2505 2563 2569 cernis,
2614 2519 2731 2556 mea
2760 2508 2905 2557 sunt.
2958 2504 3041 2559 Ac
3082 2503 3130 2557 si
3169 2505 3486 2561 Jerusalem
3526 2521 3624 2561 su-

1925 2605 2102 2660 perna
2149 2590 2442 2660 loquatur.
2494 2592 2746 2646 Infirmaa
2777 2600 2831 2647 et
2863 2591 3033 2647 fortes
3085 2592 3293 2648 anima)
3326 2594 3382 2648 in
3432 2595 3624 2650 Eccle-

1924 2680 2009 2733 sia
2053 2694 2154 2735 seu
2199 2686 2447 2734 rectores
2495 2679 2582 2734 vel
2638 2679 2874 2748 regendi
2917 2688 3108 2735 motus
3160 2680 3215 2735 in
3276 2682 3626 2737 conscientia

1922 2771 1977 2819 et
2022 2764 2436 2834 cogitationum
2486 2766 2544 2822 in
2595 2767 2780 2823 imum
2831 2776 3027 2824 coacta
3075 2770 3393 2840 congeries,
3443 2778 3498 2827 et
3539 2771 3621 2838 si,

1924 2867 2043 2923 qua
2067 2856 2204 2908 sunt
2245 2869 2375 2924 qua;
2410 2870 2583 2925 penes
2607 2863 2661 2911 te
2690 2858 2865 2926 proba
2913 2858 3246 2925 intenderis,
3288 2874 3360 2915 ex
3392 2860 3533 2915 meis
3557 2874 3625 2916 ea

1923 2940 2201 3010 exemplis
2251 2942 2429 2998 habes
2474 2952 2527 2999 et
2570 2944 2863 3000 doctrinis.
2909 2945 3054 3011 Quid
3098 2961 3317 3015 possum
3344 2951 3526 3015 facere
3552 2952 3624 3016 fi-

1925 3030 2017 3083 liis
2048 3035 2097 3083 et
2124 3031 2407 3099 nepotibus
2446 3034 2623 3086 meis?
2671 3032 2830 3098 Quod
2861 3041 2944 3088 est
2978 3048 2990 3086 :
3022 3034 3122 3089 [iis
3150 3050 3297 3104 quos
3326 3036 3398 3091 ad
3432 3037 3621 3105 ﬁdem,

1923 3118 2011 3173 vel
2040 3132 2212 3187 opera
2244 3119 2439 3189 genui,
2473 3120 2562 3175 vel
2595 3120 2682 3175 his
2714 3121 2815 3190 qui
2859 3122 2927 3175 ad
2962 3122 3110 3177 idem
3146 3123 3322 3193 geniti
3355 3132 3494 3180 sunt
3523 3140 3626 3195 per

1923 3219 2018 3260 eos
2056 3219 2203 3275 quos
2247 3206 2443 3275 genui,
2489 3206 2776 3276 quomodo
2820 3221 3022 3262 nocere
3069 3209 3326 3278 queam?
3376 3210 3458 3267 Ne
3486 3226 3624 3282 ergo

1920 3301 2166 3360 tumeas,
2215 3307 2285 3349 ne
2337 3292 2535 3365 jurgia
2581 3294 2798 3350 intrare
2844 3296 3109 3363 concites,
3161 3298 3257 3352 sed
3298 3298 3491 3367 (Vens.
3535 3300 3625 3369 44)

1928 3384 2065 3438 Veni
2127 3382 2199 3438 ad
2246 3382 2699 3438 conformitatem
2748 3382 2896 3451 mei,
2943 3391 2997 3438 et
3045 3398 3147 3453 per
3198 3385 3305 3440 hoc
3350 3385 3626 3442 inibimus

1920 3471 2099 3538 fwdus
2142 3472 2354 3527 amoris
2397 3471 2590 3538 debiti,
2638 3478 2698 3526 ut
2748 3475 2820 3526 sit
2859 3475 3222 3529 testimonium
3254 3488 3417 3530 amor
3464 3475 3619 3544 ipse,

1924 3560 2081 3630 quod
2111 3574 2224 3616 non
2254 3560 2524 3616 avellaris
2553 3574 2586 3615 a
2612 3574 2741 3616 mea
2768 3562 3106 3617 mutatione.

1996 3649 2161 3704 Vens.
2212 3649 2300 3702 45.
2338 3678 2407 3691 --
2457 3650 2603 3703 Tulit
2654 3652 2839 3717 itaque
2880 3651 3043 3705 Jacob
3087 3651 3345 3719 lapidem,
3399 3651 3625 3708 intelle—

1924 3744 2052 3793 ctus
2081 3737 2297 3792 scilicet
2338 3737 2586 3807 arripuit
2614 3738 2721 3793 sibi
2760 3738 2939 3793 animi
2972 3738 3335 3806 soliditatem,
3364 3754 3436 3795 ne
3465 3740 3625 3796 dein-

1925 3839 2054 3895 ceps
2085 3825 2271 3881 evolet
2310 3825 2368 3880 in
2401 3827 2736 3893 vanitatem,
2783 3828 3050 3897 hancque
3077 3830 3136 3881 in
3186 3829 3404 3882 titulum
3433 3829 3625 3899 erigit,

1927 3914 2067 3985 quia
2115 3914 2187 3969 ad
2236 3928 2363 3970 eam
2411 3915 2707 3970 concitatis
2749 3916 3083 3985 quibusque
3126 3916 3280 3971 intra
3324 3917 3415 3971 vel
3461 3924 3629 3972 extra

1926 4002 2197 4069 motibus,
2249 4003 2417 4073 quasi
2450 4003 2520 4058 ad
2560 4003 2852 4073 quoddam
2896 4003 3231 4073 priesidium
3262 4004 3489 4075 insigne
3531 4019 3627 4060 re—

1927 4092 2130 4147 currit.
2179 4091 2444 4147 Soliditas
2490 4099 2703 4159 autem,
2755 4090 2880 4161 ipsa
2925 4099 3008 4147 est
3042 4092 3266 4147 sincera
3307 4092 3625 4147 humilitas.

1931 4179 2129 4249 (Vsus.
2163 4179 2279 4250 46.)
2322 4182 2582 4248 Dixitque
2610 4181 2883 4246 fratribus
2932 4182 3064 4234 suis.
3101 4181 3330 4236 Fratres
3372 4188 3509 4236 sunt
3536 4179 3627 4235 vel

1929 4268 2150 4324 robusti
2200 4268 2421 4339 quique
2452 4277 2641 4325 motus
2689 4269 2887 4336 animi,
2922 4284 3023 4325 seu
3054 4270 3316 4336 virtutes,
3358 4282 3425 4324 ac
3453 4269 3500 4325 si
3527 4268 3631 4324 ﬁlii

200 4354 358 4413 Vsus.
387 4358 478 4413 41.
511 4389 579 4397 —
603 4359 1017 4429 Quatuordecim
1039 4362 1201 4414 annis
1222 4360 1544 4414 servivitibi
1566 4376 1666 4429 pro
1685 4361 1820 4429 filia-
1861 4368 1901 4423 ι)
1927 4370 2000 4412 ex
2039 4357 2238 4412 eadem
2270 4364 2457 4413 mente
2488 4357 2682 4427 geniti.
2726 4358 2935 4426 Afl'erte
2967 4358 3199 4427 lapides,
3250 4357 3463 4413 scilicet
3494 4371 3629 4427 pro-

138 4442 243 4510 bus,
273 4449 322 4499 et
348 4461 443 4500 sex
469 4463 572 4516 pro
601 4448 855 4517 gregibus
885 4451 1014 4503 tuis.
1044 4450 1145 4503 Per
1170 4448 1611 4518 quaternarium
1634 4449 1820 4504 Evan-

137 4530 292 4600 gelia,
323 4548 422 4603 per
459 4535 764 4591 denarium
821 4537 1024 4607 Legem
1075 4538 1408 4606 accipimus.
1451 4536 1590 4603 Quae
1636 4537 1819 4606 primo

138 4619 346 4691 Legem,
376 4633 501 4693 post
531 4624 912 4696 Evangelium
941 4640 1075 4680 cum
1110 4624 1541 4704 impleverimus
1568 4626 1638 4681 ad
1676 4624 1822 4680 ﬁlias

138 4709 361 4767 ctelestis
391 4713 592 4767 matris
637 4713 920 4780 Ecclesize,
957 4713 1205 4769 activam
1236 4712 1450 4768 scilicet
1479 4721 1533 4769 et
1563 4723 1822 4769 contem—

140 4795 418 4866 plativam,
452 4802 807 4857 accedemus.
834 4801 943 4857 Sex
976 4816 1111 4857 vero
1140 4802 1213 4857 ad
1245 4801 1660 4871 plenitudinem
1688 4815 1822 4857 cum

144 4886 467 4955 pertineant,
492 4889 634 4958 quia
653 4903 754 4944 sex
774 4889 978 4945 diebus
1003 4889 1199 4945 omnia
1227 4890 1380 4945 Deus
1400 4889 1615 4956 fecerit,
1642 4902 1824 4944 annos

143 4970 406 5031 virtutum
447 4977 897 5033 claritudinibus
942 4977 1193 5048 integros
1239 4991 1273 5033 a
1321 4978 1487 5033 nobis
1533 4977 1827 5048 exigimus

146 5058 398 5131 plenarie,
450 5071 516 5120 ut
545 5064 961 5135 cogitationum
1010 5064 1285 5135 gregibus
1323 5065 1607 5120 dominari
1640 5064 1826 5134 possi-

147 5159 263 5204 mus
291 5152 356 5207 ad
382 5152 817 5209 similitudinem
851 5153 1100 5209 civitatis
1120 5166 1407 5223 supernae,
1431 5168 1562 5223 quae
1585 5153 1689 5208 has
1704 5154 1824 5224 jam

150 5238 371 5304 possidet
412 5241 756 5297 inconcussa
802 5242 1033 5311 penitus
1077 5255 1232 5311 pace.
1278 5243 1587 5296 Immutasti
1619 5256 1830 5309 quoque

149 5327 413 5383 mercedem
442 5345 617 5384 meam
662 5329 840 5384 decem
865 5330 1099 5384 vicibus.
1138 5329 1435 5385 Mercedem
1464 5329 1829 5385 immutatam

150 5410 306 5468 decem
324 5417 529 5472 vicibus
557 5416 847 5487 queritur,
878 5417 1016 5472 dum
1040 5417 1311 5486 corporis,
1337 5418 1491 5486 quod
1524 5423 1831 5486 quaterna-

152 5500 225 5555 rio
244 5512 459 5575 propter
479 5506 763 5561 elementa
783 5506 1069 5576 signatur,
1093 5512 1146 5560 et
1171 5504 1400 5572 animae,
1425 5519 1555 5575 qute
1579 5504 1831 5560 ternario

154 5588 369 5648 arbitria
384 5608 489 5650 sua
510 5593 800 5664 praecipua
822 5592 975 5649 bona
1005 5592 1079 5647 im
1088 5591 1521 5662 passibilitatem
1551 5605 1787 5661 sperans
1812 5608 1826 5657 ;

1928 4445 2121 4516 ponite
2150 4444 2207 4499 in
2240 4445 2393 4500 omni
2429 4453 2562 4500 actu
2602 4452 2789 4501 vestro
2821 4445 3059 4502 affectus
3098 4446 3306 4502 solidos
3335 4460 3403 4501 ac
3434 4446 3631 4502 humi-

1928 4532 2027 4588 les.
2083 4534 2191 4597 Qui
2240 4537 2625 4600 congregantes
2665 4537 2908 4599 fecerunt
2966 4537 3258 4603 tumulum,
3315 4536 3369 4590 id
3415 4542 3501 4591 est
3558 4533 3631 4589 ad

1930 4619 2210 4677 unitatem
2252 4621 2657 4676 contendentes
2696 4620 2851 4690 justo
2894 4622 3095 4678 ordine
3135 4624 3526 4679 dilataverunt
3576 4636 3634 4678 se

1929 4722 2033 4780 per
2065 4708 2400 4765 charitatem
2427 4708 2688 4776 inferius,
2723 4718 2787 4765 ut
2814 4710 3051 4766 subtiles
3080 4712 3278 4768 ﬁerent
3299 4712 3356 4767 in
3389 4718 3635 4768 contem-

1934 4796 2185 4867 platione
2201 4797 2485 4866 superius.
2511 4796 2695 4866 Super
2726 4799 2879 4853 hunc
2900 4798 3229 4866 comedunt,
3254 4799 3394 4855 dum
3413 4799 3473 4854 in
3489 4799 3635 4853 cha-

1933 4886 2103 4942 ritate
2128 4886 2389 4953 radicati,
2413 4895 2469 4942 et
2499 4886 2723 4941 fundati
2751 4885 2946 4941 divina
2966 4886 3271 4943 dulcedine
3295 4887 3513 4958 (Ephes.
3550 4903 3632 4955 ιιι,

1945 4976 2055 5042 l7),
2090 4989 2220 5044 quae
2242 4974 2615 5045 diligentibus
2642 4974 2699 5029 in
2730 4981 2997 5043 promptu
3030 4978 3132 5040 est,
3162 4989 3280 5032 sese
3308 4975 3596 5032 reﬁciunt.

2004 5064 2176 5120 Vnus.
2210 5064 2298 5117 47.
2330 5092 2402 5105 -
2438 5065 2599 5118 Vocat
2630 5063 2818 5117 Laban
2852 5065 3141 5118 Tumulum
3182 5067 3354 5130 testis,
3382 5069 3433 5119 et
3459 5065 3637 5120 Jacob

1933 5153 2199 5207 Acervum
2248 5151 2560 5217 testimonii,
2612 5153 2985 5220 unusquisque
3025 5153 3197 5221 juxta
3249 5156 3638 5223 proprietatem

1935 5242 2135 5309 linguae
2153 5255 2283 5294 sum.
2316 5240 2492 5296 Aliter
2520 5240 2689 5295 sentit
2718 5248 2772 5295 et
2808 5240 3065 5310 loquitur
3103 5241 3321 5307 Laban,
3353 5241 3521 5297 aliter
3546 5243 3639 5297 Ja-

1936 5329 2057 5392 cob,
2094 5328 2233 5397 quia
2256 5327 2406 5382 alius
2425 5327 2747 5383 intellectus
2774 5336 2854 5383 est
2888 5329 3275 5399 supernejam
3292 5330 3636 5397 viventium,

1937 5422 1992 5471 et
2023 5416 2137 5470 alia
2164 5415 2440 5482 efﬁcacia,
2474 5414 2625 5470 alius
2659 5417 2714 5470 in
2747 5430 2917 5472 carne
2948 5417 3300 5487 degentium,
3334 5425 3389 5473 et
3418 5417 3532 5473 alia
3560 5432 3644 5473 eo-

1938 5518 2071 5560 rum
2127 5503 2429 5558 desideria.
2485 5504 2773 5560 Tumulus
2827 5513 3186 5560 mortuorum
3244 5505 3456 5561 usitate
3504 5506 3646 5562 solet

1938 5592 2068 5647 dtci.
2100 5592 2167 5646 Et
2223 5592 2351 5660 plus
2381 5599 2463 5647 est
2495 5591 2651 5647 testis
2682 5606 2859 5661 quam
2904 5593 3316 5660 testimonium,
3346 5594 3485 5663 quia
3516 5607 3645 5649 ma-
