3972 6400
255 456 396 509 {237

262 665 517 721 caudam.
560 664 892 719 ASditicanda
923 674 1003 718 est
1047 674 1226 719 autem
1257 681 1287 718 a
1318 663 1514 717 talibus
1545 662 1715 732 qualis
1762 660 1861 713 fuit

273 756 556 818 Salomon,
586 754 677 823 qui
720 753 939 807 domum
996 754 1094 808 Dei
1124 752 1405 807 rediticavit
1434 751 1541 823 (III
1568 754 1695 819 Reg.
1756 752 1856 816 vi).

271 852 535 908 Salomon
563 852 765 921 quippe
791 850 1166 921 interpretatur
1191 849 1491 921 paciﬁcus.
1532 846 1675 901 Talis
1705 844 1859 915 paci-

271 939 406 994 ﬁcus
425 938 671 1011 profecto
691 939 800 993 illle
842 939 941 993 fuit
970 939 1062 1008 qui
1119 938 1263 992 venit
1292 938 1360 992 ad
1382 953 1498 1001 nos,
1529 942 1588 990 ut
1639 934 1861 988 domum

270 1033 568 1091 aedificaret
611 1034 667 1088 in
695 1034 869 1101 nobis,
899 1041 956 1088 ut
996 1040 1136 1088 esset
1165 1032 1564 1087 tabernaculum
1596 1029 1694 1085 Dei
1739 1041 1863 1082 cum

266 1123 605 1191 hominibus,
637 1130 690 1177 et
726 1123 990 1177 habitaret
1029 1138 1150 1177 cum
1182 1122 1303 1186 illis,
1336 1121 1389 1174 id
1406 1129 1485 1174 est
1515 1120 1651 1173 inter
1693 1118 1813 1171 illos
1844 1134 1859 1169 :

270 1220 330 1267 et
374 1212 640 1266 habitaret
684 1212 738 1265 in
785 1211 906 1277 illis,
956 1211 1010 1263 id
1058 1219 1135 1263 est
1180 1211 1316 1263 intra
1364 1208 1501 1262 illos.
1557 1209 1691 1261 Cum
1739 1205 1862 1269 illis,

270 1301 404 1371 quia
433 1300 618 1379 habitu
656 1301 904 1354 inventus
924 1307 1005 1353 est
1030 1305 1087 1352 ut
1109 1301 1269 1353 homo
1291 1297 1564 1367 (Philipp.
1587 1296 1647 1358 ιι)
1682 1309 1694 1360 ;
1727 1295 1864 1347 intra

276 1390 422 1456 illos,
457 1390 582 1458 quia
610 1405 718 1444 non
749 1388 994 1458 rapinam
1034 1387 1316 1440 arbitratus
1346 1394 1420 1439 est
1451 1401 1508 1438 se
1538 1399 1652 1437 esse
1687 1396 1867 1450 aequa-

273 1477 387 1531 lem
440 1478 556 1532 Deo
607 1478 810 1545 (ibid.).
869 1475 1127 1543 Quisnam
1185 1489 1310 1527 vero
1355 1473 1450 1526 iste
1507 1479 1585 1525 est
1638 1468 1869 1524 caelestis

276 1566 476 1620 domus
506 1565 603 1619 Dei
625 1565 913 1619 fabricator
939 1563 1330 1617 etinhabitator
1346 1563 1373 1613 ‘2
1398 1561 1608 1629 Nempe
1630 1556 1868 1612 aedifica-

279 1654 387 1709 trix
417 1653 699 1724 sapientia,
731 1652 785 1705 id
816 1660 894 1707 est
920 1652 1065 1706 Deus
1095 1658 1147 1705 et
1174 1650 1272 1703 Dei
1306 1648 1484 1703 Filius.
1529 1646 1633 1715 Qui
1664 1661 1784 1700 cum
1814 1645 1870 1698 in

282 1754 464 1807 forma
499 1752 598 1807 Dei
653 1750 875 1806 domum
934 1748 1248 1804 aedificasset
1303 1747 1359 1801 in
1414 1747 1582 1813 caelis,
1633 1744 1687 1797 id
1717 1742 1873 1797 estin

279 1841 513 1912 angelis,
562 1841 795 1895 formam
851 1838 989 1893 servi
1056 1838 1261 1906 accepit
1314 1843 1371 1889 ut
1417 1835 1660 1897 domum,
1709 1832 1763 1885 id
1793 1838 1875 1884 est

1165 446 1748 505 DEFLORATIONES
1786 444 1882 501 SS.
1924 442 2221 502 PATRUM.
2259 477 2332 488 —
2366 444 2493 500 LIB.
2534 446 2603 501 II.

264 578 365 632 Dei
396 592 516 632 esse
557 576 819 630 debemus
849 575 916 629 ad
962 574 1183 630 domum
1228 591 1377 629 suam
1411 576 1464 629 in
1494 573 1650 628 nobis
1691 569 1856 627 mditi-
1884 562 1940 628 Α
1968 577 2358 625 sacramentum
2454 567 2891 625 confirmationis.

3415 438 3551 499 i238

2980 566 3255 639 Sapientia
3343 556 3555 636 quoque

1973 658 2140 713 factus
2169 666 2246 714 est
2275 675 2372 730 per
2399 657 2902 729 contemplationem
2937 657 2993 710 in
3035 658 3266 726 quadam
3307 646 3558 725 praesenti

1971 748 2398 803 remuneratione
2442 746 2752 801 meritorum
2798 760 2893 816 per
2921 751 3312 801 sacramentum
3356 738 3557 798 altaris.

1969 846 2104 899 Ecce
2131 846 2356 915 qualiter
2385 844 2711 914 quadrantur
2726 850 2779 897 et
2807 843 3122 910 formantur,
3147 840 3201 895 id
3227 846 3304 895 est
3344 838 3561 894 ﬁrman-

1971 940 2053 987 tur
2107 942 2158 988 et
2212 932 2551 987 stabiliuntur
2586 932 2797 1002 lapides
2847 930 2956 986 vivi
2996 947 3010 984 ε
3073 944 3106 985 a
3161 928 3368 984 Christo
3409 934 3463 982 et
3497 926 3557 980 ta

1972 1022 2286 1077 Christo.At
2312 1034 2440 1076 vero
2470 1021 2523 1074 hi
2552 1019 2759 1090 lapides
2786 1019 2896 1075 vivi
2934 1019 3021 1073 hic
3061 1016 3257 1072 malleo
3299 1022 3352 1071 et
3396 1030 3555 1072 secu-

1973 1121 2037 1188 ri,
2073 1119 2125 1174 id
2151 1127 2229 1175 est
2257 1127 2456 1174 terrore
2502 1119 2644 1191 ignis
2698 1117 2883 1176 aeterni
2914 1124 2968 1172 et
2994 1124 3194 1171 terrore
3250 1114 3390 1187 ignis
3422 1130 3556 1186 pur-

1972 1208 2185 1279 gatorii,
2219 1207 2303 1262 vel
2334 1207 2749 1263 comminatione
2775 1205 3108 1259 miseriarum
3158 1203 3282 1260 vitae
3325 1217 3560 1274 praesen-

1976 1298 2039 1351 tis
2058 1296 2297 1351 credendi
2351 1303 2402 1350 et
2454 1294 2690 1365 poliendi
2721 1311 2753 1349 a
2782 1294 2890 1348 suis
2942 1292 3203 1364 perversis
3230 1298 3353 1346 sunt
3385 1290 3558 1345 actio-

1974 1394 2149 1458 nibus,
2194 1403 2250 1448 ut
2294 1393 2346 1447 in
2393 1399 2709 1447 structuram
2766 1389 2995 1445 ccelestis
3029 1389 3220 1444 domus
3259 1388 3556 1442 mittantur.

2047 1483 2173 1538 Ilaec
2212 1489 2388 1537 autem
2447 1480 2620 1552 prima
2676 1479 2868 1534 domus
2924 1477 3131 1533 virtutis
3177 1482 3229 1532 et
3269 1474 3567 1530 dilectionis

1978 1580 2328 1643 nuncupatur,
2363 1570 2487 1639 quia
2532 1568 2819 1623 dilectione
2848 1566 2945 1620 Dei
2986 1571 3037 1620 et
3062 1562 3294 1637 proximi
3337 1563 3566 1619 caeteris-

1979 1678 2081 1732 que
2145 1658 2427 1715 virtutibus
2484 1656 2787 1712 exstruitur.
2848 1655 2970 1710 Post
3025 1653 3246 1707 domum
3293 1649 3567 1723 lapideam

1981 1757 2302 1813 exteriorem
2338 1754 2578 1825 sequitur
2603 1751 2838 1817 cedrina,
2889 1760 3009 1821 Quae
3055 1748 3321 1805 unctionis
3348 1746 3434 1802 vel
3464 1747 3568 1803 de-

1983 1845 2281 1901 lectationis
2337 1859 2428 1897 seu
2481 1841 2669 1914 gaudii
2705 1841 2898 1894 domus
2954 1838 3164 1893 dicitur.
3199 1836 3276 1891 Ad
3315 1837 3453 1891 hanc
3481 1850 3571 1890 se-

282 1929 591 1985 Ecclesiam
621 1928 725 1983 sibi
753 1927 1047 1982 mdificaret
1076 1934 1128 1980 et
1157 1925 1211 1979 in
1240 1924 1410 1988 terris,
1444 1925 1546 1977 hoc
1582 1929 1661 1975 est
1688 1921 1744 1974 in
1774 1922 1872 1973 ho-
1900 1918 1956 1981 Β
1988 1934 2220 1990 cundum
2253 1934 2295 1987 si
2356 1931 2473 2001 quis
2529 1929 2844 2002 ingreditur,
2887 1927 3012 1982 huic
3057 1926 3289 1997 primum
3319 1922 3373 1978 ίη
3396 1923 3563 1993 priori

282 2025 543 2081 minibus.
576 2028 678 2080 iste
723 2023 1016 2079 aediﬁcator
1038 2023 1307 2090 utriusque
1350 2020 1542 2073 domus
1581 2033 1738 2073 verus
1768 2016 1871 2079 Sa-

285 2116 475 2171 lomon
503 2122 600 2180 est,
634 2114 725 2183 qui
755 2111 998 2185 paciﬁcat
1050 2111 1233 2165 omnia
1288 2125 1382 2163 seu
1438 2123 1558 2177 quae
1615 2107 1668 2159 in
1708 2105 1876 2171 οωιιε,

284 2213 402 2267 sive
431 2227 552 2281 quae
599 2211 655 2264 in
712 2210 867 2265 terris
920 2216 1043 2263 sunt
1093 2208 1324 2273 (Τοῖσδε.
1376 2206 1436 2271 ι).
1482 2204 1638 2258 Tales
1676 2199 1881 2272 paciﬁci

286 2301 491 2355 debent
519 2316 634 2354 esse
674 2315 768 2369 pro
799 2298 961 2353 modo
989 2312 1089 2351 suo
1120 2295 1366 2357 artiﬁces,
1422 2294 1476 2347 id
1526 2300 1603 2347 est
1628 2290 1881 2344 Ecclesia:

288 2388 544 2455 ministri,
575 2388 665 2457 qui
684 2386 963 2457 coeperari
990 2385 1176 2441 volunt
1206 2384 1328 2437 huic
1358 2378 1637 2438 Salomoni
1665 2378 1721 2432 in
1749 2392 1883 2433 con-

287 2477 548 2533 struenda
578 2476 739 2531 domo
769 2475 889 2531 Dei.

984 2589 1210 2631 DIVISIO.

367 2686 574 2741 Domus
604 2699 762 2754 quam
788 2697 883 2737 rex
910 2681 1165 2736 Salomon
1214 2676 1498 2734 aditicavit
1542 2676 1717 2748 primo
1774 2682 1886 2730 erat

293 2774 365 2829 de
395 2772 664 2844 lapidibus
720 2771 1025 2841 quadratis;
1087 2767 1592 2834 secundo‘3domum
1652 2764 1784 2818 texit
1814 2763 1885 2818 ab

294 2861 536 2917 interiori
574 2861 736 2933 lignis
759 2859 1008 2925 cedrinis,
1041 2858 1215 2913 aureis
1244 2856 1409 2910 clavis
1438 2853 1681 2927 aﬂiigens
1718 2852 1881 2908 lami-

294 2976 395 3015 nas
425 2975 634 3024 aureas,
663 2964 716 3012 et
772 2957 895 3012 fecit
924 2956 1069 3011 velut
1124 2955 1344 3009 domum
1384 2968 1600 3007 auream
1628 2952 1763 3005 intra
1793 2965 1886 3004 ce—

296 3047 512 3104 drinam
557 3047 654 3117 (III
685 3048 809 3117 Reg.
838 3043 934 3116 vi).
970 3045 1303 3099 Exteriorem
1346 3041 1634 3112 lapideam,
1666 3038 1889 3093 interio-

295 3152 415 3192 rem
446 3135 742 3200 cedrinam,
777 3133 1020 3188 intimam
1051 3140 1229 3186 autem
1260 3131 1459 3185 locavit
1486 3144 1700 3184 auream
1728 3144 1741 3182 :
1768 3142 1888 3196 qua:

295 3250 421 3291 cum
468 3232 837 3298 aediﬁcaretur,
881 3231 1106 3285 malleus
1144 3235 1197 3284 et
1239 3228 1438 3283 securis
1479 3242 1585 3282 non
1624 3232 1747 3280 sunt
1812 3223 1887 3277 ibi
1917 3260 1971 3329 Ο

1017 3314 1027 3325 .
1184 3312 1233 3329 ..
1345 3321 1355 3329 ,
1576 3310 1731 3329 nam
1787 3308 1844 3329 μμ

298 3318 467 3375 auditi
499 3317 684 3388 (ibid.)
716 3317 918 3371 Domus
950 3314 1142 3385 prima,
1182 3312 1237 3367 id
1284 3321 1362 3366 est
1409 3326 1531 3383 pars
1569 3310 1742 3382 prima
1781 3308 1888 3361 do-

296 3424 440 3475 mus,
474 3408 647 3477 primo
678 3406 833 3461 nobis
861 3403 1087 3459 occurrit
1119 3401 1473 3456 construenda
1518 3416 1585 3454 ex
1620 3397 1892 3468 quadratis

298 3496 589 3567 lapidibus.
653 3495 846 3549 Forma
904 3494 1003 3547 ista
1060 3490 1396 3560 quaelraturze
1455 3494 1508 3543 et
1555 3487 1654 3542 Dei
1702 3493 1779 3541 est
1836 3491 1891 3540 et

301 3591 486 3639 nostra
515 3590 594 3638 est
626 3602 637 3637 :
673 3582 768 3636 Dei
800 3589 898 3645 est,
932 3579 1056 3649 quia
1084 3594 1116 3633 a
1143 3579 1260 3634 Deo
1283 3584 1393 3645 est;
1426 3581 1608 3630 nostra
1635 3581 1732 3640 est,
1767 3572 1894 3643 quia

300 3683 357 3735 in
388 3680 542 3735 nobis
578 3687 676 3735 est.
708 3681 753 3734 Λ
781 3678 895 3733 Deo
925 3683 1005 3732 est
1033 3691 1308 3746 expressa,
1336 3682 1390 3729 et
1409 3672 1477 3728 ab
1510 3674 1624 3742 ipso
1654 3671 1709 3725 in
1730 3670 1889 3725 nobis

299 3770 581 3840 impressa.
614 3770 736 3837 Ipsa
765 3766 1107 3837 quadratum,
1164 3764 1219 3817 id
1267 3770 1346 3819 est
1391 3762 1545 3816 ﬁrma
1602 3769 1655 3815 et
1682 3760 1891 3814 stabilis

304 3861 481 3915 forma
511 3864 590 3912 est
614 3857 668 3910 in
695 3855 888 3911 Christi
935 3854 1211 3908 divinitate
1253 3860 1306 3907 et
1338 3852 1391 3904 in
1423 3850 1614 3906 Christi
1653 3848 1893 3903 humani-

305 3964 444 4011 tate:
478 3962 558 4008 est
587 3960 639 4008 et
667 3954 723 4007 in
752 3953 962 4023 angelis
992 3959 1046 4005 et
1084 3950 1139 4004 in
1169 3947 1496 4004 hominibus:
1530 3947 1584 4000 in
1614 3946 1893 4000 divinitate

307 4053 388 4100 est
462 4046 577 4098 hanc
643 4044 818 4096 forma
888 4040 1225 4109 quadratum:
1298 4053 1403 4106 qua
1470 4036 1586 4106 ipsa
1642 4035 1894 4089 divinitas

305 4141 497 4205 sponte
527 4131 671 4187 venit
727 4130 792 4185 ad
852 4129 1148 4196 hominem,
1206 4132 1395 4197 sponte
1452 4124 1594 4179 vitiis
1622 4123 1893 4178 deforma-

306 4244 460 4301 tum;
513 4234 775 4304 sapientia
818 4231 885 4287 ad
938 4230 1176 4297 stultum,
1222 4227 1453 4283 charitas
1495 4226 1563 4281 ad
1592 4226 1892 4292 inimicum,

301 4325 505 4393 justitia
569 4322 638 4377 ad
695 4321 972 4389 injustum,
1032 4326 1088 4372 ut
1146 4317 1433 4373 formatum
1485 4315 1780 4370 secundum
1838 4330 1893 4367 se

309 4412 529 4469 tandem
554 4410 879 4483 gloriﬁcaret
929 4408 983 4461 in
1014 4424 1092 4464 se.
1140 4409 1204 4461 In
1244 4404 1571 4481 humanitate
1614 4411 1693 4458 est
1722 4405 1896 4458 forma

308 4510 648 4582 quadratum
676 4523 782 4578 qua
814 4507 909 4562 Dei
967 4505 1131 4559 Filius
1185 4502 1331 4559 venit
1359 4502 1415 4555 in
1443 4517 1658 4555 carnem
1685 4508 1738 4555 et
1765 4514 1898 4569 quos

309 4600 413 4654 sibi
444 4600 591 4669 prius
638 4596 693 4650 in
742 4595 929 4667 spiritu
977 4594 1062 4649 vel
1119 4594 1302 4649 anima
1355 4590 1736 4655 conformaret,
1779 4595 1981 4677 postD

309 4689 470 4743 etiam
503 4687 632 4741 etin
661 4700 840 4749 carne,
884 4684 937 4737 id
984 4690 1062 4737 est
1101 4680 1448 4747 humanitate,
1482 4679 1601 4732 illos
1630 4677 1732 4731 sibi
1762 4693 1897 4732 con-

316 4788 592 4851 formarat,
623 4783 791 4851 utqui
824 4780 1109 4851 portabant
1165 4778 1455 4848 imaginem
1503 4775 1715 4842 terreni,
1750 4774 1899 4829 scili-

309 4883 396 4930 cet
423 4873 613 4937 Adam,
647 4876 918 4942 portarent
975 4876 1029 4923 et
1083 4867 1377 4939 imaginem
1421 4865 1667 4927 cmlestis,
1701 4864 1904 4917 scilicet

310 4962 523 5020 Christi.
583 4963 645 5015 In
688 4959 897 5030 angelis
954 4957 1127 5012 forma
1178 4956 1514 5024 quadratum:
1570 4959 1668 5019 est,
1730 4951 1785 5005 id
1823 4957 1903 5005 est

310 5058 466 5113 ﬁrma
494 5065 547 5111 et
565 5056 771 5111 stabilis
800 5054 975 5109 forma
1030 5068 1136 5123 qua
1192 5049 1573 5123 perpetualiter
1605 5049 1724 5104 Deo
1754 5048 1900 5103 assi-

311 5163 474 5221 stunt,
513 5154 671 5223 eique
698 5152 785 5207 die
813 5166 876 5206 ac
922 5158 1079 5206 nocte
1124 5147 1451 5203 deserviunt.
1492 5148 1553 5200 ln
1591 5144 1902 5201 hominibus

313 5245 489 5300 forma
517 5241 851 5312 quadratum
906 5246 1005 5306 est,
1063 5252 1168 5307 qua
1211 5236 1447 5291 Christus
1492 5234 1663 5289 factus
1691 5240 1771 5289 est
1797 5234 1901 5288 ho-

316 5339 553 5395 minibus
584 5335 903 5405 redemptio,
938 5333 1304 5396 sanctiﬁcatio,
1333 5331 1540 5401 justitia
1595 5338 1648 5385 et
1683 5330 1905 5402 sapien-

312 5439 385 5493 tia
440 5436 498 5507 (Ι
528 5435 648 5493 Cor.
684 5435 742 5505 I).
802 5431 1144 5502 Redemptio,
1205 5446 1326 5485 cum
1379 5428 1616 5498 seipsum
1672 5429 1901 5497 pretium

311 5526 459 5581 dedit
489 5539 585 5593 pro
615 5522 771 5577 nobis
826 5534 924 5591 per
975 5526 1366 5576 sacramentum
1412 5534 1522 5571 sum
1554 5517 1818 5587 passionis
1850 5523 1903 5571 et

313 5624 499 5679 mortis
531 5618 935 5686 ;sanetiﬁcatio,
966 5633 1086 5671 cum
1141 5632 1237 5684 per
1284 5628 1404 5668 eum
1438 5612 1491 5666 in
1532 5614 1901 5668 remissionem

314 5727 652 5793 peccatorum
702 5728 883 5768 sumus
939 5712 1245 5769 sanetiticati
1281 5725 1374 5779 per
1430 5709 1681 5778 baptismi
1717 5726 1900 5764 sacra-

315 5822 576 5872 mentum.
636 5808 843 5864 Justitia
916 5806 1084 5863 factus
1141 5812 1219 5862 est
1267 5800 1424 5857 nobis
1471 5804 1732 5866 Christus,
1780 5818 1900 5859 cum

310 5909 412 5975 per
438 5901 565 5956 cum
595 5884 739 5951 dona
764 5889 933 5950 uncti
962 5884 1189 5962 Spiritus
1233 5878 1582 5945 conferuntur
1618 5885 1776 5945 nobis
1804 5892 1903 5961 per

1989 2031 2152 2086 domo
2178 2029 2373 2101 jugum
2401 2026 2593 2082 Christi
2624 2023 2869 2079 effectum
2902 2028 2981 2077 est
3012 2038 3174 2077 suave
3210 2022 3262 2075 et
3298 2035 3434 2075 onus
3462 2018 3578 2088 ejus

1992 2119 2351 2191 leve(Matth.
2377 2117 2480 2188 ιι),
2502 2132 2569 2171 ex
2600 2114 2836 2184 perfecta
2864 2110 2961 2167 Dei
2992 2118 3045 2166 et
3080 2109 3308 2182 proximi
3340 2108 3582 2187 dilectio-

1991 2227 2083 2264 ne.
2115 2182 2166 2264 is
2202 2222 2309 2278 quo
2338 2182 2516 2260 minus
2545 2182 2721 2275 diligit
2749 2199 3030 2264 mundum,
3062 2213 3126 2254 eo
3156 2197 3330 2269 magis
3352 2182 3582 2278 delecta-

1994 2307 2076 2353 tur
2098 2297 2153 2351 in
2177 2274 2403 2359 Christo,
2453 2274 2778 2361 aversusque
2827 2305 2859 2344 a
2904 2286 3107 2343 cameli
3137 2285 3336 2357 gaudio
3384 2274 3584 2357 gaudet

1993 2388 2047 2442 in
2077 2385 2276 2455 Spiritu
2306 2389 2507 2438 sancto.
2568 2380 2723 2434 Istius
2777 2374 2924 2432 modi
2955 2375 3155 2448 gaudia
3183 2373 3238 2427 in
3288 2373 3451 2428 domo
3490 2386 3583 2426 se-

1994 2475 2167 2532 cunda
2199 2473 2345 2544 ligna
2373 2477 2496 2525 sunt
2523 2467 2758 2532 cedrina,
2807 2464 2933 2536 quia
2969 2464 3107 2519 sicut
3151 2461 3318 2517 multa
3365 2459 3586 2515 durities

1996 2579 2049 2627 et
2077 2570 2335 2641 asperitas
2372 2567 2471 2621 fult
2527 2565 2583 2619 in
2639 2561 2921 2619 virtutibus
2975 2557 3371 2630 comparandis,
3424 2573 3585 2612 exer-

1999 2660 2181 2716 cendis
2210 2651 2719 2712 etconsummandis
2747 2650 2802 2704 in
2852 2648 3204 2705 aediﬁcatione
3247 2647 3435 2718 prima}
3482 2644 3588 2700 do-

1997 2765 2135 2815 mus,
2186 2747 2259 2801 ita
2316 2744 2404 2798 hic
2457 2741 2572 2797 sola
2626 2738 2880 2795 mollities
2934 2744 2989 2792 et
3033 2736 3240 2803 lenitas,
3280 2733 3336 2788 id
3365 2739 3445 2788 est
3473 2730 3590 2790 sola

1998 2844 2223 2902 dulcedo
2253 2850 2305 2898 et
2329 2840 2633 2912 jucunditas
2649 2837 2865 2892 exstitit.
2927 2835 2995 2890 Et
3018 2834 3155 2889 sicut
3180 2830 3324 2887 cedri
3352 2838 3592 2902 proceras

1998 2932 2289 2990 altitudinis
2343 2936 2464 2984 sunt
2513 2934 2566 2982 et
2619 2935 2823 2981 natura}
2876 2920 3312 2993 incorruptibilis,
3367 2920 3443 2975 sic
3502 2919 3594 2989 qui

1995 3025 2050 3079 in
2078 3024 2222 3077 bono
2252 3019 2565 3081 delectatur,
2604 3020 2656 3069 et
2693 3014 2750 3067 in
2795 3011 2999 3083 Spiritu
3054 3016 3240 3065 sancto
3287 3008 3506 3080 gaudet,
3529 3017 3588 3063 et

1998 3135 2090 3175 cor
2116 3132 2324 3172 sursum
2354 3112 2613 3177 extendit,
2638 3118 2693 3165 et
2710 3126 2742 3165 a
2763 3109 3015 3165 vitiorum
3056 3105 3337 3178 putredine
3365 3104 3593 3159 illaesum

1998 3215 2248 3272 custodit.
2289 3214 2417 3268 Post
2439 3210 2660 3264 domum
2698 3205 2928 3277 primam
2974 3211 3026 3258 et
3071 3201 3381 3267 secundam,
3432 3199 3486 3254 id
3516 3206 3597 3255 est

2002 3304 2268 3374 lapideam
2301 3308 2353 3356 et
2380 3298 2652 3355 cedrinam
2682 3294 2920 3365 sequitur
2947 3290 3137 3359 tertia;
3170 3291 3275 3345 hoc
3313 3295 3393 3343 est
3430 3300 3595 3343 aurea

2003 3395 2218 3448 domus.
2272 3389 2408 3445 Haec
2451 3403 2518 3442 ex
2554 3384 2732 3441 aureis
2776 3381 3008 3437 ﬂammis
3041 3378 3219 3445 aﬁixa,
3268 3385 3385 3433 erat
3432 3375 3596 3449 lignis

2001 3481 2233 3539 cedrinis
2262 3495 2358 3550 per
2394 3477 2575 3532 clavos
2620 3487 2830 3528 aureos.
2887 3472 3242 3539 Nuncupatur
3270 3473 3449 3521 autem
3477 3465 3597 3520 hac

2003 3582 2195 3636 domus
2220 3592 2383 3631 aurea
2438 3567 2907 3641 contemplationis
2954 3573 3007 3622 et
3052 3563 3311 3621 veritatis.
3345 3565 3597 3618 Contem-

2009 3670 2172 3742 platio
2201 3682 2329 3723 vero
2358 3661 2594 3725 veritatis
2622 3674 2811 3714 aurum
2832 3663 2929 3711 est.
2954 3655 3051 3710 Cui
3078 3652 3292 3709 veritati
3321 3669 3365 3706 SI
3390 3650 3595 3721 aliquid

2008 3768 2251 3827 falsitatis
2298 3765 2582 3822 admistum
2629 3760 2808 3826 fuerit,
2855 3772 3043 3813 aurum
3086 3761 3164 3810 est
3218 3753 3585 3807 immundum.-

2008 3856 2402 3927 Contemplatio
2432 3859 2609 3909 autem
2638 3847 2877 3903 veritatis
2899 3846 3098 3915 absque
3128 3841 3274 3898 omni
3305 3841 3598 3897 admistura

2008 3948 2251 4008 falsitatis
2276 3960 2464 4000 aurum
2512 3948 2591 3994 est
2646 3937 2933 3991 mundum.
2990 3933 3131 4003 Quid
3159 3939 3239 3987 est
3267 3929 3598 4000 contempla-

2009 4055 2082 4109 tio
2128 4048 2364 4107 veritatis
2392 4046 2420 4098 ?
2474 4044 2589 4098 Hoc
2640 4047 2719 4095 est
2774 4036 3152 4107 contemplatio
3200 4031 3484 4088 Creatoris.
3531 4028 3597 4085 Et

2009 4140 2136 4213 quid
2166 4145 2244 4194 est
2273 4130 2651 4202 contemplatio
2673 4126 2940 4183 Creatoris
2966 4126 2994 4177 ε)
3023 4120 3416 4192 Contemplatio
3436 4120 3599 4175 Crea-

2012 4208 2141 4287 toris
2195 4234 2275 4281 est
2329 4217 2709 4290 contemplatio
2765 4214 2961 4270 summi
3016 4212 3145 4267 boni
3200 4211 3401 4279 absque
3444 4208 3597 4278 cujus

2009 4323 2386 4385 communione
2417 4334 2523 4374 non
2553 4323 2632 4370 est
2658 4315 2861 4369 bonum
2920 4307 3179 4381 quidquid
3222 4306 3441 4363 nomine
3464 4303 3595 4362 boni

2012 4420 2363 4483 nuncupatur.
2413 4407 2529 4462 Hoc
2584 4417 2855 4457 summum
2901 4400 3104 4455 bonum
3160 4394 3391 4451 mundus
3436 4393 3597 4451 corde

2010 4501 2422 4572 contemplatur,
2473 4494 2561 4565 qui
2592 4509 2688 4564 per
2731 4489 3001 4562 lapideam
3031 4487 3273 4550 domum,
3304 4484 3359 4539 id
3387 4489 3466 4538 est
3502 4492 3601 4555 per

2014 4600 2353 4657 dilectionem
2382 4594 2501 4658 Dei,
2534 4598 2585 4645 et
2614 4589 2871 4661 proximi,
2924 4594 2977 4641 et
3019 4600 3113 4654 per
3160 4581 3596 4638 exercitationem

2009 4692 2261 4747 virtutum
2292 4683 2554 4740 transiens
2611 4680 2664 4732 in
2710 4677 2984 4732 cedrinam
3029 4673 3270 4739 domum,
3302 4671 3405 4725 hoc
3434 4669 3595 4724 estin

2009 4777 2266 4852 gaudium
2296 4766 2811 4843 spiritalc,pervenit
2838 4765 2893 4818 in
2920 4776 3137 4817 auream
3175 4759 3416 4827 domum,
3440 4757 3494 4811 id
3519 4762 3599 4812 est

2011 4876 2078 4933 ad
2107 4873 2285 4931 cordis
2314 4867 2649 4924 munditiam.
2695 4862 2799 4919 Ubi
2827 4858 3222 4928 contemplatur
3252 4854 3593 4927 sapientiam,

2011 4974 2064 5021 et
2090 4962 2367 5021 veritatem
2416 4972 2535 5026 qua:
2581 4961 2661 5009 est
2712 4951 2768 5005 in
2813 4947 3080 5020 corporali
3107 4953 3368 5012 creatura,
3399 4937 3596 4999 secun-i

2009 5056 2139 5111 dum
2196 5064 2356 5121 quam
2421 5045 2621 5099 dictum
2678 5048 2773 5107 est,
2833 5038 2959 5109 quia
3011 5041 3201 5091 cuncta
3229 5048 3351 5104 quae
3397 5031 3598 5087 fecerat

2011 5154 2155 5208 Deus
2182 5151 2335 5203 erant
2361 5142 2518 5197 valde
2546 5140 2691 5195 bona
2740 5137 2900 5205 (Gen.
2930 5134 2991 5204 ι).
3032 5130 3436 5200 Contemplatur
3463 5143 3597 5198 quod

2011 5255 2114 5310 que
2138 5233 2455 5307 sapientiam
2486 5236 2539 5285 et
2595 5228 2875 5284 veritatem
2926 5221 3157 5278 mundus
3203 5218 3367 5275 corde
3421 5219 3476 5271 in
3507 5217 3600 5273 illa

2011 5329 2234 5402 spiritali
2261 5331 2520 5388 creatura,
2551 5322 2618 5376 de
2657 5336 2762 5390 qua
2816 5317 3014 5372 dictum
3066 5320 3164 5379 est,
3198 5312 3323 5382 quia
3353 5309 3499 5366 facta
3523 5314 3605 5364 est

2012 5428 2079 5483 ad
2092 5425 2384 5498 imaginem
2402 5427 2451 5477 et
2462 5417 2861 5474 similitudinem
2873 5413 2969 5469 Dei
2982 5410 3182 5482 (ibid.).
3202 5407 3605 5498 Contemplatur

2012 5518 2173 5572 etiam
2210 5495 2489 5571 veritatem
2522 5516 2573 5563 et
2600 5505 2915 5578 sapientiam
2946 5502 3001 5555 in
3049 5501 3165 5571 ipso
3195 5512 3405 5553 summo
3435 5495 3600 5560 bono,

2014 5615 2067 5669 id
2096 5621 2175 5667 est
2204 5619 2437 5666 creatore
2472 5610 2603 5671 Deo,
2655 5621 2685 5659 a
2743 5618 2847 5672 quo
2903 5597 3154 5670 spiritalis
3207 5603 3467 5661 creatura,
3501 5594 3606 5649 hoc

2013 5710 2090 5757 est
2118 5702 2281 5755 homo
2338 5698 2556 5751 interior
2609 5701 2834 5757 creatus,
2874 5686 3192 5758 justiﬁcatus
3234 5692 3287 5739 et
3321 5680 3611 5738 beatiﬁca-‘

2013 5804 2095 5851 tus
2142 5801 2237 5851 est.
2295 5790 2533 5848 Laminae
2579 5797 2757 5844 autem
2788 5800 2963 5842 aurem
2991 5783 3183 5837 domus
3231 5774 3611 5849 sontemplatio'

2014 5880 2115 5943 Del
2147 5879 2227 5941 est
2252 5873 2310 5939 in“
2335 5876 2445 5939 vita
2471 5872 2733 5951 spiritali:
2763 5869 2904 5932 clavi
2931 5874 3059 5931 vero
3093 5865 3241 5928 aurei
3279 5860 3473 5942 quibus
3519 5860 3608 5922 la-
