3972 6438
443 433 582 488 1239

1547 423 1882 480 WERNBBI
1921 421 2213 478 ABBATIS
2250 422 2314 479 S.
2362 423 2583 480 BLASII

3619 428 3760 483 12M)

446 552 613 611 mina
642 565 824 608 aurea
851 548 1025 607 aﬁixa
1073 549 1308 617 fuerant,
1343 546 1592 621 quadam
1645 546 2045 602 delectationes
2075 547 2132 607 A
2163 547 2360 603 ostium
2390 546 2676 604 fabricavit
2701 549 2867 618 (Gen.
2897 547 2973 617 v1)
3008 564 3020 603 :
3064 547 3187 620 quia
3238 562 3384 614 arca,
3433 546 3490 603 id
3531 557 3615 604 est
3643 549 3759 605 Ec-

453 648 601 708 sunt,
633 639 832 713 quibus
862 639 1094 712 quisque
1122 638 1451 703 delectatur,
1482 652 1609 693 cum
1641 635 1801 690 fuerit
1828 635 1882 690 in
1912 651 2053 691 con-

454 729 826 801 templatione.
852 726 1049 783 Aﬁixio
1079 735 1261 784 autem
1292 727 1569 781 clavorum
1600 726 1777 792 major
1805 724 2053 779 delecta—

457 829 535 884 tio
557 837 641 884 est
671 827 950 892 virtutum,
999 842 1160 898 quam
1220 825 1453 897 quisque
1509 823 1771 897 spiritalis
1810 822 2055 889 habebit,

457 917 552 991 qui
583 916 745 973 vitam
775 915 1247 986 contemplativam
1270 913 1516 969 duxerit.

532 1013 670 1070 Cum
699 1014 865 1085 igitur
889 1012 1010 1070 hac
1031 1012 1229 1068 domus
1258 1019 1371 1067 tres
1398 1010 1455 1065 in
1498 1009 1656 1066 nobis
1690 1007 2054 1076 adiﬁcantur,

460 1111 515 1160 et
543 1118 645 1159 nos
677 1102 773 1158 toti
800 1100 1068 1158 efﬁcimur
1099 1101 1298 1156 domus
1344 1098 1470 1155 Dei.
1524 1100 1737 1169 Corpus
1777 1097 1922 1153 enim
1952 1112 2058 1152 no-

459 1199 636 1248 strum
659 1191 854 1246 domus
878 1189 979 1246 Dei
1008 1188 1239 1246 eﬁicitur
1278 1195 1505 1260 propter
1533 1187 1788 1259 primam,
1838 1185 2062 1257 spiritus

458 1295 653 1345 noster
677 1296 906 1360 propter
933 1287 1252 1353 secundam,
1286 1302 1442 1342 mens
1467 1294 1659 1342 nostra
1687 1293 1913 1357 propter
1949 1292 2062 1340 ter-

459 1377 610 1434 tiam.
642 1377 775 1433 Hac
806 1376 1003 1432 domus
1018 1374 1293 1446 spiritalis,
1317 1375 1374 1430 id
1399 1382 1482 1430 est
1502 1373 1768 1445 templum
1798 1372 2061 1429 Ecclesia

350 1499 354 1502 ι
457 1466 581 1532 Dei,
613 1481 688 1521 vn
718 1465 879 1520 annis
932 1480 967 1520 ι
1021 1464 1313 1520 Salomone
1360 1461 1739 1526 adiﬁcabitur,
1803 1461 1933 1533 quia
1963 1478 2062 1532 per

459 1561 635 1610 totum
666 1561 883 1625 tempus
912 1552 1073 1622 hujus
1120 1552 1312 1608 saculi
1370 1551 1513 1624 quod
1546 1566 1643 1607 vnt
1679 1550 1874 1606 diebus
1904 1550 2060 1606 evol-

460 1651 629 1720 vitur,
654 1658 931 1708 structura
958 1649 1105 1705 illius
1142 1666 1363 1722 semper
1402 1657 1813 1723 augmentatur.
1852 1647 2061 1705 Octavo

459 1748 647 1797 autem
704 1754 855 1796 anno
902 1738 1048 1795 idem
1106 1739 1372 1796 Salomon
1421 1740 1565 1796 hanc
1620 1739 1799 1810 ipsam
1830 1737 2058 1792 domum

460 1829 699 1887 Domino
728 1827 1022 1894 dedicavit,
1054 1836 1108 1883 et
1136 1828 1346 1884 cunctis
1399 1828 1524 1883 ﬁliis
1565 1827 1733 1883 Israel
1764 1825 2062 1883 celeberri-

2161 636 2332 693 clesia
2352 637 2558 693 ostium
2591 636 2717 692 ﬁdei
2748 646 2797 692 et
2829 637 3019 693 salutis
3046 637 3115 693 de
3138 637 3305 692 latere
3328 637 3524 693 Christi
3543 637 3758 693 habuit.

2162 727 2320 784 Unde
2350 726 2616 784 Dominus
2647 727 2699 781 in
2732 727 2956 783 canticis
2991 742 3004 782 :
3042 751 3064 775 «ι
3101 726 3295 798 Surge,
3329 726 3504 782 amica
3530 743 3673 793 mea,
3709 734 3764 782 et

2166 826 2311 893 veni,
2352 826 2609 883 columba
2637 842 2777 892 mea,
2808 826 2863 881 in
2914 825 3273 884 foraminibus
3301 834 3467 897 petra
3511 825 3756 893 (Cantia.

2166 916 2255 985 tt).
2296 937 2319 963 ιι
2345 914 2517 988 Surge
2546 930 2579 970 a
2607 915 2951 987 corruptione
2977 914 3255 981 vitiorum,
3273 920 3327 971 et
3357 913 3481 971 veni
3502 931 3599 985 per
3617 931 3760 986 ope-

2163 1004 2432 1060 rationem
2464 1004 2688 1069 bonam,
2719 1004 3015 1061 considens
3068 1003 3126 1060 in
3169 1003 3525 1060 foraminibus
3552 1012 3751 1075 petra.

2170 1101 2454 1158 Foramina
2483 1108 2651 1172 petra
2676 1100 2905 1158 vulnera
2933 1100 3140 1156 Christi
3169 1106 3313 1165 sunt,
3346 1100 3437 1171 qui
3469 1107 3550 1155 est
3576 1108 3758 1171 petra,

2167 1190 2223 1246 id
2251 1198 2331 1246 est
2370 1189 2598 1245 ﬁrmitas
2627 1190 2910 1247 Ecclesia.
2941 1190 3096 1247 Unde
3154 1189 3441 1260 Apostolus
3468 1206 3484 1245 :
3512 1212 3533 1237 ι
3597 1189 3761 1245 Petra

2168 1287 2349 1335 autem
2379 1287 2491 1335 erat
2535 1278 2779 1335 Christus
2836 1279 2890 1348 (Ι
2940 1281 3061 1336 Cor.
3095 1279 3172 1349 x).
3207 1300 3229 1327 ιο
3277 1277 3407 1334 Ideo
3433 1277 3594 1352 igitur
3620 1293 3763 1351 pra-

2167 1376 2313 1431 misit
2362 1376 2656 1447 Apostolus
2704 1376 2849 1447 quod
2908 1376 3055 1430 Deus
3101 1374 3319 1431 tradidit
3365 1391 3424 1431 se
3469 1382 3525 1430 et
3562 1382 3760 1447 postea

2168 1465 2470 1533 subjunxit,
2510 1488 2531 1513 α
2593 1472 2651 1519 ut
2679 1463 3045 1521 sanctiﬁcaret
3073 1463 3289 1520 lavacro
3324 1486 3346 1514 υ
3382 1463 3748 1535 baptismatis.

2169 1553 2469 1626 Sequitur:
2506 1574 2528 1600 ι
2566 1552 2628 1607 In
2658 1553 2827 1608 verbo
2881 1552 3025 1622 vita,
3079 1553 3207 1624 quia
3266 1551 3423 1607 nobis
3460 1551 3761 1624 redemptis

2169 1650 2458 1723 baptizatis
2494 1650 2741 1717 verbum,
2771 1651 2826 1706 id
2855 1657 2940 1706 est
2971 1658 3244 1721 pracepta
3274 1649 3762 1706 Domininecessa-

2168 1740 2270 1807 ria,
2304 1757 2427 1813 qua
2456 1746 2581 1795 sunt
2625 1739 2767 1808 vita,
2827 1738 2949 1811 quia
3005 1755 3115 1794 non
3172 1738 3226 1793 in
3284 1737 3405 1794 solo
3449 1753 3589 1809 pane
3627 1738 3764 1794 vivit

2171 1830 2355 1893 homo,
2381 1829 2480 1884 sed
2500 1828 2552 1883 in
2576 1828 2723 1884 omni
2757 1827 2929 1884 verbo
2963 1827 3178 1884 Domini
3217 1828 3434 1897 (Matth.
3461 1827 3557 1898 tv).
3581 1849 3603 1876 ι
3630 1825 3762 1883 ldeo

462 1941 615 1982 mam
641 1941 708 1982 ac
736 1925 1024 1980 maximam
1069 1925 1471 1980 solemnitatem
1513 1923 1874 1980 dedicationis
1902 1921 2060 1978 exhi-
2092 1900 2148 1962 B
2172 1927 2241 1982 ad
2271 1927 2470 1982 ostium
2501 1925 2840 1982 tabernaculi
2893 1933 3010 1981 erat
3067 1925 3240 1997 posita
3281 1939 3473 1980 mensa
3499 1924 3760 1995 proposi-

467 2014 612 2071 buit.
679 2013 817 2083 Qua
864 2012 1108 2086 profecto
1163 2014 1437 2069 dedicatio
1482 2012 1737 2085 designat
1778 2019 2063 2066 venturam

464 2103 819 2161 festivitatem
849 2102 1172 2159 universalis
1201 2101 1647 2159 resurrectionis.
1683 2102 1825 2157 Nam
1855 2116 1978 2157 cum
2008 2099 2060 2155 in

467 2198 584 2257 ﬁne
611 2198 799 2256 mundi
853 2198 1156 2271 completus
1215 2198 1376 2255 fuerit
1430 2215 1691 2257 numerus
1737 2198 2059 2263 electorum,

462 2305 592 2347 mox
621 2295 881 2346 secutura
907 2297 988 2344 est
1016 2288 1332 2345 solemnitas
1357 2288 1451 2345 diu
1479 2288 1812 2345 desiderata
1841 2288 2064 2343 immor-

466 2376 715 2433 talitatis.
744 2378 1083 2449 Peractaque
1109 2378 1384 2433 communi
1418 2377 1822 2434 resurrectione
1870 2391 2063 2432 omnes

468 2467 566 2540 qui
583 2466 654 2521 ad
668 2463 881 2537 paciﬁci
900 2465 1070 2540 regis,
1091 2466 1206 2522 veri
1236 2466 1444 2523 scilicet
1467 2466 1798 2532 Salomonis,
1823 2481 2061 2538 regnum

464 2564 766 2637 pertinent,
798 2570 999 2620 aterna
1053 2564 1256 2637 gaudia
1309 2565 1504 2637 patria
1555 2563 1795 2621 calestis
1842 2578 1966 2619 cum
1997 2578 2063 2619 eo

465 2652 770 2709 intrabunt.
807 2652 896 2709 Ad
932 2668 1092 2725 quam
1121 2652 1353 2724 patriam
1383 2669 1497 2708 sua
1535 2662 1810 2725 perpetua
1839 2651 2063 2708 visionis

464 2757 571 2798 nos
598 2756 792 2797 omnes
819 2741 1028 2813 pariter
1069 2741 1234 2797 Jesus
1284 2742 1531 2797 Christus
1579 2740 1844 2797 Dominus
1880 2749 2065 2797 noster

465 2838 802 2906 introducat,
834 2840 929 2912 qui
960 2839 1091 2895 vivit
1144 2845 1202 2895 et
1258 2848 1455 2911 regnat
1507 2839 1563 2893 in
1591 2838 1797 2894 unitate
1828 2838 2063 2909 Spiritus

466 2928 641 2984 sancti
672 2944 773 3001 per
801 2929 987 2985 omnia
1017 2928 1217 2984 saecula
1247 2928 1597 2985 sa'culorum.
1630 2932 1828 2983 Amen.

807 3034 1043 3092 SERMO
1084 3036 1179 3092 DE
1218 3035 1651 3092 DEDICATION
1661 3038 1699 3091 E
1713 3077 1727 3091 .

544 3165 568 3197 s
610 3141 860 3199 Christus
887 3143 1080 3199 dilexit
1101 3143 1425 3211 Ecclesiam,
1467 3151 1520 3199 et
1550 3143 1790 3215 seipsum
1835 3141 2062 3198 tradidit

456 3248 561 3307 pro
608 3247 696 3300 ea,
754 3240 813 3288 ut
858 3231 1008 3289 illam
1069 3231 1451 3300 sanctiﬁcaret,
1521 3234 1795 3288 mundans
1839 3231 2059 3288 lavacro
2089 3257 2141 3322 α

463 3338 623 3396 aqua
653 3322 709 3379 in
740 3321 912 3378 verbo
945 3322 1086 3389 vita,
1144 3330 1203 3378 ut
1258 3322 1539 3378 exhiberet
1575 3324 1694 3394 ipse
1725 3321 1830 3377 sibi
1853 3321 2060 3393 glorio-

460 3438 578 3479 sam
598 3421 923 3483 Ecclesiam.
948 3437 1058 3477 non
1092 3421 1385 3477 habentem
1425 3421 1722 3488 maculam,
1750 3437 1931 3493 neque
1962 3437 2061 3476 ru-

461 3526 613 3586 gam,
647 3512 746 3568 sed
783 3518 843 3565 ut
882 3510 953 3566 sit
980 3518 1176 3566 sancta
1205 3517 1259 3567 et
1288 3510 1641 3567 immaculata
1666 3511 1895 3583 (Ephes.
1920 3510 1996 3581 v).
2036 3531 2058 3558 ι

458 3601 680 3667 Audite,
772 3598 967 3656 fratres
1037 3599 1368 3666 cbarissimi,
1445 3600 1753 3672 apostolum
1831 3600 2064 3654 Paulum

466 3697 718 3752 nuntium
774 3703 976 3752 nostra
1041 3694 1409 3761 exaltationis,
1476 3710 1790 3766 praconem
1862 3703 2065 3750 nostra

463 3785 764 3859 dignitatis.
792 3783 991 3840 Audite
1044 3791 1250 3856 quanto
1304 3783 1393 3839 vel
1424 3784 1571 3853 quali
1600 3798 1789 3839 amore
1819 3783 2065 3851 Christus

463 3875 787 3945 conjunctus
812 3879 898 3929 est
925 3872 1193 3930 Ecclesia
1218 3890 1232 3939 ;
1267 3881 1530 3944 quantam
1560 3872 1794 3945 gratiam
1829 3873 2067 3929 ostendit

461 3971 520 4027 in
551 3970 709 4027 vobis
738 3986 852 4026 sua
884 3969 1303 4026 misericordia.
1368 3970 1463 4024 Ait
1520 3968 1707 4025 enim:
1745 3992 1769 4017 α
1806 3968 2066 4026 Christus

463 4058 658 4115 dilexit
692 4058 1045 4128 Ecclesiavuln
1080 4074 1145 4113 ex
1176 4057 1414 4130 gratuita
1452 4057 1714 4124 bonitate,
1747 4073 1855 4113 non
1873 4072 1936 4113 ex
1955 4074 2069 4113 me-

464 4149 697 4205 ritorum
755 4147 1132 4220 processione,
1190 4145 1319 4218 quia
1374 4145 1525 4218 prior
1568 4146 1759 4202 dilexit
1786 4162 1912 4202 nos.
1960 4146 2069 4202 Sed

466 4242 733 4309 quantum
763 4235 1022 4291 dilexerit
1064 4235 1268 4291 audite.
1307 4258 1329 4283 ιι
1388 4235 1641 4306 Seipsum
1700 4233 1917 4290 tradidit
1969 4250 2069 4307 pro

472 4340 561 4393 ea,
598 4345 621 4372 υ
656 4332 708 4379 et
736 4339 834 4396 pro
865 4323 986 4393 ejus
1012 4323 1418 4396 redemptione.
1464 4325 1587 4380 Non
1637 4324 1782 4379 misit
1829 4328 2068 4397 prephe-

474 4428 585 4477 tam
618 4436 633 4483 ;
664 4435 775 4476 non
804 4419 1082 4491 angelum,
1116 4436 1229 4475 non
1259 4420 1674 4494 archangelum,
1696 4421 1793 4476 sed
1812 4431 1870 4477 ut
1890 4422 2072 4478 bonus

470 4518 663 4586 pastor
689 4509 870 4582 posuit
898 4509 1136 4565 animam
1162 4526 1312 4563 suam
1344 4525 1446 4581 pro
1490 4509 1687 4565 ovibus
1737 4510 1853 4566 suis
1882 4513 2069 4581 (Joan.

2169 2016 2355 2080 tionis,
2389 2031 2555 2087 super
2584 2030 2745 2085 quam
2798 2022 2954 2071 erant
3008 2028 3091 2069 χιι
3136 2029 3308 2086 panes
3354 2014 3556 2086 (Lavit.
3587 2013 3759 2084 xxiv),

2172 2105 2296 2177 quia
2325 2103 2757 2178 ingredientibus
2814 2102 3117 2160 Ecclesiam
3166 2102 3479 2159 necessaria
3525 2110 3607 2159 est
3633 2117 3763 2158 esca

2169 2202 2429 2259 doctrina
2457 2211 2509 2258 et
2538 2216 2730 2259 mensa
2757 2200 3062 2256 divinarum
3103 2200 3524 2272 Scripturarum,
3554 2199 3608 2254 in
3635 2199 3760 2273 qui-

2169 2291 2272 2349 bus
2299 2291 2585 2347 sententia
2614 2306 2691 2345 xtt
2720 2290 3091 2360 apostolorum
3120 2289 3482 2355 continentur,
3532 2288 3623 2360 qui
3658 2302 3763 2359 per

2170 2397 2246 2436 χιι
2277 2396 2451 2450 panes
2486 2377 2887 2451 signiﬁcantur.
2928 2379 2993 2434 Et
3047 2378 3171 2434 ideo
3218 2376 3595 2441 sanctiﬁcavit,
3634 2398 3656 2424 α
3707 2381 3762 2430 ut

2170 2468 2451 2525 exhiberet
2481 2468 2584 2523 sibi
2614 2468 2921 2540 gloriosam
2953 2466 3277 2529 Ecclesiam,
3312 2489 3335 2516 ν
3370 2466 3761 2538 perimmorta-

2170 2567 2398 2628 litatem,
2426 2589 2448 2613 α
2478 2579 2585 2619 non
2614 2564 2905 2619 habentem
2936 2564 3210 2620 maculam
3248 2585 3269 2612 »ι
3305 2563 3491 2635 magni
3534 2561 3758 2634 peccati,

2175 2679 2197 2704 α
2234 2670 2411 2726 neque
2441 2668 2637 2725 rugam
2674 2673 2696 2703 ι
2732 2652 2963 2722 alicujus
2993 2651 3180 2707 livoris
3208 2674 3229 2700 ιι
3260 2651 3355 2706 sed
3387 2654 3577 2706 sancta
3613 2673 3635 2695 ο
3660 2649 3762 2704 vir-

2169 2743 2373 2800 tutibus
2407 2766 2429 2791 u
2465 2750 2517 2798 et
2551 2741 2900 2798 immaculata
2926 2764 2948 2789 η
2983 2756 3016 2796 a
3054 2740 3216 2797 vitiis.
3248 2740 3369 2795 Vult
3401 2739 3542 2794 enim
3576 2737 3761 2794 Domi-

2170 2859 2273 2898 nus
2302 2842 2356 2897 in
2388 2842 2594 2896 munda
2624 2841 2746 2895 aula
2793 2841 3035 2896 habitare
3068 2859 3080 2895 :
3118 2839 3316 2894 decore
3363 2837 3624 2892 virtutum
3662 2853 3758 2892 or-

2169 2940 2327 2988 nata.
2366 2931 2521 2987 Unde
2550 2930 2844 2985 Psalmista
2879 2948 2890 2985 :
2919 2953 2941 2977 α
3004 2927 3254 2993 Domine,
3313 2925 3482 2981 dilexi
3510 2924 3761 2981 decorem

2172 3023 2367 3077 domus
2406 3020 2706 3088 tua(Psat.
2742 3019 2895 3089 xxv).
2938 3041 2960 3067 υ
3000 3018 3064 3073 Et
3094 3017 3224 3071 alibi
3247 3015 3319 3071 ait
3348 3014 3526 3070 David
3558 3014 3626 3069 ad
3663 3013 3763 3069 Ec-

2170 3116 2395 3173 clesiam
2430 3135 2443 3172 :
2482 3136 2504 3167 ι
2541 3117 2607 3172 Et
2627 3116 2982 3187 concupiscet
3012 3131 3101 3169 rex
3135 3113 3391 3169 decorem
3422 3119 3569 3165 tuum
3587 3110 3762 3180 (Psal.

2169 3207 2332 3271 xui).
2378 3226 2399 3256 »
2436 3205 2572 3262 Huic
2602 3209 2785 3260 autem
2818 3204 3078 3261 Ecclesia
3110 3203 3183 3258 ita
3212 3201 3426 3257 dilecta
3455 3208 3509 3256 et
3538 3200 3764 3255 Domino

2171 3297 2519 3367 desponsata
2555 3294 2853 3350 thalamum
2883 3302 2937 3348 et
2966 3294 3188 3349 domum
3211 3290 3495 3349 constituit
3512 3290 3680 3356 Deus,
3711 3288 3765 3343 in

2172 3411 2279 3467 qua
2309 3410 2431 3450 cum
2449 3394 2664 3465 Sponso
2687 3407 2786 3447 suo
2817 3389 3115 3447 delectetur
3133 3406 3232 3462 per
3252 3386 3766 3461 pradicationisdo-

2172 3483 2421 3552 ctrinam,
2456 3491 2509 3538 et
2540 3481 2697 3553 lapsa
2725 3480 3109 3538 reconcilietur
3153 3493 3254 3551 per
3286 3474 3687 3533 confessionem
3714 3481 3781 3541 et,

2171 3571 2561 3645 panitentiam.

2245 3679 2345 3735 llic
2372 3677 2547 3746 locus,
2604 3676 2802 3732 fratres
2848 3674 3178 3740 cbarissimi,
3222 3674 3319 3730 ubi
3360 3672 3523 3730 modo
3563 3685 3766 3729 conve-

2172 3767 2352 3833 nistis,
2387 3775 2611 3822 vocatur
2640 3765 2876 3823 ecclesia
2916 3766 3038 3821 sive
3071 3764 3323 3821 basilica.
3359 3762 3604 3819 Ecclesia
3632 3775 3766 3816 con-

2174 3858 2390 3914 vacatio
2428 3856 2833 3927 interpretatur,
2901 3854 3029 3927 quia
3076 3854 3167 3910 hic
3219 3868 3413 3909 omnes
3446 3849 3606 3907 simul
3633 3865 3766 3905 con-

2175 3963 2454 4022 vocantur,
2479 3960 2538 4008 ut
2577 3952 2868 4025 designent
2901 3952 3024 4022 quia
3052 3966 3245 4007 omnes
3273 3950 3328 4006 in
3357 3950 3548 4006 eadem
3579 3947 3684 4003 fide
3717 3953 3770 4002 et

2176 4042 2465 4099 dilectione
2495 4041 2630 4096 uniti
2661 4057 2825 4096 unum
2864 4056 3066 4111 corpus
3125 4038 3263 4095 riunt
3295 4057 3308 4094 :
3362 4038 3613 4098 Basilica.
3645 4034 3768 4107 quia

2176 4131 2377 4204 regalis
2406 4130 2601 4185 domus
2634 4137 2738 4196 est,
2762 4128 3001 4184 basileus
3030 4128 3175 4184 enim
3212 4143 3311 4184 rex
3343 4127 3538 4183 dicitur
3560 4125 3765 4194 Graec,

2178 4229 2306 4303 quia
2336 4228 2426 4285 hic
2455 4236 2536 4285 est
2564 4226 2879 4282 inhabitatio
2928 4225 3044 4282 veri
3070 4224 3254 4298 Regis.
3288 4225 3409 4296 Ipsa
3454 4221 3768 4295 compositio

2178 4319 2374 4375 domus
2404 4333 2501 4373 vos
2525 4316 2597 4372 ad
2627 4316 2754 4372 vita
2803 4322 2994 4372 vestra
3030 4314 3427 4369 institutionem
3468 4316 3770 4369 commovet

2179 4406 2600 4464 recordandam.
2634 4405 2771 4460 Sunt
2818 4405 2964 4460 enim
3022 4401 3251 4460 aedificio
3302 4404 3463 4472 hujus
3518 4400 3767 4456 materia-

2181 4504 2249 4560 lis
2277 4505 2529 4561 ecclesia
2553 4504 2777 4560 diversa
2824 4502 3090 4568 membra,
3148 4519 3268 4575 qua
3296 4500 3508 4572 aliquid
3538 4499 3590 4555 in
3617 4498 3767 4555 nobis

470 4608 550 4680 x),
580 4616 640 4664 ut
662 4624 723 4664 se
750 4606 1085 4663 humiliando
1114 4623 1217 4663 nos
1242 4607 1329 4662 .ad
1387 4608 1742 4664 humilitatem
1793 4625 1958 4665 suam
1984 4610 2068 4665 in-
2098 4615 2156 4679 D
2183 4603 2371 4651 notare
2425 4594 2695 4650 videntum
2758 4593 2856 4648 Est
2913 4593 3058 4649 enim
3106 4591 3163 4646 in
3202 4592 3300 4647 hac
3330 4588 3559 4647 ecclesia
3589 4591 3764 4680 caput.

467 4699 665 4754 vitaret
694 4716 709 4766 ;
744 4696 1046 4753 bumiliavit
1072 4696 1217 4752 enim
1250 4714 1310 4753 se
1341 4714 1511 4770 usque
1543 4698 1613 4752 ad
1660 4707 1913 4765 mortem,
1948 4707 2058 4755 etc.

470 4786 755 4859 (Philipp.
790 4786 874 4856 tt),
908 4786 1011 4841 hoc
1039 4786 1211 4840 estad
1243 4795 1473 4841 mortem
1494 4784 1738 4848 latronis,
1770 4785 1897 4842 ideo
1918 4788 2070 4858 prius

470 4891 536 4933 se
564 4874 803 4941 tradidit,
835 4883 889 4930 ut
938 4882 1129 4946 postea
1176 4874 1327 4929 illam
1379 4872 1767 4951 sanctiﬁcaret,
1797 4875 2071 4931 mundans

470 4975 690 5034 lavacro
711 4992 868 5048 aqua
897 4975 1265 5048 baptismatis.
1297 4976 1446 5032 Νιιιὶι
1476 4977 1621 5031 enim
1667 4977 1949 5047 potestatis
1979 4992 2070 5034 ac-

469 5066 682 5139 ciperet
711 5066 856 5122 unda
887 5065 1245 5137 baptismatis,
1271 5064 1377 5120 nisi
1424 5082 1494 5120 ex
1552 5064 1817 5123 effusione
1841 5067 2069 5140 sangui—

469 5165 556 5222 nis
577 5180 723 5239 aqua
751 5161 1187 5221 sanctiﬁcaretur
1213 5163 1267 5218 in
1290 5162 1528 5221 oﬁicium
1555 5165 1917 5237 purgationis.
1968 5166 2068 5221 Di-

475 5255 621 5313 citur
646 5255 815 5327 igitur
844 5261 972 5308 nata
999 5251 1248 5309 Ecclesia
1300 5252 1369 5309 de
1426 5252 1600 5309 latere
1645 5253 1871 5310 Christi.
1911 5253 2071 5323 Quod

474 5353 795 5429 mysterium
822 5351 893 5406 ab
922 5349 1077 5406 initio
1105 5350 1289 5405 mundi
1312 5349 1409 5405 fuit
1444 5350 1497 5405 in
1528 5351 1705 5406 Adam
1737 5352 2069 5423 praefigura-

470 5450 606 5499 tutn.
638 5440 874 5497 immisit
904 5440 1049 5495 enint
1097 5439 1371 5496 Dominus
1418 5455 1672 5510 soporem
1698 5441 1752 5495 in
1783 5442 1982 5505 Adam,
2016 5449 2071 5497 et

470 5532 593 5588 tulit
614 5547 776 5587 unam
808 5530 878 5587 de
907 5530 1080 5587 costis
1101 5530 1239 5600 ejus,
1265 5538 1321 5585 et
1337 5529 1461 5584 fecit
1484 5529 1766 5585 mulierem
1798 5532 1958 5601 (Gen.
1984 5536 2065 5601 ιι).

468 5626 739 5684 Dormitio
768 5627 903 5684 Ada
940 5633 1172 5683 mortem
1222 5627 1426 5682 Christi
1467 5625 1764 5700 signiﬁcat.
1819 5626 1980 5697 Quod
2009 5627 2068 5683 in

466 5730 632 5771 cruce
686 5716 980 5786 pendente,
1043 5715 1273 5788 sanguis
1321 5724 1376 5771 et
1426 5731 1571 5788 aqua
1626 5716 1695 5772 de
1741 5716 1911 5772 latere
1952 5716 2068 5786 ejus

466 5802 765 5858 fluxerunt.
807 5803 943 5870 Qua
972 5804 1081 5859 duo
1108 5813 1447 5860 sacramenta
1468 5812 1595 5859 sunt
1614 5812 1763 5860 ortus
1777 5806 2060 5862 Ecclesia.

458 5889 579 5950 Noe
624 5889 787 5945 etiam
845 5904 1031 5946 arcam
1087 5891 1297 5947 faciens
1374 5893 1429 5945 in
1503 5892 1728 5963 diluvio,
1781 5892 1835 5947 in
1893 5893 2063 5949 latere

2185 4685 2345 4740 turris
2394 4700 2517 4740 cum
2574 4682 2882 4753 campanis,
2931 4681 3202 4738 columna
3257 4687 3643 4741 sustentantes,
3697 4675 3768 4731 fe-

2176 4791 2398 4846 nostra,
2424 4782 2645 4847 ostium,
2670 4782 2780 4837 duo
2823 4780 3081 4850 parietes,
3136 4778 3349 4850 lapides
3389 4776 3587 4850 singuli
3615 4774 3767 4832 colli-

2177 4871 2290 4943 gati
2318 4887 2441 4928 cum
2472 4878 2766 4935 caemento,
2800 4885 2922 4941 qua
2977 4884 3164 4924 omnia
3207 4867 3439 4938 mystice
3486 4864 3689 4937 aliquid
3717 4863 3765 4918 in

2176 4960 2336 5017 nobis
2364 4959 2670 5032 designant.
2713 4958 2885 5028 Caput
2936 4956 3086 5013 enim
3145 4956 3415 5011 Christum
3473 4951 3765 5027 signiﬁcat,

2179 5058 2273 5132 qui
2299 5066 2382 5115 est
2408 5065 2571 5129 caput
2600 5056 2884 5124 Ecclesia,
2917 5063 2976 5110 ut
3003 5055 3075 5110 ait
3108 5052 3436 5126 Apostolus:
3470 5051 3523 5107 in
3558 5065 3665 5120 quo
3693 5056 3769 5105 est

2177 5159 2471 5213 thesaurus
2494 5155 2810 5211 divinorum
2845 5160 3189 5211 secretorum
3217 5150 3530 5208 reconditus
3549 5149 3766 5214 (Colon.

2177 5248 2263 5320 ιι).
2324 5247 2498 5317 Caput
2540 5244 2687 5301 enim
2744 5244 2871 5298 ideo
2938 5240 3201 5297 humilius
3249 5249 3332 5298 est
3379 5254 3609 5311 corpore
3647 5237 3769 5310 quia

2177 5343 2480 5401 humiliavit
2540 5358 2600 5398 se
2674 5340 2922 5397 Christus
3003 5354 3226 5395 carnem
3286 5336 3432 5394 servi
3500 5334 3768 5407 accipiens

2179 5434 2452 5505 (Philipp.
2486 5434 2547 5502 ιι)
2573 5448 2602 5485 a
2633 5431 2768 5495 Deo,
2821 5429 2967 5501 quod
3024 5428 3205 5484 minor
3261 5425 3412 5483 ﬁeret
3454 5425 3666 5495 angelis
3695 5439 3766 5479 se-

2179 5522 2428 5594 cundum}
2459 5520 2863 5575 humanitatem.
2924 5516 3184 5587 Quandiu
3230 5515 3410 5570 minor
3441 5513 3651 5586 angelis
3679 5512 3769 5568 fuit

2177 5618 2453 5690 passibilis
2482 5615 2707 5672 effectus
2737 5624 2840 5682 est,
2873 5614 2972 5670 sed
3000 5620 3126 5683 post
3177 5611 3627 5668 resurrectionem
3656 5609 3767 5664 ele-

2177 5716 2333 5765 vatus
2364 5716 2447 5762 est
2474 5721 2641 5775 super
2666 5703 2922 5777 angelos.
2962 5702 3096 5773 Qua
3120 5709 3345 5774 utraque
3376 5699 3631 5773 designat
3656 5700 3765 5754 Da-

2176 5806 2268 5861 vid
2298 5805 2488 5860 dicens
2523 5821 2535 5859 :
2568 5827 2590 5851 α
2622 5802 2865 5859 Minuisti
2894 5817 3019 5857 eum
3067 5799 3230 5871 paulo
3259 5798 3439 5854 minus
3467 5797 3537 5852 ab
3566 5796 3769 5869 angelis

2179 5895 2331 5950 Psal.
2372 5895 2518 5963 νιη),
2557 5916 2578 5940 ιο
2618 5890 2742 5961 quia
2799 5898 2990 5946 natura
3048 5888 3283 5946 humana
3312 5884 3606 5959 passibilis,
3645 5901 3768 5941 con
