3972 6466
192 431 218 485 1
233 429 318 487 24
331 431 360 486 1
1187 429 1765 490 DEFLORATIONES
1807 429 1852 484 Si

1965 429 2268 486 PATRUM.
2313 459 2381 470 —
2419 430 2554 485 LIB.
2601 429 2676 485 ll.
3421 429 3559 486 1242

189 554 564 627 ruptibilis,
614 555 857 610 mortalis
909 555 1154 628 angelica
1194 557 1379 611 minor
1421 563 1531 610 erat
1562 570 1576 623 ;
1611 553 1704 608 sed
1747 560 1872 623 post
1901 554 1957 614 Α
1987 553 2203 608 excitat.
2224 553 2385 608 Unde
2415 561 2465 607 et
2496 553 2685 624 quaerit
2716 560 2910 619 mater,
2959 553 3148 608 dicens
3183 553 3238 608 in
3287 552 3563 610 Canticis:

195 652 768 719 resurrectionem,
825 653 952 724 quia
995 653 1412 708 immortalitatis
1457 653 1664 706 honore
1704 667 1873 706 coro-
1966 666 1986 688 α
2027 642 2143 695 Filii
2175 643 2359 695 matris
2391 658 2524 696 mea?
2553 651 2934 713 pugnaverunt
2975 650 3163 698 ϐοτη-τε
3213 658 3317 698 πιε·
3372 644 3563 710 (σηπία

195 751 368 806 uasti
408 767 572 805 eum
607 760 659 805 et
692 751 1014 807 constituisti
1045 767 1166 806 eum
1198 768 1366 821 super
1410 766 1573 819 Opera
1617 765 1852 802 manuun

1974 732 2059 801 i);
2116 740 2168 784 et
2215 731 2341 785 alibi
2388 748 2401 784 :
2454 755 2475 778 ιι
2532 731 2700 786 Filios
2754 731 2984 785 enutrivi
3035 739 3088 784 et
3135 731 3385 795 exaltavi,
3435 740 3563 799 etc.,

196 849 458 898 tuarum
495 845 726 914 (ibid)
760 843 813 896 id
832 849 913 896 est
945 857 1110 910 super
1138 818 1367 910 angelos
1397 818 1456 893 et
1477 839 1742 897 homines.
1783 857 1851 910 qu

1981 820 2116 887 (lsa.
2157 821 2216 888 ι).
2253 843 2274 866 ιι
2309 818 2444 887 Quae
2474 820 2648 886 major
2680 819 2979 888 despectio,
3007 836 3129 890 qua:
3169 820 3342 889 major
3388 819 3568 874 viola-

195 933 479 1002 prOprie
517 949 702 1005 Opera
732 931 829 987 Dei
847 930 1096 985 videntur
1117 938 1340 999 propter
1356 929 1669 1000 dignitatem
1695 944 1845 982 suam

1980 918 2072 981 tio,
2105 934 2225 989 qua:
2250 917 2419 984 major
2447 916 2720 971 temeritas
2757 932 2919 988 quam
2977 916 3030 970 in
3080 916 3201 972 loco
3246 925 3455 982 sancto,
3513 917 3571 972 in

199 1027 355 1098 quia
396 1003 732 1085 rationales
754 1035 894 1091 sunt,
948 1027 1102 1098 quasi
1150 1027 1296 1080 Deus
1338 1026 1574 1097 propriis
1621 1027 1872 1081 manibus
1979 1005 2106 1098 ⁸9ίὲ
2136 1005 2253 1098 De)?
2285 1006 2338 1098 ίῐξ
2368 1004 2784 1098 templ-Oeaxida
2827 1004 3030 1098 sanctis
3068 1003 3332 1098 ministris
3360 1005 3571 1098 ‘Eccle-

197 1131 321 1171 eos
359 1127 683 1173 creasset.
722 1116 916 1172 Turris
945 1124 1028 1170 est
1057 1115 1328 1169 confessio
1358 1124 1410 1168 et
1441 1115 1777 1185 pmnitentia,
1805 1131 1852 1168 at

1980 1095 2075 1150 sia:
2095 1093 2336 1148 insidiari
2368 1095 2396 1147 ‘?
2427 1095 2504 1148 De
2535 1093 2620 1148 his
2652 1093 3152 1164 clamatApostolus
3177 1111 3191 1150 :
3221 1117 3243 1140 α
3267 1092 3373 1164 Qui
3395 1093 3568 1148 viola-

199 1219 403 1276 quam
433 1206 664 1276 captivi
697 1204 965 1276 refugium
997 1204 1216 1257 habent.
1259 1203 1518 1272 Cymbala
1557 1211 1679 1258 sunt
1700 1219 1874 1258 sacer-
1981 1193 2117 1247 νθτὶι
2163 1191 2414 1263 templum
2481 1189 2601 1256 Dei.
2643 1190 2924 1262 ἀίερθτάθι
2971 1189 3122 1246 illum
3169 1191 3312 1246 Deus
3363 1191 3416 1260 (Ι
3444 1190 3564 1248 Cor.

198 1301 421 1367 dotes,
465 1301 582 1372 qui
611 1309 735 1356 sunt
752 1316 1032 1372 przecones
1068 1298 1330 1355 Ecclesiae
1360 1307 1414 1354 et
1453 1299 1523 1354 ad
1565 1299 1871 1355 confessio-
1979 1282 2084 1350 ¹ι¹)·
2131 1305 2152 1327 ¹’

202 1406 357 1446 nem
398 1391 693 1445 homines
724 1390 977 1444 invitant.
1020 1389 1174 1444 Unde
1207 1389 1459 1443 admonet
1490 1405 1588 1458 per
1627 1389 1817 1443 Isaiam
1853 1407 1866 1446 :
2308 1385 2540 1441 SERMO
2580 1386 2653 1441 IN
2705 1385 3210 1441 DEDICATIONE.

209 1503 235 1526 ιι
279 1479 548 1542 Clama,
586 1495 656 1534 ne
687 1494 890 1543 cesses,
924 1477 1080 1548 quasi
1119 1477 1246 1531 tuba
1277 1477 1455 1531 exalta
1487 1494 1673 1531 vocem
1719 1485 1868 1532 tuam

206 1568 382 1637 (Isa.
434 1569 645 1635 Lvm).
683 1589 704 1616 ι
742 1567 806 1621 Ει
827 1565 1019 1621 iterum
1049 1581 1061 1620 :
1098 1589 1118 1613 α
1146 1565 1348 1620 Audies
1370 1566 1436 1619 de
1457 1582 1552 1621 ore
1570 1583 1691 1620 meo
1711 1568 1866 1620 verba

206 1679 382 1730 mea,
421 1673 491 1719 at
540 1664 893 1718 annuntiabis
935 1665 1012 1718 eis
1062 1679 1126 1718 ex
1171 1679 1256 1717 me
1302 1665 1522 1732 (Esset.
1563 1669 1797 1731 xxxvii).
1842 1687 1864 1712 ιι

209 1753 558 1808 Columnae
591 1753 852 1808 Ecclesiae
881 1760 1006 1806 sunt
1037 1753 1449 1822 praedicatores,
1483 1752 1574 1821 qui
1604 1752 1867 1822 praedica-

209 1841 388 1897 tione
427 1857 552 1895 sua
600 1841 821 1896 domum
865 1841 963 1895 Dei
1007 1848 1354 1896 sustentant:
1388 1843 1690 1910 Argenteae,
1743 1841 1867 1913 quia

205 1938 676 2009 praedicationis
704 1939 875 1994 verbo
914 1939 1171 1992 renitent.
1222 1941 1517 2008 Argentum
1548 1946 1630 1992 est
1668 1956 1754 1993 me

205 2034 342 2089 lum
405 2034 661 2089 nitidum
723 2043 776 2089 et
837 2051 1129 2090 sonorum.
1204 2035 1358 2091 Unde
1418 2051 1514 2104 per
1577 2045 1862 2105 argentum

209 2122 551 2194 eloquium
604 2122 828 2177 nitidum
871 2132 922 2176 et
961 2139 1214 2177 sonorum
1269 2123 1605 2190 intelligitur,
1647 2123 1863 2180 dicente

208 2211 425 2267 David
469 2225 484 2265 :
531 2232 555 2263 ι
589 2211 818 2283 Eloquia
842 2211 1077 2276 Domini,
1102 2212 1315 2282 eloquia
1336 2221 1502 2275 casta,
1522 2220 1651 2276 etc.,
1674 2214 1852 2280 (Psal.

215 2317 332 2380 ιι).
381 2331 409 2357 ι
448 2310 743 2365 Ρειιειιτω
773 2309 971 2363 divinae
1017 2309 1303 2379 Scriptura:
1347 2310 1705 2380 accipiuntur,
1763 2329 1864 2382 per

227 2413 398 2470 quas
432 2398 531 2453 sol
556 2397 799 2466 justitiae,
841 2397 892 2452 id
926 2405 1007 2452 est
1051 2399 1293 2452 Christus
1337 2399 1494 2452 nobis
1533 2398 1674 2454 lucet
1707 2416 1718 2455 :
1763 2415 1864 2457 nec

217 2503 438 2550 tamen
475 2494 540 2549 in
571 2495 822 2564 praesenti
855 2503 1041 2564 aperte
1071 2511 1195 2549 eum
1227 2496 1496 2550 videmus.
1536 2496 1688 2551 Unde
1726 2500 1866 2568 Apo-

222 2583 432 2638 stolus
473 2601 490 2636 :
525 2604 548 2630 ι
583 2583 739 2637 Nunc
772 2583 1018 2637 videmus
1049 2600 1146 2652 per
1174 2583 1535 2653 speculumin
1569 2586 1863 2657 :enigmate

219 2671 286 2742 (I
325 2673 474 2726 Cor.
544 2673 690 2740 xm),
746 2694 768 2717 σι
823 2671 876 2725 in
927 2671 1276 2727 obscuritate.
1326 2673 1478 2728 Unde
1521 2675 1763 2728 Ecclesia
1809 2675 1862 2730 in

223 2759 495 2818 canticis
531 2781 553 2806 οι
588 2760 826 2815 Dilectus
856 2777 1008 2814 meus
1037 2761 1335 2830 respiciens
1364 2778 1450 2816 me
1482 2779 1576 2831 per
1604 2763 1865 2818 fenestras

231 2859 463 2923 (Cant.
500 2858 564 2926 ιι)
599 2875 612 2911 :
647 2882 667 2904 ιι
693 2859 746 2912 id
771 2867 853 2912 est
871 2876 964 2929 per
983 2868 1194 2928 apertas
1215 2861 1530 2914 sententias.
1556 2862 1766 2916 Ostium
1784 2871 1867 2916 est

229 2945 412 3011 ﬁdes,
453 2947 588 3016 quia
617 2963 714 3017 per
740 2963 858 3001 eam
894 2947 1270 3018 ingrediuntur
1299 2949 1545 3003 homines
1575 2949 1642 3004 ad
1676 2952 1866 3006 Eccle-

237 3034 434 3089 siam.
483 3035 603 3088 Duo
631 3036 892 3105 parietes,
919 3037 1026 3090 duo
1056 3036 1261 3106 p0puli,
1307 3037 1360 3090 id
1391 3047 1473 3090 est
1515 3039 1770 3093 Iudaicus
1813 3049 1866 3094 et

229 3123 518 3196 gentilis:
551 3123 617 3178 de
648 3124 840 3196 quibus
861 3125 1138 3180 conversis
1169 3126 1455 3180 constituta
1486 3135 1566 3180 est
1597 3128 1859 3183 Ecclesia.

2047 1519 2334 1574 Hodiemze
2361 1519 2768 1586 dieifestivitas,
2790 1519 3042 1576 videlicet
3065 1519 3235 1574 sancti
3251 1517 3437 1590 templi
3472 1518 3563 1574 de-

1975 1615 2196 1681 dicatio,
2231 1615 2391 1685 longe
2421 1623 2704 1688 antequam
2718 1614 2885 1678 fieret,
2904 1616 2973 1669 ab
2998 1613 3283 1670 Ezechiele
3307 1615 3566 1686 propheta

1975 1721 2074 1776 per
2103 1705 2362 1776 Spiritum
2394 1714 2636 1760 sanctum
2660 1705 2887 1775 praevisa
2915 1713 2968 1759 et
3009 1703 3365 1775 praenuntiata
3422 1720 3567 1769 esse,

1975 1803 2151 1857 verbis
2196 1803 2366 1869 ipsius
2425 1802 2750 1858 declaratur.
2821 1802 2908 1856 Ait
2964 1800 3108 1856 enim
3152 1800 3210 1855 in
3243 1800 3436 1856 ultima
3479 1800 3564 1854 sui

1894 1901 1948 1962 Β
1979 1891 2101 1945 libri
2133 1891 2338 1945 visione
2393 1891 2517 1992 quia
2563 1898 2878 1992 assumptus
2931 1905 2962 1944 a
3015 1889 3206 1992 spiritu
3254 1889 3446 1987 ductus
3484 1896 3567 1987 est

1968 1986 2022 2039 in
2054 1987 2289 2034 montem
2315 1979 2592 2034 excelsum
2631 1978 2810 2044 valde,
2839 1986 2890 2033 et
2919 1977 3306 2032 ostendebatur
3334 1977 3383 2032 ei
3405 1976 3564 2048 quasi

1962 2066 2245 2123 aediﬁcium
2275 2067 2504 2123 civitatis
2535 2066 2808 2137 vergentis
2831 2067 2895 2120 ad
2927 2075 3192 2120 austrum.
3233 2066 3300 2120 Et
3346 2074 3457 2121 erat
3494 2064 3569 2120 ibi

1961 2155 2042 2209 vir
2071 2165 2222 2210 stans
2251 2155 2301 2208 in
2341 2163 2498 2226 porta
2526 2155 2734 2209 habens
2767 2154 3005 2225 speciem
3037 2153 3192 2226 quasi
3227 2153 3372 2217 reris,
3419 2161 3474 2209 et
3509 2152 3566 2208 in

1962 2259 2120 2298 manu
2159 2245 2273 2309 ejus
2322 2243 2477 2314 quasi
2515 2243 2756 2299 calamus
2804 2258 3102 2308 mensurae,
3151 2249 3202 2297 et
3232 2241 3441 2297 locutus
3486 2249 3569 2296 est

1963 2331 2010 2386 ei
2041 2333 2227 2386 dicens
2260 2349 2274 2385 :
2309 2355 2329 2377 -
2369 2331 2502 2386 Vide
2535 2339 2587 2386 et
2620 2331 2862 2402 intellige
2910 2332 3134 2400 (Ezech.
3191 2331 3305 2396 XL).
3356 2352 3379 2377 ιι
3429 2328 3548 2383 Alib

1963 2435 2179 2492 quoque
2212 2420 2354 2474 idem
2387 2418 2636 2474 Ezechiel
2668 2420 2734 2474 de
2765 2419 3181 2474 consecratione
3229 2416 3566 2473 tabernaculi

1963 2517 2065 2571 sub
2097 2517 2277 2588 specie
2306 2516 2547 2572 mulieris
2575 2516 2774 2572 Judaeaa
2804 2516 3040 2587 loquitur
3084 2516 3272 2572 dicens
3321 2535 3332 2570 :
3381 2539 3401 2562 ιι
3430 2514 3568 2585 Lavi

1963 2615 2016 2662 te
2045 2621 2206 2676 aqua,
2250 2605 2379 2659 unxi
2435 2613 2484 2659 te
2531 2605 2671 2665 oleo.
2722 2605 2916 2659 vestivi
2965 2612 3016 2659 te
3063 2603 3448 2672 discoloribus,
3507 2611 3562 2657 et

1966 2710 2092 2750 ecce
2122 2693 2260 2748 facta
2289 2710 2348 2748 es
2376 2693 2505 2748 mihi
2536 2694 2762 2764 (Ezech.
2813 2693 2945 2764 xvr).
3007 2716 3028 2740 ιι
3087 2692 3272 2757 Scitis,
3331 2690 3609 2749 dilectis-"

1965 2792 2114 2856 simi,
2147 2792 2292 2863 quod
2326 2800 2543 2846 montes
2573 2791 2640 2845 de
2672 2799 2820 2844 terra
2844 2798 2967 2845 sunt
3001 2808 3014 2846 :
3063 2798 3243 2845 tamen
3290 2789 3571 2850 altitudine

1967 2897 2061 2935 sua
2092 2889 2296 2936 terram
2326 2881 2618 2947 excedunt,
2651 2888 2700 2935 et
2732 2895 2832 2951 per
2852 2881 2950 2934 hos
2973 2878 3438 2952 signiﬁcanturilli
3460 2876 3571 2950 qui,

1965 2977 2218 3038 tanquam
2247 2969 2456 3038 lapides
2486 2969 2611 3033 vivi,
2635 2969 2686 3022 in
2700 2968 2929 3024 aedificio
2951 2969 3048 3023 Dei
3069 2977 3194 3024 sunt
3232 2966 3561 3024 collocandi.

1966 3066 2031 3118 Hi
2069 3080 2190 3120 vero
2230 3065 2385 3129 tales,
2419 3065 2664 3136 quamvis
2693 3065 2800 3119 sint
2848 3065 3133 3135 participes
3195 3063 3424 3119 aliorum
3473 3079 3572 3133 per

1967 3152 2331 3207 infirmitatem
2364 3153 2566 3220 carnis,
2601 3161 2777 3207 tamen
2803 3153 3070 3207 excedunt
3112 3152 3248 3206 alios
3294 3151 3572 3206 altitudine

229 3221 481 3293 Singuli
505 3221 715 3319 lapides
750 3223 1117 3319 euphsinguli
1148 3222 1334 3319 fideles
1368 3243 1381 3278 :
1418 3225 1513 3319 qui
1535 3226 1861 3298 colliguntur
1890 3255 1938 3319 Ο
1969 3242 2288 3297 sancimus,
2323 3243 2401 3296 De
2433 3241 2631 3313 quibus
2664 3241 2830 3295 David
2881 3241 3144 3311 propheta
3192 3239 3324 3295 dicit
3357 3257 3370 3293 ε
3409 3261 3431 3286 α
3464 3239 3571 3293 Le-

231 3318 539 3366 caemento
573 3311 748 3380 pacis.
790 3312 942 3368 Unde
972 3313 1260 3382 Apostolus
1294 3330 1308 3366 :
1344 3336 1366 3361 ιι
1412 3314 1636 3370 Servate
1675 3317 1853 3369 unita-

229 3414 354 3462 tem
390 3407 627 3478 spiritus
656 3407 710 3461 in
760 3408 973 3463 vinculo
998 3409 1148 3479 pacis
1200 3409 1428 3480 (Ephes.
1484 3425 1560 3480 IV)
1598 3434 1618 3456 η
1669 3413 1854 3483 Itaque

235 3520 358 3560 non
393 3505 582 3558 solum
612 3504 751 3561 valet
781 3506 932 3560 locus
962 3507 1062 3561 iste
1093 3506 1162 3560 ad
1193 3522 1344 3562 sacra
1375 3509 1706 3580 peragenda,
1756 3509 1855 3566 sed

235 3593 516 3665 perutilis
546 3601 630 3648 est
661 3594 718 3648 in
747 3594 1128 3650 aedificatione.

320 3689 614 3744 Praeterea
643 3697 820 3743 tamen
851 3698 931 3744 est
966 3690 1123 3746 valde
1165 3691 1485 3747 venerabilis
1535 3692 1684 3747 locus
1732 3694 1852 3760 iste,

239 3784 384 3857 quia
416 3800 622 3856 corpus
651 3794 702 3842 et
731 3787 952 3858 sanguis
993 3788 1213 3843 Domini
1235 3789 1306 3843 ibi
1335 3790 1404 3844 ad
1435 3798 1669 3845 nostram
1701 3791 1855 3846 salu-

242 3881 366 3930 tem
400 3873 840 3930 sanctiﬁcantur.
877 3876 951 3930 lbi
994 3877 1149 3947 pueri
1198 3877 1552 3948 baptizantur,
1603 3879 1675 3934 ibi
1723 3896 1854 3950 pec-

241 3979 483 4028 catores
512 3972 954 4037 reconciliantur,
988 3973 1064 4027 ibi
1118 3975 1314 4030 animm
1345 3985 1655 4044 pascuntur.
1702 3978 1856 4033 Unde

244 4061 529 4131 scriptum
560 4069 638 4115 est
673 4078 684 4114 :
720 4084 741 4107 ιι
779 4063 984 4116 Domus
1016 4079 1132 4116 mea
1164 4063 1360 4118 domus
1407 4065 1648 4119 oraionis
1686 4082 1842 4120 voca-

243 4147 403 4202 bitur
421 4150 652 4217 (Matth.
679 4153 790 4215 xxi)
805 4191 818 4204 .
850 4174 870 4198 ιι
894 4150 1032 4219 Quid
1052 4151 1104 4204 in
1121 4167 1187 4205 ea
1205 4151 1668 4208 essetfaciendum
1685 4154 1853 4208 David

241 4237 554 4307 promisit:
593 4260 613 4283 ιι
643 4239 883 4293 lntroibo
910 4239 966 4292 in
1011 4239 1229 4294 domum
1288 4249 1453 4309 tuam,
1502 4246 1613 4296 etc.
1674 4244 1852 4311 (Paal.

237 4334 396 4403 va).
439 4356 461 4381 ιι
533 4333 684 4388 Adeo
726 4344 906 4388 autem
971 4345 1079 4389 tam
1159 4336 1486 4391 venerabilis
1549 4346 1650 4402 est,
1709 4339 1854 4409 quod

241 4421 522 4477 Dominus
547 4421 863 4494 ingrediens
904 4423 1248 4479 Hierusalem
1293 4441 1508 4495 semper
1552 4425 1855 4482 divertebat

247 4519 321 4573 ad
355 4518 646 4589 templum,
684 4520 820 4574 dans
870 4521 1029 4575 nobis
1075 4521 1405 4590 exemplum,
1462 4522 1590 4593 quia
1636 4524 1854 4595 quando

246 4606 602 4679 ingredimur
647 4608 895 4663 civitates
943 4610 1087 4679 prius
1162 4611 1393 4665 ecclesia
1444 4611 1675 4680 petenda
1739 4621 1845 4668 est.
1886 4625 1941 4686 D

248 4705 414 4761 Unde
460 4704 656 4760 dicitur
703 4706 756 4759 in
826 4707 1124 4778 Evangelia
1159 4725 1172 4762 :
1214 4709 1346 4761 Cum
1392 4709 1646 4762 intrasset
1700 4710 1858 4764 Jesus

247 4793 616 4850 Hierusalem.
674 4794 890 4848 intravit
935 4795 987 4849 in
1049 4795 1306 4864 templum
1356 4797 1570 4864 (Matth.
1607 4798 1741 4866 xxi),
1805 4806 1859 4852 et

251 4889 526 4945 dedicavit
555 4891 774 4945 domum
805 4908 960 4946 suam
1000 4893 1053 4946 in
1095 4892 1330 4948 otiicium
1374 4894 1681 4959 orationis;
1723 4911 1858 4949 ven-

252 4977 454 5033 dentes
476 4987 528 5033 et
549 4989 792 5034 ementes
813 4981 880 5036 de
905 4981 1105 5050 templo
1125 4981 1401 5051 ejiciendo
1434 4981 1621 5036 dicens
1646 4997 1658 5036 :
1685 5004 1706 5033 «
1745 4984 1858 5038 Do-

254 5082 389 5121 mus
421 5083 562 5134 mea,
594 5075 700 5124 etc.
733 5069 947 5139 (il)id.).
985 5093 1007 5118 ιι
1043 5069 1164 5138 Qua
1209 5069 1554 5125 accusatione
1584 5085 1617 5125 a
1657 5071 1859 5126 Judzeis

253 5162 436 5210 tentus
466 5165 521 5211 et
561 5155 852 5212 cruciﬁxus
888 5165 990 5213 est.
1023 5158 1155 5212 Cum
1187 5159 1333 5212 enim
1380 5158 1550 5213 Judaei
1607 5157 1859 5215 viderent

253 5267 380 5306 eum
439 5260 644 5306 tantam
689 5262 1012 5323 potestatem
1086 5253 1364 5318 habuisse,
1415 5255 1556 5324 quod
1616 5255 1855 5312 funiculo

253 5339 505 5408 ejecisset
527 5356 622 5395 eos
650 5341 719 5395 de
751 5343 970 5411 templo,
1005 5342 1389 5413 aspiraverunt
1423 5343 1476 5397 in
1513 5359 1654 5407 eum,
1711 5345 1853 5398 unde

253 5452 355 5507 per
397 5436 571 5490 David
618 5438 794 5494 dixit:
834 5461 856 5486 ιι
890 5438 1048 5493 Zelus
1091 5439 1286 5492 domus
1334 5445 1441 5494 tuae
1483 5441 1720 5495 comedit
1765 5457 1852 5496 me

251 5527 427 5593 (Psal.
505 5531 709 5595 vani),
776 5551 795 5572 -
863 5527 1071 5582 scilicet
1137 5543 1294 5581 amor
1368 5528 1628 5582 Ecclesiae
1691 5546 1846 5594 mete,

252 5630 414 5684 quam
443 5614 661 5668 defendi
692 5615 929 5670 comedit
959 5631 1066 5679 me,
1100 5623 1151 5670 et
1184 5614 1286 5668 fuit
1316 5629 1483 5669 causa
1542 5633 1677 5671 meae
1709 5633 1851 5672 mor-

253 5701 342 5757 tis.
376 5703 482 5757 Sed
512 5702 765 5757 diabolus
788 5719 885 5772 per
915 5704 1056 5758 filios
1099 5718 1247 5765 suos,
1295 5719 1396 5772 per
1450 5704 1678 5758 menbra
1727 5721 1844 5770 sua,

254 5798 557 5854 Ecclesiam
588 5801 840 5854 omnibus
871 5799 1047 5854 modis
1077 5798 1311 5861 infestat,
1353 5797 1493 5852 tilios
1533 5800 1696 5854 etiam
1737 5803 1845 5855 Ec-

255 5886 435 5942 etesiae
464 5903 602 5955 ques
630 5888 927 5958 generavit,
961 5903 1099 5956 quos
1112 5885 1336 5941 nutrivit
1364 5886 1415 5940 in
1440 5895 1667 5942 mortem
1692 5905 1844 5942 suam

1964 3329 2085 3386 vavi
2116 3329 2302 3384 oculos
2323 3345 2472 3384 meos
2502 3330 2555 3383 in
2588 3338 2802 3384 montes
2823 3329 3000 3398 (Psal.
3025 3330 3176 3396 cxx).
3223 3347 3246 3378 3
3282 3326 3572 3397 Lapidibus

1963 3419 2122 3473 etiam
2151 3418 2290 3472 vivis
2337 3417 2474 3473 bene
2542 3425 2949 3488 comparantur,
2993 3416 3121 3490 quia
3177 3415 3314 3470 sicut
3359 3414 3575 3486 lapides

1962 3506 2144 3560 multis
2201 3507 2352 3577 prius
2422 3506 2768 3561 tunsionibus
2842 3505 3284 3578 conquadrantur
3350 3512 3402 3558 et
3465 3518 3570 3574 po—

1962 3592 2185 3659 liuntur,
2253 3603 2311 3649 ut
2367 3594 2446 3650 sic
2505 3595 2724 3650 tandem
2791 3593 2910 3650 sine
2968 3593 3195 3664 strepitu
3265 3599 3317 3648 et
3368 3607 3568 3647 sonore

1961 3681 2016 3736 in
2066 3681 2296 3739 aedificio
2377 3691 2605 3754 possunt
2671 3682 2865 3752 aptari,
2943 3681 3022 3737 sic
3093 3681 3267 3738 sancti
3340 3680 3396 3736 in
3467 3681 3568 3736 hac

1963 3779 2069 3832 vita
2116 3778 2304 3832 multis
2348 3778 2789 3834 tribulationibus
2834 3778 3234 3850 opprimuntur,
3282 3785 3335 3832 et
3380 3777 3570 3832 diver—

1963 3867 2039 3921 sis
2093 3867 2583 3936 persecutionibus,
2635 3867 2790 3937 quasi
2880 3866 3115 3933 malleis,
3195 3865 3562 3937 explanantur

1963 3961 2020 4009 ut
2047 3955 2101 4008 in
2130 3954 2375 4011 aedeficio
2405 3965 2627 4010 aeterna:
2659 3956 2852 4010 domus
2896 3954 3013 4010 sine
3049 3969 3205 4009 mora
3249 3961 3302 4008 et
3349 3953 3570 4008 haesita-

1965 4053 2108 4106 tione
2138 4051 2286 4124 digni
2319 4053 2426 4106 sint
2453 4051 2729 4107 collocari.
2767 4051 2923 4120 Quod
2953 4061 3121 4106 totum
3168 4049 3570 4122 prmliguratum

1963 4140 2127 4194 estin
2169 4141 2528 4196 :editicatione
2561 4140 2751 4210 templi
2799 4140 3126 4205 Salomonis,
3197 4139 3251 4193 in
3299 4155 3408 4210 quo
3463 4154 3570 4193 non

1964 4236 2061 4291 fuit
2088 4237 2303 4292 auditus
2332 4239 2538 4292 sonitus
2569 4239 2749 4293 mallei
2792 4238 2880 4294 vel
2929 4237 3132 4293 securis
3187 4236 3286 4308 (Ill
3317 4237 3560 4308 ch.vr).

1965 4324 2102 4393 Quia
2139 4341 2270 4381 vero
2299 4327 2565 4397 propheta
2595 4327 2723 4382 dicit
2753 4343 2812 4381 se
2845 4334 3179 4396 assumptum
3221 4326 3275 4380 in
3330 4333 3569 4379 montem

1962 4413 2242 4469 excelsum
2272 4415 2449 4480 valde,
2481 4431 2587 4470 non
2622 4423 2840 4471 sanctos
2868 4432 2962 4486 per
2992 4416 3134 4470 hunc
3171 4422 3430 4480 montem,
3465 4412 3564 4468 sed

1963 4509 2318 4564 mediatorem
2352 4511 2449 4564 Dei
2479 4519 2529 4566 et
2553 4512 2825 4565 hominum
2848 4511 3036 4566 Jesum
3076 4510 3345 4566 Christum
3371 4509 3570 4564 debere

1973 4597 2200 4670 intelligi
2231 4599 2636 4654 demonstravit.
2674 4601 2750 4654 De
2782 4615 2890 4671 quo
2911 4615 3009 4669 per
3047 4599 3211 4652 alium
3247 4599 3571 4670 pr0phetam

1973 4686 2167 4740 dicitur
2199 4705 2212 4740 :
2250 4688 2397 4741 «Erit
2428 4687 2809 4742 innovissimis
2830 4689 3022 4741 diebus
3051 4695 3383 4758 prmparatus
3417 4701 3572 4740 mons

1966 4774 2157 4829 domus
2174 4776 2385 4829 Domini
2403 4776 2454 4830 in
2476 4777 2674 4831 vertice
2695 4777 2978 4838 montium,
3002 4784 3054 4830 et
3071 4775 3374 4830 elevabitur
3412 4790 3574 4844 super

1965 4863 2281 4934 colles(lsa.
2308 4863 2389 4936 ιι),
2427 4889 2448 4912 ιι
2484 4865 2588 4920 hoc
2615 4872 2698 4919 est
2723 4865 2796 4919 ita
2817 4873 2872 4918 ut
2891 4865 2957 4918 sit
2973 4871 3128 4933 caput
3150 4871 3202 4916 et
3222 4871 3407 4918 vertex
3439 4863 3572 4917 alio-

1966 4967 2086 5005 rum
2139 4953 2425 5007 montium.
2486 4951 2590 5020 Qui
2644 4952 2890 5022 quamvis
2951 4952 3019 5006 sit
3056 4951 3229 5006 factus
3299 4951 3570 5020 particeps

1965 5047 2169 5094 nostrae
2197 5040 2566 5106 humanitatis,
2621 5049 2796 5095 tamen
2851 5056 3042 5096 omnes
3098 5046 3313 5093 sanctos
3357 5039 3570 5094 excedit

1965 5128 2258 5184 eminentia
2286 5129 2518 5185 deitatis.
2577 5128 2759 5199 Super
2816 5130 2956 5184 hunc
3021 5137 3255 5182 montem
3307 5129 3570 5198 prOpbeta

1961 5224 2226 5280 adductus
2255 5235 2354 5292 est,
2387 5226 2490 5282 hoc
2520 5235 2603 5282 est
2641 5227 2695 5280 in
2727 5225 2832 5282 fide
2873 5225 3070 5282 Christi
3116 5224 3322 5295 positus
3349 5233 3402 5278 et
3431 5240 3571 5280 con-

1962 5317 2223 5375 firmatus.
2259 5321 2393 5389 Quae
2425 5320 2559 5375 fides
2590 5330 2990 5376 sacramentum
3055 5319 3320 5374 Ecclesia:
3363 5327 3463 5383 est,
3495 5319 3568 5375 de

1961 5419 2384 5487 qqupostolus
2403 5419 2503 5472 ait:
2525 5442 2546 5465 ι.
2575 5419 3001 5473 Fundamentum
3019 5416 3163 5470 aliud
3191 5432 3350 5470 nemo
3384 5426 3568 5485 potest

1959 5505 2184 5575 iponere
2217 5516 2418 5574 praeter
2446 5507 2501 5561 id
2531 5508 2674 5578 quod
2695 5507 2932 5577 positum
2963 5515 3062 5571 est,
3097 5505 3240 5576 quod
3281 5513 3363 5559 est
3395 5505 3563 5559 Chri-

1958 5609 2075 5655 stus
2099 5603 2258 5657 Jesus
2291 5604 2345 5669 (I
2374 5603 2498 5658 Cor.
2540 5613 2640 5673 in).
2688 5629 2708 5651 υ
2733 5605 2898 5659 Isaias
2928 5605 2996 5658 de
3057 5602 3251 5657 eodem
3289 5619 3302 5656 :
3342 5626 3362 5648 α
3393 5603 3558 5658 Libe-

1956 5698 2099 5752 rabit
2136 5715 2236 5754 nos
2269 5710 2392 5769 post
2427 5701 2565 5755 duos
2613 5702 2732 5756 dies
2782 5703 2934 5770 (fsai.
2986 5699 3203 5770 xxxiv).
3248 5723 3268 5748 ι
3328 5700 3394 5754 Et
3437 5700 3567 5756 item

1954 5785 2072 5856 ipse
2108 5803 2121 5839 :
2162 5803 2182 5838 ι
2218 5789 2532 5859 Languores
2563 5799 2782 5845 nostros
2815 5793 2948 5852 tulit,
2981 5797 3036 5844 et
3063 5789 3279 5843 dolores
3321 5783 3556 5859 portavit

1951 5883 2106 5949 (Iani.
2138 5887 2282 5952 ani).
2326 5901 2348 5933 ι
2388 5886 2451 5939 Ει
2490 5887 2560 5941 de
2591 5887 2694 5943 hoc
2744 5887 3098 5944 fundamento
3147 5886 3276 5941 dicit
3335 5887 3492 5941 Petro
3525 5902 3539 5939 :
