3972 6412
416 427 554 485 1243

1565 439 1912 498 WEBNERI
1934 439 2222 497 ABBATIS
2259 440 2320 499 S.
2358 436 2580 497 BLASII

3583 444 3720 501 1344

421 578 444 603 «ι
489 556 569 611 Τιι
591 572 651 613 es
674 557 863 616 Petrus
895 570 945 619 et
972 580 1136 637 super
1162 568 1300 621 hanc
1328 577 1536 640 petram
1581 568 1864 625 aediﬁcabo
1902 568 2010 626 Ec-
2046 569 2101 629 A
2133 568 2327 623 Sextus
2384 576 2466 623 est
2522 567 2734 624 sardius
2789 567 2975 625 colore
3049 567 3380 638 sanguineus
3413 582 3426 623 :
3478 568 3566 627 hic
3624 586 3717 638 ju-

416 644 643 702 clesiam
685 665 863 705 meam
918 653 1143 724 (Matth.
1202 658 1335 725 xw),
1373 680 1395 707 υ
1429 656 1485 713 id
1539 667 1620 713 est
1686 674 1852 729 super
1879 658 2020 715 hanc

419 731 581 788 tidem
606 753 767 808 quam
794 741 1078 798 confessus
1101 760 1181 810 es,
1205 744 1799 803 {edificaboEcclesiam
1816 763 2018 805 meam.

418 820 716 882 Confessus
747 830 891 883 enim
932 831 1109 888 fuerat
1144 835 1316 890 Deum
1345 844 1398 891 ct
1425 836 1736 891 hominem.
1764 836 1893 893 Sine
1923 838 2025 893 hoc

416 918 773 1019 fundamento
803 942 965 983 nemo
1004 929 1071 985 ad
1093 933 1411 1004 pradictum
1458 932 1746 991 aediﬁcium
1811 949 2025 1007 perve-

417 1013 539 1065 nire
570 1013 785 1081 poterit.

486 1098 622 1156 Huic
675 1100 1026 1165 fundamento
1081 1112 1349 1182 propheta
1413 1113 1651 1181 innixus,
1711 1121 1765 1169 et
1820 1111 2024 1184 Spiritu

416 1204 606 1251 sancto
637 1200 895 1268 repletus,
948 1204 1082 1260 vidit
1126 1206 1413 1264 aedificium
1460 1210 1692 1266 civitatis
1748 1208 2023 1281 vergentis

415 1283 483 1336 ad
534 1297 804 1343 austrum.
862 1291 1156 1350 Sciendum
1198 1306 1281 1351 est
1328 1300 1473 1369 quod
1522 1308 1706 1354 auster
1743 1306 1795 1354 et
1837 1297 2020 1370 aquilo

416 1382 540 1426 sunt
570 1379 830 1433 contrarii
878 1384 1021 1437 venti
1053 1392 1108 1438 et
1150 1384 1255 1441 loci
1303 1388 1590 1457 positione.
1625 1396 1679 1443 et
1736 1387 2015 1459 opposita-

414 1476 536 1550 rum
560 1465 880 1550 qualitatum
913 1471 1248 1529 diﬂerentia.
1287 1476 1480 1548 Aquilo
1531 1478 1759 1550 frigidus
1816 1485 1918 1543 est,
1965 1484 2018 1531 et

410 1547 681 1621 signiﬁcat
710 1555 1004 1625 diabolum,
1039 1562 1128 1633 qui
1161 1547 1370 1619 mentes
1398 1547 1695 1636 pravorum
1741 1566 2021 1621 hominum

416 1645 623 1737 frigore
654 1656 971 1727 congelatas
1002 1667 1215 1716 tantum
1260 1663 1549 1721 inhabitat.
1583 1665 1689 1734 Qui
1732 1682 1831 1737 per
1872 1665 2023 1737 aqui-

419 1735 600 1793 lonem
635 1740 773 1799 bene
804 1746 1160 1817 significatur,
1196 1753 1323 1824 quia
1366 1754 1482 1825 ipse
1522 1756 1656 1810 dixit
1689 1775 1703 1812 :
1734 1735 1759 1803 ξι
1819 1735 2022 1810 Pon‘am

417 1828 607 1882 sedem
668 1847 847 1888 meam
904 1837 972 1891 ad
1024 1840 1331 1911 aquilonem
1391 1846 1523 1913 (lea.
1583 1847 1714 1917 xlv).
1761 1869 1783 1895 η
1822 1848 2023 1901 Auster

410 1924 590 1972 autem
630 1921 839 1977 calidus
878 1934 978 1992 est,
1025 1936 1079 1983 et
1127 1929 1398 2002 significat
1439 1934 1699 2006 Spiritum
1736 1945 2012 1992 sanctum.
2050 1922 2102 1986 Β

415 2014 572 2071 Unde
619 2017 816 2075 dicitur
862 2041 876 2077 :
930 2048 951 2072 α
1000 2025 1196 2100 Surge,
1248 2031 1466 2102 Aquilo,
1515 2041 1567 2088 et
1617 2034 1760 2099 veni,
1814 2041 2015 2100 auster.

417 2103 589 2174 perﬂa
617 2106 831 2164 hortum
865 2128 1045 2168 meum
1073 2125 1125 2170 et
1164 2115 1331 2173 ﬂuent
1359 2130 1599 2177 aromata
1625 2121 1770 2176 illius
1809 2121 2009 2194 (Cant.

418 2204 516 2269 ιν).
555 2228 577 2253 ιι
599 2235 668 2247 —-
704 2231 725 2256 α
768 2208 963 2284 Surge,
995 2216 1197 2285 aquilo,
1235 2243 1257 2267 υ
1293 2218 1347 2274 id
1380 2228 1462 2275 est
1493 2222 1711 2290 recede,
1732 2222 1950 2278 diabole
2001 2242 2015 2287 ;

422 2315 444 2338 υ
499 2301 553 2349 ct
592 2295 736 2364 veni,
786 2310 993 2369 auster,
1053 2304 1109 2359 id
1148 2316 1231 2362 est
1274 2318 1463 2365 sancte
1516 2311 1772 2382 Spiritus.
1820 2312 2021 2367 Hortus

418 2394 607 2460 sponsi
663 2395 911 2454 Ecclesia
960 2409 1063 2467 est,
1111 2422 1232 2476 quas
1302 2407 1497 2464 virtute
1554 2409 1793 2481 Spiritus
1843 2408 2022 2465 sancti

418 2482 667 2571 procedit
696 2485 748 2538 in
779 2500 1130 2559 augmentum
1160 2495 1441 2556 virtutum.
1494 2498 1661 2555 Recte
1701 2515 1837 2571 ergo
1888 2498 2023 2554 civi-

418 2576 503 2623 tas
531 2570 598 2625 ad
628 2582 872 2631 austrum
903 2578 1097 2635 dicitur
1134 2599 1382 2653 vergere,
1415 2585 1469 2640 id
1500 2596 1583 2642 est
1624 2570 1848 2658 Spiritui
1898 2602 2020 2642 san-

418 2662 507 2708 cto
537 2670 827 2726 apparere,
860 2662 989 2733 quia
1032 2665 1149 2730 ejus
1194 2670 1530 2738 protectione
1573 2680 1626 2726 et
1668 2672 1867 2727 virtute
1908 2681 2024 2728 tota

422 2744 677 2799 machina
706 2748 939 2804 caelestis
968 2752 1183 2809 aedificii
1213 2758 1523 2813 continetur
1552 2767 1604 2815 et
1653 2761 1883 2831 regitur.
1942 2763 2022 2817 De

423 2831 617 2920 ordine
646 2835 859 2892 aedificii
904 2839 1186 2897 sciendum
1236 2855 1317 2900 est
1364 2848 1514 2918 quod
1565 2850 2018 2920 quemadmodum

420 2917 476 3019 in
506 2924 775 3019 corporali
817 2929 1065 2985 machina
1094 2941 1220 2988 sunt
1248 2943 1365 2990 tres
1386 2917 1740 2994 diversitates
1762 2939 2018 3010 lapidum,

421 3011 500 3064 ita
529 3021 582 3067 et
610 3011 661 3066 in
689 3014 915 3085 spiritali
945 3020 1203 3079 aediﬁcio.
1252 3024 1490 3094 Quidam
1522 3028 1666 3083 enim
1719 3030 1791 3083 ibi
1815 3030 2023 3101 lapides

425 3118 547 3163 sunt
579 3112 669 3184 qui
713 3121 920 3171 tantum
958 3129 1196 3189 portant.
1248 3124 1467 3195 quidam
1509 3127 1599 3199 qui
1643 3136 1850 3183 tantum
1898 3145 2025 3199 por-

419 3205 629 3267 tantur,
663 3203 884 3274 quidam
916 3208 1007 3279 qui
1051 3218 1269 3279 portant
1311 3220 1365 3268 et
1394 3224 1698 3285 portantur.
1761 3217 1866 3286 Qui
1900 3227 2023 3273 tan-

419 3294 532 3341 tum
569 3300 785 3360 portant
815 3304 939 3348 sunt
971 3297 1226 3366 primitivi
1274 3302 1327 3356 in
1355 3304 1626 3372 Ecclesia,
1676 3315 1732 3362 ut
1790 3309 2023 3378 apostoli

417 3384 470 3431 et
508 3380 786 3449 prophetae
816 3400 829 3438 :
867 3385 957 3456 qui
985 3385 1052 3440 ab
1075 3387 1198 3443 aliis
1229 3407 1338 3446 non
1368 3403 1498 3449 sunt
1516 3396 1734 3465 portati.
1754 3395 1864 3466 Qui
1900 3406 2022 3452 tan-

420 3474 532 3521 tum
558 3475 868 3539 portantur,
902 3474 1039 3530 sicut
1070 3477 1263 3547 ultimi,
1295 3479 1482 3538 felices
1511 3493 1688 3540 erunt.
1735 3486 1846 3556 Qui
1889 3503 2021 3543 vero

422 3566 641 3627 portant
673 3568 726 3614 et
762 3570 1045 3632 portantur
1091 3576 1215 3622 sunt
1261 3573 1548 3640 prasentis
1606 3576 1870 3646 temporis
1916 3578 2022 3633 do-

421 3652 603 3702 ctores
659 3657 711 3704 et
764 3652 1178 3722 praedicatores.
1232 3659 1545 3718 Notandum
1603 3681 1818 3738 quoque
1877 3669 2023 3739 quod

420 3742 613 3800 horum
671 3747 834 3803 trium
888 3752 1156 3823 ordinum,
1218 3757 1425 3814 scilicet
1473 3761 1772 3819 electorum
1831 3766 2023 3822 merita

418 3831 826 3908 distinguuntur
880 3857 979 3912 per
1024 3857 1107 3898 xu
1163 3862 1432 3917 gemmas,
1466 3849 1523 3904 in
1567 3868 1642 3906 xu
1692 3854 2021 3910 fundamen-

423 3930 494 3985 tis
551 3934 792 3992 ctelestis
845 3940 1079 3996 civitatis
1127 3944 1432 4016 descriptas
1488 3948 1658 4021 (Apoc
1712 3954 1858 4023 xxi).
1901 3955 2021 4010 Pri-

421 4038 543 4078 mus
574 4024 755 4096 itaque
783 4026 924 4098 lapis
954 4031 1171 4099 ponitur
1219 4035 1392 4105 jaspis
1447 4038 1633 4094 colore
1686 4041 1867 4109 viridi,
1927 4044 2020 4114 qui

422 4122 642 4192 praefert
674 4124 909 4180 virorem
940 4126 1085 4183 ﬁdei.
1147 4129 1253 4199 Qui
1311 4143 1470 4189 scuto
1528 4134 1653 4192 fidei
1709 4148 1838 4193 sunt
1891 4141 2021 4197 vitia

420 4218 473 4264 et
502 4212 772 4268 damonis
802 4226 1178 4287 expugnantes
1212 4234 1225 4274 :
1257 4224 1503 4279 eruntin
1541 4226 1646 4282 hoc
1683 4228 1915 4285 aedificio
1962 4239 2021 4286 ut

413 4298 589 4370 jaspis
624 4312 938 4360 vernantes.
972 4306 1257 4364 Secundus
1289 4314 1583 4383 sapphirus
1623 4316 1759 4371 aerii
1816 4318 2020 4375 coloris

420 4387 650 4487 locatur,
682 4406 782 4461 per
829 4410 995 4464 quem
1030 4412 1157 4466 spes
1202 4400 1502 4457 ctelestium
1550 4402 1858 4461 denotatur.
1913 4408 2022 4477 Qui

421 4485 594 4548 igitur
621 4487 746 4534 sunt
776 4496 872 4553 spe
923 4485 1246 4554 gaudentes,
1306 4499 1467 4546 erunt
1519 4492 1574 4548 in
1631 4495 1736 4552 hoc
1787 4498 2020 4554 edificio

420 4577 477 4622 ut
516 4568 811 4640 sapphirus
864 4569 1124 4629 lucentes.
1157 4577 1374 4634 Teatius
1404 4590 1486 4636 est
1513 4583 1865 4642 calcedonius
1918 4588 2019 4642 ha-

420 4665 559 4757 bens
594 4668 737 4740 ignis
761 4669 997 4742 eﬂigiem
1027 4672 1081 4727 in
1111 4676 1330 4744 publico
1361 4679 1698 4737 subrutilans
1730 4684 1787 4739 in
1812 4686 2018 4757 nubilo,

423 4756 564 4811 dans
592 4757 865 4829 fulgorem
899 4779 912 4825 ;
954 4762 1209 4836 designat
1238 4766 1382 4823 bona
1418 4785 1586 4840 opera
1614 4782 1841 4844 propter
1872 4775 2023 4831 favo-

422 4871 541 4913 rem
569 4857 759 4929 pOpuli
787 4860 1121 4918 occultantes
1154 4881 1169 4929 ;
1201 4862 1255 4918 in
1282 4874 1497 4922 secreto
1543 4878 1727 4925 autem
1785 4871 2024 4930 fratterno

420 4970 611 5013 amore
648 4956 924 5024 ardentes,
957 4959 1014 5014 hi
1042 4969 1203 5016 erunt
1234 4962 1290 5018 in
1318 4963 1421 5020 hoc
1450 4965 1688 5024 aedificio
1730 4977 1786 5024 ut
1846 4972 2025 5029 calce-

420 5044 617 5102 donius
649 5045 1028 5118 Splendentes.
1073 5049 1309 5119 Quartus
1355 5057 1685 5128 smaragdus
1742 5075 2023 5133 superpo-

420 5143 568 5199 nitur
599 5160 614 5199 :
646 5146 803 5215 cujus
828 5146 1073 5205 viriditas
1103 5149 1299 5205 herbas
1355 5159 1408 5207 et
1463 5152 1687 5210 frondes
1740 5163 2023 5231 transgre-

420 5242 582 5311 ditur,
638 5244 1028 5300 demonstraus
1083 5260 1180 5302 eos
1233 5250 1325 5320 qui
1378 5265 1479 5321 per
1535 5268 1802 5309 summam
1857 5254 2020 5311 ﬁdem

420 5339 579 5413 signa
608 5348 662 5395 et
691 5340 963 5397 mirabilia
992 5350 1119 5397 sunt
1171 5354 1467 5415 operantes
1502 5365 1515 5413 ;
1547 5349 1601 5403 hi
1631 5360 1792 5406 erunt
1833 5352 1885 5406 in
1916 5354 2021 5408 hoc

416 5429 645 5486 tediticio
674 5436 731 5483 ut
758 5430 1088 5503 smaragdos
1135 5443 1506 5491 coruscantes.
1552 5436 1785 5506 Quintus
1829 5441 2021 5511 sequi-

418 5531 505 5580 tur
533 5526 844 5593 sardonius,
878 5528 969 5599 qui
999 5528 1293 5602 insignitur
1351 5533 1527 5589 tribus
1585 5536 1873 5593 coloribus
1923 5540 2019 5593 ni-

417 5636 520 5690 gro
549 5623 699 5690 albo,
733 5631 792 5679 et
821 5626 1008 5691 rubeo,
1041 5626 1345 5699 designans
1393 5647 1508 5698 eos,
1560 5635 1651 5705 qui
1710 5636 2020 5694 humilitate

419 5718 759 5789 nigrescunt,
794 5724 1045 5778 castitate
1077 5726 1380 5789 albescunt,
1415 5728 1809 5787 adversitatem
1842 5744 1871 5787 e
1895 5751 2021 5804 pro-

419 5809 583 5903 ξξπξιὶε
613 5813 1123 5903 pa-tienterfe‘rendo
1152 5822 1413 5875 charitate
1443 5826 1759 5893 rubescunt,
1780 5843 1845 5884 eo
1869 5826 2016 5902 quod

415 5889 473 5951 lii
500 5895 557 5952 in
586 5896 798 5956 eodem
824 5898 1055 5959 admoto
1084 5911 1141 5961 ut
1172 5904 1460 5967 sardonius
1489 5889 1846 5984 iugescunt."

2129 657 2274 713 dicat
2301 666 2592 728 martyres,
2625 658 2717 730 qui
2746 657 2800 712 in
2831 658 2936 714 hoc
2964 657 3194 714 aedificio
3223 665 3382 714 erunt
3411 664 3468 713 ut
3508 658 3724 714 sardius

2132 755 2421 812 radiantes.
2456 756 2730 827 Septimus
2761 763 2863 817 east
2903 755 3292 826 cbrysolithus,
3327 756 3416 827 pui
3440 756 3528 812 est
3572 755 3724 810 auri-

2133 844 2286 901 color
2339 855 2391 901 et
2448 845 2707 901 scintillat
2749 845 2895 901 velut
2956 845 3223 912 clibanus,
3284 845 3567 900 insinuans
3627 859 3726 901 eos

2135 934 2226 1007 qui
2281 942 2406 989 sunt
2460 934 2731 1006 sapientia
2801 934 3168 1001 ﬂammantes,
3222 934 3393 990 variis
3444 932 3727 991 sententiis

2133 1023 2509 1088 scintillentes,
2542 1023 2635 1094 qui
2666 1033 2824 1079 erunt
2845 1022 2899 1077 in
2932 1024 3035 1080 hoc
3072 1021 3301 1078 aedificio
3345 1029 3404 1077 ut
3461 1022 3728 1095 chrysoli-

2133 1114 2259 1167 thus
2286 1112 2590 1169 rutilantes.
2621 1112 2861 1169 Octavus
2905 1111 3315 1184 superadditur,
3362 1112 3595 1184 betyllus
3637 1112 3731 1184 qni

2133 1209 2218 1259 est
2246 1210 2303 1257 ut
2331 1202 2416 1258 sol
2444 1202 2499 1256 in
2527 1215 2671 1273 aqua
2703 1201 2970 1273 limpidis,
3008 1201 3307 1271 praeferens
3345 1216 3443 1257 eos
3479 1201 3573 1273 qui
3605 1209 3733 1256 sunt

2131 1307 2271 1362 pura
2307 1298 2490 1346 mente
2534 1291 2874 1362 spiritalibus
2910 1290 3257 1346 intendentes
3291 1288 3421 1361 :qui
3465 1298 3621 1344 erunt
3672 1289 3733 1343 in

2130 1390 2237 1444 hoc
2264 1387 2501 1444 aediﬁcio
2532 1395 2589 1443 ut
2627 1388 2866 1458 beryllus
2905 1387 3168 1443 nitentes.
3245 1388 3434 1443 Nonus
3472 1386 3731 1442 scribitur

2131 1478 2401 1549 topazius,
2434 1478 2601 1532 variis
2647 1477 2939 1541 coloribus,
2999 1476 3096 1532 sed
3152 1476 3395 1531 maxime
3462 1489 3625 1531 aureo
3677 1481 3735 1530 et

2132 1589 2294 1630 aereo
2325 1574 2640 1645 praeclarus,
2669 1573 2986 1647 significans
3015 1589 3111 1629 eos
3141 1573 3232 1645 qui
3291 1573 3345 1627 in
3386 1572 3736 1642 comtempla-

2131 1672 2238 1727 tiva
2296 1672 2407 1726 vita
2463 1674 2587 1726 sunt
2646 1672 2914 1742 sapientia
2979 1671 3260 1737 micantes,
3317 1669 3555 1726 coelestia
3620 1676 3735 1725 toto

2131 1761 2298 1817 corde
2337 1760 2730 1828 desiderantes,
2780 1769 2833 1817 et
2876 1760 3035 1815 bonis
3076 1760 3335 1831 Operibus
3382 1765 3721 1814 vernantes:

2131 1851 2224 1924 qui
2253 1858 2407 1907 erunt
2456 1851 2509 1905 in
2542 1850 2783 1906 aethereo
2821 1848 3071 1919 aedificio,
3120 1856 3183 1905 ut
3247 1850 3490 1922 topazius
3539 1847 3726 1920 fulgu-

2138 1958 2336 2003 rantes.
2368 1948 2625 2004 Decimus
2656 1956 2740 2003 est
2794 1949 3191 2019 chrysoprasus
3221 1946 3413 2001 viridis
3464 1954 3515 2001 et
3568 1944 3718 2000 aurei

2127 2036 2349 2101 coloris,
2383 2038 2633 2092 ﬂammas
2681 2036 2936 2092 emittens
2983 2051 3174 2092 aureas
3216 2035 3541 2107 notulasque
3587 2048 3724 2105 pur-

2127 2142 2350 2199 pueras,
2392 2127 2646 2182 intimans
2705 2125 2810 2181 fide
2849 2126 3085 2182 virentes
3140 2125 3399 2180 charitate
3452 2124 3722 2179 ferventes

2128 2214 2380 2272 ﬂammas
2429 2215 2824 2271 sententiarum
2865 2214 3146 2286 sapientia
3176 2230 3241 2270 ac
3278 2213 3490 2268 notulas
3544 2211 3722 2267 bono-

2127 2329 2251 2369 rum
2306 2314 2683 2383 exemplorum
2734 2312 3044 2368 emittentes
3093 2328 3108 2366 :
3154 2312 3247 2384 qui
3299 2318 3457 2366 erunt
3508 2307 3561 2365 in
3619 2310 3723 2366 hoc

2127 2401 2379 2470 aedificio,
2416 2410 2474 2457 ut
2501 2403 2901 2474 chrysoprasus
2931 2400 3229 2474 fulgentes.
3271 2399 3599 2457 Undecimus
3640 2407 3725 2454 est

2129 2493 2457 2564 hyacinthus
2509 2492 2693 2549 colore
2749 2492 3005 2556 caeruleo,
3052 2490 3145 2563 qui
3187 2490 3241 2545 in
3294 2490 3585 2546 serenitate
3641 2495 3726 2544 est

2130 2582 2378 2648 decorus,
2430 2581 2485 2636 in
2531 2588 2855 2651 tempestate
2884 2588 2968 2635 est
3004 2580 3298 2643 obscurus,
3340 2578 3589 2651 designat
3633 2576 3724 2631 di-

2130 2671 2403 2727 scretione
2434 2671 2692 2741 praeditos
2737 2668 3036 2725 secundum
3080 2668 3340 2740 temporis
3391 2666 3721 2738 qualitatem,

2131 2775 2316 2815 mores
2354 2775 2483 2815 suos
2513 2759 2631 2815 sine
2654 2758 2816 2830 culpa
2842 2765 3114 2814 mutantes
3146 2757 3278 2828 :qui
3325 2764 3481 2812 erunt
3526 2756 3580 2809 in
3621 2756 3727 2811 hoc

2130 2847 2362 2904 mdificio
2392 2856 2449 2903 ut
2479 2848 2772 2919 hyecintus
2808 2847 3092 2903 micantes.
3126 2845 3492 2902 Duodecimus
3513 2844 3727 2915 ponitur

2130 2938 2468 3009 amethystus
2497 2953 2810 3007 purpureus
2838 2935 3022 2992 colore
3054 2935 3352 2997 violaceus,
3385 2932 3595 3004 punctis
3616 2947 3722 2986 au-

2130 3027 2242 3081 reis
2271 3026 2566 3089 interlitus,
2599 3025 2898 3096 praeferens
2927 3025 3113 3079 mundi
3142 3031 3541 3093 contemptores
3572 3020 3721 3075 Chri-

2131 3123 2216 3170 sto
2289 3114 2712 3171 commorientes
2782 3114 2940 3169 bonis
3005 3113 3215 3169 actibus
3266 3112 3524 3168 ﬂorentes
3567 3126 3582 3166 :
3636 3107 3727 3181 qui

2130 3223 2286 3270 erunt
2317 3216 2371 3269 in
2397 3214 2604 3271 caelesti
2631 3213 2863 3270 aedificio
2893 3220 2950 3268 ut
2978 3213 3316 3282 amethystus
3358 3209 3720 3282 resplenden-

2051 3285 2102 3350 Ο
2131 3314 2232 3360 tes.
2265 3305 2361 3360 Hae
2390 3310 2514 3358 sunt
2549 3301 2839 3359 duodecim
2869 3317 3122 3375 gemmas,
3157 3301 3211 3355 in
3240 3301 3454 3372 quibus,
3497 3308 3556 3355 ut
3591 3314 3727 3370 pres.

2132 3401 2302 3458 fatum
2342 3410 2444 3469 est,
2468 3401 2877 3474 distinguuntur
2907 3400 3101 3456 merita
3124 3398 3443 3455 electorum.

2824 3530 3057 3571 DIVISIO.

2203 3614 2299 3669 Vir
2328 3630 2488 3686 quem
2520 3613 2774 3668 Ezechiel
2802 3613 3027 3679 viderat,
3065 3626 3189 3669 cum
3238 3611 3342 3666 sibi
3396 3608 3719 3666 ostendere—

2132 3712 2219 3761 tur
2237 3702 2519 3760 tcditicium
2551 3702 2801 3769 civitatis,
2834 3710 2886 3757 et
2916 3703 3091 3756 stabat
3120 3702 3175 3756 in
3206 3708 3377 3772 porta,
3438 3714 3505 3755 ac
3563 3697 3727 3754 habe-

2132 3805 2219 3859 bat
2250 3802 2489 3874 speciem
2522 3800 2675 3871 quasi
2704 3799 2829 3855 teris
2857 3800 3084 3869 (Ezech.
3125 3801 3238 3869 XL),
3260 3798 3530 3854 Christum
3548 3795 3723 3868 signi‘

2132 3902 2273 3967 ficat,
2306 3901 2397 3973 qui
2428 3899 2524 3954 fuit
2567 3906 2757 3954 contra
2821 3912 3081 3969 prospera
3136 3905 3189 3952 et
3246 3897 3476 3951 adversa
3541 3893 3724 3948 firmus

2131 4003 2231 4056 llic
2267 3998 2322 4055 in
2341 4007 2496 4070 porta
2527 4006 2674 4052 stare
2705 3996 2920 4052 dicitur.
2952 3995 3106 4053 Unde
3153 3996 3205 4049 in
3256 3994 3489 4050 Canticis
3533 4010 3548 4048 :
3584 4017 3606 4043 «ι
3646 3990 3723 4046 En

2129 4091 2246 4163 ipse
2277 4097 2380 4143 stat
2422 4095 2542 4158 post
2568 4087 2825 4156 parietem
2856 4094 3101 4141 nostrum
3132 4083 3433 4155 respiciens
3487 4099 3587 4153 per
3640 4080 3722 4136 fe-’

2129 4189 2366 4245 uestras,
2395 4174 2732 4249 prospiciens
2765 4191 2862 4245 per
2902 4173 3176 4231 cancellos
3221 4173 3422 4245 (Cant.
3475 4174 3556 4241 ιι).
3610 4194 3629 4219 ιι
3665 4173 3724 4226 In

2130 4278 2345 4335 Christo
2376 4275 2521 4333 enim
2553 4275 2675 4331 duas
2695 4281 2900 4329 naturae
2931 4274 3384 4337 demonstrantur,
3418 4271 3539 4345 quia
3591 4269 3727 4326 sicut

2129 4367 2221 4423 ille
2251 4367 2340 4439 qui
2372 4373 2478 4420 stat
2507 4365 2560 4420 in
2589 4373 2747 4434 porta
2776 4380 2842 4420 ex
2878 4371 3028 4435 parte
3077 4362 3312 4428 videtur,
3364 4369 3417 4417 et
3463 4378 3529 4415 ex
3571 4365 3725 4431 parte

2130 4455 2435 4512 occultatur
2468 4472 2480 4508 :
2512 4453 2589 4509 sic
2615 4453 2863 4509 Christus
2890 4450 3190 4508 secundum
3222 4450 3449 4506 alteram
3481 4458 3723 4503 naturam

2128 4550 2359 4609 visibilis
2388 4549 2591 4605 mundo
2617 4548 2889 4618 apparuit,
2932 4554 2985 4603 et
3012 4547 3310 4603 secundum
3351 4545 3580 4600 alteram
3633 4543 3719 4598 in-

2049 4646 2102 4708 D
2134 4640 2363 4697 visibilis
2414 4640 2466 4693 in
2507 4655 2605 4693 sua
2655 4638 2942 4706 majestate
3000 4635 3320 4706 permansit.
3362 4635 3427 4690 Et
3484 4633 3721 4688 habebat

2134 4729 2374 4801 speciem
2408 4728 2565 4800 quasi
2587 4727 2739 4782 aeris.
2777 4729 2868 4781 .Es
2902 4726 3066 4781 Valde
3106 4741 3364 4781 sonorum
3405 4733 3505 4788 est,
3539 4732 3591 4777 et
3625 4737 3724 4775 na-

2135 4835 2257 4883 tura
2278 4825 2525 4882 durabile
2568 4843 2580 4879 :
2615 4826 2693 4881 sic
2723 4825 2927 4880 Christi
2949 4823 3262 4895 praedicatio
3279 4830 3435 4895 atque
3478 4821 3722 4876 doctrina

2133 4931 2337 4972 sonora
2365 4915 2484 4981 fuit,
2517 4915 2643 4969 dum
2667 4914 2881 4971 Iudaeos
2912 4921 2965 4969 et
2992 4921 3183 4984 gentes
3214 4912 3269 4966 in
3299 4927 3463 4967 unum
3490 4924 3718 4981 congre-

2132 5007 2309 5078 gavit.
2351 5004 2623 5060 Durabilis
2651 5011 2733 5059 est
2762 5011 3044 5075 perpetua,
3089 5002 3229 5057 sicut
3280 5000 3399 5071 ipse
3449 5008 3718 5055 testatur:

2137 5116 2160 5143 α
2194 5095 2404 5151 Caelum
2436 5104 2489 5151 et
2517 5103 2659 5151 terra
2688 5094 3009 5161 transibunt,
3054 5092 3225 5147 verba
3252 5098 3428 5146 autem
3460 5102 3575 5144 mea
3618 5101 3721 5142 non

2130 5185 2435 5240 transibunt
2455 5181 2679 5255 (Matth.
2706 5183 2924 5253 xxxiv).
2963 5202 2985 5229 ω

2207 5298 2229 5322 α
2262 5275 2329 5329 Et
2347 5273 2403 5328 in
2432 5288 2597 5328 manu
2626 5273 2746 5341 ejus
2763 5271 3004 5327 calamus
3025 5284 3300 5325 mensurae
3320 5265 3540 5339 (Ezech.
3563 5267 3674 5336 xc).
3694 5287 3715 5315 ι

2130 5365 2233 5419 Per
2288 5364 2561 5419 calamum
2639 5361 2915 5431 Scriptura
2962 5358 3322 5433 significatur,
3396 5357 3524 5429 quia
3582 5355 3720 5409 anti-

2130 5457 2312 5529 quitus
2359 5457 2571 5514 calamo
2627 5455 2981 5510 scribebatur.
3046 5454 3170 5509 Haec
3224 5450 3531 5519 Scriptura,
3588 5449 3722 5503 bene

2130 5564 2386 5603 mensura
2426 5546 2643 5609 dicitur,
2704 5546 2828 5615 quia
2884 5551 3143 5615 quantum
3202 5540 3431 5612 quisque
3478 5536 3721 5609 proﬁciat

2129 5637 2214 5691 vel
2246 5637 2483 5699 deficiat,
2505 5635 2625 5703 ejus
2657 5633 2946 5703 praeceptis
2968 5630 3350 5703 cognoscitur.
3382 5629 3448 5683 Et
3475 5640 3721 5682 mensura

2130 5726 2247 5780 ham
2275 5727 2327 5779 in
2359 5739 2524 5779 manu
2582 5722 2800 5783 Christi.
2833 5722 2889 5776 id
2908 5731 2989 5776 est
3020 5721 3072 5774 in
3106 5721 3222 5787 ejus
3251 5719 3564 5788 operatione
3602 5730 3718 5769 esse

2128 5823 2350 5889 dicitur,
2387 5824 2515 5893 quia
2559 5835 2743 5876 sermo
2791 5818 3032 5874 doctoris
3064 5817 3265 5871 frustra
3313 5816 3525 5869 laborat
3577 5820 3719 5867 eatea

2127 5906 2239 5975 rtu-
2299 5917 2405 5976 nisi
2456 5916 2638 5992 [ratio
2701 5913 2938 5990 aptum
2998 5910 3170 5973 utaut
3211 5917 3454 5974 mentem
3488 5905 3718 5969 illustrat
