3972 6462
301 422 438 476 1245

1215 411 1806 472 DEFLORATIONES
1843 413 1943 472 SS.
1975 413 2288 473 PATRUM.
2323 445 2396 459 -
2429 417 2557 474 LIB.
2597 419 2666 472 II.

3447 421 3582 474 ηιθ

286 541 526 598 interius.
561 541 643 596 De
672 542 775 596 hoc
804 541 1014 595 calamo
1058 539 1292 609 loquitur
1337 538 1502 593 Isaias
1548 539 1771 609 loquens
1811 538 1880 594 de
1906 541 1965 600 Α
1996 540 2086 610 qui
2112 542 2364 596 ecclesias
2381 543 2466 597 vel
2483 543 2717 611 ordines,
2741 551 2830 598 aut
2868 543 3066 614 aliquid
3114 543 3351 614 spiritale
3383 542 3580 598 donum

293 639 535 694 Ecclesia
566 657 578 692 :
619 661 640 686 η
677 637 892 691 Orietur
922 637 972 689 in
1009 652 1072 691 ea
1104 637 1247 689 viror
1276 635 1468 689 calami
1498 642 1550 689 et
1564 635 1712 704 junci
1741 637 1874 703 (Im.

283 733 478 796 xxxv).
514 750 536 776 ιι
575 727 678 779 Per
715 726 950 779 virorem
993 724 1186 778 calami
1215 725 1394 778 lumen
1443 724 1833 792 Scripturarum
1868 739 1882 792 ;

288 833 386 888 per
435 816 674 870 virorem
725 814 898 885 junci,
957 813 1047 882 qui
1099 813 1154 868 in
1204 813 1357 882 aquis
1408 813 1658 880 nascitur,
1714 813 1889 883 gratia

289 913 527 984 Spiritus
585 911 756 966 sancti
810 909 1162 981 signiﬁcatur,
1222 909 1312 979 qui
1384 909 1442 964 in
1510 909 1662 979 aquis
1733 910 1888 964 datur

287 1001 601 1073 baptizatis.
637 1000 700 1054 Et
745 999 953 1056 locutus
1007 1006 1086 1054 est
1138 997 1188 1053 ei
1246 998 1429 1052 dicens
1485 1016 1498 1052 :
1564 1020 1586 1046 «ι
1649 998 1781 1052 Vide
1835 1005 1890 1052 et

287 1089 541 1160 intellige
597 1088 823 1158 (Bacch.
879 1087 992 1155 XL).
1063 1087 1162 1140 Per
1228 1086 1330 1141 hoc
1392 1085 1749 1157 signiﬁcatum
1811 1093 1890 1140 est

288 1186 437 1258 quod
467 1185 536 1240 ad
567 1184 933 1255 cognitionem
965 1183 1124 1252 hujus
1149 1184 1282 1238 adis
1325 1183 1592 1254 perveniri
1619 1200 1746 1251 ⁸ιιοιι
1794 1199 1888 1254 po-

289 1284 413 1344 test,
447 1275 550 1330 nisi
579 1274 700 1328 visu
728 1273 964 1328 interiori
999 1281 1053 1327 et
1088 1273 1356 1327 intellectu
1409 1271 1691 1341 spirituali.
1741 1272 1890 1327 Sicut

288 1364 541 1434 superius
570 1362 826 1426 diximus,
861 1360 1007 1415 idem
1063 1360 1315 1415 Ezechiel
1369 1361 1436 1414 de
1489 1361 1887 1416 consecratione

292 1459 629 1515 tabernaculi
656 1459 742 1512 vel
801 1457 1047 1512 ecclesiae
1109 1458 1286 1512 taliter
1351 1457 1584 1526 loquitur
1653 1457 1882 1512 dicens:

294 1571 320 1598 ι
357 1549 488 1606 Lavi
521 1556 570 1602 te
600 1563 758 1617 aqua,
791 1548 921 1601 unxi
953 1555 1000 1600 te
1030 1547 1172 1611 oleo,
1202 1545 1390 1600 vestivi
1420 1555 1471 1601 te
1512 1546 1884 1612 discoloribus,

289 1645 346 1692 et
375 1652 504 1692 ecce
534 1636 676 1692 facta
705 1652 762 1690 es
791 1634 926 1689 mihi
957 1635 1174 1704 (Επειδὴ.
1209 1637 1313 1703 Ix).
1355 1657 1377 1683 ι»
1413 1633 1546 1702 Qua:
1587 1635 1770 1690 omnia
1816 1635 1886 1690 ab

288 1733 562 1804 episc0pis
590 1730 701 1785 ﬁeri
733 1731 788 1788 in
819 1731 900 1784 his
928 1731 1144 1800 templis
1186 1731 1503 1785 manut'actis
1552 1732 1729 1802 palam
1772 1739 1875 1786 est.

289 1820 450 1890 Quod
482 1830 660 1875 tamen
693 1827 858 1874 totum
917 1818 974 1873 ﬁt
1027 1826 1245 1890 propter
1299 1835 1414 1885 nos,
1477 1819 1568 1888 qui
1626 1820 1882 1887 templum

291 1885 392 1964 Dei
424 1925 638 1964 sumus.
677 1907 832 1964 Unde
859 1885 1053 1962 dicitur
1079 1923 1091 1959 :
1126 1885 1151 1956 ξι
1183 1907 1465 1976 Templum
1497 1885 1594 1963 Dei
1639 1885 1880 1962 sanctum
1911 1885 1962 1945 Β

289 2013 394 2073 est,
427 2004 574 2074 quod
603 2005 730 2059 estis
757 2019 853 2056 vos
883 2003 936 2068 (1
966 2004 1088 2059 Cor.
1121 2007 1225 2072 ιιι).
1263 2025 1286 2051 ι»
1321 2003 1593 2073 Quidquid
1639 2005 1781 2057 enim
1828 2002 1888 2059 ﬁt

289 2094 348 2149 in
382 2093 598 2164 templis
627 2092 949 2148 manufactis
997 2091 1065 2148 ab
1114 2092 1383 2162 episcopis
1427 2093 1884 2161 consectantibus,

289 2184 393 2238 hoc
453 2189 622 2236 totum
683 2181 740 2235 in
795 2180 1009 2248 templis
1063 2181 1364 2234 animarum
1418 2188 1716 2234 nostrarum
1773 2179 1887 2235 ﬁeri

289 2279 454 2334 debet
480 2293 516 2332 ι
544 2277 721 2343 nobis,
753 2286 964 2332 nosmet
991 2277 1252 2347 templum
1282 2277 1398 2331 Deo
1447 2277 1877 2346 preparantibus.

364 2402 534 2474 Igitur
563 2417 726 2464 nunc,
758 2398 1114 2455 dilectissimi.
1167 2399 1557 2455 consideranda
1602 2409 1680 2455 est
1732 2401 1888 2455 nobis

288 2499 615 2554 constructio
645 2497 829 2569 templi
860 2497 980 2562 Dei,
1015 2498 1116 2551 hoc
1144 2505 1224 2550 est
1275 2497 1436 2565 hujus
1451 2497 1640 2551 domus
1677 2499 1882 2552 oratio-

286 2587 393 2652 nis,
421 2587 578 2656 cujus
605 2586 764 2640 hodie
795 2586 1056 2640 solemnia
1084 2586 1312 2638 colimus
1339 2585 1545 2639 festivze
1587 2585 1886 2642 dedicatio-

287 2677 398 2730 nis.
440 2675 646 2730 Domus
676 2677 790 2729 hinc
817 2674 1110 2728 secundum
1143 2674 1396 2728 Erclesiaa
1434 2682 1628 2728 statum
1677 2676 1885 2730 forma-

290 2782 376 2828 tur
406 2787 420 2826 :
459 2772 598 2825 unde
628 2779 680 2826 et
707 2771 931 2826 ecclesia
961 2771 1105 2840 quod
1163 2772 1485 2826 convocatio
1542 2771 1735 2826 dicitur
1782 2789 1885 2841 ap-

290 2861 542 2932 pellatur,
584 2861 708 2930 quia
747 2861 801 2914 in
849 2875 912 2914 ea
951 2859 1180 2930 populus
1217 2859 1284 2913 ad
1349 2859 1631 2914 colendum
1701 2868 1754 2915 et
1817 2861 1884 2914 ad

293 2949 559 3005 orandum
589 2965 754 3002 unum
785 2955 837 3002 et
883 2963 1070 3002 verum
1118 2947 1287 3001 Deum
1338 2955 1681 3002 convocatur.
1731 2947 1884 3017 Qua-

291 3054 416 3100 tuor
443 3044 735 3116 parietibus
763 3043 1192 3114 compaginatur,
1241 3050 1292 3097 et
1347 3043 1571 3097 ecclesia
1625 3061 1690 3097 ex
1745 3061 1883 3113 qua-

292 3140 417 3188 tuor
446 3132 756 3202 Evangeliis
783 3131 1166 3186 consolidatur.
1198 3130 1567 3185 Sanctuarium
1615 3131 1777 3186 habet
1831 3131 1885 3185 in

293 3236 402 3292 quo
431 3221 622 3286 clerus,
655 3227 708 3273 et
738 3221 1060 3274 anteriorem
1094 3219 1315 3273 domum
1374 3218 1428 3272 in
1484 3235 1590 3288 quo
1657 3221 1885 3290 populus
1914 3233 1964 3298 ο

290 3318 554 3375 consistit.
619 3319 751 3372 Item
791 3323 842 3371 et
901 3316 1137 3371 Ecclesia
1191 3315 1353 3370 habet
1405 3317 1876 3385 contemplativam

291 3407 458 3462 vitam
490 3405 544 3460 in
573 3422 677 3477 qua
732 3405 998 3477 spiritales
1052 3404 1234 3472 habet,
1292 3411 1345 3458 et
1400 3404 1628 3458 activam
1676 3404 1732 3458 in
1779 3422 1885 3475 qua

291 3495 561 3550 constituti
614 3501 736 3548 sunt
787 3494 1089 3548 saeculares.
1151 3492 1585 3562 Contemplativa
1642 3492 1751 3546 vita
1807 3501 1885 3547 est

289 3591 484 3638 cuncta
516 3590 725 3638 terrena
756 3597 853 3653 pro
885 3581 980 3634 Dei
1014 3595 1196 3635 amore
1227 3580 1546 3649 relinquere,
1596 3581 1710 3635 sola
1765 3597 1882 3636 cce-

284 3679 442 3735 lestia
471 3695 731 3750 quaerere,
782 3678 994 3732 assidue
1048 3692 1220 3745 orare,
1277 3693 1420 3748 saepe
1463 3676 1718 3747 lectitare,
1777 3679 1882 3749 hy-

285 3768 430 3822 mnis
457 3775 510 3822 et
538 3767 758 3822 canticis
782 3767 988 3837 jugiter
1014 3766 1184 3820 Deum
1236 3765 1473 3820 laudare.
1523 3766 1709 3820 Activa
1752 3783 1880 3822 vero

283 3856 393 3910 vita
423 3863 520 3918 est,
551 3862 752 3909 castam
783 3854 948 3908 vitam
979 3869 1082 3907 cun
1112 3853 1346 3924 conjuge
1377 3852 1590 3920 ducere,
1641 3852 1778 3908 ﬁlios
1825 3854 1879 3908 in

283 3951 382 4007 Dei
415 3951 604 4006 timore
636 3950 854 4016 nutrire,
889 3965 1150 4020 pauperes
1179 3949 1300 4004 cibo
1335 3957 1388 4003 et
1440 3958 1568 4020 potu
1616 3966 1877 4018 recreare,

284 4039 526 4095 inﬁrmos
554 4047 607 4094 et
634 4039 822 4094 viduas
853 4039 1086 4102 visitare,
1121 4046 1174 4092 et
1211 4038 1462 4092 omnibus
1507 4040 1878 4094 necessitatem

286 4128 615 4200 patientibus
645 4135 861 4199 prepter
887 4127 1227 4181 dilectionem
1257 4126 1487 4195 proximi
1531 4142 1629 4195 pro
1677 4129 1881 4184 viribus

288 4242 450 4296 opem
482 4225 639 4280 t'erre.
674 4225 732 4278 In
762 4224 1063 4279 sanctuario
1105 4231 1185 4277 est
1239 4224 1424 4289 altare,
1484 4223 1539 4278 in
1597 4240 1704 4295 quo
1759 4233 1882 4280 sunt.

285 4322 591 4369 sanctorum
621 4312 863 4382 reliquiae
897 4331 908 4366 :
945 4313 1048 4367 hoc
1076 4319 1156 4366 est
1211 4311 1266 4366 in
1324 4312 1566 4367 Ecclesia
1619 4314 1874 4382 Christus,

284 4403 339 4459 in
369 4401 523 4472 cujus
551 4401 1008 4472 contemplatione
1047 4401 1390 4470 requiescunt
1436 4409 1642 4455 mentes
1694 4401 1877 4458 beato-

277 4518 423 4567 rum,
455 4500 588 4556 etin
618 4499 771 4568 cujus
798 4507 1085 4568 conspectu
1124 4497 1256 4568 justi
1311 4500 1577 4554 exsultent
1631 4507 1682 4554 et
1737 4517 1874 4572 epu-

277 4599 474 4664 lentur,
506 4605 558 4652 et
585 4597 642 4652 in
671 4597 855 4652 laetitia
883 4596 1212 4652 delectentur
1241 4597 1416 4665 (Psal,
1451 4598 1638 4666 van).
1698 4599 1872 4654 Fene-
1903 4586 1956 4649 D

277 4693 402 4742 stne
432 4685 626 4755 quibus
655 4687 770 4740 haec
819 4685 1012 4740 domus
1065 4684 1373 4751 illustratur,
1432 4693 1554 4740 sunt
1609 4685 1874 4755 doctores,

278 4802 376 4858 per
404 4803 538 4854 quos
575 4787 790 4840 cmleste
848 4785 1029 4839 lumen
1085 4785 1142 4838 in
1199 4785 1496 4840 Ecclesiam
1558 4785 1872 4857 ingreditur.

279 4876 526 4944 Laquear
553 4873 773 4946 picturae
803 4890 907 4944 quo
951 4874 1067 4928 haec
1114 4873 1349 4928 Ecclesia
1396 4874 1746 4929 Dominicalis
1787 4875 1878 4929 de-

283 4970 516 5026 coratur,
546 4971 668 5017 sunt
695 4962 819 5017 vitae
847 4969 900 5017 et
927 4962 1182 5030 exempla
1207 4968 1534 5031 sanctorum,
1586 4979 1707 5032 qua:
1763 4962 1879 5032 qui-

281 5076 387 5130 que
417 5060 492 5132 pii
540 5059 595 5115 in
652 5059 895 5115 Ecclesia
951 5059 1253 5114 imitantur.
1319 5060 1640 5114 Continuam
1694 5060 1877 5119 lumen

283 5164 390 5218 quo
446 5148 778 5216 illiminatur,
837 5155 918 5204 est
965 5147 1196 5219 Spiritus
1261 5148 1431 5202 sancti
1505 5149 1703 5218 gratia,
1771 5165 1876 5218 qua

283 5236 524 5291 Ecclesia
547 5235 753 5308 jugiter
806 5236 1114 5292 irradiatur.
1180 5236 1321 5292 Crux
1376 5235 1573 5291 Christi
1628 5236 1716 5292 hic
1769 5236 1877 5292 ﬁxa

279 5334 552 5398 adoretur,
603 5341 658 5389 et
714 5333 906 5390 Christi
971 5333 1153 5402 passio
1208 5347 1241 5386 a
1295 5333 1503 5388 cunctis
1565 5333 1879 5390 Christianis

269 5430 586 5478 .veneratur.
629 5421 748 5490 Quo
779 5437 909 5476 crux
941 5428 1180 5491 portatur
1205 5421 1500 5490 sequimur,
1542 5420 1668 5490 quia
1715 5421 1873 5476 Chri-

272 5510 342 5566 sti
402 5510 629 5581 vestigia
687 5510 837 5580 sequi
896 5509 1175 5572 debemus,
1233 5509 1277 5562 si
1337 5508 1406 5564 ad
1460 5510 1674 5564 cceleste
1730 5517 1873 5563 tem-

279 5609 429 5680 plum
493 5609 676 5664 venire
732 5609 1000 5664 volumus.
1031 5608 1224 5661 Turres
1268 5615 1392 5661 sunt
1437 5608 1690 5664 Ecclesia.-
1737 5624 1874 5678 prae-

279 5697 393 5762 lati,
425 5713 706 5768 campana:
753 5713 939 5750 eorum
998 5695 1424 5766 praedicationes.
1485 5695 1564 5750 De
1621 5694 1719 5750 hac
1763 5698 1868 5750 do—

273 5799 364 5839 mo
395 5785 556 5854 ejecit
585 5783 878 5838 vendentes
908 5789 962 5837 et
1016 5789 1256 5837 ementes
1310 5781 1588 5835 columbas
1645 5781 1864 5846 (Matth.

268 5875 386 5930 ni.
422 5866 706 5929 Columba
753 5873 877 5927 luat
923 5865 1186 5942 spiritalia
1238 5862 1407 5926 donat
1473 5866 1677 5927 Omns.
1731 5882 1867 5941 ergo

1993 637 2178 683 emunt
2209 630 2292 684 vel
2323 631 2581 695 vendunt,
2641 632 2707 686 de
2765 634 2866 687 hoc
2924 633 3127 702 templo
3185 650 3304 687 cum
3365 633 3584 686 Simone

1993 719 2152 785 Mago
2181 719 2466 787 ejiriuntur
2495 727 2545 775 et
2575 720 2627 774 in
2659 722 2840 791 ignem
2869 730 3128 776 aeternum
3161 721 3458 775 mittuntur.

2064 824 2190 878 Ilaec
2219 825 2418 888 omnia,
2453 827 2774 890 charissimi,
2805 844 2902 881 nos
2927 827 3236 898 respiciunt.
3287 829 3415 882 Ilaec
3467 827 3586 880 uni-

1994 928 2148 966 versa
2176 912 2245 967 ad
2275 914 2582 984 exemplum
2639 915 2796 969 nobis
2843 915 2985 970 facta
3037 923 3176 969 sunt.
3237 917 3348 969 Nos
3402 932 3587 970 sumus

1994 1000 2092 1055 Dei
2121 1001 2379 1071 templum
2410 1001 2480 1057 ad
2509 1003 2871 1058 habitaculum
2920 1005 3018 1059 Dei
3066 1003 3390 1068 dedicatum,
3450 1005 3586 1058 sicut

1994 1089 2248 1160 scriptum
2280 1097 2404 1144 est:
2445 1113 2465 1137 σι
2499 1091 2608 1145 Vos
2664 1092 2791 1145 estis
2846 1092 3103 1162 templum
3166 1092 3262 1146 Dei
3321 1091 3396 1154 (II
3445 1092 3574 1147 Cor.

1995 1191 2096 1252 vi).
2132 1211 2154 1236 ιι
2192 1189 2258 1243 Et
2288 1189 2479 1244 iterum
2513 1205 2527 1244 :
2565 1213 2588 1238 ι
2625 1191 2946 1246 Inhabitabo
2975 1191 3025 1244 in
3061 1191 3153 1258 eis,
3205 1190 3334 1246 dicit
3387 1190 3582 1244 Domi-

1995 1293 2112 1338 nus,
2137 1284 2189 1332 et
2225 1278 2350 1347 ipsit
2385 1286 2540 1332 erunt
2578 1279 2710 1332 mihi
2752 1279 2806 1332 in
2837 1280 3114 1350 pepulum,
3148 1286 3198 1334 et
3226 1294 3329 1348 ego
3359 1294 3450 1332 ero
3480 1278 3586 1332 illis

1994 1365 2046 1418 in
2079 1364 2275 1420 Deum.
2309 1366 2416 1420 Ero
2448 1367 2526 1420 eis
2553 1383 2766 1436 quoque
2795 1367 2848 1422 in
2879 1375 3106 1437 patrem,
3139 1374 3192 1420 et
3219 1367 3318 1437 ipsi
3349 1366 3479 1420 mihi
3527 1367 3583 1420 in

1994 1453 2133 1506 ﬁlios
2165 1462 2214 1508 et
2245 1453 2384 1508 filias
2413 1455 2611 1522 (Exod.
2645 1455 2798 1521 xxv).
2833 1478 2855 1504 ιι
2893 1455 2939 1512 Ο
2969 1472 3129 1526 quam
3159 1456 3364 1518 beatus,
3397 1455 3451 1508 in
3478 1471 3582 1523 quo

1995 1549 2197 1605 habitat
2223 1552 2388 1606 Deus.
2423 1552 2571 1607 Sicut
2600 1569 2834 1622 namque
2864 1554 2979 1608 haec
3007 1553 3200 1607 domus
3247 1569 3312 1607 ex
3359 1559 3586 1620 quatuor

1993 1639 2284 1710 parietibus
2373 1641 2716 1707 construitur,
2813 1641 2888 1696 ita
2978 1641 3236 1710 templum
3343 1641 3582 1710 corporis

1991 1728 2156 1782 nostri
2211 1735 2440 1797 quatuor
2490 1729 2769 1784 elementis
2821 1727 3117 1784 conﬁcitur.
3175 1729 3244 1784 Et
3299 1729 3434 1782 sicut
3485 1728 3584 1784 ista

1993 1815 2187 1870 domus
2215 1817 2267 1870 in
2299 1816 2640 1872 dedicatione
2670 1818 2816 1888 prius
2870 1833 3010 1886 aqua
3064 1817 3345 1872 benedicta
3399 1832 3582 1886 asper-

1991 1913 2154 1983 gitur,
2213 1911 2409 1967 deinde
2453 1913 2740 1968 chrismate
2797 1921 3182 1970 consecratur:
3242 1914 3314 1968 ita
3388 1929 3584 1983 corpus

1991 2008 2229 2054 nostrum
2286 2017 2428 2069 aqua
2484 2001 2820 2070 baptismatis
2865 2002 3013 2072 prius
3059 2002 3309 2066 abluitur,
3387 2001 3581 2056 deinde

1992 2096 2174 2143 sancto
2204 2089 2490 2143 chrismate
2523 2090 2863 2161 perungitur.
2927 2089 3188 2160 Quaedam
3234 2090 3469 2144 basilica:
3527 2091 3580 2144 in

1994 2186 2212 2241 modum
2243 2187 2416 2243 crucis
2473 2187 2817 2254 fabricantur,
2877 2195 2932 2242 et
2985 2204 3177 2260 corpus
3231 2195 3469 2242 nostrum
3526 2187 3582 2240 in

1993 2273 2212 2328 modum
2243 2275 2420 2330 crucis
2451 2275 2757 2329 fabricatur.
2811 2275 3186 2330 Sancluarium
3233 2276 3390 2344 hujus
3439 2283 3580 2329 tem-

1995 2363 2068 2432 pli
2099 2369 2178 2417 est
2207 2379 2358 2416 mens
2398 2372 2596 2429 nostra,
2628 2380 2749 2434 qua:
2777 2364 3035 2432 spiritalia
3084 2371 3288 2419 tractat.
3337 2363 3584 2418 Anterior

1993 2451 2186 2505 domus
2217 2459 2297 2506 est
2327 2451 2528 2515 anima,
2558 2468 2674 2521 quae
2706 2469 2802 2524 per
2828 2469 3011 2508 sensus
3038 2452 3277 2524 corporis
3321 2452 3444 2508 vitae
3489 2468 3583 2530 ne-

1993 2548 2222 2602 cessaria
2251 2548 2542 2618 dispensat.
2573 2549 2754 2604 Altare
2775 2565 2936 2618 super
2981 2548 3124 2619 quod
3181 2548 3444 2604 sacriﬁcia
3489 2548 3580 2603 of-

1994 2636 2235 2690 feruntur
2263 2644 2342 2691 est
2365 2653 2458 2692 cor
2483 2645 2743 2698 nostrum.
2779 2637 2832 2692 in
2881 2653 2986 2707 quo
3030 2622 3245 2693 munda:
3291 2623 3579 2707 cogitatio;

1995 2741 2091 2778 nes
2120 2732 2172 2779 et
2200 2741 2348 2794 pura:
2377 2725 2644 2780 orationes
2672 2727 2786 2780 Deo
2829 2726 3205 2781 incenduntur.
3272 2726 3450 2779 Turris
3505 2733 3582 2778 est

1994 2821 2154 2883 caput
2182 2822 2440 2882 nostrum,
2472 2830 2736 2885 campana
2766 2822 2843 2869 est
2887 2815 3089 2886 lingua,
3150 2831 3255 2884 qua
3311 2813 3585 2885 proximos

1993 2909 2257 2964 debemus
2284 2927 2478 2966 vocare
2507 2911 2574 2966 ad
2603 2913 2859 2968 cmlestia.
2894 2914 2951 2965 In
2987 2914 3085 2967 hac
3123 2911 3286 2966 domo
3333 2911 3580 2965 fenestrae

1993 3006 2113 3052 sunt
2142 2999 2281 3053 oculi
2312 2999 2497 3064 nostri,
2530 2999 2735 3068 pictura
2765 3016 2891 3054 vero
2937 3000 3082 3054 bona
3138 3015 3320 3070 opera.
3381 3000 3583 3052 Lumen

1997 3087 2229 3140 lucernae
2259 3095 2339 3141 est
2382 3088 2562 3142 lumen
2585 3087 2841 3142 scientize.
2867 3088 3016 3142 Sicut
3063 3103 3192 3158 ergo
3239 3086 3578 3155 sacrilegium

1994 3192 2283 3255 perpetrat.
2319 3184 2408 3254 qui
2439 3186 2542 3239 hoc
2571 3185 2828 3253 templum
2861 3184 3040 3250 violat,
3091 3184 3164 3238 ita
3210 3193 3263 3238 et
3320 3199 3579 3253 quaecun-

1994 3289 2098 3342 que
2130 3273 2387 3343 templum
2416 3272 2513 3327 Dei
2545 3273 2724 3340 aliqua
2764 3272 3103 3326 immunditia
3134 3273 3218 3325 vel
3249 3273 3429 3340 aliquo
3468 3271 3577 3344 eri:

1992 3361 2176 3414 minali
2234 3368 2454 3429 peccato
2510 3360 2810 3426 violaverit,
2874 3361 3015 3414 hunc
3071 3361 3213 3414 Deus
3264 3359 3580 3428 disperdens

1991 3448 2287 3503 damnabit.
2341 3449 2543 3502 Domus
2601 3449 2719 3503 haec
2773 3464 2894 3503 cum
2952 3447 3172 3502 interius
3226 3447 3578 3514 benedicitur,

1989 3545 2188 3611 cinere,
2223 3545 2353 3613 sale,
2380 3544 2524 3608 vino,
2557 3560 2716 3613 aqua,
2747 3544 3002 3616 hyssopo,
3033 3544 3219 3598 savina
3248 3544 3571 3616 aspergitur".

1989 3633 2090 3688 Per
2114 3633 2349 3688 cinerem
2382 3633 2712 3704 paenitentia,
2745 3650 2841 3704 per
2867 3634 2945 3689 sal
3002 3632 3283 3704 sapientia,
3343 3648 3442 3700 per
3495 3631 3580 3685 vi-

1989 3737 2116 3776 num
2147 3721 2502 3793 spiritualium
2537 3720 2910 3788 intelligentia,
2941 3737 3038 3790 per
3064 3737 3259 3790 aquam
3307 3720 3584 3792 proximo-

1987 3826 2106 3864 rum
2134 3826 2260 3864 cura
2290 3809 2634 3881 intelligitur.
2671 3810 2860 3865 Cinere
2891 3809 3108 3865 domum
3142 3817 3376 3863 nostram
3401 3825 3580 3878 asper-

1986 3899 2184 3968 gimus,
2217 3898 2258 3952 si
2293 3905 2556 3953 transacta
2586 3898 2729 3953 mala
2760 3915 2856 3970 per
2884 3898 3250 3969 paenitentiam
3291 3897 3568 3950 diluimus.

1987 3986 2110 4041 Sale
2141 3987 2498 4058 aspergimus,
2557 3987 2601 4040 si
2659 3988 2774 4041 sola
2833 3987 3070 4041 cretestia
3125 3986 3382 4056 sapimus.
3441 3985 3576 4038 Vino

1987 4085 2342 4155 aspergimus,
2376 4084 2418 4137 si
2452 4100 2548 4138 nos
2589 4084 2918 4153 spiritalibus
2970 4083 3317 4138 inebriamus.
3373 4081 3578 4150 Aquam

1987 4172 2364 4236 admiscemus,
2397 4173 2440 4227 si
2473 4173 2842 4242 proximorum
2871 4189 3052 4227 curam
3099 4187 3206 4226 non
3229 4171 3574 4243 negligimus.

1983 4261 2229 4332 Hyssopo
2259 4269 2313 4315 et
2339 4261 2544 4326 savina,
2569 4277 2689 4330 quae
2723 4276 2922 4316 amara:
2953 4261 3134 4316 herbae
3166 4268 3306 4326 sunt,
3329 4259 3577 4330 aspergi-

1985 4373 2124 4423 mus,
2158 4357 2202 4411 si
2227 4357 2452 4428 jejuniis
2483 4365 2536 4411 et
2565 4357 2786 4430 vigiliis,
2819 4374 2940 4428 qua:
2969 4374 3151 4413 amara
3182 4365 3321 4424 sunt,
3354 4357 3478 4410 vitia
3523 4357 3578 4410 in

1983 4445 2141 4500 nobis
2172 4445 2570 4501 mortiﬁcamus.
3596 4433 3600 4437 ’

2375 4607 2452 4660 De
2483 4605 2664 4662 tribus
2693 4605 3164 4662 dedicationibus.

2058 4727 2338 4783 Dedicatio
2369 4728 2553 4799 templi
2580 4729 2632 4782 in
2663 4745 2864 4801 magno
2893 4731 3096 4783 honore
3125 4727 3425 4782 habebatur
3470 4745 3574 4782 ans-

1985 4825 2035 4871 te
2065 4817 2353 4871 adventum
2389 4817 2599 4870 Christi.
2633 4817 2787 4872 Unde
2818 4825 2869 4870 et
2899 4825 3000 4870 tres
3029 4816 3392 4872 dedicationes
3434 4824 3576 4869 tem-

1985 4906 2059 4977 pli
2089 4913 2211 4960 ante
2242 4906 2580 4960 Dominicam
2621 4905 3044 4961 incarnationem
3093 4906 3396 4960 referuntur
3439 4906 3577 4958 cele-

1982 4993 2168 5057 bratze,
2193 5009 2314 5049 eum
2348 4993 2584 5048 maxima
2612 4995 2900 5050 devotione
2930 4994 3102 5065 plebis
3155 4993 3414 5049 Iudaicae.
3462 4993 3575 5046 Pri-

1983 5098 2072 5136 ma
2101 5081 2366 5152 siquidem
2399 5082 2666 5138 dedicatio
2695 5099 2727 5136 a
2755 5083 3044 5138 Salomone
3075 5090 3314 5154 tempore
3365 5089 3576 5136 autum-

1981 5171 2058 5236 ni,
2094 5171 2659 5226 mediaaZorobabel
2715 5179 2769 5226 et
2822 5173 2945 5225 Jesu
3001 5171 3276 5226 sacerdote
3329 5177 3574 5240 tempore

1981 5259 2124 5314 veris
2155 5274 2168 5327 ;
2200 5259 2388 5314 ultima
2417 5276 2449 5314 a
2484 5259 2622 5314 Juda
2677 5260 2988 5314 Machame
3046 5259 3186 5315 facta
3241 5258 3574 5330 dignoscitur

1983 5353 2224 5416 tempore
2253 5347 2468 5403 hiemis.
2502 5350 2561 5402 In
2595 5349 2714 5416 hac,
2772 5349 3008 5417 inquam,
3068 5347 3405 5402 dedicatione
3452 5364 3574 5417 spe-

1980 5436 2186 5490 cialiter
2214 5436 2411 5507 legitur
2436 5437 2780 5492 conslitutum
2805 5453 2943 5500 esse,
2991 5443 3048 5490 ut
3099 5437 3284 5490 eadem
3346 5435 3571 5490 dedica-

1981 5522 2054 5576 tio
2077 5540 2172 5594 per
2199 5539 2386 5578 omnes
2415 5541 2584 5579 annos
2612 5532 2969 5590 revocaretur,
3005 5524 3056 5578 in
3121 5525 3439 5578 memoriam
3488 5543 3572 5577 so-

1977 5609 2247 5665 lemnibus
2275 5612 2488 5667 ofﬁciis.
2518 5614 2678 5668 Juxta
2707 5613 2848 5682 quod
2887 5629 3053 5681 usque
3097 5613 3163 5666 ad
3222 5621 3254 5666 ι.
3280 5631 3435 5679 lupus
3489 5614 3574 5667 in-

1976 5699 2303 5753 carnationis
2333 5701 2630 5756 Dominicis
2679 5703 2812 5756 hanc
2865 5701 3257 5755 solemnitatem
3321 5703 3566 5756 observa-

1977 5793 2085 5840 tam
2118 5785 2279 5840 fuisse
2309 5789 2690 5857 comprobatur
2717 5805 2781 5844 ex
2815 5787 3133 5860 evangelica
3180 5788 3434 5842 lectione.
3489 5792 3572 5843 Ait

1979 5866 2128 5929 enim
2154 5866 2390 5933 Joannes
2440 5869 2775 5947 evangelista
2809 5891 2826 5934 δ
2859 5887 2884 5928 υ
2941 5871 3107 5934 Facta
3159 5879 3282 5933 Iunt
3335 5873 3572 5934 cucumis
