3972 6404
406 423 546 486 1247

1545 423 1886 481 WERNERI
1941 419 2226 478 ABBATIS
2283 419 2344 478 S.
2399 415 2619 476 BLASII

3573 417 3700 476 {218

407 550 814 623 Hierosolymis,
860 561 915 610 et
962 550 1136 608 hiems
1181 559 1314 620 erat,
1373 549 1792 620 ambulabatque
1853 549 2008 604 Jesus
2040 548 2088 609 Α
2125 567 2148 596 α
2180 545 2455 602 Exaudivi
2486 544 2783 601 orationem
2816 551 2982 614 tuam,
3016 557 3179 613 quam
3207 538 3522 614 deprecatus
3549 557 3704 599 esco-

410 638 468 696 in
497 641 706 713 porticu
737 641 1042 698 Salomonis
1071 643 1254 708 (Joan.
1288 643 1372 711 ι).
1417 663 1439 688 υ
1493 641 1624 695 Haec
1669 647 1848 694 autem
1911 639 2012 693 fuit

411 743 574 785 causa
601 730 851 786 secunda:
879 737 930 784 et
962 729 1129 786 tertiae
1157 729 1528 792 dedicationis,
1578 729 1704 798 quia
1749 726 2010 782 Salomon

411 827 600 899 templi
629 827 846 898 quidem
876 843 1030 900 opus,
1064 828 1208 899 quod
1239 829 1472 883 Domino
1500 825 1760 892 condidit,
1793 833 2002 897 septem

411 917 568 973 annis
594 917 818 988 perfecit
848 932 862 986 ;
894 925 1086 974 octavo
1107 926 1286 972 autem
1306 933 1450 972 anno
1469 915 1682 971 decima
1701 915 1789 971 die
1807 915 2008 970 mensis

410 1005 645 1079 septimi,
679 1022 800 1077 quae
829 1022 862 1062 a
888 1007 1048 1062 nobis
1065 1004 1289 1062 october
1307 1005 1640 1077 appellatur:
1665 1005 1768 1060 hoc
1796 1004 1852 1059 in
1881 997 2005 1060 ma?

411 1121 522 1179 gna
549 1105 723 1177 gloria
753 1103 1023 1162 dedicavit
1051 1105 1157 1177 (II!
1184 1109 1314 1177 Reg.
1369 1106 1518 1175 vm).
1575 1103 1709 1174 Quae
1756 1103 2011 1159 videlicet

411 1191 529 1250 dies
555 1201 613 1250 et
639 1202 797 1250 antea
827 1212 924 1266 per
951 1195 1131 1268 legem
1159 1202 1273 1251 erat
1301 1201 1497 1250 statuta
1520 1193 1796 1261 solemnis,
1840 1193 1912 1248 ita
1953 1200 2012 1249 ut

409 1280 468 1338 in
494 1298 561 1338 ea
593 1283 999 1339 tabernaculum
1030 1300 1193 1340 omne
1221 1299 1320 1354 per
1345 1283 1588 1355 singulos
1617 1298 1788 1337 annos
1824 1281 2008 1352 majo-

407 1369 559 1426 ribus
585 1372 776 1428 hostiis
805 1372 1011 1445 expiari
1041 1372 1282 1428 deberet.
1313 1373 1431 1428 Hoc
1466 1371 1700 1442 denique
1745 1371 2006 1441 templum

407 1477 532 1541 post
561 1486 732 1526 annos
753 1488 1018 1538 ccccxxx,
1051 1472 1404 1528 incenderunt
1455 1470 1693 1527 Chaldmi
1727 1489 1740 1526 :
1773 1478 1826 1526 et
1880 1471 2008 1524 Hie-

407 1559 801 1631 rosolymorum
831 1561 964 1616 urbe
1010 1562 1297 1627 destructa,
1347 1561 1698 1616 Israeliticum
1748 1559 2006 1632 populum

409 1645 466 1702 in
494 1647 848 1720 Babyloniam
871 1649 1148 1706 abduxere
1175 1649 1470 1721 captivum.
1503 1647 1622 1718 Quo
1671 1656 1790 1720 post
1839 1664 2010 1704 annos

407 1746 752 1820 septuaginta
802 1747 1031 1820 patriam
1085 1748 1331 1816 remisso,
1388 1746 1740 1820 regnantibus
1813 1747 2004 1814 Persis,

407 1849 622 1890 rursum
651 1836 977 1893 aediﬁcatum
1006 1844 1089 1894 est
1116 1837 1377 1910 templum
1408 1853 1506 1908 per
1533 1851 1703 1892 annos
1747 1851 1896 1902 XLVI,
1957 1843 2011 1891 et

2114 651 2232 690 ram
2265 651 2350 689 me
2380 633 2481 705 (ΙΙΙ
2506 636 2634 705 Reg.
2667 635 2766 703 ix).
2803 653 2825 681 ιι

2189 741 2476 813 Templum
2521 738 2738 796 Domini
2795 739 3084 810 antiquitus
3141 738 3339 794 factum
3395 745 3547 810 typus
3595 748 3703 795 erat

2117 830 2602 888 ecclesiasticorum
2633 829 2980 901 templorum,
3014 836 3068 884 et
3096 827 3361 884 dedicatio
3405 827 3546 882 illius
3586 843 3705 884 nos-

2117 927 2212 974 trae
2239 919 2592 975 dedicationis
2621 918 2950 990 exemplum.
2985 917 3043 973 Si
3070 916 3263 972 domus
3289 915 3503 972 Domini
3525 924 3706 973 vocata

2118 1017 2200 1064 est
2251 1008 2346 1064 ubi
2403 1007 2592 1064 hostiae
2648 1015 2702 1063 et
2754 1005 3020 1062 sacriﬁcia
3091 1005 3468 1074 oﬁ'erebantur,
3541 1005 3704 1061 multo

2116 1097 2295 1170 magis
2322 1103 2517 1153 nostra:
2545 1095 2806 1152 orationis
2826 1095 3041 1163 domus,
3098 1095 3190 1150 ubi
3243 1095 3418 1150 carnis
3470 1101 3521 1150 et
3575 1111 3705 1150 san-

2115 1195 2296 1268 guinis
2317 1195 2435 1264 ejus
2461 1201 2796 1250 sacramenta
2851 1193 3206 1258 celebrantur,
3275 1192 3516 1249 vocanda
3570 1201 3671 1249 est.

2119 1285 2185 1342 Et
2213 1284 2257 1338 si
2289 1283 2555 1339 Dominus
2583 1283 2636 1337 in
2667 1283 2760 1337 illa
2787 1283 3087 1338 orationem
3116 1278 3304 1352 populi
3331 1282 3410 1336 sui
3439 1297 3496 1338 se
3517 1281 3704 1352 promi-

2119 1373 2186 1428 sit
2213 1374 2416 1440 audire,
2455 1380 2655 1442 quanto
2688 1372 2865 1444 magis
2904 1387 3090 1443 preces
3143 1379 3339 1428 nostra:
3390 1369 3706 1442 recipientur

2115 1461 2171 1517 in
2201 1462 2322 1528 ista,
2355 1463 2449 1516 ubi
2477 1461 2738 1517 sunt'veri
2767 1468 3006 1516 oratores
3047 1467 3100 1516 et
3145 1467 3528 1516 memoratores
3579 1476 3705 1532 pas-

2113 1551 2283 1606 sionis
2312 1551 2628 1607 Dominicis.
2666 1552 2732 1605 Et
2761 1549 2804 1604 si
2837 1557 2982 1605 tanta
3012 1548 3271 1604 festivitas
3297 1549 3538 1620 ejusdem
3567 1557 3706 1604 tem-

2113 1651 2190 1720 pli
2218 1649 2364 1720 quod
2394 1656 2510 1704 erat
2535 1647 2823 1704 umbratile
2871 1654 2924 1702 et
2969 1647 3204 1718 typicum
3262 1647 3316 1702 in
3372 1646 3702 1704 dedicatione

2117 1739 2388 1794 celebrata
2415 1745 2512 1799 est.
2544 1745 2802 1808 quantum
2850 1735 3109 1808 gaudium
3168 1736 3365 1806 putatis
3417 1735 3473 1791 in
3523 1751 3708 1791 conse-

2118 1829 2356 1884 cratione
2385 1835 2582 1883 nostra:
2609 1826 2795 1882 matris
2839 1824 3114 1898 agendum
3170 1832 3266 1880 est.
3326 1823 3481 1894 Quod
3535 1833 3709 1881 autem

411 1924 568 1980 tertia
595 1924 684 1980 die
713 1926 915 1982 mensis
941 1941 1044 1994 χιι,
1076 1942 1238 1998 quem
1275 1943 1376 1982 nos
1429 1925 1679 1981 Martium
1733 1941 2012 1992 vocamus,
2041 1909 2094 1970 Β
2121 1925 2327 1988 septem
2355 1917 2510 1972 annis
2538 1914 2852 1982 aediﬁcasse,
2885 1921 2939 1970 et
2975 1913 3031 1968 in
3079 1921 3271 1970 octavo
3325 1913 3710 1970 dedicationem

411 2037 550 2096 Opus
575 2022 646 2078 ad
674 2021 838 2079 ﬁnem
885 2024 1223 2096 perductum,
1277 2031 1331 2080 et
1365 2023 1506 2079 veris
1553 2030 1796 2093 tempore
1850 2021 2010 2077 dedi-

413 2119 614 2168 catum.
643 2111 740 2168 Cui
785 2112 1038 2168 videlicet
1081 2113 1232 2182 operi
1287 2120 1414 2168 tunc
1466 2113 1797 2185 praefuerunt
1849 2111 2012 2166 duces

413 2199 591 2273 plebis
617 2201 990 2272 strenuissimi,
1022 2209 1081 2258 ut
1106 2201 1362 2268 diximus,
1393 2201 1693 2258 Zorobabel
1739 2201 1807 2257 de
1858 2200 2012 2274 regio

414 2313 616 2371 genere
646 2305 701 2354 et
726 2299 878 2355 Jesus
905 2300 1156 2356 sacerdos
1183 2312 1416 2373 magnus
1447 2317 1460 2355 :
1493 2299 1589 2354 sed
1636 2306 1690 2356 et
1736 2298 2012 2372 prophetae

415 2388 654 2460 Agamus
672 2395 726 2442 et
750 2389 1034 2445 Zacharias
1062 2388 1380 2458 adjuvantes
1408 2405 1522 2458 eos,
1555 2396 1716 2459 atque
1757 2388 2014 2444 adversus

418 2475 642 2532 insidias
669 2477 901 2532 hostium
933 2477 1344 2548 impedientium
1373 2493 1509 2548 opus
1536 2493 1631 2534 cor
1668 2477 1854 2549 populi
1899 2492 2017 2532 cor-

417 2573 736 2631 roborantes
764 2575 814 2654 (f
829 2575 986 2632 Esdr.
1017 2591 1100 2642 ut,
1133 2577 1209 2646 5).
1234 2575 1387 2631 Unde
1436 2582 1562 2644 post
1603 2589 1775 2630 annos
1820 2574 2015 2644 ferme,

419 2677 636 2728 CCCLV’I,
685 2679 782 2719 rex
845 2655 1264 2719 nefandissimus
1339 2663 1652 2720 Graecorum
1724 2663 2018 2720 Antiochus

420 2751 610 2807 fraude
657 2760 814 2824 capta
868 2753 1201 2808 Hierusalem
1251 2753 1512 2823 templu'n
1564 2752 1708 2807 idem
1764 2753 2012 2808 sordibus

421 2837 688 2910 idolorum
721 2840 1046 2912 profanavit.
1071 2841 1320 2898 auferens
1349 2839 1472 2896 inde
1501 2847 1551 2896 et
1571 2841 1918 2914 confringens
1941 2842 2018 2898 al-

423 2943 536 2993 tare
568 2937 782 2993 Domini
825 2954 1069 3005 aureum,
1128 2953 1370 2993 mensam
1422 2937 1824 3010 propositionis,
1881 2955 2016 2995 can-

421 3025 704 3082 delabrum
733 3027 969 3095 luminis,
999 3036 1052 3082 et
1079 3035 1271 3084 caetera
1297 3041 1428 3083 vasa
1457 3027 1644 3098 templi
1687 3043 1849 3082 aurea
1897 3045 2018 3099 quae

420 3114 667 3172 invenire
695 3117 903 3188 potuit;
930 3115 1022 3171 sed
1057 3124 1112 3172 et
1147 3117 1202 3171 in
1231 3116 1434 3185 templo
1475 3116 1623 3172 Jovis
1668 3116 2016 3174 simulacrum

419 3212 677 3274 statuens,
709 3205 968 3280 populum
990 3205 1270 3262 tormentis
1297 3205 1367 3262 ad
1403 3203 1812 3262 sacriﬁcandum
1860 3205 2020 3262 idolis

419 3309 642 3368 cogens.

495 3419 605 3478 Sed
658 3419 823 3477 Iudas
874 3421 1237 3491 Machabaeus,
1296 3438 1418 3478 cum
1475 3429 1615 3478 esset
1680 3421 1748 3479 de
1821 3437 2025 3496 genere

422 3507 764 3579 sacerdotali,
823 3510 1050 3566 collecto
1109 3511 1345 3568 exercitu
1389 3510 1680 3582 justorum,
1760 3509 2020 3567 adversus

422 3599 673 3655 Antiochi
699 3599 864 3655 duces
892 3616 1046 3655 arma
1102 3600 1414 3672 corripiens,
1473 3616 1675 3671 eosque
1725 3599 1794 3656 de
1841 3599 2027 3656 Judtea

423 3697 720 3769 expellens,
754 3697 1112 3770 persecutioni
1155 3697 1466 3753 saevissimae
1511 3695 1675 3753 ﬁnem
1721 3697 2022 3769 imposuit;

425 3801 489 3842 ac
519 3786 779 3856 templum
807 3786 877 3842 ab
909 3786 1173 3842 idolorum
1204 3786 1536 3860 imaginibus
1565 3787 1886 3858 emundans,
1931 3802 2028 3842 no-

421 3891 492 3932 va
518 3891 699 3932 rursus
726 3875 915 3932 altaria
944 3883 998 3932 et
1019 3883 1214 3932 cetera
1259 3892 1389 3932 vasa
1443 3877 1530 3932 vel
1585 3884 1904 3932 ornamenta
1946 3874 2028 3930 fa-

422 3964 590 4030 ciens,
624 3971 784 4036 atque
813 3965 868 4020 in
894 3965 1098 4037 templo
1126 3981 1414 4037 reponens,
1444 3964 1711 4021 dedicavit
1747 3981 1814 4020 ea
1866 3964 2026 4020 simul

423 4069 546 4110 cum
577 4054 800 4124 templo,
833 4052 978 4125 quod
1021 4054 1277 4127 purgavit
1331 4061 1384 4110 et
1436 4055 1721 4110 renovavit
1770 4053 2028 4110 vicesima

426 4150 613 4223 quinta
640 4150 728 4205 die
758 4151 959 4206 mensis
981 4151 1130 4218 noni,
1168 4149 1222 4206 id
1255 4159 1334 4208 est
1360 4151 1692 4220 Decembris,
1725 4159 1780 4207 et
1800 4151 1869 4208 ad
1903 4151 2028 4206 hie-

426 4254 572 4295 mem
603 4240 870 4311 pertinere
899 4240 1030 4294 nulli
1061 4239 1283 4296 dubium
1327 4247 1554 4296 constat.
1605 4241 1882 4312 Satuitque
1927 4239 2028 4296 de-

429 4335 656 4392 cretum,
687 4336 747 4382 ut
773 4328 1142 4400 praediximus,
1175 4329 1428 4384 omnibus
1457 4329 1614 4386 annis
1642 4329 1786 4385 diem
1845 4344 2028 4384 encae-

429 4431 666 4483 morum,
701 4416 755 4470 id
785 4423 864 4471 est
915 4417 1276 4474 innovationis
1319 4434 1383 4474 ac
1437 4417 1787 4474 dedicationis
1845 4417 2031 4488 templi

435 4504 576 4562 festa
601 4504 890 4562 devotione
915 4507 1176 4564 celebrari
1208 4507 1262 4580 (I
1288 4509 1502 4566 Macch.
1533 4508 1636 4580 iv).

2117 2007 2235 2077 ejus
2257 2005 2454 2060 dicitur
2479 2005 2800 2069 celebrasse,
2837 2019 2936 2075 pro
2966 2018 3168 2075 magno
3197 2002 3450 2075 mysterio
3487 2002 3542 2058 id
3591 2019 3714 2059 con-

2117 2111 2222 2160 stat
2247 2103 2533 2159 accidisse.
2572 2103 2687 2157 Hoc
2715 2102 2896 2172 itaque
2928 2101 3190 2171 templum
3215 2099 3524 2156 Salomonis
3575 2100 3716 2172 quod

2119 2193 2356 2248 Domino
2385 2199 2591 2262 septem
2623 2190 2778 2245 annis
2803 2206 2872 2246 ex
2901 2190 3059 2245 sectis
3105 2196 3160 2246 et
3196 2188 3472 2260 quadratis
3527 2188 3719 2260 lapidi-

2121 2280 2224 2336 bus
2246 2279 2630 2352 Hierosolymis
2659 2279 2787 2334 fecit
2815 2279 3047 2334 formam
3103 2278 3339 2350 Mosayci
3395 2277 3716 2335 tabernaculi

2123 2369 2332 2426 habuit.
2363 2370 2574 2440 Moyses
2605 2368 2804 2424 etenim
2851 2367 3256 2424 tabernaculum
3301 2366 3356 2421 in
3409 2382 3590 2422 eremo
3643 2367 3720 2422 fe-

2123 2475 2294 2536 cerat,
2324 2475 2486 2538 atque
2516 2467 2648 2521 illud
2680 2466 2734 2521 in
2765 2465 2872 2520 duo
2902 2471 3264 2536 separaverat.
3291 2465 3353 2519 In
3398 2464 3560 2536 priori
3613 2463 3722 2535 qui-

2123 2556 2248 2613 dem
2283 2555 2627 2611 tabernaculo
2658 2561 2772 2611 erat
2799 2570 3021 2611 aureum
3052 2552 3456 2619 candelabrum,
3485 2560 3538 2608 et
3564 2569 3720 2609 men-

2123 2662 2202 2710 sa,
2238 2653 2290 2699 et
2321 2661 2519 2716 panum
2552 2643 2868 2716 propositio,
2900 2650 2954 2698 et
2980 2643 3098 2698 hac
3151 2639 3467 2696 dicebantur
3515 2649 3716 2696 sancta.

2125 2735 2195 2790 Et
2223 2733 2297 2789 ibi
2332 2731 2604 2805 pendebat
2641 2732 2844 2797 velum,
2891 2738 3016 2802 post
3072 2729 3214 2801 quod
3273 2737 3388 2786 erat
3428 2729 3718 2786 secundum

2126 2831 2556 2894 tabernaculum,
2590 2829 2735 2900 quod
2765 2829 3046 2886 dicebatur
3072 2835 3258 2884 sancta
3287 2827 3620 2902 Sanctorum.
3660 2829 3720 2883 In

2125 2923 2232 2978 hoc
2261 2927 2378 2975 erat
2405 2936 2624 2975 aureum
2660 2918 3010 2983 thuribulum,
3045 2924 3098 2972 et
3124 2933 3248 2973 ama
3289 2933 3356 2972 ex
3411 2917 3558 2989 ligno
3612 2933 3724 2989 pre-

2130 3011 2264 3064 tioso
2297 3017 2349 3064 et
2377 3025 2508 3065 auro
2541 3008 2852 3078 purissimo,
2886 3007 2939 3062 in
2969 3023 3075 3076 qua
3103 3014 3217 3062 erat
3260 3021 3394 3060 urna
3429 3021 3586 3062 aurea
3631 3007 3724 3061 ha-

2126 3099 2262 3155 bens
2289 3114 2507 3165 manna,
2545 3105 2598 3152 et
2624 3097 2780 3169 virga
2808 3099 2986 3152 Aaron
3015 3111 3136 3166 quae
3166 3093 3497 3161 fronduerat,
3548 3102 3602 3149 et
3644 3099 3723 3148 tae

2127 3194 2270 3250 bula:
2301 3194 2625 3258 testamenti.
2659 3200 2714 3250 et
2739 3209 2901 3264 super
2928 3193 3045 3248 haec
3073 3190 3524 3263 propitiatorium,
3567 3205 3726 3262 super

2052 3265 2103 3330 Ο
2131 3282 2276 3356 quod
2305 3282 2411 3337 duo
2441 3283 2624 3354 angeli
2671 3281 2762 3352 qui
2819 3280 3108 3337 Cherubim
3165 3279 3494 3336 dicebantur.
3551 3278 3619 3334 Et
3671 3277 3726 3333 in

2132 3372 2299 3444 priori
2323 3371 2541 3444 quidem
2574 3369 2916 3426 tabernaculo
2946 3368 3184 3440 quotidie
3211 3367 3514 3424 sacerdotes
3529 3365 3726 3423 sacriﬁ-

2134 3461 2332 3516 cabant
2361 3476 2375 3531 ;
2408 3461 2463 3517 in
2491 3459 2728 3516 secundo
2755 3466 2934 3514 autem
2963 3457 3131 3513 semel
3192 3455 3248 3512 in
3306 3471 3446 3512 anno
3490 3472 3728 3511 summus

2133 3560 2379 3632 pontifex
2409 3559 2632 3615 vitulam
2657 3557 2831 3614 rutam
2867 3573 2964 3628 pro
2989 3555 3137 3611 omni
3168 3555 3370 3627 populo
3416 3553 3725 3610 immolabat

2134 3649 2288 3718 (Ileb.
2321 3651 2422 3719 ιχ),
2454 3647 2570 3704 Hoc
2603 3646 3005 3702 tabernaculum
3045 3646 3256 3716 Moyses
3300 3643 3539 3700 maximo
3585 3642 3725 3698 cultu

2135 3737 2422 3804 dedicavit,
2457 3745 2510 3793 et
2539 3751 2774 3791 annuam
2825 3733 3169 3789 festivitatem
3214 3732 3418 3804 populo
3468 3729 3724 3788 celebrari

2133 3827 2426 3882 constituit.
2458 3827 2522 3881 Et
2551 3824 2852 3880 Altissimus
2878 3839 3034 3878 suum
3083 3821 3482 3878 tabernaculum
3532 3819 3724 3875 sancti-

2135 3921 2332 3990 ﬁcavit,
2368 3923 2583 3994 quando
2633 3921 2892 3993 Spiritum
2948 3926 3190 3975 sanctum
3247 3918 3480 3986 mittens,
3537 3916 3721 3972 Eccle-

2133 4012 2268 4066 siam
2309 4011 2602 4084 apeccatis
2632 4009 2901 4082 purgavit,
2955 4015 3008 4064 et
3060 4006 3230 4062 multa
3285 4006 3609 4061 charismata
3662 4019 3726 4060 ac

2135 4101 2415 4156 scientiam
2446 4099 2688 4156 omnium
2717 4099 3022 4171 linguarum
3050 4095 3100 4151 ei
3129 4093 3374 4151 donavit.
3425 4092 3724 4151 Secundum

2136 4200 2277 4256 hanc
2303 4197 2534 4254 formam
2566 4195 2899 4253 tabernaculi
2933 4195 3214 4262 Salomon,
3263 4201 3324 4250 ut
3375 4192 3575 4250 dictum
3629 4200 3724 4260 est,

2139 4288 2398 4360 templum
2426 4285 2742 4344 aedificavit.

2803 4422 3009 4477 nwtsio
3021 4459 3037 4476 .

2211 4545 2520 4618 Templum,
2546 4543 2690 4615 quod
2719 4561 2751 4600 a
2780 4543 3074 4600 Salomone
3103 4548 3309 4614 septem
3357 4540 3511 4597 annis
3551 4540 3732 4597 Hiero~

501 4629 722 4698 Omnia,
785 4630 977 4689 fratres
1031 4631 1354 4702 charissimi,
1414 4633 1553 4690 facta
1598 4632 1736 4706 legis
1793 4632 2028 4702 antiqua-
2052 4623 2110 4688 D
2138 4635 2360 4707 solymis
2387 4632 2700 4699 aediﬁcatur,
2733 4641 2814 4689 est
2843 4633 3102 4700 Ecclesia,
3136 4647 3242 4702 qua
3269 4647 3302 4686 a
3347 4646 3476 4686 vero
3515 4627 3730 4701 paciﬁca

429 4727 554 4776 sunt
581 4718 756 4794 ﬁgura
785 4721 923 4793 legis
951 4737 1130 4790 novae,
1163 4729 1217 4778 et
1244 4729 1464 4794 propter
1507 4739 1606 4779 vos
1651 4721 2030 4778 commendata

431 4809 733 4866 memorite.
766 4810 1026 4868 Salomon
1055 4811 1236 4881 itaque
1273 4809 1363 4881 qui
1419 4810 1643 4867 domum
1701 4810 1920 4866 Domini
1974 4810 2032 4865 in

431 4898 766 4955 Hierusalem
809 4907 1018 4970 septem
1075 4900 1230 4956 annis
1281 4898 1588 4967 aediﬁcavit,
1638 4908 1830 4956 octavo
1889 4915 2032 4956 anno

431 4996 551 5070 ipse
606 5004 662 5052 et
714 4995 809 5052 ﬁlii
867 4997 1034 5054 Israel
1087 5013 1208 5053 eam
1285 4998 1520 5054 Domino
1597 4996 2028 5053 dedicaverunt.

435 5083 584 5142 Fecit
655 5102 788 5159 ergo
863 5083 1126 5142 Salomon
1198 5085 1252 5140 in
1329 5085 1416 5142 die
1502 5085 1596 5142 illo
1688 5086 2030 5143 festivitatem

436 5173 726 5240 celebrem,
803 5182 858 5230 et
927 5174 1106 5230 omnis
1177 5175 1347 5230 Israel
1419 5190 1542 5230 cum
1617 5191 1684 5230 eo
1748 5174 2032 5232 multitudo

436 5276 658 5336 magna.
691 5263 758 5320 Et
781 5262 954 5320 oravit
979 5279 1077 5318 rex
1106 5262 1173 5318 ad
1196 5261 1488 5318 Dominum
1509 5263 1719 5319 dicens:
1759 5262 2032 5334 «Exaudi,

439 5359 691 5430 Domine,
750 5361 1050 5418 orationem
1127 5375 1288 5432 quam
1354 5369 1472 5418 orat
1537 5377 1724 5418 servus
1785 5370 1907 5418 tuus
1979 5363 2034 5417 in

439 5445 560 5507 loco
589 5451 690 5507 isto
721 5459 776 5507 ut
815 5450 1077 5508 exaudias
1131 5451 1428 5506 orationem
1477 5451 1662 5522 populi
1717 5451 1792 5506 tui
1849 5451 2032 5519 Israel,

443 5539 798 5611 quodcunque
827 5540 1141 5596 nraveritin
1171 5541 1290 5596 loco
1337 5539 1461 5607 isto,
1507 5547 1561 5595 et
1612 5557 1736 5596 cum
1781 5541 2034 5608 audieris,

444 5635 708 5704 propitius
737 5637 860 5691 eris.
890 5637 1048 5706 Quod
1079 5637 1122 5690 si
1153 5636 1459 5708 peccaverit
1487 5635 1580 5691 tibi
1609 5637 1740 5707 (non
1768 5645 1848 5691 est
1891 5637 2036 5693 enim

445 5717 610 5777 homo
669 5725 759 5792 qui
790 5742 896 5780 non
928 5729 1158 5797 peccet),
1209 5726 1488 5797 egeritque
1536 5726 1928 5797 paenitentiam,
1987 5734 2042 5782 et

445 5811 683 5864 oraverit
703 5819 774 5876 te,
804 5813 1186 5884 propitiaberis
1215 5813 1417 5884 populo
1465 5822 1575 5884 tuo,
1625 5815 1752 5884 quia
1797 5815 2042 5886 peccavit

457 5900 553 5956 tibi
581 5903 686 5972 (Ill
711 5906 838 5976 Reg.
871 5910 1016 5977 vni).
1051 5929 1074 5955 ιι
1126 5907 1381 5977 Dixitque
1427 5908 1690 5964 Dominus
1743 5911 1811 5966 ad
1867 5926 1989 5966 eum
2023 5929 2036 5967 :

2137 4723 2350 4780 Christo
2399 4739 2498 4793 per
2541 4730 2752 4792 septem
2799 4721 2945 4776 dona
2993 4720 3226 4793 Spiritus
3268 4719 3437 4774 sancti
3475 4719 3530 4773 in
3581 4716 3732 4773 caelis

2137 4813 2452 4869 collocatur.
2486 4811 2645 4880 Quod
2699 4827 2765 4866 ex
2816 4809 3109 4880 lapidibus,
3170 4815 3225 4865 et
3277 4807 3448 4864 cedris
3497 4813 3550 4862 et
3604 4820 3732 4861 auro

2140 4910 2464 4967 construitur
2493 4909 2590 4978 (111
2617 4909 2751 4980 Reg.
2790 4908 2933 4978 vm),
2967 4907 3094 4978 quia
3123 4921 3189 4962 ex
3230 4906 3396 4962 tribus
3436 4903 3728 4971 ordinibus,

2138 5000 2346 5056 scilicet
2372 5015 2440 5052 ex
2469 4997 2798 5070 conjugatis,
2829 5012 2897 5050 ex
2925 4994 3322 5052 continentibus
3377 5000 3430 5049 et
3484 5008 3552 5048 ex
3607 5007 3732 5047 con-

2142 5087 2474 5160 templativis
2527 5085 2748 5142 caeleste
2827 5082 3116 5140 aediﬁcium
3169 5082 3427 5156 erigitur.
3505 5079 3732 5152 Lapides

2141 5186 2271 5242 secti
2299 5191 2426 5241 sunt
2451 5200 2548 5256 per
2577 5183 2948 5256 paenitentiam
2977 5183 3045 5238 ad
3067 5184 3205 5238 hanc
3224 5188 3538 5236 structuram
3559 5178 3727 5234 electi.

2144 5276 2308 5331 Porro
2339 5273 2584 5344 quadrati
2640 5278 2765 5327 sunt
2817 5279 3046 5342 quatuor
3101 5269 3407 5335 virtutibus,
3461 5266 3734 5340 prudentia

2143 5363 2412 5430 videlicet,
2443 5361 2773 5429 fortitudine,
2801 5360 3006 5431 justitia
3033 5367 3087 5415 et
3115 5358 3486 5429 temperantia,
3514 5356 3582 5412 ad
3635 5357 3737 5411 hoc

2143 5460 2430 5516 aedilicium
2459 5458 2768 5530 praeparati.
2802 5460 2864 5512 In
2893 5464 3084 5512 octavo
3119 5464 3297 5511 autem
3331 5469 3472 5510 anno
3502 5449 3736 5508 aediﬁca-

2143 5549 2302 5605 tionis
2334 5547 2518 5618 templi
2563 5549 2706 5602 facta
2757 5553 2839 5600 est
2884 5545 3239 5600 dedicationis
3297 5542 3570 5611 festivitas,
3619 5538 3738 5610 quia

2145 5645 2268 5708 post
2296 5645 2510 5706 tempus
2536 5635 2698 5704 hujus
2725 5635 2870 5696 vitae.
2905 5633 3051 5704 quod
3079 5641 3287 5704 septem
3335 5631 3524 5686 diebus
3567 5630 3739 5702 agitur

2145 5734 2200 5783 et
2229 5743 2327 5798 per
2379 5733 2588 5796 septem
2641 5739 2812 5778 annos
2867 5723 3199 5794 designatur,
3257 5719 3497 5790 sequitur
3532 5733 3738 5774 summa

2149 5825 2413 5880 festivitas
2439 5837 2687 5893 superna:
2713 5821 3070 5888 Hierusalem,
3117 5835 3237 5890 qua
3283 5817 3636 5875 celebrabitur
3685 5815 3738 5870 in

2151 5918 2343 5970 octavo
2372 5927 2538 5976 anno,
2573 5910 2625 5965 id
2655 5917 2735 5967 est
2762 5910 2816 5964 in
2847 5909 3024 5964 futura
3049 5907 3461 5965 resurrectione.
3500 5907 3567 5962 Et
3608 5905 3741 5961 sicut
