3972 6398
283 439 415 503 litt)

1177 436 1754 498 DEFLORATIONES
1793 439 1897 496 SS.
1945 437 2242 494 PATRUM.
2273 467 2342 478 -—
2371 435 2497 492 LIB.
2540 436 2610 490 II.

3430 432 3566 493 1250

269 571 494 641 antiqua
528 566 795 624 festivitas
825 557 1195 639 praesignabat
1235 561 1430 617 festum
1469 567 1669 613 nostra:
1714 553 1868 608 dedi-
1901 555 1950 614 A
1984 553 2122 608 cinis
2154 555 2429 610 memoriae
2456 555 2776 613 conditionis
2806 565 2859 614 et
2887 567 3229 630 peccatorum
3256 579 3270 627 ;
3293 576 3398 616 non
3432 560 3568 616 dee-

265 660 522 722 cationis,
563 659 634 712 ita
660 659 773 712 haec
804 667 991 712 nostra
1021 652 1290 708 dedicatio
1337 659 1499 720 typus
1546 654 1599 701 et
1640 658 1866 698 summae

266 755 323 802 et
354 757 580 802 aeterna:
611 746 916 800 festivitatis
949 765 960 799 :
1006 743 1094 796 ubi
1127 741 1306 795 animo
1347 748 1623 792 teneamus
1655 749 1867 786 memo-

266 844 406 897 riam
438 843 629 897 futurze
677 839 1108 896 resurrectionis.
1169 838 1293 892 llaec
1349 842 1471 887 sunt
1507 842 1614 885 tres
1643 829 1866 883 dedica-

266 933 450 987 tiones
489 950 501 985 :
543 931 713 984 Prima
756 930 1029 1001 siquidem
1071 923 1420 988 Salomonis;
1475 919 1734 984 secunda,
1765 931 1869 971 no-

267 1029 404 1075 stras
427 1019 768 1081 festivitatis;
798 1019 958 1072 tertia
990 1017 1186 1070 futurae
1233 1009 1672 1066 resurrectionis.
1713 1004 1870 1073 Quod

267 1118 538 1188 templum
571 1117 639 1172 ab
661 1116 905 1172 hostibus
935 1115 1230 1177 incensum,
1265 1110 1362 1166 sed
1395 1123 1608 1163 rursum
1639 1103 1870 1159 Domino

267 1208 568 1263 miserante
591 1208 948 1269 construitur,
974 1212 1025 1257 et
1047 1199 1403 1271 quadraginta
1427 1205 1476 1251 et
1493 1212 1593 1249 sex
1611 1192 1766 1248 anuis
1786 1207 1871 1246 re-

268 1295 578 1350 mditicatur
609 1296 656 1362 (1
685 1293 844 1348 Esdr.
883 1294 983 1362 tu),
1017 1289 1324 1361 specialiter
1344 1284 1560 1355 respicit
1592 1283 1659 1336 ad
1690 1279 1870 1351 signi-

269 1383 585 1440 ficationem
622 1382 889 1436 Dominici
939 1380 1203 1449 corporis.
1246 1375 1388 1446 quod
1420 1375 1487 1428 de
1537 1371 1759 1443 Virgine
1788 1385 1872 1422 as-

270 1471 532 1542 sumpsit.
565 1472 704 1525 Nam
735 1470 874 1525 sicut
929 1467 1294 1540 quadraginta
1349 1471 1401 1517 et
1449 1477 1542 1516 sex
1589 1459 1746 1514 annis
1791 1464 1874 1512 est

273 1561 547 1631 templum
577 1558 928 1622 aediﬁcatum,
983 1557 1057 1610 ita
1104 1569 1301 1625 corpus
1349 1549 1687 1606 Dominicum
1719 1546 1875 1601 tertia

270 1658 384 1723 die,
417 1673 446 1709 a
478 1671 586 1728 quo
608 1654 864 1726 praefatus
898 1669 1151 1707 numerus
1191 1649 1450 1719 assurgit,
1502 1646 1573 1701 ad
1605 1645 1761 1699 vitam
1793 1650 1876 1698 est

277 1745 690 1801 resuscitatum.
729 1774 796 1784 —
829 1742 1022 1796 Fertur
1068 1741 1211 1795 enim
1258 1738 1400 1810 quod
1432 1737 1723 1790 humanum
1744 1748 1872 1788 cor-

263 1851 375 1906 pus
405 1833 833 1905 quadragesimo
862 1839 1022 1885 sexto
1072 1829 1160 1884 die
1215 1835 1338 1898 post
1367 1823 1741 1893 conceptionis
1765 1820 1871 1875 ini-

1976 643 2044 696 rit
2071 645 2233 698 etiam
2287 645 2471 698 viuum
2528 645 2825 716 spirituale,
2861 666 2968 720 quo
3015 649 3431 704 inebriabuntur
3473 647 3568 702 filii

1977 731 2252 786 hominum
2296 733 2364 786 ab
2404 733 2651 789 ubertate
2700 736 2894 790 domus
2946 737 3046 791 Dei
3103 739 3280 808 (Psal.
3327 739 3481 808 xxv),
3513 744 3572 793 ut

1977 828 2105 882 nihil
2129 838 2323 899 praeter
2351 848 2472 885 eum
2503 833 2810 888 desiderent
2839 842 2892 888 et
2921 835 3142 891 dicant:
3182 860 3203 884 ι
3249 834 3393 904 Quid
3437 841 3570 896 mihi

1977 926 2059 972 est
2090 917 2140 971 in
2172 918 2329 983 cmlo,
2361 928 2412 974 et
2447 935 2480 974 a
2507 929 2558 975 te
2586 921 2713 992 quid
2749 923 2890 976 volui
2923 941 3091 994 super
3121 933 3324 982 terram
3344 930 3371 982 ξ)
3393 931 3568 1000 (Psal.

1978 1007 2178 1073 Lxxu.)
2212 1031 2232 1053 η
2270 1009 2518 1079 Hyssopo
2552 1009 2867 1065 humilitatis
2896 1015 3236 1084 aspcrgenda
3295 1025 3420 1072 sunt
3449 1035 3574 1075 om-

1977 1103 2066 1157 nia
2086 1105 2207 1158 ista.
2233 1103 2336 1172 Qui
2359 1105 2499 1160 enim
2521 1105 2748 1162 virtutes
2769 1107 2884 1162 sine
2911 1109 3222 1166 humilitate
3241 1125 3570 1189 congregat,

1977 1191 2135 1262 quasi
2158 1192 2440 1261 pulverem
2463 1193 2517 1247 in
2539 1203 2755 1250 ventum
2776 1205 2978 1267 portat.
3009 1199 3088 1252 Ad
3105 1199 3246 1256 hanc
3273 1217 3576 1261 consecra-

1979 1283 2178 1334 tionem
2226 1282 2510 1347 Ecclesite,
2571 1283 2624 1336 id
2681 1293 2761 1338 est
2816 1287 3002 1340 matris
3056 1297 3253 1344 nostrae
3281 1306 3434 1348 omes
3475 1291 3570 1350 ﬁlii

1979 1377 2112 1444 ejus,
2155 1377 2208 1430 id
2248 1387 2328 1432 est
2367 1377 2555 1433 ﬁdeles
2610 1381 2808 1436 debent
2855 1383 3148 1440 convenire
3188 1395 3240 1441 et
3278 1386 3474 1458 laetari,
3514 1397 3570 1447 et

1980 1466 2392 1521 sanctiﬁcationi
2423 1468 2614 1522 matris
2645 1485 2757 1524 suae
2804 1472 3160 1543 aggratulari.
3211 1475 3319 1530 Sed
3348 1478 3472 1548 quia
3498 1478 3569 1536 de

1981 1553 2163 1607 multis
2191 1556 2430 1624 partibus
2461 1555 2677 1611 veniunt
2707 1557 2821 1624 ﬁlii,
2855 1569 2908 1614 et
2939 1561 3107 1616 multo
3152 1562 3339 1620 labore
3369 1581 3569 1623 occur-

1981 1659 2102 1705 runt
2129 1651 2304 1717 matri,
2334 1653 2403 1707 de
2432 1661 2579 1707 tanta
2610 1654 2898 1710 festivitate
2914 1672 3024 1711 non
3052 1658 3254 1714 debent
3281 1661 3568 1721 discedere

1981 1745 2379 1802 irremunerati.
2413 1748 2682 1803 Statutum
2714 1758 2796 1804 est
2839 1750 2983 1805 enim
3014 1767 3046 1807 a
3075 1755 3278 1811 sanctis
3320 1758 3567 1816 Patribus

1979 1835 2122 1906 quod
2154 1835 2207 1888 in
2230 1837 2568 1892 dedicatione
2589 1845 2788 1893 sanctas
2809 1839 3054 1897 ecclesia:
3081 1841 3174 1896 fiat
3199 1845 3355 1900 venia
3375 1863 3568 1916 pecca-

271 1933 406 1986 tium
441 1932 707 1986 formetur
736 1929 789 1983 in
818 1926 1222 1983 distinctionem
1269 1924 1662 1985 membrorum,
1693 1921 1769 1974 ita
1797 1934 1863 1974 eo
1893 1900 1944 1960 Β
1977 1931 2153 1976 torum
2189 1931 2264 1993 ut,
2297 1939 2419 1979 cum
2451 1925 2573 1980 aliis
2602 1927 2937 1996 temporibus
2968 1929 3037 1983 sit
3067 1930 3122 1984 in
3151 1947 3216 1987 ea
3236 1900 3565 1991 abluiiocri-

264 2035 500 2076 numero
521 2033 783 2073 annorum
813 2016 1074 2087 templum
1105 2029 1319 2086 quoque
1350 2021 1430 2067 est
1475 2009 1862 2066 reaediiicatum

261 2126 368 2182 per
384 2109 568 2164 Jesum
597 2107 963 2167 sacerdotem,
989 2103 1079 2176 qui
1113 2102 1380 2175 populum
1402 2101 1547 2156 ducit
1568 2115 1597 2152 a
1630 2095 1860 2168 captivi-

269 2207 382 2254 tate
412 2196 767 2267 Babylonica.
807 2194 906 2250 llic
933 2195 1091 2248 Jesus
1116 2201 1200 2247 est
1229 2206 1388 2246 verus
1416 2190 1572 2244 Jesus
1601 2184 1861 2241 sacerdos

255 2303 521 2357 magnus,
555 2284 646 2356 qui
678 2283 1038 2340 Christianum
1075 2280 1336 2352 p0pulum
1378 2275 1582 2333 reducit
1623 2291 1654 2329 a
1685 2273 1857 2344 capti-

255 2385 428 2440 vitate
457 2382 756 2438 diabolica.
796 2380 902 2450 Qui
935 2379 1195 2450 templum
1226 2375 1538 2442 reaadificat,
1589 2373 1714 2445 quia
1742 2372 1859 2427 rui-

256 2489 392 2528 nam
421 2473 477 2527 in
509 2471 666 2528 caelis
692 2487 790 2542 per
821 2469 1070 2525 homines
1089 2473 1382 2523 restaurat.
1412 2463 1786 2535 Quadraginta
1806 2465 1861 2517 et

258 2578 360 2618 sex
389 2560 548 2616 annis
573 2559 726 2631 operi
749 2557 910 2627 hujus
932 2556 1121 2628 templi
1151 2555 1368 2621 institit,
1405 2555 1530 2625 quia
1559 2568 1748 2609 omnes
1769 2551 1860 2623 qui

257 2659 457 2714 decem
486 2665 761 2728 praecepta
789 2655 928 2726 legis
958 2671 1054 2725 per
1075 2661 1310 2726 quatuor
1335 2650 1658 2722 Evangelia,
1690 2657 1743 2704 et
1762 2663 1860 2718 per

253 2761 364 2802 sex
391 2762 560 2817 opera
588 2743 980 2800 misericordia:
1028 2741 1348 2814 implebunt,
1399 2739 1455 2794 in
1504 2741 1608 2796 hoc
1637 2738 1860 2795 caeleste

258 2834 559 2892 aedificium
587 2833 837 2889 tendunt.

333 2935 489 3005 Quod
509 2942 689 2990 autem
720 2933 866 2989 idem
893 2931 1152 3002 templum
1182 2929 1249 2984 ab
1278 2927 1582 2985 idololatria
1611 2923 1862 2998 coinqui-

257 3025 580 3090 natu'n,sed
604 3038 699 3093 per
711 3023 737 3077 J
745 3022 903 3076 udam
928 3020 1297 3076 Machabmum
1316 3026 1624 3090 purgatum,
1648 3015 1865 3070 dedica.

257 3123 393 3178 tum,
409 3112 651 3167 etaureis
668 3110 884 3167 coronis
901 3109 1202 3177 ornatum(l
1220 3109 1500 3176 Mattlmv)
1517 3105 1690 3160 varios
1701 3119 1863 3160 casus

259 3210 529 3268 Ecclesiae
550 3209 804 3273 insinuat,
837 3224 956 3280 quae
987 3222 1131 3262 nunc
1162 3203 1632 3276 persecutionibus
1653 3201 1860 3272 premi-

263 3309 373 3364 tur,
399 3315 540 3354 nunc
557 3296 1066 3368 apersecutionibus
1088 3295 1350 3348 liberatur
1368 3309 1381 3345 :
1397 3301 1450 3346 et
1470 3291 1523 3344 in
1542 3291 1630 3344 illa
1646 3290 1856 3344 libera-

265 3389 416 3443 tione
445 3388 596 3459 quasi
617 3387 673 3440 in
691 3384 1032 3440 dedicatione
1047 3381 1337 3454 tranquilla
1353 3379 1612 3434 servitute
1625 3377 1857 3432 Domino

262 3486 570 3543 famulatur.
604 3487 745 3540 Ecce
776 3483 1016 3540 secunda
1047 3481 1344 3536 dedicatio.
1376 3477 1660 3532 Festivitas
1681 3484 1858 3530 autem

263 3575 442 3631 tertiae
465 3574 822 3629 dedicationis
874 3581 1002 3627 tunc
1043 3571 1163 3636 erit,
1199 3568 1413 3641 quando
1443 3567 1497 3620 in
1537 3567 1642 3620 line
1671 3555 1861 3618 mundi

264 3681 527 3720 numerus
556 3663 854 3718 electorum
886 3660 1048 3716 fuerit
1078 3659 1348 3729 expletus,
1379 3665 1431 3711 et
1470 3664 1590 3726 post
1618 3667 1857 3724 genera-

264 3761 371 3817 lem
406 3761 863 3816 resurremionem
891 3757 1134 3813 omnium
1182 3755 1426 3827 sequitur
1457 3751 1716 3808 festivitas
1751 3749 1857 3804 im-

263 3850 609 3905 mortalitatis
637 3858 876 3904 aaternas.
908 3847 1030 3902 Mox
1052 3860 1244 3900 omnes
1266 3843 1357 3914 qui
1388 3843 1456 3896 ad
1488 3840 1698 3912 paciﬁci
1715 3839 1860 3910 regis

264 3939 402 4006 veri,
436 3938 641 3994 scilicet
684 3935 993 3992 Salomonis
1041 3934 1309 4006 pertinent
1356 3946 1610 4003 regnum,
1642 3944 1764 3984 cum
1795 3943 1860 3983 eo

264 4038 462 4110 gaudia
483 4037 670 4107 patria
701 4035 936 4092 coelestia
968 4033 1267 4088 intrabunt.
1311 4032 1454 4086 Ecce
1504 4029 1662 4084 tertia
1699 4025 1859 4082 dedi-

265 4126 428 4182 catio.

341 4226 540 4281 Verum
569 4223 697 4296 quia
725 4223 793 4279 de
823 4219 1085 4293 mysterio
1139 4217 1390 4291 quedam
1441 4212 1859 4286 perstrinximus

270 4313 640 4377 dedicationis,
674 4327 820 4368 nunc
849 4313 1190 4366 attendamus
1241 4315 1296 4362 et
1335 4304 1559 4360 modum
1612 4303 1860 4373 ejusdem

269 4411 608 4467 festivitatis.
647 4409 754 4464 Sed
784 4407 912 4480 quia
949 4405 1162 4478 singula
1191 4419 1310 4475 quas
1339 4402 1393 4456 in
1441 4398 1861 4456 consecratione

270 4501 405 4556 fiunt
433 4500 657 4570 longum
687 4506 770 4552 est
795 4510 1134 4563 enumerare,
1167 4508 1333 4548 unum
1363 4491 1431 4545 de
1461 4489 1572 4543 illis
1623 4487 1862 4542 breviter

272 4613 626 4668 exponamus,
676 4605 736 4650 ut
791 4595 846 4649 in
901 4593 1020 4647 aliis
1078 4591 1324 4646 similiter
1369 4585 1644 4642 interioris
1673 4583 1860 4654 templi

269 4687 439 4743 nostri
473 4685 747 4740 mundatio
799 4683 1156 4753 intelligatur.
1203 4675 1578 4748 Aspergendis
1617 4673 1861 4744 postibus

270 4775 519 4832 ecclesia:
548 4774 806 4829 miscetur
834 4771 917 4826 sal
941 4778 1000 4826 et
1024 4768 1181 4835 cinis,
1215 4780 1359 4838 aqua
1385 4773 1437 4819 et
1467 4765 1691 4828 vinum;
1723 4763 1858 4832 hys-

270 4888 407 4945 sopo
436 4879 618 4928 autem
647 4876 1037 4942 asperguntur.
1077 4867 1209 4922 Haec
1237 4879 1346 4920 non
1378 4869 1562 4918 essent
1588 4867 1738 4914 tanta
1765 4858 1862 4914 ob-

270 4969 486 5018 servata
514 4960 816 5033 diligentia,
846 4957 950 5012 nisi
979 4954 1182 5028 aliquid
1226 4951 1475 5008 utilitatis
1505 4947 1849 5005 conferrent.

268 5051 346 5107 Sit
377 5064 510 5123 ergo
539 5049 618 5104 sal
665 5047 722 5102 in
762 5047 940 5113 nobis,
992 5045 1048 5100 id
1096 5050 1180 5100 est
1234 5039 1476 5097 acritudo
1505 5035 1856 5110 poenitentia,

269 5164 392 5221 qua
450 5146 788 5219 putredinem
834 5152 1182 5216 peccatorum
1225 5146 1526 5204 consumat,
1571 5135 1858 5207 integrita-

270 5247 376 5293 tem
408 5238 664 5292 virtutum
695 5235 1069 5304 incorruptam
1099 5238 1412 5288 conservet.
1444 5228 1560 5282 Hoc
1581 5233 1759 5280 tamen
1780 5222 1860 5277 sal

268 5351 379 5392 non
406 5333 600 5390 suﬂicit
629 5333 735 5387 nisi
767 5331 1000 5387 addatur
1027 5328 1190 5396 ciuis,
1224 5327 1279 5381 id
1325 5333 1408 5382 cst
1435 5324 1700 5380 memoria
1739 5330 1858 5376 ter-

266 5450 416 5491 reum
445 5431 772 5488 conditionis
794 5430 880 5485 vel
907 5424 1299 5484 recordationis
1315 5430 1680 5493 peccatorum.
1701 5418 1858 5475 Unde

268 5523 399 5579 dicit
431 5521 716 5576 Psalmista
748 5534 760 5575 :
797 5542 820 5567 α
858 5519 1144 5572 Peccatum
1204 5528 1384 5567 meum
1446 5519 1633 5566 contra
1663 5524 1750 5562 me
1777 5514 1861 5562 est

269 5627 488 5683 semper
519 5610 705 5680 (Psal.
731 5613 792 5678 ι).
829 5630 850 5656 u
899 5607 968 5662 Et
1007 5605 1202 5660 iterum
1235 5620 1249 5656 :
1287 5623 1308 5649 α
1345 5599 1610 5671 Reliquiae
1647 5597 1858 5669 cogita-

268 5710 455 5776 tionis,
492 5730 516 5757 »
551 5708 605 5762 id
635 5715 717 5762 est
745 5711 1094 5777 peccatorum
1129 5718 1150 5752 ι
1185 5699 1328 5754 diem
1362 5695 1557 5752 festum
1586 5702 1749 5766 agent
1765 5693 1862 5747 tibi

274 5809 444 5883 (Psal.
474 5806 659 5876 Lxxv).
683 5829 704 5852 ι
740 5804 847 5858 Iste
876 5800 1013 5858 cinis
1044 5801 1227 5853 movet
1255 5809 1453 5865 aquam
1476 5793 1859 5864 lacrymarum.

273 5879 396 5958 'l‘ibi
425 5903 610 5954 autem
651 5894 770 5950 haec
797 5891 904 5948 tria
928 5895 1070 5956 sunt,
1115 5883 1366 5945 videlicet
1398 5882 1478 5938 sal
1506 5879 1860 5954 poenitentiae,

1971 2019 2180 2118 minum
2211 2037 2310 2091 per
2341 2021 2686 2092 baptismum,
2746 2023 2800 2078 in
2857 2025 3145 2083 festivitate
3175 2028 3296 2101 ejus
3326 2033 3564 2090 sentiant

1969 2110 2150 2179 potius
2175 2110 2359 2164 matris
2391 2127 2489 2180 per
2517 2113 2796 2168 orationes
2825 2114 3103 2170 auxilium.

2041 2205 2148 2260 Sed
2177 2221 2296 2261 cum
2329 2206 2508 2272 vobis,
2563 2207 2760 2264 fratres
2815 2210 3141 2279 cliarissiini,
3188 2215 3348 2272 venia
3377 2234 3442 2273 ex
3471 2218 3560 2276 la-

1970 2293 2099 2348 bore
2129 2301 2182 2348 et
2211 2296 2672 2367 congratulatione
2701 2297 2868 2369 hujus
2888 2298 3244 2357 solemnitatis
3266 2304 3555 2375 debeatur,

1969 2389 2150 2438 tamen
2179 2385 2315 2439 scire
2345 2385 2556 2440 debetis
2585 2387 2706 2458 quia
2737 2403 2843 2442 non
2889 2389 3147 2460 quaelibet
3194 2403 3418 2463 peccata
3449 2413 3554 2453 vo-

1968 2479 2054 2535 bis
2083 2480 2170 2536 hic
2201 2481 2530 2551 relaxantur,
2563 2482 2662 2538 sed
2702 2483 2793 2537 illa
2821 2491 3028 2540 tantum
3073 2487 3141 2542 de
3192 2489 3390 2561 quibus
3418 2507 3558 2549 con-

1966 2577 2099 2633 fessi
2129 2578 2260 2633 estis
2280 2588 2330 2634 et
2359 2579 2582 2652 dignam
2627 2579 2990 2650 pmnitentiam
3019 2584 3229 2656 egistis,
3263 2587 3330 2644 de
3359 2588 3557 2646 talibus

1968 2673 2363 2746 indulgentiam
2393 2675 2822 2746 consequamini.
2856 2677 2913 2733 Si
2943 2677 3087 2733 enim
3119 2680 3240 2752 quis
3278 2684 3390 2738 vult
3418 2701 3553 2756 pec-

1969 2772 2209 2820 catorum
2239 2764 2342 2817 sibi
2371 2764 2561 2834 culpas
2591 2764 2848 2833 relaxari,
2882 2765 2929 2822 si
2959 2768 3071 2823 vult
3101 2769 3204 2823 sibi
3227 2771 3450 2828 vulnera
3468 2791 3557 2831 sa-

1969 2867 2123 2918 nare,
2155 2868 2268 2906 non
2295 2852 2458 2906 debet
2487 2867 2552 2907 ea
2579 2853 2852 2909 medicum
2880 2853 3082 2911 celare.
3114 2857 3268 2914 Prius
3298 2859 3442 2918 enim
3459 2865 3558 2920 de-

1970 2949 2060 3004 bet
2083 2957 2432 3019 peccatorum
2462 2950 2685 3020 culpam
2711 2966 3134 3024 recognoscere.
3160 2965 3347 3026 postea
3366 2968 3549 3018 osten-

1969 3037 2122 3104 dere,
2149 3037 2345 3092 deinde
2377 3039 2479 3091 sibi
2509 3039 2832 3094 medicinam
2875 3056 3119 3114 erogare.
3157 3045 3312 3100 Prius
3354 3048 3502 3104 dicat
3531 3066 3547 3104 :

1974 3148 1996 3173 α
2033 3125 2302 3194 Quoniam
2323 3125 2660 3198 iniquitatem
2691 3143 2869 3182 meam
2900 3144 3006 3201 ego
3021 3146 3278 3199 agnosco,
3307 3156 3330 3182 ι»
3355 3135 3551 3192 deinde

1970 3219 2296 3292 subjungat:
2335 3242 2356 3268 ι
2393 3219 2656 3276 Delictum
2695 3237 2870 3276 meum
2919 3225 3193 3294 cognitum
3238 3227 3335 3281 tibi
3363 3229 3486 3299 feci,
3521 3253 3544 3281 ιι

1967 3309 2035 3363 ad
2066 3308 2311 3362 ultimum
2349 3309 2514 3362 addat
2547 3322 2560 3362 :
2597 3331 2619 3356 ι
2657 3310 2914 3366 Miserere
2957 3313 3081 3381 mei,
3122 3314 3374 3381 Domine,
3405 3335 3547 3390 quo-

1967 3405 2115 3461 niam
2147 3405 2391 3461 intirmus
2414 3422 2532 3460 sum
2565 3407 2755 3474 (Psal.
2786 3422 2876 3473 vx;
2909 3411 2982 3478 1.).
3014 3411 3172 3465 n'l‘ali
3199 3428 3394 3485 nempe
3411 3433 3549 3473 con-

1968 3503 2206 3560 fessione
2236 3505 2322 3560 vel
2348 3503 2681 3577 poenitentia,
2708 3517 3044 3576 promeretur
3082 3519 3431 3582 peccatorum
3461 3515 3551 3570 in-

1969 3593 2272 3664 dulgentia.

2037 3683 2194 3738 Nunc
2251 3681 2434 3754 igitur,
2470 3683 2680 3752 fratres,
2733 3685 3029 3758 recogitate
3060 3695 3111 3742 et
3141 3687 3330 3746 discite
3361 3691 3416 3747 in
3443 3693 3550 3753 hoc

1965 3777 2312 3827 sacramento
2337 3772 2697 3828 dedicationis
2727 3784 2923 3845 quanta
2953 3778 3254 3832 reverentia
3292 3780 3553 3839 debeatur

1968 3859 2276 3914 sanctuario
2307 3869 2501 3915 vestrae
2531 3863 2745 3917 matris.
2785 3863 2884 3919 Hic
2912 3864 3054 3918 enim
3085 3881 3187 3934 per
3215 3866 3416 3924 undam
3445 3871 3549 3928 ba-

1967 3955 2168 4026 ptismi,
2200 3954 2492 4010 abluuntur
2521 3965 2782 4027 peccata;
2818 3959 2905 4014 hic
2934 3970 3324 4018 consecrantur
3351 3965 3544 4023 Domi-

1967 4045 2074 4100 uici
2104 4043 2349 4114 corporis
2366 4053 2417 4099 et
2432 4045 2715 4117 sanguinis
2733 4056 3078 4103 sacramenta
3102 4065 3116 4116 ;
3140 4050 3226 4106 hic
3252 4051 3550 4112 funduntur

1969 4143 2041 4198 ad
2073 4144 2362 4200 Dominum
2393 4145 2694 4215 orationes;
2737 4145 2826 4201 hic
2855 4145 3107 4202 dicuntur
3133 4149 3546 4226 confessiones;

1968 4231 2055 4287 hic
2083 4230 2215 4286 fiunt
2242 4233 2727 4290 reconciliationes.
2785 4236 2911 4290 Haec
2937 4245 3020 4290 est
3048 4237 3242 4294 domus
3272 4241 3408 4306 Dei;
3432 4244 3550 4302 haec

1969 4339 2052 4386 est
2081 4339 2234 4402 porta
2277 4331 2423 4397 cmli,
2474 4347 2572 4402 per
2610 4332 2746 4386 hanc
2793 4333 3107 4388 ascenditur
3146 4335 3213 4389 ad
3257 4354 3549 4409 supernam

1969 4428 2281 4493 Jerusalem,
2334 4445 2455 4500 qua:
2497 4435 2580 4483 est
2620 4429 2786 4484 libera
2808 4439 2975 4484 mater
3011 4441 3209 4487 nostra.
3237 4436 3474 4508 Purgate
3499 4438 3556 4494 in

1971 4533 2033 4572 ea
2063 4519 2302 4574 maculas
2333 4527 2561 4583 vestras,
2593 4525 2648 4572 ut
2679 4517 2892 4590 purgati
2914 4521 3202 4589 pervenire
3232 4525 3452 4593 possitis
3481 4529 3553 4584 ad

1891 4613 1944 4672 D
1977 4615 2189 4687 regales
2217 4616 2452 4686 nuptias,
2483 4624 2770 4686 prmstante
2797 4625 2848 4671 et
2877 4617 3161 4685 adjuvante
3190 4621 3420 4680 Domino
3450 4641 3556 4680 no-

1970 4713 2080 4759 stro
2109 4706 2236 4760 Jesu
2260 4705 2490 4768 Christo,
2524 4705 2614 4777 qui
2643 4720 2764 4760 cum
2816 4706 2978 4760 Patre
3025 4715 3077 4760 et
3131 4708 3332 4778 Spiritu
3361 4722 3552 4770 sancto

1967 4791 2098 4849 vivit
2129 4802 2188 4848 et
2215 4802 2414 4865 regnat
2442 4793 2609 4861 Deus,
2633 4809 2730 4864 per
2755 4795 2936 4850 omnia
2964 4795 3162 4851 saecula
3190 4799 3546 4861 saeculorum.

1967 4883 2139 4937 Amen
2153 4921 2166 4935 .

2648 4952 2882 5010 SERMO

2089 5055 2148 5096 ΙΝ
2188 5055 2566 5098 DEDICATIONE
2604 5057 2841 5098 ALTARIS
2879 5057 3110 5098 PROPRIB
3148 5060 3443 5104 DICENDUS.

2039 5145 2293 5219 Antiquae
2322 5147 2603 5220 religionis
2650 5157 2993 5205 sacrosancta
3022 5157 3076 5207 et
3105 5151 3430 5209 venerabilis
3450 5154 3555 5212 hoc

1967 5235 2153 5290 habuit
2185 5237 2424 5303 traditio,
2460 5246 2512 5292 ut
2542 5237 2734 5293 altaria
2762 5238 3156 5294 mdiﬁcarentur
3184 5249 3236 5296 et
3260 5257 3554 5300 consecra-

1969 5332 2156 5379 rentur
2176 5325 2426 5380 Domino.
2461 5327 2577 5382 Hoc
2607 5326 2754 5381 enim
2777 5337 2830 5382 et
2857 5329 3153 5395 Abraham,
3188 5339 3239 5386 et
3267 5331 3383 5401 ipse
3413 5333 3552 5406 legis

1976 5421 2216 5491 Moyses,
2249 5429 2301 5475 et
2321 5421 2412 5474 alii
2441 5423 2615 5478 sancti
2640 5425 2746 5478 viri
2773 5426 3028 5496 exemplo
3041 5429 3427 5484 etauctoritate
3456 5446 3553 5488 sua

1969 5509 2073 5564 hoc
2102 5509 2158 5562 in
2187 5509 2394 5564 cunctis
2422 5511 2863 5582 generationibus
2899 5515 3100 5570 nostris
3147 5516 3551 5575 observandum

1968 5597 2324 5669 reliquerunt.
2360 5598 2491 5653 Haec
2510 5599 2776 5670 siquidem
2799 5602 2985 5658 altaris
3005 5604 3274 5662 dedicatio
3295 5607 3556 5681 praefigu-

1969 5705 2085 5751 rata
2122 5695 2220 5750 fuit
2248 5703 2300 5750 et
2320 5696 2488 5751 Jacob
2535 5697 2865 5766 temporibus
2913 5698 3009 5755 filii
3055 5703 3229 5759 Isaac.
3261 5705 3400 5759 Nam
3430 5720 3556 5764 cum

1969 5785 2161 5840 relicto
2189 5791 2413 5855 parente
2444 5785 2658 5857 fugiens
2687 5785 2910 5842 fratrem
2941 5804 3098 5844 suum
3146 5792 3306 5858 Esau,
3341 5793 3557 5866 iretque

1971 5880 2042 5936 ad
2069 5880 2254 5938 Laban
2284 5881 2548 5954 petiturus
2577 5894 2822 5954 uxorem,
2855 5880 2911 5937 in
2947 5881 3140 5942 itinere
3172 5887 3289 5944 tulit
3319 5889 3388 5947 de
3415 5889 3557 5964 lapi-
