3972 6402
430 428 564 484 1251

1567 402 1910 464 WERNERI
1938 400 2230 460 ABBATIS
2269 401 2326 457 S.
2365 400 2591 459 BLASII

3594 402 3740 463 1252

435 557 615 619 dibus,
648 552 737 625 qui
769 558 932 605 terra:
948 547 1231 619 jacebant,
1283 548 1337 595 et
1382 533 1671 607 supposuit
1714 530 1878 602 capiti
1909 546 2027 594 suo,
2059 532 2115 593 Α
2144 527 2723 625 divisei'unt.‘Ab‘hoc
2743 542 2896 583 muro
2919 527 3452 587 Judaeiaadiﬁcantes
3468 530 3741 588 Christum

434 620 796 712 dorniit'itque
824 640 876 693 in
908 640 1098 693 eodem
1130 635 1270 700 loco,
1295 638 1348 685 et
1375 627 1508 682 vidit
1526 624 1578 678 in
1600 622 1807 677 somnis
1828 620 2033 675 scalam

434 750 608 804 usque
629 710 921 794 advocelum
953 734 1213 785 erectam,
1246 728 1299 774 et
1328 715 1560 787 angelos
1588 710 1949 766 ascendentes
1983 715 2035 762 et

434 831 857 887 descomlcnles.
898 826 1259 895 Surgensque
1287 816 1409 870 tulit
1441 810 1676 882 lapidem
1709 815 1763 862 et
1791 805 1961 895 erexit
1978 805 2035 858 in

433 921 674 980 titulum.
728 914 960 969 fundens
1014 894 1197 967 oleum
1254 908 1542 973 desuper:
1603 898 1838 967 fecitque
1864 894 2035 949 altare

432 1008 665 1065 Domino
687 1006 876 1060 dicens
909 1021 922 1057 :
963 1024 985 1050 «
1019 1001 1144 1055 Non
1173 1004 1258 1052 est
1285 994 1374 1049 hic
1399 988 1552 1047 aliud
1571 986 1682 1043 nisi
1710 985 1913 1040 domus
1935 980 2035 1037 Dei

429 1119 482 1169 et
511 1118 665 1182 porta
699 1105 823 1162 σαθιί
854 1104 1017 1175 (Gen.
1051 1099 1275 1167 xxvm).
1302 1117 1323 1145 υ
1343 1094 1486 1149 Ecce
1514 1089 1619 1144 ista
1646 1084 1899 1182 antiquus
1915 1082 2034 1182 sine

428 1169 574 1273 lege,
607 1198 726 1252 sine
757 1169 1051 1263 scripturis
1080 1182 1442 1244 sanctificavit
1470 1175 1825 1273 Deo-altare;
1861 1179 1915 1228 et
1940 1169 2034 1226 do-

427 1267 576 1346 mum
600 1283 818 1342 Domini
850 1277 1094 1340 vocavit,
1124 1274 1253 1346 quia
1308 1287 1410 1343 per
1467 1267 1729 1339 Spiritum
1778 1269 2030 1316 sanctum

422 1382 832 1445 tabernaculum
863 1376 964 1434 Dei
992 1375 1068 1429 ibi
1098 1373 1333 1429 futurum
1365 1363 1716 1438 praescieltat.
1747 1360 1878 1414 Haec
1907 1372 2031 1412 om<

427 1479 517 1533 nia
548 1476 718 1541 figura
755 1470 1057 1524 futurorum
1087 1468 1242 1518 erant
1273 1476 1288 1513 :
1320 1455 1493 1512 Jacob
1524 1465 1781 1521 namque,
1815 1445 1907 1518 qui
1936 1461 2031 1541 re-

426 1568 555 1622 licto
586 1535 812 1635 parente
843 1557 981 1612 ierat
1011 1552 1078 1608 ad
1109 1550 1298 1606 Laban
1333 1548 1606 1617 petiturus
1648 1552 1901 1605 uxorem,
1935 1535 2031 1589 Je-

430 1682 552 1721 sum
584 1662 862 1717 Christum
891 1653 1165 1722 designat,
1210 1646 1302 1718 qui
1324 1643 1483 1714 quasi
1515 1640 1704 1695 relicto
1735 1637 1895 1691 Patre
1925 1649 2034 1688 cm-

426 1752 539 1806 lum
563 1746 826 1808 deseruit,
855 1750 1188 1806 carnemque
1211 1739 1415 1787 nostrae
1436 1722 1801 1795 corruptionis
1827 1735 2034 1774 assum-

428 1840 553 1912 psit.
588 1833 799 1890 Deinde
828 1828 1035 1885 relictis
1065 1824 1173 1879 illis
1204 1818 1551 1892 parentibus.
1580 1814 1649 1869 de
1681 1810 1879 1883 quibus
1908 1822 2032 1863 car-

2144 618 2443 687 pretiosum
2473 616 2711 687 lapidem
2758 619 3209 687 reprohaverunt,
3264 619 3391 691 quia
3419 620 3595 677 nullas
3621 624 3742 677 ori-

2143 705 2343 776 ginalis
2373 706 2578 775 peccati
2625 706 2818 761 sordes
2875 723 3004 761 cum
3062 716 3332 764 caemento
3390 710 3546 776 hujus
3596 710 3743 765 muri

2146 803 2514 859 involverunt.
2546 803 2700 859 Unde
2733 827 2755 851 ιι
2792 803 2967 861 factus
2995 813 3080 860 est
3108 805 3189 861 eis
3218 805 3389 877 lapsis
3416 804 3742 865 oﬂensionis

2143 900 2196 946 et
2226 899 2382 962 petra
2412 892 2892 964 scandali(IPetr.
2915 893 3005 964 ιι).
3046 915 3069 943 ι»
3106 895 3283 965 Super
3302 894 3538 966 lapidem
3567 895 3735 953 istum

2143 980 2283 1039 bene
2312 980 2538 1038 fundata
2566 989 2621 1036 et
2648 979 2865 1039 ﬁrmata
2919 989 3139 1040 constat
3184 982 3453 1043 Ecclesia.
3486 984 3740 1041 Christus

2142 1087 2226 1135 est
2255 1086 2309 1135 et
2327 1079 2513 1144 altare,
2550 1078 2680 1151 quia
2701 1078 2756 1135 in
2787 1094 2855 1136 eo
2875 1086 2930 1135 et
2959 1096 3059 1151 per
3080 1095 3203 1136 eum
3224 1080 3495 1153 spiritales
3516 1089 3570 1138 et
3600 1096 3737 1139 cor-

2141 1168 2364 1240 porales
2379 1168 2687 1225 oblationes
2705 1168 2824 1224 Deo
2848 1169 2999 1225 Patri
3016 1167 3341 1227 offeruntur.
3358 1170 3438 1228 Eo
3460 1170 3737 1229 mediante

2141 1264 2195 1313 et
2222 1257 2459 1329 propitio
2484 1258 2865 1323 intercessore,
2892 1259 3042 1313 Deus
3065 1259 3224 1314 Pater
3255 1258 3543 1330 praesentia
3571 1258 3736 1315 nobis

2141 1362 2194 1410 et
2216 1354 2395 1411 futura
2425 1354 2678 1427 largitur.
2727 1356 2846 1412 Hoc
2883 1355 3073 1421 altare,
3104 1356 3159 1411 id
3189 1364 3272 1411 est
3300 1356 3540 1413 Christus
3567 1356 3732 1430 lega-

2141 1442 2285 1497 libus
2340 1445 2633 1517 unguentis
2690 1444 2891 1516 quibus
2951 1445 3251 1517 nntiquitus
3306 1445 3504 1502 altaria
3547 1463 3733 1518 unge-

2140 1534 2356 1599 bantur,
2415 1549 2628 1589 necnon
2683 1542 2737 1589 et
2786 1534 3078 1606 unguentis
3145 1534 3343 1606 quibus
3398 1534 3734 1593 ecclesiasti-

2140 1650 2205 1691 ca
2258 1633 2452 1689 altaria
2498 1641 2879 1704 perunguntur
2925 1632 3251 1701 spiritaliter
3299 1641 3385 1689 est
3427 1633 3728 1690 delibutus.

2138 1724 2218 1778 Ex
2249 1723 2489 1795 quinque
2518 1738 2719 1793 nempe
2767 1722 3055 1793 speciebus
3110 1730 3431 1787 aromatum,
3477 1721 3737 1777 videlicet

2140 1826 2788 1884 smyrna,cynnamomo,
2811 1811 3042 1874 calamo,
3087 1810 3256 1875 casia,
3286 1811 3463 1867 oleum
3476 1810 3545 1866 de
3563 1810 3732 1866 olivis

430 1890 555 1990 item
585 1931 981 1997 assumpserat,
1036 1890 1252 1975 scilicet
1305 1912 1532 1978 Iudaeis,
1579 1908 1765 1965 relicta
1814 1918 2033 1977 quoque
2062 1890 2114 1951 Β
2144 1919 2261 1966 erat
2287 1918 2645 1982 unguentum,
2703 1924 2812 1981 quo
2871 1907 3046 1964 altare
3077 1908 3376 1981 antiquitus
3420 1916 3504 1965 est
3531 1923 3736 1964 conse-

434 2031 610 2104 patria
640 2029 710 2082 de
741 2023 927 2079 Judma
955 2015 1200 2089 perrexit
1230 2013 1298 2068 ad
1323 2018 1536 2083 gentes,
1568 2006 1841 2104 ducturus
1862 2014 2034 2104 spon-

433 2089 572 2187 sam,
606 2116 662 2172 id
692 2122 777 2170 est
803 2107 1132 2166 Ecclesiam.
1166 2104 1284 2158 Hoc
1314 2102 1369 2154 in
1399 2099 1593 2153 itinere
1622 2092 1794 2187 Jacob
1824 2089 2031 2145 obdor-

433 2181 603 2274 mivit,
634 2204 763 2277 quia
791 2197 1041 2256 Christus
1069 2194 1125 2249 in
1157 2192 1350 2247 itinere
1397 2183 1691 2257 praesentis
1726 2181 1845 2237 vitm
1875 2192 2029 2233 mor-

434 2318 544 2363 tem
572 2306 629 2359 in
655 2275 758 2356 ara
786 2295 962 2353 crucis
991 2290 1243 2365 pertulit.
1274 2286 1457 2357 Lapis,
1490 2298 1650 2354 quem
1670 2279 1844 2335 Jacob
1871 2277 1926 2331 in
1948 2275 2032 2329 iti-

434 2413 568 2453 nere
598 2391 761 2463 capiti
805 2385 1109 2457 supposuit,
1134 2377 1528 2434 humanitatem
1554 2369 1755 2427 Christi
1778 2367 2034 2440 designa-

431 2498 525 2561 vit,
553 2508 674 2565 quae
688 2487 933 2557 subjecta
947 2477 1213 2536 divinitati
1231 2478 1382 2530 Deus
1399 2487 1533 2531 vere
1555 2467 1801 2565 creditur
1813 2481 1935 2521 esse
1952 2480 2034 2562 ca-

434 2556 530 2658 put
558 2556 780 2638 Christi.
803 2572 964 2630 Scala
981 2576 1162 2626 erecta
1178 2565 1246 2621 ad
1267 2563 1467 2658 coelum
1484 2565 1569 2658 est
1590 2558 1752 2658 via‘et
1778 2556 2032 2658 ascensio

435 2644 695 2747 graduum
716 2676 767 2722 et
788 2664 1067 2719 virtutum.
1092 2652 1421 2712 Ascenditur
1438 2648 1605 2715 enim,
1637 2646 1690 2700 id
1712 2652 1795 2701 est
1818 2644 1887 2700 ad
1916 2659 2032 2701 cce-

433 2746 626 2833 lestem
644 2771 811 2825 vitam
824 2761 1054 2820 diversis
1077 2757 1364 2832 gradibus.
1388 2753 1523 2809 Sunt
1537 2749 1681 2806 enim
1701 2746 1872 2819 aliqui
1882 2746 2034 2818 lega-

433 2866 471 2921 li
502 2859 758 2932 conjugio
789 2867 1026 2924 superna
1054 2846 1382 2905 scandentes
1406 2859 1420 2897 :
1445 2841 1535 2896 alii
1555 2840 1611 2895 in
1631 2835 2033 2932 viduitate,alii

435 2956 489 3011 in
519 2924 853 3023 virginitate,
883 2941 976 2999 alii
1005 2940 1062 2995 in
1091 2934 1319 2995 tumultu
1343 2930 1530 2987 mundi
1553 2933 1746 2984 contra
1762 2924 2031 2981 mundum

434 3022 691 3108 etcentra
723 3039 999 3099 diabolum
1026 3031 1343 3108 pugnando.
1375 3027 1478 3084 Alii
1493 3041 1731 3097 quoque,
1746 3022 2031 3093 strepitum

432 3138 616 3196 mundi
649 3133 936 3205 rugientes
966 3134 1021 3182 et
1050 3121 1351 3196 spiritalem
1400 3119 1615 3173 hostem
1659 3112 2027 3205 debellantes,

431 3232 489 3285 in
517 3199 858 3287 actuati'vita
888 3226 963 3274 tot
988 3213 1254 3287 gradibus
1282 3207 1648 3269 ascenderunt
1667 3204 1737 3259 ad
1759 3199 2024 3259 coelestia.

436 3321 574 3376 Sunt
595 3323 648 3373 et
676 3310 890 3386 gradus
947 3307 1005 3361 in
1059 3297 1546 3370 contemplatione,
1597 3307 1736 3365 quos
1772 3287 2030 3349 monachi

432 3419 498 3475 ad
530 3427 768 3486 superna
816 3402 1208 3463 transcendunt
1261 3395 1351 3455 vel
1398 3393 1695 3453 eremitze:
1756 3390 1812 3449 hi
1859 3404 2027 3447 mun-

434 3510 563 3565 dum
597 3483 871 3560 exuerunt
903 3510 919 3566 ;
951 3493 1008 3549 hi
1036 3491 1235 3547 vilibus
1277 3483 1609 3541 indumentis
1638 3497 1765 3537 sese
1794 3494 2031 3550 spreve—

432 3605 592 3665 runt;
624 3592 680 3647 bi
708 3583 1081 3645 obedientiam
1107 3583 1379 3634 sectantes
1395 3571 1737 3665 dilectionem
1769 3567 2029 3626 ostende-

436 3659 587 3743 runt.
611 3682 751 3737 Tres
774 3678 957 3747 itaque
984 3671 1210 3726 virtutes
1239 3666 1295 3722 in
1324 3664 1404 3719 eis
1435 3659 1751 3734 specialiter
1773 3664 2026 3732 regnant,

428 3784 605 3839 tribus
635 3773 903 3850 gradibus
928 3766 1210 3833 virtutum,
1240 3760 1507 3821 charitate
1538 3755 1768 3820 scilicet,
1803 3753 2027 3809 humili-

429 3890 539 3937 tate
569 3884 623 3933 et
650 3865 982 3932 obedientia,
1023 3860 1270 3919 ccelestia
1306 3854 1726 3913 transcendunt.
1783 3851 2031 3908 Charitas

431 3963 791 4027 fraternitatis
819 3958 874 4014 in
906 3949 1310 4012 cohabitatione
1363 3944 1688 4009 ostenditur,
1747 3940 2031 3997 humilitas

429 4062 486 4116 in
511 4056 721 4113 vilitate
751 4041 1061 4107 vestimenti
1090 4043 1568 4111 praemonstratur,
1606 4030 1920 4089 obedientia
1973 4029 2030 4085 in

430 4152 622 4215 libenti
652 4148 942 4213 servitute,
975 4141 1106 4197 dum
1134 4142 1333 4209 parent
1361 4130 1627 4190 voluntati
1666 4128 1896 4185 fratrum
1925 4127 2028 4184 de-

430 4248 698 4305 claratur.
740 4236 836 4291 His
857 4228 1093 4289 diversis
1123 4225 1389 4298 gradibus
1444 4222 1700 4278 virtutum
1731 4218 1789 4274 in
1832 4215 2032 4274 actuali

432 4346 487 4394 et
514 4336 570 4391 in
599 4320 1025 4395 contemplativa
1053 4321 1374 4391 penetratur
1404 4311 1621 4369 caelum.
1657 4308 1859 4381 Angeli
1888 4322 2028 4380 quo-

434 4449 561 4507 que,
586 4442 724 4501 quos
754 4420 927 4478 Jacob
957 4416 1173 4472 viderat
1219 4411 1525 4471 ascendere
1579 4415 1635 4465 et
1662 4406 2022 4507 descendere,

433 4496 559 4580 sunt
581 4496 979 4591 prmdicatores
1009 4503 1205 4569 sancti,
1252 4502 1570 4558 nuntiantes
1607 4498 1768 4554 nobis
1798 4496 2029 4552 verbum

433 4616 556 4670 Dei.
582 4585 694 4677 Qui
722 4604 972 4659 dicuntur
995 4593 1311 4659 ascendere,
1329 4591 1459 4646 dum
1487 4586 1787 4661 aliquando
1805 4585 2023 4651 altiora;
2054 4619 2107 4681 D

428 4703 768 4767 descendere
790 4712 941 4761 vero,
971 4709 1094 4752 cum
1125 4686 1545 4765 praedicaverint
1564 4684 1888 4741 humiliora:
1921 4682 2025 4738 Al-

436 4801 581 4857 ιίοιεα
609 4802 669 4852 ιιι
702 4809 713 4845 ;
755 4812 778 4838 κ
813 4788 874 4843 In
903 4780 1174 4859 principio
1211 4789 1335 4835 erat
1369 4776 1610 4833 Verbum
1650 4775 1839 4846 (Joan.
1880 4774 1962 4843 1);
1998 4794 2019 4822 »ι

426 4862 754 4946 humiliora:
784 4884 841 4933 ut
871 4891 971 4930 nos
1002 4870 1365 4945 praedicamus
1382 4863 1726 4922 crucifixum.
1765 4862 2028 4940 Lapidem

431 4999 651 5059 quoque
679 4992 843 5052 quem
871 4966 1351 5059 Jacobﬂsupposuit
1368 4963 1537 5059 capiti
1559 4961 1773 5059 vocavit
1802 4961 2026 5059 domum

436 5046 535 5129 Dei
561 5046 621 5127 et
648 5046 868 5138 portam
880 5057 1026 5116 coeli.
1049 5057 1159 5111 Iste
1187 5051 1380 5123 lapsis,
1394 5048 1544 5105 idest
1557 5046 1817 5138 Christus
1826 5046 2027 5138 domus

431 5162 532 5220 Dei
562 5134 924 5217 est—vocatus,
954 5148 1085 5218 quia
1130 5143 1251 5215 ipse
1303 5140 1406 5197 fuit
1441 5136 1762 5195 inhabitatio
1790 5134 2025 5208 Spiritus

436 5260 627 5328 sancti,
686 5262 740 5311 et
791 5252 851 5308 in
904 5263 973 5305 eo
1029 5240 1315 5317 plenitudo
1372 5236 1668 5297 divinitatis
1726 5234 2017 5292 habitavit.

433 5362 590 5416 llunc
619 5351 857 5425 lapidem
887 5346 1005 5402 sive
1032 5344 1140 5399 hoc
1186 5339 1382 5403 altare,
1414 5335 1472 5392 id
1500 5343 1583 5392 est
1621 5334 1895 5425 Christum
1933 5349 2025 5389 re-

433 5422 800 5518 probaverunt
828 5434 1181 5496 aediﬁcantes,
1239 5428 1296 5484 id
1344 5435 1430 5484 est
1481 5425 1656 5483 Judaei
1701 5422 2028 5481 traditiones

432 5547 653 5602 Patrum
683 5544 1005 5611 sequentes.
1068 5528 1331 5586 Homines
1385 5541 1602 5580 murum
1631 5526 1822 5580 contra
1851 5524 2027 5578 Deum

432 5635 668 5703 peccatis
692 5626 962 5685 aediﬁcare
988 5626 1273 5689 coeperunt
1302 5616 1465 5684 Cujus
1488 5613 1839 5670 fundamenta
1864 5612 2027 5684 primi

432 5731 687 5789 parentes
710 5731 807 5785 per
860 5708 1295 5769 inobedientiam
1342 5710 1668 5775 posuerunt,
1725 5703 1829 5758 sed
1857 5718 2025 5773 super

433 5815 543 5873 hoc
600 5813 1009 5869 fundamentum
1058 5804 1265 5876 posteri
1323 5816 1511 5858 eorum
1562 5800 1732 5856 multa
1795 5798 2026 5856 crimina

434 5900 839 5962 exstruxerunt,
870 5908 1041 5967 seque
1063 5895 1171 5952 hoc
1201 5905 1360 5949 muro
1389 5903 1423 5949 a
1445 5889 1567 5946 Deo
1610 5895 1668 5945 et
1710 5887 1784 5945 ah
1807 5887 2021 5959 angelis

2057 3253 2109 3317 C

2141 2010 2351 2056 oratum
2381 2007 2434 2054 et
2458 1997 2795 2054 confectum.
2834 1998 2991 2053 Nunc
3048 1997 3333 2052 videamus
3364 2006 3585 2053 naturas
3610 1996 3737 2051 sin-

2140 2089 2392 2163 gularum
2409 2088 2744 2159 specierum.
2775 2087 3061 2158 Smyrnam
3108 2086 3200 2141 alii
3241 2080 3564 2153 ,calami,alii
3584 2102 3735 2157 myr-

2141 2188 2249 2241 thae
2277 2186 2465 2242 dicunt
2491 2202 2620 2241 esse
2647 2185 2884 2241 resinam
2934 2193 2988 2239 et
3043 2191 3223 2254 aptam
3255 2184 3394 2239 inter
3419 2185 3724 2255 pigmenta.

2141 2276 2556 2331 Cinnamomum
2585 2281 2764 2329 autem
2821 2273 3027 2329 dictum
3073 2281 3156 2328 est
3212 2273 3355 2344 quod
3400 2282 3581 2328 cortex
3609 2271 3733 2341 ejus

2141 2364 2194 2418 in
2226 2365 2449 2420 modum
2479 2379 2672 2420 cannae
2700 2363 2770 2418 sit
2798 2363 3065 2421 rotundus
3093 2370 3149 2417 et
3193 2362 3436 2433 gracilis.
3484 2361 3730 2431 Signitur

2141 2462 2195 2517 in
2231 2462 2378 2518 ludia
2408 2471 2462 2517 et
2490 2461 2743 2531 Ethiopia
2795 2459 2989 2516 frutice
3042 2459 3226 2523 brevi,
3276 2459 3508 2514 duorum
3552 2467 3733 2513 tamen

2140 2551 2473 2616 cubitorum,
2533 2549 2721 2607 colore
2750 2548 3017 2622 subnigro
3065 2548 3157 2604 vel
3204 2548 3441 2614 cinereo,
3474 2546 3727 2602 tenuissi-

2140 2654 2359 2696 marum
2391 2640 2695 2713 virgarum.
2723 2639 2865 2694 Nam
2884 2637 3034 2711 quod
3082 2637 3139 2693 in
3184 2636 3601 2695 crassitudinem
3628 2651 3731 2690 ex—

2140 2739 2381 2795 tenditur
2409 2737 2693 2808 despectui
2723 2737 2958 2797 habetur
3006 2752 3129 2792 cum
3187 2734 3472 2808 frangitur,
3522 2733 3733 2789 visibile

2139 2844 2270 2884 vero
2295 2828 2685 2899 spiramentum
2717 2826 2910 2881 emittit
2952 2825 3125 2880 instar
3173 2825 3385 2880 nebula
3413 2840 3509 2879 seu
3537 2822 3733 2894 pulve-

2138 2918 2241 2973 ris.
2284 2916 2544 2973 Calamus
2575 2931 2800 2987 quoque
2833 2914 3169 2971 aromaticus
3196 2928 3229 2973 a
3260 2913 3606 2971 similitudine
3632 2926 3729 2968 ca-

2137 3016 2271 3071 lami
2325 3014 2535 3071 usualis
2590 3022 2834 3070 vocatur.
2894 3012 3146 3084 Gignitur
3194 3011 3251 3067 in
3306 3011 3479 3077 India,
3543 3009 3729 3065 multis

2139 3105 2316 3160 modis
2343 3103 2711 3177 geniculatus,
2741 3102 2941 3170 fulvus,
2961 3100 3202 3173 ﬂagrans
3220 3101 3489 3155 suavitate
3513 3099 3729 3171 spiritus

2136 3210 2260 3250 cum
2281 3192 2570 3264 frangitur,
2601 3191 2658 3247 in
2695 3190 2895 3248 multas
2924 3199 3106 3261 partes
3154 3187 3213 3245 fit
3256 3188 3520 3258 scissilis;
3573 3187 3725 3244 simi-

2140 3293 2263 3348 lans
2291 3300 2460 3364 gustu
2489 3290 2712 3357 casiam,
2745 3305 2870 3346 cum
2899 3289 3003 3347 levi
3033 3289 3332 3346 acrimonia
3361 3285 3719 3344 remordenti.

2142 3382 2303 3437 Casia
2331 3380 2497 3436 etiam
2527 3380 2769 3435 nascitur
2796 3379 2851 3433 in
2881 3379 3111 3446 Arabia,
3158 3377 3318 3451 virga
3362 3375 3573 3432 robusti
3600 3390 3724 3431 cor-

2139 3468 2282 3533 ticis,
2315 3474 2370 3523 et
2399 3466 2688 3537 purpureis
2715 3464 2879 3527 foliis,
2926 3473 2985 3520 ut
3028 3464 3251 3535 piperis.
3285 3464 3379 3518 Est
3405 3470 3586 3517 autem
3614 3460 3727 3517 vir-

2140 3566 2268 3620 tutis
2293 3563 2625 3621 cinnamomi
2653 3571 2708 3619 et
2754 3562 2971 3629 similis,
3029 3562 3128 3618 sed
3158 3561 3431 3632 potieutor
3458 3558 3711 3630 imperio.

2141 3654 2335 3710 Oleum
2365 3654 2548 3724 itaque
2561 3653 2630 3707 ab
2660 3651 2780 3707 olea
2810 3651 3120 3709 nominatur
3143 3665 3300 3721 ;nam
3336 3650 3456 3706 olea
3474 3658 3557 3705 est
3571 3648 3729 3704 arbor

2138 3744 2284 3800 unde
2314 3742 2590 3799 derivatur
2622 3741 2832 3798 oleum.
2870 3740 2978 3796 Sed
2998 3740 3146 3813 quod
3166 3756 3237 3795 ex
3249 3738 3387 3795 albis
3407 3737 3563 3794 olivis
3578 3736 3729 3794 fuerit

2139 3855 2486 3912 expressum,
2520 3847 2744 3895 vocatur
2782 3854 3047 3909 spanum;
3083 3836 3233 3909 quod
3261 3844 3446 3893 autem
3475 3852 3541 3891 ex
3572 3833 3728 3889 fulvis

2138 3940 2299 3996 olivis
2327 3947 2380 3995 et
2409 3938 2652 3995 nondum
2701 3939 2928 3992 maturis
2973 3935 3138 3991 fuerit
3184 3948 3526 4006 expressum,
3556 3930 3727 3989 viride

2138 4029 2483 4101 appellatur;
2515 4027 2662 4100 quod
2690 4042 2822 4082 vero
2860 4041 2934 4083 ex
2958 4024 3187 4083 nimium
3216 4022 3447 4081 maturis
3475 4035 3724 4080 commu-

2137 4135 2208 4174 ne
2237 4118 2453 4174 dicitur.
2484 4118 2567 4171 Ex
2625 4117 2712 4171 his
2741 4115 2812 4170 ad
2843 4130 3002 4170 usum
3050 4114 3174 4169 vitae
3207 4112 3438 4184 primum
3486 4116 3572 4166 est
3600 4124 3722 4181 spa-

2136 4232 2290 4283 num,
2321 4213 2621 4271 secundum
2648 4212 2850 4279 viride,
2878 4210 3095 4269 tertium
3125 4225 3439 4269 commune.
3472 4206 3613 4267 Illud
3636 4221 3723 4262 au-

2137 4314 2248 4362 tem
2275 4304 2479 4369 oleum,
2501 4298 2649 4375 quod
2675 4302 2841 4358 nulla:
2872 4301 2951 4361 rei
2977 4300 3138 4357 fuerit
3182 4298 3497 4365 admistum,
3535 4310 3721 4367 parum

2135 4395 2354 4453 dicitur.
2386 4394 2502 4449 Hoc
2521 4391 2724 4464 quippe
2754 4395 3035 4462 unguento
3081 4389 3273 4444 harum
3322 4386 3559 4459 quinque
3596 4399 3720 4456 spe-

2135 4492 2339 4550 cierum
2371 4506 2479 4563 quo
2507 4488 2892 4562 inungebatur,
2917 4495 3009 4545 aut
3039 4485 3304 4545 sacerdos
3333 4486 3422 4540 vel
3450 4499 3565 4552 rex,
3612 4481 3720 4537 sive

2136 4582 2405 4654 prepheta
2453 4576 2815 4637 efﬁciebatur.
2879 4576 2962 4633 Ad
3002 4574 3469 4635 consecrationem
3517 4584 3719 4643 quoque

2137 4667 2494 4729 ecclesiastici
2522 4667 2710 4724 altaris
2753 4666 2862 4722 duo
2901 4665 3253 4731 adhibentur,
3284 4664 3409 4718 thus
3438 4669 3491 4719 et
3525 4660 3717 4716 oleum.

2134 4771 2283 4826 Thus
2314 4776 2399 4825 est
2422 4767 2585 4824 arbor
2613 4765 2833 4823 Arabia;
2870 4764 3138 4821 immensa
3176 4771 3337 4834 atque
3381 4775 3611 4828 ramosa,
3641 4758 3717 4814 le-

2132 4858 2349 4917 nissimi
2378 4856 2622 4923 corticis,
2654 4870 2883 4912 succum
2926 4852 3287 4916 aromaticum
3316 4850 3570 4911 fundens.
3602 4848 3719 4902 Haec

2132 4948 2371 5021 denique
2398 4944 2668 5009 confectio
2696 4950 2910 5015 septem
2946 4941 3256 5015 specierum
3296 4936 3615 5014 qualaltaria
3643 4935 3715 4991 in-

2133 5046 2540 5119 unguebantur,
2583 5041 2913 5115 designabat
2971 5039 3338 5101 inunctionem
3393 5034 3568 5097 sancti
3600 5033 3721 5106 Spi-

2144 5135 2302 5203 ritus,
2334 5149 2443 5207 qua
2473 5139 2769 5204 perunctus
2796 5138 2882 5187 est
2927 5130 3046 5203 ipse
3094 5145 3213 5185 rex.
3269 5128 3336 5185 Et
3363 5142 3483 5199 qua:
3529 5131 3610 5181 est
3637 5122 3715 5179 ni—

2133 5232 2334 5287 mirum
2364 5229 2551 5287 unctio
2576 5226 2817 5300 Spiritus
2838 5227 3015 5284 sancti
3038 5227 3066 5282 ?
3089 5225 3315 5297 Septem
3335 5222 3547 5279 scilicet
3585 5219 3718 5277 dona

2131 5329 2323 5403 ipsius.
2348 5328 2483 5397 Quae
2504 5326 2829 5397 suntitaque
2858 5325 3003 5381 dona
3024 5322 3262 5394 Spiritus
3273 5320 3488 5377 sancti?
3513 5318 3715 5373 Donum

2135 5445 2235 5486 seu
2263 5427 2445 5485 unctio
2468 5425 2706 5497 Spiritus
2738 5423 2914 5485 sancti
2949 5426 3035 5479 est
3063 5421 3240 5487 timor,
3267 5419 3460 5491 pietas,
3480 5413 3711 5479 scientia,

2135 5517 2417 5587 fortitudo,
2438 5514 2746 5577 consilium,
2793 5511 3124 5579 intellectus,
3144 5508 3407 5581 sapientia
3448 5506 3581 5578 (Ira.
3628 5506 3715 5573 ιι).

2135 5614 2254 5685 Qua
2281 5614 2530 5687 profecto
2552 5612 2814 5669 unctione
2842 5612 2947 5668 hoc
2985 5609 3184 5676 altare,
3212 5606 3340 5669 ideo,
3378 5604 3622 5661 Christus
3648 5606 3719 5656 est

2135 5713 2451 5776 perunctus,
2474 5703 2621 5759 unde
2649 5701 2907 5761 sacerdos
2964 5716 3060 5755 rex
3091 5707 3147 5755 et
3189 5695 3456 5769 propheta
3484 5699 3566 5751 est
3595 5688 3717 5747 clie-

2132 5811 2254 5861 ctus
2283 5822 2294 5858 :
2319 5803 2609 5876 Propheta,
2656 5799 2819 5871 juxta
2857 5798 2993 5854 illud
3033 5795 3380 5855 Mosaicum:
3418 5815 3442 5843 ις
3486 5789 3717 5865 PrOphe—

2132 5897 2248 5961 tam
2272 5890 2565 5951 sascitabit
2603 5889 2754 5953 Deus
2783 5887 2937 5953 vobis
2970 5905 2991 5955 ς
3039 5884 3194 5952 illum
3241 5890 3495 5956 tanquam
3523 5894 3610 5937 me
3638 5893 3718 5934 au-
