3972 6402
224 400 372 458 1253
1187 399 1771 459 DEFLORATIONES
1810 401 1908 457 SS.
1951 401 2245 460 PATRUM.
2278 433 2346 445 —
2384 403 2510 461 LIB.
2536 405 2602 461 ll.
3405 423 3541 477 4231,

225 524 399 578 dictis
431 526 632 593 (Deut.
666 526 839 590 xvm).
896 544 918 573 ›
958 525 1228 580 Sacerdos
1273 542 1488 596 quoque
1537 525 1836 582 secundum
1868 526 1920 588 A
1953 525 2143 592 latere,
2176 527 2400 583 altitudo
2432 530 2657 595 scilicet,
2693 533 3054 603 profunditas,
3088 538 3370 612 longitudo
3397 552 3446 596 et
3470 545 3544 597 la-

222 612 363 667 illud
433 630 447 666 :
488 615 574 668 Tu
607 631 665 668 es
697 614 953 668 sacerdos
984 615 1037 668 in
1065 626 1326 668 aeternum
1355 616 1653 670 secundum
1694 616 1845 670 ordi-
1955 616 2155 670 titudo.
2197 618 2289 670 llis
2321 628 2552 687 quatuor
2583 620 2850 676 lateribus
2881 627 3077 688 crucis,
3113 630 3320 684 scilicet
3358 633 3546 687 altitu-

226 718 360 756 nam
401 703 849 757 Melchisedech.
901 705 966 757 Et
1010 703 1147 757 sicut
1196 705 1541 758 sacerdotum
1589 712 1670 758 est
1722 706 1846 759 thus
1955 704 2099 769 dine,
2134 704 2184 758 id
2219 714 2292 759 est
2329 723 2424 776 spe
2457 710 2886 778 ;profuuditate,
2912 714 3013 768 hoc
3035 716 3239 772 estfide
3265 739 3279 784 ;
3307 721 3546 791 longitu-

223 799 468 866 offerre,
510 801 593 854 sic
627 800 896 863 Christus,
929 801 1017 870 qui
1049 810 1130 854 est
1160 803 1306 855 omni
1342 804 1490 855 thure
1536 802 1845 871 pretiosior,
1955 803 2101 867 dine,
2136 804 2188 856 id
2221 812 2300 858 est
2331 808 2739 874 perseverantia
2770 811 3070 879 patientiae;
3107 814 3387 872 latitudine
3415 837 3546 889 quo-

224 889 488 958 seipsum
527 891 645 943 Deo
681 890 826 942 l’atri
859 906 955 959 pro
986 890 1141 943 nobis
1172 891 1362 944 obtulit
1388 891 1720 960 acceptabile
1751 905 1846 944 sa-
1956 908 2081 960 que,
2116 892 2216 946 hoc
2247 901 2328 946 est
2357 894 2638 958 charitate,
2674 898 2911 952 munitur
2942 901 3178 970 undique
3210 905 3381 961 altare
3421 925 3544 962 san-

224 977 518 1033 criticium
557 978 611 1030 in
641 978 864 1031 odorem
904 979 1208 1032 suavitatis.
1246 980 1362 1033 Rex
1413 995 1630 1050 quoque
1686 978 1846 1032 Chri-
1955 990 2056 1034 cla)
2091 980 2367 1047 Ecclesiae,
2401 981 2454 1034 id
2486 992 2566 1035 est
2615 986 2780 1038 corda
2837 985 3071 1042 fidelium
3133 1007 3228 1059 per
3283 997 3540 1052 mundum

225 1083 345 1128 stus
378 1083 492 1142 est,
534 1074 665 1144 quia
695 1073 816 1128 oleo
848 1073 1077 1144 spiritali
1107 1074 1379 1129 delibutus
1428 1076 1540 1129 Rex
1587 1082 1705 1129 erat
1752 1089 1845 1130 re-
1956 1076 2294 1131 universum.
2328 1078 2463 1133 Sunt
2491 1081 2632 1133 enim
2659 1096 2870 1137 cornua
2898 1085 3156 1141 virtutum
3190 1086 3540 1150 munimenta.

221 1179 364 1236 gum
407 1171 463 1217 et
515 1162 792 1217 Dominus
831 1163 1253 1217 dominantium.
1306 1163 1462 1234 Regit
1507 1179 1740 1234 namque
1794 1169 1848 1216 et
1955 1165 2092 1218 Erat
2120 1165 2294 1234 itaque
2325 1167 2428 1221 hoc
2459 1167 2628 1222 altare
2659 1185 2886 1224 vacuum
2919 1181 2969 1225 ct
3002 1173 3182 1240 inane,
3220 1187 3270 1230 ut
3328 1181 3394 1233 ad
3446 1199 3544 1236 su-

224 1259 548 1307 conservat
579 1250 882 1306 naviculam
918 1251 1077 1316 Petri,
1113 1251 1166 1305 id
1200 1259 1281 1305 est
1325 1251 1623 1306 Ecclesiam
1673 1266 1846 1312 suam,
1957 1253 2240 1322 scipienda
2271 1262 2376 1307 tam
2409 1255 2558 1326 ligna
2589 1274 2750 1326 quam
2781 1259 3047 1315 sacrificia
3080 1267 3231 1320 locus
3275 1269 3544 1336 spatiosus

226 1357 299 1395 ne
334 1341 490 1394 inter
523 1340 682 1407 hujus
717 1339 902 1394 saeculi
933 1339 1208 1409 procellas
1237 1339 1476 1395 deﬁciat.
1510 1341 1589 1394 De
1612 1341 1715 1394 hac
1735 1340 1850 1409 ipsa
1959 1349 2266 1403 haberetur.
2303 1350 2546 1422 Quisque
2575 1356 2747 1409 altare
2790 1357 3005 1411 Domini
3067 1378 3188 1415 esse
3246 1363 3538 1433 desiderat,

229 1438 513 1493 unctione
543 1437 705 1505 hujus
738 1437 886 1506 regis
931 1445 981 1491 et
1031 1437 1334 1491 sacerdotis
1385 1437 1564 1491 David
1625 1445 1849 1491 testatus

229 1535 339 1590 est,
377 1527 583 1581 dicens
617 1549 638 1572 «
675 1526 972 1594 PrOpterea
1003 1525 1152 1578 unxit
1202 1534 1252 1580 te
1310 1527 1456 1579 Deus
1516 1526 1667 1579 Deus
1725 1533 1848 1577 tuus

230 1615 361 1670 oleo
389 1615 601 1668 laetitia:
632 1615 808 1683 (Psal.
843 1615 1010 1682 κων).
1051 1634 1073 1662 ι
1109 1615 1269 1668 Hunc
1290 1615 1499 1686 quippe
1521 1613 1849 1683 lapidem,id

230 1713 319 1758 est
349 1703 658 1766 Christum,
723 1717 851 1756 Cum
911 1702 1079 1756 Jacob
1136 1703 1460 1767 inunxisset,
1520 1703 1850 1772 domumque

231 1792 339 1847 Dei
372 1793 487 1846 hoc
519 1791 681 1845 modo
713 1791 1151 1860 prmnuntiasset,
1185 1790 1391 1844 addidit
1426 1807 1438 1844 :
1479 1813 1500 1837 η
1539 1792 1600 1844 Et
1631 1789 1851 1844 vocabi-

1958 1438 2049 1492 hic
2082 1455 2140 1492 se
2176 1439 2246 1492 ab
2276 1440 2421 1493 omni
2456 1443 2782 1510 contagione
2803 1447 3201 1502 mundanorum
3225 1453 3539 1521 exinanivit,

1958 1533 2015 1579 ut
2041 1526 2096 1579 in
2127 1543 2192 1580 eo
2223 1527 2373 1597 ligna
2403 1529 2700 1583 cwleslium
2734 1534 3024 1588 verborum
3057 1547 3109 1589 (-t
3140 1542 3318 1594 hostia
3367 1543 3539 1597 virtu-

1959 1629 2069 1675 tum
2102 1624 2402 1694 sputiosum
2445 1626 2621 1680 locum
2679 1629 2932 1699 habeant,
2991 1642 3042 1686 et
3102 1635 3333 1703 Spiritus
3371 1643 3542 1695 sancti

1960 1710 2250 1775 flammam,
2286 1729 2393 1783 quo
2423 1715 2803 1772 ecclesiasticae
2831 1719 3037 1784 hostiae,
3066 1722 3116 1776 id
3149 1733 3229 1776 est
3261 1742 3464 1796 corpus
3488 1739 3544 1784 et

1961 1800 2186 1870 sanguis
2218 1799 2437 1854 Domini
2465 1814 2875 1872 consecrantur,
2908 1811 3184 1878 suscipiat.
3231 1814 3348 1868 Nisi
3396 1819 3542 1872 enim

232 1896 328 1943 ίυν
363 1897 527 1959 Porta
579 1887 703 1943 003“
759 1889 920 1957 (θεηο
981 1889 1207 1954 ΧΧν¹¹¹)·
1247 1909 1268 1936 ³
1331 1887 1574 1942 (ἷίιτίδιυε
1631 1894 1849 1942 νοθείαν
1875 1893 1930 1953 Β
1959 1895 2284 1949 exinanierit
2314 1901 2454 1968 quod
2487 1897 2620 1952 infra
2651 1917 2709 1954 se
2739 1910 2840 1968 est,
2874 1919 2980 1957 non
3014 1909 3314 1962 merebitur
3361 1914 3541 1967 susci-

237 1983 412 2049 porta
443 1976 594 2042 cteli,
628 1976 753 2048 quia
785 1975 902 2045 ipse
934 1985 1014 2029 est
1046 1977 1243 2029 ostium
1295 1975 1548 2044 paradisi,
1611 1979 1664 2027 ut
1723 1974 1797 2027 ibi
1831 1993 1842 2027 :

245 2089 266 2113 «ι
305 2068 439 2138 Ego
505 2081 622 2119 sum
653 2064 850 2118 ostium
881 2065 1064 2132 (Joan.
1100 2064 1179 2132 χ).
1226 2087 1246 2109 η
1283 2065 1440 2118 Porta
1469 2063 1588 2117 coeli
1612 2061 1746 2115 fides
1766 2067 1849 2114 est

241 2162 299 2210 et
331 2154 646 2225 baptismus
675 2153 729 2205 in
760 2161 915 2222 porta
945 2152 1087 2217 curli,
1139 2159 1260 2222 post
1306 2152 1634 2223 baptismum
1681 2149 1847 2218 lapsis

241 2251 600 2322 pmnitentia,
632 2250 929 2314 confessio,
963 2257 1016 2303 et
1047 2249 1364 2303 satisfactio.
1401 2252 1497 2302 l’er
1527 2247 1624 2301 has
1659 2254 1845 2316 portas

243 2341 378 2395 εαξιί
414 2339 546 2394 fidei
577 2347 629 2393 et
659 2338 1016 2408 baptismatis,
1048 2338 1374 2406 poenitentia:
1393 2345 1444 2390 et
1465 2333 1844 2398 confessionis,

242 2428 610 2484 credentibus
640 2443 704 2481 ac
734 2427 1119 2497 paenitentibus
1150 2425 1433 2495 ingressus
1460 2424 1710 2495 panditur
1751 2438 1844 2476 re-

243 2527 348 2600 gni
377 2526 646 2582 caelestis.
681 2525 777 2578 llis
809 2525 1116 2594 allegorice
1144 2524 1212 2577 de
1245 2523 1423 2593 lapide
1468 2531 1517 2576 et
1569 2530 1747 2592 porta,
1794 2520 1848 2574 id

244 2625 334 2671 est
369 2615 592 2671 Christo
624 2613 871 2684 digestis,
907 2612 1179 2683 quomodo
1227 2621 1280 2666 et
1328 2613 1435 2666 duo
1483 2611 1674 2665 altaria
1711 2626 1847 2666 con-

246 2711 400 2759 stent
432 2703 486 2758 in
518 2702 698 2769 nobis,
731 2701 1026 2774 diligenter
1051 2700 1515 2756 considerandum
1545 2706 1626 2755 est
1656 2698 1838 2755 vobis.

937 2851 1178 2905 DIVISIO.

323 2986 450 3040 Duo
478 2982 672 3039 altaria
697 2982 901 3037 dudum
934 2989 1212 3036 exstructa
1242 2981 1500 3051 leguntur
1533 2997 1544 3032 :
1580 2997 1748 3035 unum
1798 2981 1852 3034 in

249 3073 613 3130 tabernaculo
645 3071 900 3136 Mosaico,
936 3070 1082 3141 quod
1131 3069 1304 3124 altare
1354 3069 1650 3123 holocausti
1696 3068 1849 3124 dice-

251 3163 421 3218 batur
454 3181 468 3226 ;
501 3159 648 3215 aliud
681 3161 734 3214 in
766 3159 965 3229 templo
999 3159 1328 3222 Salomonis,
1364 3158 1507 3227 quod
1537 3157 1706 3212 altare
1735 3158 1850 3228 thy-

248 3259 530 3315 miamatis
559 3257 869 3313 vocabatur.
902 3255 1083 3312 Altare
1114 3255 1414 3311 holocausti
1444 3263 1559 3309 erat
1591 3263 1846 3310 constru-
1880 3263 1930 3326 α

248 3356 403 3403 ctum
435 3362 507 3402 ex
563 3344 989 3416 imputribilibus
1050 3344 1213 3416 lignis
1271 3344 1447 3409 setim,
1505 3349 1562 3397 et
1616 3343 1854 3397 habebat

250 3436 500 3508 quinque
531 3434 742 3490 cubitos
772 3434 826 3487 in
853 3432 1158 3498 latitudine,
1194 3441 1246 3486 et
1270 3432 1505 3504 quinque
1535 3431 1588 3484 in
1616 3430 1853 3502 longitu-

250 3534 407 3598 dine,
445 3541 558 3588 tres
589 3547 805 3603 quoque
836 3531 888 3585 in
922 3530 1230 3593 altitudine,
1263 3537 1317 3584 et
1363 3536 1680 3599 coopertum
1737 3535 1854 3582 erat

249 3621 596 3688 seretExod.
633 3621 885 3689 xxxvm).
944 3621 1060 3674 Hoc
1114 3619 1286 3674 altare
1335 3625 1569 3688 quatuor
1625 3616 1853 3687 angulos

249 3711 516 3776 habebat,
549 3717 603 3765 et
633 3725 699 3764 ex
731 3708 862 3778 ipsis
917 3715 1151 3778 quatdor
1207 3721 1410 3761 cornua
1459 3703 1849 3775 procedebant.

248 3800 388 3856 Erat
417 3800 579 3854 inane
609 3806 661 3853 et
691 3812 1011 3862 concavum,
1048 3801 1109 3850 ut
1137 3795 1206 3850 ad
1237 3793 1586 3865 suscipienda
1627 3800 1736 3846 tam
1788 3791 1851 3846 li-

251 3911 372 3970 gna
401 3912 560 3968 quam
593 3893 863 3952 sacrificia
894 3893 1042 3947 locus
1074 3892 1348 3962 spatiosus
1380 3891 1692 3947 haberetur.
1735 3890 1850 3944 Ha-

252 3984 423 4039 bebat
451 3985 555 4040 hoc
583 3984 752 4038 altare
781 3981 1090 4038 craticulam
1124 3980 1178 4034 in
1209 3980 1433 4035 modum
1462 3979 1592 4034 retis
1620 3992 1849 4042 aeneam,

253 4083 314 4127 ut
343 4089 442 4142 per
470 4072 697 4129 crebras
728 4078 1016 4142 aperturas
1071 4069 1217 4141 ignis
1272 4071 1582 4139 suppositus
1638 4066 1708 4121 ad
1764 4082 1855 4120 su-

253 4169 486 4226 mendas
516 4169 720 4225 hostias
750 4167 923 4222 libere
951 4172 1296 4236 penetraret.
1333 4163 1516 4218 Altare
1550 4161 1716 4233 igitur
1756 4161 1856 4216 ho-

254 4259 510 4323 locausti,
563 4274 634 4313 ex
693 4255 1204 4325 incorruptibilibus
1269 4253 1435 4322 lignis
1503 4258 1852 4315 exstructum,

256 4346 431 4404 corda
461 4354 592 4400 sunt
621 4345 941 4409 electorum,
976 4344 1030 4396 in
1092 4342 1287 4413 quibus
1343 4350 1602 4412 tanquam
1659 4354 1856 4393 conse-

255 4444 408 4492 crata
435 4433 702 4490 sacrificia
731 4433 965 4488 Domino
995 4429 1300 4486 offeruntur
1333 4430 1598 4484 bonorum
1629 4442 1852 4497 cperum

256 4533 463 4589 studia.
495 4532 634 4595 Quae
664 4532 834 4586 corda
865 4530 1160 4585 electorum
1195 4528 1268 4582 ita
1300 4527 1610 4596 incorrupta
1637 4525 1855 4581 conde-

1953 1999 2084 2052 pere
2115 1985 2256 2052 quod
2289 2001 2454 2055 supra
2485 2003 2543 2040 se
2575 1996 2674 2041 est.
2710 1990 2953 2045 Habebat
2984 1994 3084 2049 hoc
3107 1995 3280 2053 altare
3313 2002 3543 2058 craticu-

1958 2071 2069 2124 lam
2099 2072 2152 2124 in
2179 2074 2398 2126 modum
2431 2074 2561 2128 retis
2596 2092 2824 2144 a-neam,
2857 2088 2914 2132 ut
2943 2097 3042 2150 per
3070 2085 3298 2140 crebras
3354 2106 3543 2160 asper-

1960 2176 2109 2222 turas
2132 2169 2280 2240 ignis
2311 2173 2622 2240 suppositus
2652 2175 2722 2227 ad
2763 2179 3056 2232 sumendas
3113 2182 3315 2238 hostias
3371 2187 3542 2244 libere

1963 2265 2232 2326 penetret.
2266 2260 2508 2314 Necesse
2541 2270 2622 2315 est
2653 2262 2814 2326 enim,
2855 2274 2915 2318 ut
2944 2267 3105 2323 electi
3129 2272 3226 2324 Dei
3257 2276 3421 2330 corda
3447 2295 3545 2333 sua

1965 2346 2209 2415 aperiant
2239 2347 2435 2402 divinae
2465 2350 2656 2419 gratia:
2687 2360 2737 2404 et
2768 2355 2920 2423 quasi
2951 2356 3218 2424 plurimus
3259 2366 3545 2431 patefactis

1958 2441 2145 2511 januis
2175 2445 2366 2499 sedulo
2395 2446 2775 2515 deprecentur,
2808 2458 2863 2503 ut
2891 2468 2988 2520 per
3017 2453 3232 2526 singula
3265 2460 3400 2514 bona
3421 2481 3544 2533 quae

1959 2533 2235 2602 inchoant,
2271 2535 2425 2603 quasi
2458 2552 2555 2603 per
2584 2535 2802 2601 singula
2835 2539 3170 2596 victimarum
3206 2547 3394 2613 frusta,
3445 2568 3545 2606 sua

1962 2639 2057 2677 eos
2087 2625 2264 2692 gratia
2291 2623 2562 2678 illustrare
2593 2633 2643 2678 et
2673 2626 2741 2679 ad
2784 2643 3020 2683 amorem
3079 2649 3234 2688 suum
3290 2637 3547 2708 dignetur

1963 2723 2292 2777 accendere.
2332 2721 2458 2777 Haec
2489 2723 2556 2776 de
2583 2723 2738 2777 altari
2769 2724 3088 2794 bolocausti,
3123 2730 3173 2784 id
3206 2742 3286 2786 est
3317 2735 3384 2790 de
3414 2753 3543 2792 cor-

1961 2826 2098 2882 pore
2125 2818 2327 2877 nostro,
2360 2811 2413 2864 in
2445 2827 2552 2881 quo
2583 2811 2878 2868 offerantur
2909 2815 3050 2871 bona
3081 2834 3247 2888 opera
3279 2823 3536 2880 Domino.

2033 2935 2191 2988 Nunc
2228 2934 2295 2988 de
2325 2933 2476 2988 altari
2507 2934 2734 3002 incensi,
2770 2938 2912 3008 quod
2944 2939 2996 2992 in
3021 2943 3222 3012 templo
3244 2945 3549 3006 Salomonis

1963 3022 2203 3093 positum
2234 3031 2350 3076 erat
2379 3023 2791 3078 consideremus
2820 3027 2870 3096 (I
2895 3029 3028 3098 Reg.
3068 3036 3190 3096 vn).
3230 3035 3415 3091 Altare
3441 3039 3549 3096 hoc

1963 3126 2185 3165 aureum
2217 3119 2351 3176 erat,
2385 3111 2518 3165 etin
2575 3112 2902 3168 adolendum
2960 3118 3256 3187 thymiama
3314 3123 3537 3183 factum.

1965 3208 2113 3263 Sicut
2144 3207 2283 3262 enim
2310 3207 2363 3260 in
2393 3208 2548 3262 altari
2586 3209 2884 3264 holocausti
2932 3214 3308 3284 significantur
3364 3222 3542 3291 electi,

1961 3297 2051 3366 qui
2083 3312 2142 3350 se
2172 3294 2551 3351 crucifixerunt
2582 3313 2703 3350 cum
2758 3298 2897 3352 vitiis
2956 3309 3008 3355 et
3063 3307 3542 3376 concupiscentiis,

1959 3401 2062 3440 nec
2092 3385 2390 3439 secundum
2450 3385 2728 3440 desideria
2769 3388 2952 3442 carnis
2999 3391 3394 3462 ambulabant;
3448 3401 3546 3456 sed

1963 3483 2118 3553 quasi
2149 3481 2381 3538 Domino
2411 3481 2778 3550 immolantes,
2817 3500 3007 3542 omnes
3053 3492 3304 3560 corporis
3352 3511 3546 3552 sensus

1962 3571 2368 3635 dedicaverunt,
2400 3587 2498 3642 per
2540 3571 2723 3642 ignem
2777 3575 2949 3629 sancti
3007 3577 3236 3647 Spiritus
3289 3583 3548 3640 voluntati

1962 3661 2084 3731 ejus
2118 3678 2130 3713 :
2164 3660 2236 3714 ita
2266 3659 2507 3729 profecto
2537 3668 2588 3714 et
2618 3660 2692 3713 illi
2722 3659 2875 3716 altari
2903 3663 3106 3719 incensi
3138 3684 3246 3722 non
3279 3669 3548 3729 immerito

1961 3758 2346 3819 comparantur
2375 3747 2467 3819 qui
2509 3748 2695 3818 majori
2725 3749 3059 3819 perfectione
3088 3757 3284 3811 mentis
3333 3761 3546 3815 exstin-

1960 3847 2061 3902 ctis
2093 3862 2320 3917 prorsus
2347 3845 2619 3901 illecebris
2651 3847 2832 3902 carnis
2890 3849 3006 3904 sola
3064 3853 3364 3910 orationum
3423 3867 3544 3914 vota

1962 3937 2194 3991 Domino
2225 3933 2475 4000 offerunt,
2509 3951 2730 3990 carnem
2761 3952 2913 3991 suam
2949 3940 3321 4011 subjicientes,
3355 3962 3547 4003 omnes

1964 4025 2142 4081 carnis
2169 4024 2462 4078 illecebras
2492 4023 2790 4092 evicerunt,
2824 4035 2876 4080 et
2909 4027 2963 4081 in
2992 4044 3155 4084 carne
3187 4049 3294 4089 non
3346 4050 3548 4091 carna-

1963 4113 2087 4168 liter
2115 4112 2358 4169 viventes
2389 4112 2667 4167 ccelestem
2699 4113 2752 4167 in
2783 4114 2943 4170 terris
2977 4116 3145 4172 vitam
3174 4119 3398 4177 ducunt.
3430 4125 3546 4181 Iloc

1965 4211 2139 4268 altare
2169 4209 2375 4264 incensi
2444 4220 2640 4281 quanto
2699 4209 2914 4284 fulgore
2980 4215 3184 4272 metalli
3250 4219 3542 4291 eminebat,

1965 4307 2113 4355 tanto
2144 4297 2441 4370 quantitate
2471 4298 2651 4352 minus
2681 4308 2820 4354 erat.

2035 4423 2252 4492 Quanto
2283 4422 2425 4476 enim
2460 4421 2783 4488 sanctiores,
2834 4431 2980 4482 tanto
3028 4429 3336 4496 pauciores.
3383 4433 3548 4490 Recte

1963 4529 2098 4585 ergo
2128 4514 2180 4566 in
2213 4509 2552 4582 longitudine
2583 4519 2635 4566 et
2664 4512 2946 4570 latitudine
2967 4515 3170 4582 altaris,
3219 4520 3363 4590 quod
3409 4539 3546 4591 qua-

255 4629 346 4677 cet
375 4637 498 4676 esse
529 4629 587 4676 ut
615 4620 766 4692 digni
795 4620 901 4672 sint
930 4618 1183 4688 Spiritum
1213 4624 1462 4671 sanctum
1494 4613 1852 4668 habitatorem
1879 4601 1933 4661 D
1969 4600 2294 4692 drangulum
2325 4607 2456 4663 erat,
2503 4599 2755 4692 patientia
2809 4609 2862 4656 et
2915 4603 3146 4659 charitas
3207 4607 3542 4679 designatur,

257 4709 560 4780 suscipere.
596 4710 708 4764 lloc
739 4707 1015 4777 siquidem
1047 4705 1243 4770 altare,
1275 4721 1306 4758 ν
1339 4703 1549 4759 cubitos
1580 4703 1633 4755 in
1669 4701 1853 4774 longi-

257 4797 447 4854 tudine
477 4807 529 4853 et
550 4797 831 4852 latitudine
853 4794 1185 4850 describitur
1222 4792 1428 4847 habere
1461 4809 1476 4857 ;
1535 4790 1666 4861 quid
1721 4805 1855 4861 ergo

258 4894 546 4964 longitudo
575 4894 660 4949 vel
694 4893 923 4948 latitudo
953 4891 1162 4956 altaris,
1189 4889 1294 4944 nisi
1344 4905 1377 4944 v
1435 4904 1628 4943 sensus
1682 4885 1856 4942 nostri

258 4983 504 5053 corporis
522 4984 548 5034 ἱ)
569 4981 678 5037 Vel
699 4981 826 5052 quid
847 4989 930 5036 est
945 4980 1128 5035 altaris
1149 4977 1565 5049 longitudo,nisi
1582 4975 1854 5046 patientiae

258 5070 525 5143 perfectio
545 5073 571 5125 ‘l
592 5078 680 5126 aut
700 5069 828 5140 quid
848 5069 1074 5124 latitudo
1095 5067 1259 5133 illius,
1284 5066 1388 5120 nisi
1428 5064 1688 5135 perfectio
1714 5064 1857 5120 cha-

257 5159 434 5215 ritatis
471 5175 580 5230 qua
610 5159 688 5213 illi
717 5159 951 5214 Domino
980 5163 1382 5213 consecrantur
1414 5155 1509 5224 qui
1540 5169 1599 5208 se
1629 5152 1682 5206 in
1727 5167 1852 5206 om-

259 5255 425 5312 nibus
452 5257 718 5327 patientes
739 5254 1037 5311 exhibent?
1067 5253 1191 5309 Hoc
1217 5252 1389 5307 altare
1410 5259 1525 5305 tres
1540 5249 1752 5306 cubitos
1773 5249 1855 5304 al-

258 5345 503 5400 titudinis
533 5344 738 5409 habuit,
772 5345 898 5414 quia
928 5359 1084 5398 mens
1119 5341 1422 5397 electorum
1452 5355 1554 5410 per
1581 5338 1698 5393 haec
1729 5337 1850 5405 tria,

260 5433 444 5500 ﬁdem,
476 5449 650 5504 spem,
684 5433 1015 5497 charitatem,
1044 5431 1113 5485 ad
1143 5445 1385 5484 amorem
1419 5427 1519 5483 Dei
1576 5425 1844 5481 ascendit.

331 5538 762 5610 Coeperiebatur
791 5546 841 5592 et
869 5553 979 5591 aere
1011 5538 1114 5591 hoc
1152 5535 1340 5600 altare,
1402 5533 1536 5604 qiia
1585 5531 1720 5587 sicut
1777 5547 1854 5586 ass

261 5629 353 5685 diu
383 5625 793 5698 incorruptibile
835 5634 1170 5696 perseverat,
1223 5623 1304 5677 sic
1349 5622 1575 5676 virtutes
1615 5618 1852 5673 ﬁdelium

261 5719 317 5772 in
346 5719 428 5773 eis
459 5733 633 5784 usque
660 5717 713 5770 in
770 5713 932 5768 finem
996 5712 1222 5766 ﬁrmiter
1274 5711 1598 5780 perdurant.
1658 5707 1856 5760 Habuit

262 5822 480 5879 quoque
511 5814 746 5876 quatuor
772 5817 978 5859 cornua
1006 5817 1073 5857 ex
1105 5807 1342 5871 quatuor
1379 5795 1602 5868 angulis
1649 5810 1854 5866 proce-

259 5897 467 5955 dentia.
507 5894 757 5962 Quatuor
783 5889 969 5946 altaris
997 5903 1197 5946 cornua
1225 5893 1356 5944 sunt
1411 5889 1618 5941 sancta
1667 5882 1852 5940 crucis

1966 4691 2088 4762 quia
2116 4688 2478 4760 perfeetorum
2499 4687 2695 4744 animte
2725 4688 3000 4745 foederatis
3029 4693 3100 4748 ad
3149 4693 3388 4757 invicem
3434 4698 3546 4752 vir-

1965 4787 2168 4842 tutibus
2192 4792 2447 4856 quantum
2477 4784 2709 4853 diligere
2740 4784 2936 4841 fratres
2967 4789 3201 4856 student,
3261 4799 3440 4848 tamen
3495 4805 3550 4850 et

1966 4885 2108 4943 ferre
2138 4884 2430 4948 sufﬁciunt,
2464 4893 2516 4938 et
2547 4891 2802 4954 quantum
2837 4883 2972 4940 ferre
3031 4894 3236 4942 tantum
3292 4890 3542 4964 diligere.

1964 4976 2116 5031 Duos
2142 4973 2352 5029 cubitus
2381 4973 2541 5028 habet
2569 4971 2623 5026 in
2651 4971 2950 5038 altitudine,
2984 4977 3112 5046 quia
3141 4977 3344 5047 duplex
3398 4996 3546 5050 prie-

1963 5065 2133 5119 mium
2160 5063 2215 5117 in
2241 5061 2494 5132 supernis
2521 5069 2741 5130 sperant
2773 5077 2831 5116 se
2861 5059 3108 5132 recipere
3137 5066 3441 5122 animarum
3494 5078 3550 5125 et

1963 5176 2273 5232 corporum.
2309 5160 2523 5214 Cornua
2551 5173 2615 5212 ex
2647 5157 2765 5227 ipso
2794 5159 3143 5228 procedentia
3199 5164 3547 5222 eminentiam

1963 5249 2092 5306 ﬁdei
2124 5257 2175 5305 et
2195 5249 2449 5304 virtutum
2471 5244 2792 5318 signiﬁcant.
2820 5248 2896 5301 Ex
2919 5247 3038 5318 ipso
3059 5265 3187 5306 vero
3221 5253 3545 5322 procedunt,

1965 5339 2086 5413 quia
2119 5338 2275 5394 electi
2306 5352 2476 5408 opera
2502 5351 2598 5390 sua
2627 5351 2736 5390 non
2766 5335 2834 5390 ad
2865 5336 3057 5392 faciem
3089 5339 3364 5396 hominum
3413 5359 3546 5413 spe-

1965 5435 2048 5492 cie
2077 5443 2233 5489 tenus
2261 5433 2572 5496 ostendunt,
2607 5431 2703 5486 sed
2734 5431 2787 5486 in
2818 5431 2926 5486 ima
2975 5434 3157 5490 radice
3205 5438 3387 5493 cordis
3439 5438 3550 5492 im-

1963 5523 2155 5578 mobili
2185 5529 2439 5578 exercent
2464 5518 2692 5575 alfectu.
2725 5523 2871 5576 Auro
2901 5522 3144 5588 vestitur,
3179 5526 3306 5596 quia
3348 5527 3555 5599 quique

1965 5611 2197 5683 perfecti
2224 5611 2344 5666 luce
2375 5611 2599 5668 internae
2617 5609 2893 5679 sapientiae
2913 5610 3203 5681 refulgent.
3247 5615 3415 5681 Hujus
3462 5617 3550 5671 al-

1965 5701 2096 5754 taris
2125 5700 2417 5753 deauratur
2447 5698 2727 5763 craticula,
2761 5717 2882 5771 quas
2912 5709 3090 5770 parata
3121 5711 3237 5757 erat
3265 5703 3320 5758 in
3367 5706 3554 5763 medio

1963 5789 2084 5857 ejus
2111 5788 2178 5842 ad
2211 5787 2567 5858 suscipienda
2595 5787 2944 5856 thymiamata
2988 5805 3110 5846 cum
3153 5789 3401 5848 interiori
3445 5794 3556 5850 ho-

1962 5876 2111 5933 mine
2137 5884 2330 5932 nostro
2357 5874 2672 5946 resplendet
2719 5891 2820 5946 per
2872 5875 3043 5936 ﬁdem
3100 5879 3300 5940 Christi
3354 5881 3556 5952 gratia.
