3972 6486
408 442 548 504 uss
1305 394 1375 502 εί
1404 433 1738 502 ROBERTI.
1785 432 1957 501 0RD.
2005 430 2323 501 CIs‘rEttc.
2372 429 2819 501 FUNDATORIS
3564 447 3695 505 sese

414 573 662 629 Parietes
693 572 1048 640 deaurantur,
1083 585 1204 629 cum
1238 571 1426 627 eadem
1458 571 1630 643 gratia
1675 569 1870 628 divinas
1917 569 2005 626 di-
2036 569 2090 631 A
2123 578 2205 624 tas
2235 577 2287 625 et
2317 583 2483 640 super
2511 585 2729 625 omnem
2760 577 3057 626 aromatum
3087 568 3371 641 pulverem
3399 570 3699 627 orationum

410 661 663 719 lectionis
692 678 793 734 per
823 662 962 718 bona
992 675 1163 733 Opera
1192 661 1434 717 exterius
1464 660 1736 717 dilatatur.
1788 662 2006 716 Cornua
2116 660 2328 714 hostias
2361 659 2676 714 redolentes
2720 658 3001 715 offerimus
3062 658 3292 716 Domino
3347 667 3531 716 nostro
3575 661 3700 717 Jesu

408 752 761 818 deaurantur,
798 767 924 808 cum
956 749 1155 806 fiducia
1185 749 1514 807 fortitudinis
1524 750 1799 821 justorum
1823 749 2009 821 splen-
2115 748 2352 816 Christo,
2388 748 2479 821 qui
2510 765 2635 805 cum
2668 750 2835 806 Patre
2862 757 2917 805 et
2963 748 3169 821 Spiritu
3226 757 3414 806 sancto
3469 749 3600 806 vivit
3652 757 3703 806 et

407 840 543 897 dore
573 841 801 897 internae
831 838 970 897 lucis
1000 833 1280 896 coruscat.
1328 840 1425 895 His
1486 839 1654 913 igitur
1709 838 1765 894 in
1821 847 2006 896 mente
2115 846 2311 910 regnat
2340 838 2491 895 Deus
2518 854 2618 910 per
2642 836 2854 894 inﬁnita
2884 838 3084 905 saecula
3112 838 3465 896 saeculorum.
3499 841 3695 895 Amen.

408 937 598 986 nostra
627 930 729 986 rite
753 928 1060 1001 dispositis,
1088 929 1199 1000 jam
1231 928 1423 1001 procul
1447 927 1614 985 dubio
1659 928 1777 985 Deo
1832 928 2007 1001 placi-

530 1106 833 1191 Explica
864 1107 1016 1172 liber
1042 1107 1562 1190 Deﬂorutionum
1590 1107 1891 1183 Patrum,
1936 1105 2205 1171 Basileaz
2233 1108 2612 1189 impressus,
2643 1124 2824 1173 anno
2854 1106 3116 1172 Domini
3142 1123 3585 1174 M.cccc.xctv.

404 1338 3690 1353 mw

1682 1464 1840 1507 AXNO
1876 1464 2078 1507 DOHINI
2116 1465 2367 1507 Μίδεια.
2383 1492 2450 1508 ..α

792 1636 1919 1813 SANCTUS
2005 1642 2659 1816 ROBE
2688 1643 3325 1816 [{TUS

402 1902 745 1961 PRIMUS
801 1902 1089 1959 ABBAS
1141 1902 1779 1960 MOLISMENSIS
1833 1900 1946 1959 ET
2003 1903 2386 1962 ORDINIS
2440 1906 3167 1966 CISTERCIENSIS
3224 1906 3701 1965 FUNDATOR

700 2180 956 2339 AD
1059 2179 1651 2330 VITAM
1759 2176 1978 2331 SA

2088 2176 2431 2333 lCTI
2566 2178 3382 2333 ΡιΟΒΕΗΤΙ

906 2574 939 2595 ..
1203 2490 2198 2596 COMMENTARIUS
2276 2492 2897 2598 PR/EVIUS.

938 2737 1104 2809 (Acta
1156 2738 1491 2794 sanctorum
1545 2734 1829 2807 Bolland.,
1880 2734 2086 2809 Aprilis
2146 2742 2284 2793 tom.
2349 2737 2447 2807 III,
2504 2736 2593 2796 die
2645 2737 2735 2809 29,
2792 2755 2919 2813 pag.
2981 2742 3147 2812 662.)

398 3092 430 3166 ἕ
458 3093 500 3150 l.
561 3093 1014 3166 Reformationes
1060 3091 1279 3166 ordinis
1308 3092 1700 3166 Benedictini,
1760 3090 1985 3150 Roberti
2017 3096 2072 3158 Β
2102 3090 2284 3147 Caroli
2313 3089 2382 3147 de
2414 3089 2600 3157 Visch,
2632 3089 2782 3147 mille
2810 3089 3028 3148 circiter
3055 3090 3161 3147 hac
3204 3097 3389 3147 nostra
3445 3098 3602 3149 mtate
3632 3106 3693 3147 se

696 3164 958 3232 exordia,
988 3164 1258 3235 [nudatio
1291 3165 1680 3221 Housmans-ia.

463 3302 520 3356 i.
562 3299 697 3357 Cum
728 3296 1122 3357 celeberrimus
1150 3298 1328 3355 sancti
1358 3298 1684 3371 patriarchae
1704 3296 1989 3356 Benedicti

393 3397 549 3464 ordo,
582 3404 798 3453 aetatem
823 3397 934 3466 jam
965 3412 1140 3470 agens
1169 3405 1405 3469 quatuor
1433 3396 1785 3465 saeculorum,
1815 3396 1990 3453 incer-

393 3495 504 3542 tum
535 3502 642 3560 quo
670 3485 837 3552 malo,
869 3486 991 3558 ipsa
1020 3493 1167 3543 certe
1192 3494 1498 3558 temporum
1528 3494 1820 3554 vetustate,
1865 3503 1988 3558 qua

390 3575 664 3633 interitum
695 3575 861 3631 rebus
890 3575 1055 3631 etiam
1086 3573 1423 3630 ﬁrmissimis
1449 3574 1646 3631 aﬁ‘erre
1677 3574 1833 3642 solet,
1884 3573 1987 3630 ali-

387 3681 553 3739 quam
582 3665 636 3720 in
664 3664 846 3721 Gallia
873 3663 1030 3720 avitae
1077 3662 1383 3735 discipline
1412 3663 1687 3734 jacturam
1744 3662 1982 3731 fecisset,

388 3763 501 3819 dati
533 3763 682 3820 fuere
712 3761 973 3819 divinitus
1002 3761 1293 3819 sanctitate
1322 3778 1386 3818 ac
1412 3760 1533 3819 zelo
1562 3761 1812 3834 insignes
1858 3761 1983 3829 viri,

387 3853 482 3926 qui
510 3853 835 3924 depravatos
865 3850 1069 3906 sensim
1099 3866 1283 3907 mores
1311 3851 1381 3906 ad
1404 3850 1564 3922 primi
1581 3851 1805 3906 instituti
1830 3850 1985 3924 leges

386 3957 452 3999 ac
481 3944 723 4015 rigorem
752 3939 1139 3997 reformarent.
1171 3939 1405 3995 Primam
1437 3940 1490 3994 in
1521 3949 1630 3996 tam
1677 3948 1869 3997 sancto
1917 3955 1984 3997 ac

385 4029 503 4087 utili
531 4028 758 4102 negotio
786 4043 1015 4101 operam
1043 4044 1186 4084 anno
1213 4027 1431 4084 Domini
1460 4032 1562 4085 910
1598 4029 1659 4085 Β.
1688 4028 1867 4085 Berno
1889 4044 1985 4100 po-

386 4119 492 4177 suit
523 4137 536 4174 :
570 4119 682 4192 qui,
715 4117 942 4173 fundato
970 4116 1023 4171 in
1053 4132 1203 4192 pago
1223 4117 1607 4174 Matisconensi
1625 4134 1793 4189 super
1809 4117 1983 4173 Grau-

384 4223 511 4265 nam
542 4206 769 4264 ﬂuvium
798 4204 1147 4263 Cluniacensi
1177 4206 1452 4270 coenobio,
1478 4205 1686 4277 primus
1715 4205 1843 4263 dicti
1892 4205 1981 4261 in-

384 4296 455 4353 de
482 4294 610 4351 novi
637 4293 794 4367 quasi
822 4293 1034 4350 ordinis
1065 4293 1246 4360 Pater,
1278 4308 1443 4366 quam
1468 4294 1802 4351 restituendo
1825 4302 1981 4350 vetus

383 4392 693 4448 institutum
720 4389 1071 4447 Benedictino
1101 4389 1283 4446 ordini
1313 4389 1462 4445 utilis
1512 4388 1696 4458 fuerit,
1747 4390 1979 4462 plurima

2097 3187 2357 3246 offerunt.
2396 3188 2552 3245 Adeo
2582 3196 2639 3244 ut
2670 3188 2867 3244 mirum
2894 3204 3002 3246 non
3055 3188 3127 3244 sit
3170 3190 3482 3260 complures
3536 3206 3692 3245 sum-

2098 3294 2222 3334 mos
2253 3277 2561 3349 pontifices,
2593 3277 2843 3350 aliosque
2874 3286 3155 3350 spectatos
3183 3278 3239 3333 in
3269 3278 3690 3337 Ecclesiaviros

2095 3366 2152 3422 in
2180 3366 2426 3423 Cistercii
2455 3374 2509 3422 et
2537 3367 2823 3440 propagati
2852 3367 2923 3423 ab
2945 3384 3010 3424 eo
3040 3366 3246 3424 ordinis
3275 3367 3465 3424 laudes
3507 3375 3687 3425 tanto-

2096 3472 2229 3529 pere
2259 3454 2461 3512 eﬂ‘usos
2490 3455 2688 3513 fuisse.

2165 3584 2220 3638 2.
2253 3579 2525 3638 Praclara
2553 3580 2758 3637 laudati
2785 3582 2853 3637 ab
2883 3582 2951 3638 iis
2984 3582 3209 3640 instituti
3239 3582 3489 3641 encomia
3543 3583 3689 3640 Hen-

2096 3669 2286 3742 riquez
2308 3669 2362 3725 in
2390 3672 2667 3741 Apparatu
2697 3672 2768 3727 ad
2799 3672 3165 3746 Menologium
3186 3672 3550 3730 Cistercience
3570 3672 3688 3730 col-

2092 3758 2218 3832 ligit
2240 3777 2254 3824 ;
2277 3759 2421 3816 unde
2443 3760 2549 3816 hoc
2568 3760 2864 3816 Clementis
2885 3762 2907 3815 I
2929 3770 3013 3817 est
3035 3777 3048 3818 :
3077 3785 3099 3810 ιι
3120 3761 3269 3819 Ordo
3282 3761 3683 3829 Cisterciensis,

2094 3857 2269 3929 inquit
2297 3855 2412 3925 ille,
2442 3866 2524 3913 est
2552 3856 2676 3915 fons
2705 3859 2986 3915 hortorum
3016 3859 3279 3933 irriguus,
3326 3868 3553 3917 caeteras
3607 3860 3689 3917 ri-

2093 3961 2231 4018 gans
2261 3945 2557 4017 religiones
2585 3954 2639 4002 et
2666 3946 2912 4013 ordines,
2941 3963 3006 4005 ac
3031 3948 3087 4004 in
3116 3948 3265 4021 ipsos
3296 3949 3560 4021 exemplis
3598 3964 3685 4004 sa-

2091 4033 2365 4091 lutaribus
2394 4035 2762 4092 scaturicans.
2799 4036 2901 4094 Hic
2930 4044 3013 4094 est
3039 4034 3165 4095 fons
3212 4052 3456 4094 amamus
3500 4037 3684 4095 varie-

2091 4131 2200 4178 tate
2229 4122 2516 4193 virtutum,
2550 4124 2850 4197 prmclarus
2878 4126 3159 4183 munditiae
3185 4127 3439 4199 puritate,
3487 4126 3684 4199 pietate

2089 4229 2303 4292 patens,
2334 4221 2661 4279 indeticiens
2715 4225 3034 4281 sanctitate.
3098 4226 3304 4281 Horum
3358 4225 3550 4281 merito
3604 4225 3682 4282 sic

2089 4325 2413 4367 exarescere
2443 4314 2663 4381 meruit,
2694 4320 2753 4368 ut
2781 4312 2945 4369 fontis
2972 4329 3174 4370 nomen
3190 4313 3467 4371 excedens
3487 4313 3681 4371 ﬂuvius

2088 4408 2397 4468 censeatur,
2429 4400 2586 4470 cujus
2616 4417 2912 4472 processus
2940 4402 3230 4459 laudabilis
3257 4403 3328 4460 de
3373 4403 3571 4459 virtute
3625 4402 3680 4459 in

380 4486 692 4554 propagata
720 4493 752 4534 a
789 4477 1051 4534 Cluniaco
1094 4479 1298 4551 Optime
1343 4479 1642 4535 constituta
1704 4479 1977 4550 coenobia,
2013 4470 2057 4532 C
2087 4487 2363 4557 virtutem,
2394 4497 2451 4544 ιιι
2480 4470 2653 4545 Πειλιῇ
2676 4491 2904 4546 deorum
2939 4492 2994 4547 in
3024 4492 3158 4548 Sion
3180 4492 3379 4560 videat,
3416 4492 3679 4566 gradien-

379 4570 538 4626 multi
564 4568 691 4625 inde
718 4576 774 4624 et
800 4566 979 4624 sancti
1010 4576 1063 4623 et
1092 4568 1372 4639 principes
1401 4569 1457 4623 in
1501 4567 1747 4625 Ecclesia
1792 4569 1978 4640 profe-

379 4659 455 4717 cti
480 4658 589 4715 viri
615 4657 941 4714 docuerunt.
987 4657 1145 4713 Hunc
1182 4664 1423 4722 secutus,
1473 4658 1576 4713 sub
1612 4657 1826 4713 initium
1877 4675 1979 4714 stn-

378 4748 487 4807 culi
508 4746 804 4813 undecimi,
836 4746 902 4802 B.
940 4746 1253 4802 Bernardus
1282 4745 1352 4802 de
1400 4745 1623 4803 Tironio
1675 4746 1772 4803 fuit
1805 4766 1820 4815 ;
1883 4748 1977 4820 qui

376 4836 638 4897 felicitate
665 4835 804 4908 pari,
836 4850 1138 4908 progressu
1166 4842 1348 4891 tamen
1370 4834 1605 4902 minore,
1636 4834 1976 4893 reformatio-

375 4943 505 4984 nem
523 4926 582 4983 in
598 4923 888 4982 dioecesim
910 4926 1314 4981 Carnotensem
1333 4923 1555 4981 invexit.
1578 4922 1687 4981 Sed
1707 4923 1863 4982 nulla
1880 4940 1975 4982 ce-

374 5024 585 5083 lebrior
611 5038 679 5081 ea
707 5021 936 5091 exstitit,
968 5038 1131 5095 quam
1162 5021 1221 5079 S.
1264 5022 1490 5079 Roberti
1527 5022 1789 5096 auspiciis
1844 5022 1972 5080 fun-

375 5113 562 5172 datum
588 5111 658 5169 ab
686 5126 755 5169 eo
802 5110 1124 5169 Cistercium
1168 5110 1349 5183 primo
1391 5109 1633 5168 admisit.
1679 5111 1972 5169 Latissime

375 5204 519 5260 enim
549 5207 765 5275 patens,
797 5216 908 5258 non
937 5198 1057 5257 sola
1084 5214 1145 5256 se
1175 5198 1353 5255 Gallia
1377 5199 1647 5258 conclusit
1666 5200 1759 5256 illa
1774 5202 1971 5274 (quan-

375 5309 537 5367 quam
565 5289 1015 5357 Firmitatem,in
1040 5289 1837 5357 ea,Ponlim‘acum,Claram-
1849 5292 1970 5348 Val-

373 5393 485 5450 lem
512 5400 567 5448 et
594 5387 1014 5448 Horimundum
1042 5387 1377 5459 amplissima
1406 5388 1677 5457 coenobio,
1711 5405 1833 5459 quae
1881 5390 1969 5446 Ci-

371 5481 625 5538 stercium
640 5479 782 5535 tilias
801 5477 1043 5550 appellat
1063 5492 1211 5547 suas,
1235 5476 1464 5547 molita),
1488 5481 1586 5534 sed
1616 5486 1785 5534 totam
1809 5478 1967 5535 brevi

368 5567 642 5642 Europam
673 5574 988 5642 pervagata,
1039 5566 1274 5633 Italiam,
1330 5566 1667 5637 Hispaniam,
1731 5568 1968 5623 Germa-

372 5658 541 5724 niam,
560 5658 845 5715 Poloniam
890 5663 943 5712 et
961 5655 1209 5729 Angliam
1233 5655 1533 5711 innovavit.
1557 5658 1817 5713 Auctores
1833 5657 1965 5714 San-

371 5744 657 5799 marthani
685 5754 833 5812 sunt,
868 5744 1113 5799 virorum
1142 5743 1275 5800 olim
1305 5744 1561 5800 coenobiis
1607 5761 1772 5816 supra
1812 5746 1963 5802 mille

2086 4585 2155 4641 tis
2186 4586 2513 4643 universalis
2542 4587 2808 4644 Ecclesiae
2851 4587 3088 4645 laetiﬁcat
3131 4589 3391 4646 unitatem
3426 4608 3440 4645 :
3478 4591 3535 4645 in
3572 4604 3680 4660 qua

2083 4691 2187 4746 per
2214 4676 2540 4731 meritorum
2570 4676 2899 4733 evidentiam
2929 4677 3092 4735 clara:
3141 4677 3278 4734 lucis
3333 4678 3677 4750 splendorem

2084 4762 2338 4835 adeptus,
2372 4765 2531 4837 quasi
2559 4766 2720 4822 stella
2747 4768 3009 4822 matutina
3039 4767 3354 4839 resplendet
3379 4767 3436 4823 in
3496 4767 3677 4825 medio

2083 4851 2299 4909 nebulae
2328 4853 2517 4909 mundi
2545 4855 2705 4925 hujus
2738 4869 2753 4925 ;
2785 4864 2841 4911 et
2867 4855 2921 4910 in
2953 4871 3018 4912 ea
3063 4855 3383 4927 splendidos
3428 4855 3678 4913 emittens

2082 4948 2275 5006 radios
2306 4949 2484 5006 instar
2511 4951 2666 5023 solis,
2697 4952 2854 5009 velut
2886 4952 3245 5026 aquaeductus
3298 4953 3368 5011 de
3421 4952 3677 5026 paradiso

2081 5038 2419 5111 proveniens
2447 5039 2504 5095 in
2547 5055 2728 5114 aquas
2783 5041 3059 5098 redundat
3112 5040 3397 5115 plurimas,
3454 5042 3675 5099 hortum

2080 5127 2479 5201 plautationum
2513 5144 2759 5199 suarum,
2821 5139 2995 5188 coetus
3042 5130 3264 5205 quidem
3300 5131 3673 5189 claustralium

2080 5233 2220 5291 quos
2248 5218 2525 5290 produxit,
2557 5220 2717 5293 aquis
2770 5220 3009 5293 irrigans
3060 5221 3376 5295 gratiarum,
3437 5229 3492 5278 et
3544 5221 3671 5278 vino

2080 5306 2378 5378 spiritualis
2423 5307 2625 5365 laetitias
2682 5308 2915 5366 fructum
2972 5309 3255 5367 inebrians
3312 5318 3496 5383 partus
3552 5311 3662 5366 sui.

2078 5395 2249 5465 Hujus
2276 5396 2548 5468 siquidem
2577 5398 2791 5454 ordinis
2820 5414 2980 5456 sacra
3007 5399 3219 5472 religio,
3272 5414 3308 5455 ιι
3361 5416 3477 5456 sum
3523 5399 3672 5456 insti-

2076 5485 2297 5541 tutionis
2350 5486 2610 5557 auspiciis
2665 5487 2819 5560 quasi
2874 5487 3095 5544 deserta
3136 5496 3192 5544 et
3244 5487 3411 5554 invia,
3485 5496 3672 5561 utpote

2075 5584 2265 5654 paucis
2293 5583 2473 5640 adhuc
2502 5584 2711 5640 initiata
2740 5585 3058 5651 cultoribus,
3091 5586 3311 5642 tandem
3337 5587 3565 5643 honoris
3614 5590 3670 5643 et

2074 5671 2377 5727 honestatis
2406 5672 2619 5729 fructus
2650 5674 2989 5745 parturiens,
3023 5689 3204 5731 ramos
3257 5691 3395 5732 suos
3446 5675 3669 5747 quidem

2072 5759 2299 5816 honoris
2326 5770 2380 5817 et
2408 5761 2602 5835 gratim
2629 5762 2782 5835 quasi
2827 5763 3185 5835 terebynthus
3227 5764 3491 5833 extendit,
3535 5780 3668 5839 ger-

366 5831 701 5903 octinsenta.
729 5832 1024 5888 mulierum
1056 5848 1220 5903 ευρτθ
1247 5832 1398 5887 "line
1426 5834 1825 5905 (ιυαάτίυεεηιδ
1854 5851 1961 5890 ου’
1989 5836 2044 5896 D
2074 5848 2289 5905 minans
2316 5831 2710 5922 gen-arationes
2737 5859 2792 5907 et
2829 5831 3125 5925 progenies
3168 5831 3513 5926 germinavit.
3538 5831 3664 5910 'Ea-

368 5940 617 5987 met-asse
650 5945 663 5983 :
708 5928 1048 6001 percurrenti
1090 5930 1486 5989 Bibliothecam
1539 5931 1961 5991 Cisterciensom
2068 5945 2297 6011 propter
2343 5938 2558 5998 latatur
2604 5948 2658 5998 et
2694 5940 2889 6011 jubilat
2936 5939 3249 6000 laetabunda
3302 5950 3358 6001 et
3412 5941 3662 6015 laudans,
