3956 6458
305 378 411 434 239

1193 376 1256 432 V.
1297 375 1632 434 GUIBERTI
1671 373 1960 432 ABBATIS
1999 375 2054 430 S.
2099 373 2334 429 ΜΑΒΙᾹΞ
2371 373 2464 430 DE

2526 373 2909 432 NOVIGENTO
3703 377 3830 431 240

307 510 396 579 gis
438 507 825 564 testimonium
877 514 1004 576 eget
1047 514 1185 562 teste
1229 522 1406 576 quam
1457 506 1610 561 testis
1658 504 1996 560 testimonio.
2039 508 2084 560 Α
2113 505 2442 572 fueruntque
2484 507 2533 557 ei
2576 505 2786 558 obviam
2815 506 3000 572 angeli
3049 508 3161 560 Dei.
3215 505 3545 563 Intellectus
3587 508 3837 564 foederis

306 598 503 652 Laban
548 611 684 665 ergo
715 596 996 650 candidus
1046 596 1135 650 ille
1165 603 1415 657 senatus,
1463 595 1562 664 qui
1608 604 1846 648 mortem
1883 593 2001 662 jam

305 685 445 740 obiit
483 685 755 753 explicito
808 683 1130 738 testimonio
1171 683 1322 749 ﬁdei,
1373 697 1438 736 ac
1467 683 1656 751 operis
1699 683 1817 750 jam
1851 690 2005 736 testis

304 774 581 828 emeritus
629 772 814 827 factus
844 781 945 827 est.
979 773 1153 827 Iacob
1196 779 1388 826 autem
1424 785 1670 839 praesens
1700 771 2000 838 fragilitas,

303 875 576 916 acervum
628 862 808 916 multo
857 861 1065 915 sudore
1113 859 1400 927 congerit,
1444 860 1583 914 dum
1637 859 2004 927 professionis

303 964 422 1002 suae
459 948 778 1004 testimonia
844 949 1010 1018 gerit.
1051 948 1245 1016 (Vens.
1279 947 1391 1016 48.)
1441 947 1699 1000 Tumulus
1732 949 1876 998 testis
1920 953 2004 999 est

306 1038 450 1091 inter
483 1037 673 1091 Laban
703 1044 757 1091 et
783 1036 975 1100 Iacob,
1026 1036 1165 1089 dum
1215 1043 1268 1089 et
1297 1035 1470 1089 Iacob
1495 1033 1614 1102 jam
1647 1034 1998 1087 salvatorum

306 1125 487 1178 inhiat
537 1124 691 1190 sorti,
737 1131 789 1178 et
819 1123 1022 1178 salvati
1063 1123 1180 1192 jam
1215 1123 1678 1177 condescendunt
1725 1127 1865 1175 Ito
1895 1120 2002 1174 ad—

296 1213 556 1281 juvando
604 1212 1018 1266 salvandorum
1071 1210 1339 1280 passioni.
1393 1211 1536 1265 Cum
1591 1210 1742 1264 enim
1775 1209 1844 1263 ad
1891 1222 2001 1263 ex-

301 1299 553 1368 emplum
601 1309 930 1354 sanctorum
979 1299 1421 1362 reminiscimur,
1473 1299 1637 1368 quasi
1685 1298 1754 1351 ad
1805 1306 2001 1351 tumu-

302 1387 423 1442 lum
476 1387 847 1455 respicimus,
897 1387 1000 1456 ipsi
1047 1387 1116 1440 ad
1181 1387 1474 1440 tumulum
1533 1386 1744 1440 scilicet
1792 1385 1862 1439 ad
1913 1384 2001 1439 sui

302 1474 504 1544 quales
531 1475 668 1529 olim
701 1474 917 1529 fuerint
959 1473 1292 1528 memoriam
1319 1489 1378 1527 se
1423 1474 1699 1540 referunt,
1731 1488 1862 1527 cum
1900 1487 2000 1527 no-

307 1563 412 1628 bis,
445 1563 548 1631 qui
573 1563 754 1617 eidem
789 1563 1124 1616 innatamus
1151 1563 1288 1626 salo,
1321 1562 1716 1615 miserescunt.

375 1651 546 1704 VEns.
607 1651 696 1713 49,
757 1652 843 1704 50.
903 1678 975 1690 -
1031 1652 1310 1703 Intueatur
1377 1652 1632 1702 Dominus
1699 1655 1748 1700 et
1790 1647 2004 1716 judicet

306 1740 451 1790 inter
479 1753 597 1799 nos,
649 1738 868 1804 quando
916 1739 1284 1789 recesserimus
1321 1753 1354 1789 a
1398 1738 1571 1800 nobis,
1628 1739 1678 1789 si
1729 1739 2003 1802 a/‘ﬂixeris

307 1826 455 1894 ﬁlias
504 1841 668 1887 meas,
723 1831 773 1878 et
819 1825 1189 1877 introduauris
1238 1839 1437 1877 uxores
1485 1826 1626 1877 alias
1673 1840 1836 1892 super
1881 1839 2006 1896 eas;

299 1917 482 1967 nullus
525 1917 785 1967 strmonis
815 1916 990 1966 nostri
1023 1916 1172 1967 testis
1218 1918 1295 1966 est
1325 1913 1531 1981 absque
1565 1916 1686 1979 Deo,
1741 1915 1837 1982 qui
1865 1928 2005 1980 prav-

300 2016 420 2054 sens
448 2003 690 2069 respicit.
727 2001 954 2055 Recedit
989 2000 1181 2053 Laban
1213 2015 1246 2053 a
1275 2000 1469 2064 Iacob,
1502 2014 1632 2054 cum
1665 1999 1847 2053 sancti
1881 1998 2007 2067 qui-

303 2087 462 2153 libet,
517 2097 572 2143 et
619 2087 663 2142 si
707 2087 967 2156 exempla
1014 2087 1372 2156 reliquerint,
1417 2095 1611 2141 nostro
1661 2095 1850 2141 tamen
1903 2100 2004 2139 nos

307 2177 650 2245 relinquunt
677 2175 938 2230 arbitrio.
972 2176 1299 2242 Alﬁigimus
1319 2177 1484 2242 ﬁlias,
1512 2183 1565 2229 et
1595 2173 2004 2244 superinduxi-

302 2279 432 2318 mus
481 2279 674 2316 umores
719 2265 881 2328 alias,
917 2277 1050 2316 cum
1098 2263 1312 2316 dimoto
1355 2264 1660 2332 utriusque
1707 2263 1834 2316 vitze
1865 2277 2002 2316 con-

300 2352 491 2417 sortio,
537 2351 758 2406 libidini
791 2351 1034 2419 proprize
1067 2351 1392 2404 voluntates
1422 2351 1796 2404 admovemus
1826 2351 2000 2405 adul-

300 2449 470 2505 teras,
521 2453 695 2508 super
740 2439 955 2508 quibus
1005 2439 1182 2492 Deum
1234 2446 1672 2507 prospectorem,
1720 2447 1773 2493 et
1823 2439 1996 2493 inter-

302 2542 509 2583 norum
558 2535 749 2582 testem
812 2527 1174 2580 discretorem
1208 2528 1322 2581 fore
1367 2535 1628 2593 constat,
1690 2528 1792 2597 qui
1842 2529 2000 2583 solus

302 2617 561 2670 intuetur
594 2615 992 2669 conscientias.

371 2704 550 2757 Vsus.
610 2705 694 2756 52.
750 2733 817 2740 —
865 2704 926 2756 Si
975 2707 1153 2754 autem
1209 2700 1333 2773 [al.,
1375 2699 1494 2771 aut]
1545 2718 1639 2768 ego
1679 2705 1992 2770 prwteriero

298 2806 525 2860 pergens
573 2789 646 2842 ad
690 2796 738 2842 te
772 2790 920 2855 illuc,
969 2794 1064 2841 aut
1117 2795 1172 2841 tu
1224 2792 1575 2857 pra'terirris,
1626 2791 1824 2842 malum
1859 2791 1996 2841 mihi

301 2882 564 2946 cogitans,
619 2877 672 2932 id
707 2885 788 2932 est
839 2877 883 2930 si
934 2893 1038 2944 ego
1069 2877 1206 2932 dum
1260 2893 1346 2932 me
1380 2879 1450 2931 ad
1493 2887 1544 2932 te
1596 2886 1993 2946 perrecturum

301 2965 602 3035 proﬁteor,
673 2964 814 3018 illud
876 2965 1260 3019 testiinonium
1325 2967 1648 3034 praeteriero
1713 2980 1989 3034 peccans,

302 3060 404 3108 aut
482 3060 545 3106 tu
608 3051 946 3121 praeterieris
1005 3053 1161 3122 quod
1237 3053 1355 3106 ﬁeri
1427 3068 1539 3107 non
1604 3061 1822 3122 potest,
1897 3053 1992 3107 tibi

301 3139 402 3194 soli
460 3141 717 3209 cogitans
774 3147 1002 3209 tuaeque
1059 3137 1254 3209 gloria)
1303 3141 1710 3207 congaudens,
1771 3149 1833 3195 ut
1885 3141 1990 3196 sci-

298 3229 428 3283 licet
486 3243 585 3297 pro
648 3243 736 3282 me
793 3228 1070 3282 laboranti
1128 3243 1292 3283 orare
1349 3229 1596 3293 desinas,
1645 3230 1800 3298 quod
1859 3243 1994 3298 pro-

300 3318 446 3371 fecto
481 3317 524 3370 si
560 3316 655 3370 ﬁat
686 3317 901 3370 malum
951 3317 1090 3370 mihi
1134 3317 1258 3371 erit.
1295 3318 1487 3384 (Vens.
1526 3319 1638 3386 53.)
1689 3319 1992 3383 Discretor,

298 3412 351 3459 et
391 3404 572 3472 judex
604 3405 711 3458 erit
760 3404 967 3458 borum
1023 3407 1156 3457 Deus
1219 3406 1522 3470 Abraham,
1580 3406 1630 3458 id
1685 3414 1788 3469 est,
1828 3406 1997 3459 intel-

300 3493 664 3547 lectualitatis
721 3499 852 3558 tum,
910 3511 939 3546 o
995 3493 1198 3552 Jacob,
1253 3501 1308 3547 et
1372 3492 1516 3546 idem
1586 3506 1791 3546 rursus
1853 3494 1996 3546 Deus

299 3581 535 3644 Nachor,
589 3579 644 3632 id
695 3586 777 3632 est
829 3578 1058 3647 requies
1107 3578 1359 3639 luminis.
1421 3580 1573 3648 quod
1623 3588 1707 3634 est
1763 3580 1990 3642 Laban,

299 3666 500 3722 mterni
548 3665 760 3720 scilicet
810 3665 1098 3732 candoris,
1131 3666 1230 3734 qui
1277 3669 1419 3720 Deus
1456 3671 1638 3735 patris
1681 3676 1783 3733 est,
1817 3684 1997 3721 eorum

299 3757 472 3816 Deus,
541 3752 754 3806 scilicet
808 3752 1011 3806 Christi
1078 3754 1398 3808 secundum
1454 3769 1752 3822 perSonam
1821 3755 1992 3810 servi.

300 3841 427 3909 Ipse
469 3841 620 3895 enim
661 3840 738 3894 ita
788 3841 942 3894 caelis
976 3841 1328 3906 dominatur,
1361 3851 1423 3896 ut
1465 3853 1649 3897 terrm.
1682 3845 1840 3896 Jurat
1871 3844 1990 3913 [al.,

292 3931 509 3996 juravit
557 3925 704 3998 ergo]
758 3929 918 3982 Iacob
959 3945 1058 3998 per
1097 3933 1339 3983 timorem
1378 3933 1558 3999 patris
1603 3930 1792 3996 Isaac,
1845 3931 1996 3986 intra

294 4015 432 4084 jura
462 4015 673 4070 divina:
723 4015 862 4086 legis
890 4031 948 4071 se
997 4017 1267 4082 continet,
1319 4017 1525 4072 timens
1553 4033 1624 4074 ne
1667 4019 1994 4074 excedendo

298 4103 520 4172 paterni
554 4104 748 4173 gaudii
781 4113 996 4158 a-terna
1029 4104 1243 4158 visione
1273 4119 1330 4160 se
1353 4106 1554 4174 privet.

368 4191 538 4246 Vens.
577 4191 661 4243 5i.
694 4220 766 4231 —
813 4193 1210 4258 Immolatisquc
1258 4193 1526 4248 vitiorum
1559 4193 1816 4248 omnium
1863 4208 1994 4248 vere

299 4277 410 4330 Deo
466 4276 686 4344 placitis
731 4279 987 4341 victimis,
1027 4279 1084 4329 in
1129 4282 1320 4342 monte,
1359 4277 1412 4330 id
1456 4287 1540 4332 est
1588 4278 1643 4332 in
1684 4280 1993 4334 eminentia.

2115 593 2304 647 Laban
2337 601 2520 661 empta
2567 594 2954 662 prosequitur,
2987 601 3042 648 et
3071 603 3386 649 occurrunt
3417 597 3526 664 pize
3563 597 3696 666 ejus
3739 599 3834 651 in-

2114 681 2370 744 tentioni,
2407 682 2586 735 instar
2617 681 2978 748 angelorum,
3000 695 3131 751 quae
3160 683 3307 736 bona
3337 683 3427 738 his
3458 685 3716 753 gerenda
3743 686 3840 739 de-

2113 768 2378 822 nuntient
2405 767 2579 822 verba
2601 768 2781 822 divini
2802 769 3036 838 eloquii.
3069 770 3258 836 (Vsus.
3279 772 3359 838 2.)
3382 772 3490 824 Hos
3513 787 3636 825 cum
3656 774 3841 826 vidis-

2108 862 2207 918 set,
2263 857 2313 909 id
2362 864 2445 910 est
2499 856 2884 916 intellexisset.
2934 861 3059 911 ait:
3103 860 3307 911 Castra
3355 861 3458 913 Dei
3504 865 3634 914 sunt
3683 863 3834 915 hac.

2110 944 2305 996 Castra
2336 943 2561 1012 proprie
2584 943 2954 999 militantium
2977 953 3132 1001 sunt.
3154 948 3294 1011 Haec,
3319 946 3526 1016 inquit,
3553 948 3634 1002 nil
3655 948 3838 1004 aliud

2111 1045 2288 1100 quam
2333 1030 2544 1085 divinae
2578 1032 2792 1086 militize
2822 1034 3096 1088 exercitia
3131 1048 3198 1089 ac
3239 1035 3640 1090 coercitionem
3673 1049 3836 1104 prae-

2108 1119 2318 1174 dicant.
2368 1119 2566 1173 Castra
2623 1120 2776 1173 enim
2826 1133 2860 1172 a
2906 1121 3188 1174 coercendo
3239 1120 3535 1176 dicuntur.
3597 1123 3835 1177 Arcent

2110 1221 2247 1261 sane
2290 1221 2322 1260 a
2352 1222 2408 1261 se
2442 1208 2684 1268 hostem,
2731 1214 2782 1261 et
2829 1207 3264 1276 disciplinaliter
3309 1223 3370 1263 se
3426 1212 3832 1280 restringunt.

2111 1297 2374 1364 Appellat
2429 1311 2617 1348 nomen
2672 1297 2775 1348 loci
2823 1297 2972 1349 illius
3032 1298 3297 1363 Manain,
3359 1297 3418 1350 id
3471 1303 3548 1352 est
3610 1306 3833 1366 castra,

2110 1384 2249 1452 quia
2291 1383 2582 1438 Christum
2627 1383 2714 1438 vel
2753 1383 2925 1452 ipsam
2973 1384 3350 1453 Scripturam,
3398 1386 3454 1440 in
3487 1401 3605 1456 qua
3637 1387 3836 1442 locari

2111 1471 2400 1538 debemus,
2447 1471 2874 1526 munimentum
2913 1472 3434 1542 cohibitionemque
3463 1488 3628 1529 suam
3658 1475 3836 1530 aesti-

2112 1566 2248 1614 mat.
2975 1617 2990 1628 ,

2183 1646 2354 1701 Vsus.
2389 1649 2440 1711 3,
2469 1647 2521 1700 4.
2551 1677 2618 1684 —
2641 1648 2793 1700 Misit
2814 1653 2990 1700 autem
3013 1651 3226 1700 nuntios
3241 1648 3516 1701 antesead
3529 1651 3676 1703 Esau
3688 1652 3830 1716 fra-

2114 1739 2245 1787 trem
2267 1750 2421 1787 suum
2443 1738 2497 1786 in
2521 1741 2719 1787 terram
2741 1736 2801 1788 SI.
2811 1739 2861 1786 ir
2879 1739 3111 1800 regionis
3134 1736 3331 1796 Evlom,
3352 1741 3717 1806 pra'cepitque
3737 1741 3828 1792 eis

2048 1807 2088 1860 Β
2117 1822 2298 1874 dicens
2324 1839 2336 1875 :
2361 1822 2524 1890 Apud
2549 1823 2737 1876 Laban
2767 1825 3143 1892 peregrinatus
3164 1837 3283 1875 sum
3307 1839 3473 1891 usque
3501 1826 3558 1877 in
3580 1841 3830 1893 praesen-

2119 1914 2218 1962 tem
2247 1909 2405 1962 diem.
2441 1910 2637 1964 Nuntii
2671 1910 2771 1978 qui
2807 1917 3062 1978 praeeunt
3089 1911 3262 1965 Jacob
3293 1910 3362 1964 ad
3417 1911 3584 1977 Esau,
3618 1920 3828 1966 motus

2115 2004 2250 2051 sunt
2280 1999 2755 2064 compunctionis,
2787 2004 2842 2050 et
2889 1996 3171 2051 desideria
3211 1996 3454 2065 pietatis,
3488 2011 3620 2066 qua:
3659 2011 3827 2066 saepe

2113 2092 2333 2139 constat
2385 2085 2608 2138 mittere
2668 2083 3046 2149 intellectum,
3100 2084 3171 2138 ad
3220 2084 3626 2140 emolliendum
3675 2099 3826 2140 eum

2111 2172 2213 2242 qui
2247 2173 2381 2227 olim
2416 2172 2521 2226 sibi
2559 2171 2813 2240 improbe
2843 2171 3252 2227 dominabatur
3285 2171 3573 2227 allectum.
3609 2173 3826 2227 Frater

2109 2261 2340 2326 dicitur,
2375 2261 2512 2329 quia
2541 2274 2611 2314 ex
2634 2259 2829 2314 eadem
2857 2267 3040 2314 mente
3070 2274 3187 2330 qua
3202 2268 3257 2314 et
3285 2261 3431 2315 ratio
3453 2260 3734 2330 gignitur.
3762 2261 3824 2315 Is

2109 2350 2262 2404 Esau
2293 2348 2350 2404 in
2383 2357 2533 2402 terra
2573 2347 2696 2402 Seir
2723 2352 3061 2414 commanet,
3095 2348 3249 2418 quod
3285 2350 3495 2416 pilosus
3521 2348 3818 2418 interpre-

2109 2445 2283 2502 tatur,
2334 2437 2473 2506 quia
2519 2435 2740 2490 aﬁectio
2775 2434 2832 2489 in
2883 2435 3122 2490 terrenis
3163 2435 3355 2504 jacere
3389 2437 3668 2506 gaudens,
3701 2451 3818 2491 su-

2107 2526 2431 2594 pertluitate
2498 2524 2700 2578 crebra
2750 2524 3089 2593 contegitur.
3148 2524 3294 2579 Nam
3351 2524 3593 2580 vanitati
3654 2539 3815 2594 saepe

2103 2611 2344 2666 libenter
2375 2611 2696 2679 addicitur;
2746 2619 2801 2665 et
2834 2610 2890 2664 in
2940 2612 3172 2679 regione
3213 2612 3414 2678 Edom,
3468 2613 3521 2668 id
3555 2619 3640 2667 est
3687 2625 3817 2679 pec-

2105 2698 2236 2763 cati,
2283 2699 2436 2767 quod
2485 2707 2568 2752 est
2601 2699 2750 2752 circa
2785 2707 3101 2766 peccatum,
3151 2707 3265 2754 tota
3299 2701 3572 2755 aviditate
3615 2715 3816 2755 versa-

2105 2793 2217 2840 tur.
2257 2786 2434 2839 Edom
2458 2786 2613 2839 enim
2644 2790 2865 2851 sanguis
2888 2785 3120 2852 dicitur,
3151 2795 3203 2842 ct
3229 2788 3469 2858 sanguis
3502 2795 3810 2857 peccatum

2103 2874 2312 2942 signat.
2338 2873 2508 2941 Apud
2537 2874 2750 2942 Laban,
2782 2874 2990 2943 inquit,
3021 2877 3229 2930 cmlesti
3255 2877 3491 2931 candori
3525 2877 3812 2931 inhiando

2103 2968 2364 3015 versatus
2397 2974 2546 3022 sum.
2583 2976 2764 3030 usque
2797 2963 2852 3016 in
2889 2962 3049 3017 illum
3082 2978 3170 3018 me
3198 2964 3529 3028 extendens,
3563 2964 3669 3034 qui
3699 2979 3815 3020 nec

2107 3050 2374 3118 ριέιιιριίι,
2427 3064 2530 3103 nec
2579 3050 2830 3117 iuturus,
2879 3052 2974 3106 sed
3025 3043 3258 3121 semper
3293 3053 3627 3108 zeternitatis
3678 3068 3814 3108 con-

2106 3138 2315 3192 stantia
2347 3152 2596 3206 praasens
2624 3147 2725 3193 est.
2763 3139 2884 3207 Ipse
2914 3139 3069 3194 enim
3108 3143 3186 3196 ait
3220 3155 3232 3194 :
3265 3141 3378 3206 Ego
3409 3156 3527 3194 sum
3555 3143 3655 3209 qui
3683 3157 3811 3196 sum

2105 3226 2302 3295 (Exod.
2338 3241 2416 3292 ιιι,
2448 3226 2572 3293 ti);
2603 3233 2656 3280 et
2687 3241 2702 3293 ;
2737 3228 2842 3293 Qui
2871 3233 2948 3280 est
2977 3231 3128 3282 misit
3156 3244 3238 3281 me
3258 3229 3399 3296 (ibid
3427 3269 3442 3293 ,
3473 3229 3581 3298 15).

2179 3315 2348 3368 Vsus.
2384 3316 2434 3366 5.
2467 3344 2530 3352 —
2562 3315 2740 3368 Habeo
2789 3316 2960 3382 bores,
2997 3317 3345 3371 maturitatis
3391 3321 3445 3371 et
3474 3317 3811 3387 prudentiae

2105 3401 2161 3456 in
2193 3403 2542 3456 discussione
2585 3403 2966 3468 terrenitatis;
3010 3408 3188 3458 asinos
3233 3405 3690 3474 irrepugnantize
3736 3420 3809 3460 ac

2104 3490 2515 3559 simplicitatis;
2546 3505 2664 3543 oves
2706 3491 2990 3546 muniﬁca:
3025 3493 3322 3561 utilitatis;
3353 3507 3552 3559 servos,
3584 3503 3811 3562 proter-

2103 3579 2228 3632 vias
2269 3578 2487 3646 animi;
2540 3581 2769 3632 ancillas
2819 3579 3055 3634 lascivas
3083 3587 3137 3636 et
3185 3580 3537 3635 titillationes
3583 3581 3805 3635 carnis.

2104 3665 2206 3719 Ilia
2239 3673 2298 3720 ut
2343 3666 2592 3734 prmsint,
2627 3665 2747 3720 haec
2779 3674 2841 3721 ut
2873 3666 3098 3721 subsint
3139 3667 3340 3722 habeo.
3368 3669 3628 3737 Mittoque
3657 3685 3809 3722 nunc

2104 3756 2439 3820 legationem,
2475 3753 2626 3808 haud
2663 3754 2905 3810 dubium
2939 3756 3082 3824 quin
3107 3755 3285 3811 animi
3311 3756 3696 3824 devotionem,
3729 3756 3809 3810 ad

2102 3843 2407 3908 Dominum,
2455 3849 2507 3896 te
2539 3842 2749 3896 scilicet
2795 3843 2894 3912 qui
2947 3844 3223 3898 hactenus
3269 3858 3445 3913 super
3473 3858 3562 3899 me
3607 3844 3808 3914 impe—

2102 3929 2252 3984 rium
2303 3931 2634 3998 usurpasti,
2685 3937 2743 3983 ut
2795 3933 3065 3985 inveniam
3112 3935 3352 3999 gratiam
3399 3934 3456 3986 in
3509 3939 3808 4002 conspectu

2102 4023 2212 4083 tuo,
2250 4017 2303 4072 id
2335 4025 2418 4072 est
2470 4026 2530 4073 ut
2565 4018 2659 4072 Dei
2693 4019 2938 4088 gratiam
2968 4003 3080 4074 non
3123 4020 3417 4076 luxuriam
3462 4029 3562 4076 aut
3595 4023 3803 4077 avari-

2103 4105 2237 4161 tiam
2273 4106 2508 4174 patiaris
2539 4106 2782 4162 inveniri
2817 4110 2873 4162 in
2909 4108 3217 4164 intentione
3247 4116 3366 4164 tua.

2173 4193 2344 4248 Vsus.
2388 4196 2439 4248 6.
2484 4223 2557 4235 —
2611 4195 2834 4249 Reversi
2877 4199 3062 4249 nuntii
3104 4195 3180 4249 ad
3226 4196 3415 4251 Jacob.
3471 4197 3672 4250 Nuntii
3727 4197 3806 4251 ad

2097 4283 2274 4334 .Iacob
2320 4289 2722 4350 revertuntur,
2779 4298 2913 4338 cum
2983 4284 3389 4339 intellectualia
3439 4283 3726 4340 desideria
3771 4299 3806 4340 a

297 4364 548 4427 virtutis,
581 4364 791 4428 fratres
821 4364 1074 4432 ejusdem
1107 4365 1310 4419 mentis
1342 4365 1485 4419 ﬁlios
1511 4374 1701 4421 motus
1731 4381 1992 4436 quosque
2032 4395 2073 4447 ο
2100 4370 2319 4424 carnali
2343 4370 2549 4424 allectu
2578 4371 3036 4427 diverberantur.
3066 4373 3441 4439 Accessimus,
3473 4373 3656 4439 aiunt,
3699 4389 3805 4444 per

298 4451 605 4505 rationales
656 4459 822 4505 vocat
848 4451 1040 4516 Iacob,
1095 4453 1146 4506 id
1189 4462 1272 4507 est
1317 4453 1654 4520 intellectus,
1705 4463 1769 4510 ut
1816 4469 1993 4510 come-

297 4534 455 4600 dant,
484 4533 601 4602 jam
635 4541 881 4589 mactato
911 4536 1063 4590 omni
1097 4537 1352 4602 crimine,
1387 4539 1721 4608 angelorum
1761 4553 1986 4608 panem,

297 4623 398 4690 qui
428 4629 510 4676 est
541 4622 822 4677 Christus.
870 4624 1188 4679 Comedunt
1217 4634 1270 4680 et
1305 4635 1536 4680 manent
1565 4627 1662 4691 ibi,
1697 4627 1988 4682 Christum

295 4723 548 4780 namque
597 4725 800 4780 panem
859 4721 1190 4781 gustantes,
1247 4723 1678 4782 perseveranter
1733 4715 1992 4785 incorpo-

297 4807 504 4854 rantur
541 4799 641 4854 illi.
694 4799 886 4868 (Vsus.
935 4803 1049 4864 55.)
1083 4802 1270 4854 Laban
1312 4817 1434 4855 vero
1478 4802 1544 4854 de
1573 4808 1722 4855 nocte
1763 4819 1989 4856 consur-

293 4902 442 4950 gens,
476 4887 530 4940 id
579 4896 660 4941 est
693 4888 760 4941 de
792 4888 1004 4955 peccati
1059 4888 1261 4943 inertia
1305 4903 1504 4944 verum
1549 4889 1722 4944 Iacob
1752 4905 1990 4961 surgere

294 4973 526 5037 faciens,
583 4975 856 5029 osculatus
923 4981 1000 5028 est
1052 4979 1190 5043 fil.os
1252 4992 1375 5030 suos
1435 4982 1483 5029 et
1536 4980 1717 5043 ﬁlias,
1777 4980 1986 5034 cmlesti

295 5061 506 5116 scilicet
537 5075 685 5129 pane
730 5075 795 5115 ac
845 5062 1148 5116 dulcedine
1184 5063 1373 5122 fortes.
1424 5072 1476 5118 et
1519 5065 1778 5120 inﬁrmos
1806 5076 1988 5122 status

295 5149 492 5216 animi,
531 5164 677 5219 quos
704 5151 774 5204 ad
806 5164 960 5218 spem
991 5165 1301 5220 supernam
1334 5161 1630 5222 genuerat,
1666 5155 1985 5223 animavit;

294 5243 344 5292 et
371 5237 648 5290 benedixit
689 5239 788 5300 eis,
845 5237 898 5291 id
929 5245 1012 5292 est
1040 5239 1299 5307 exemplo
1345 5240 1529 5308 auxit,
1583 5250 1894 5309 revertens,
1930 5243 1986 5297 id

293 5333 375 5380 est
406 5323 612 5379 reverti
665 5323 875 5378 iaciens
923 5324 1110 5393 ipsum
1142 5328 1200 5378 in
1251 5327 1419 5380 locum
1473 5343 1648 5396 suum,
1695 5329 1986 5385 Christum

293 5412 575 5470 videlicet.
607 5412 708 5482 qui
755 5426 886 5467 cum
919 5413 990 5467 sit
1037 5414 1320 5481 omnium,
1375 5416 1638 5486 specialis
1677 5425 1867 5472 tamen
1913 5417 1988 5472 lo-

293 5517 397 5557 cus
427 5509 510 5555 est
542 5515 598 5554 se
629 5500 1014 5569 diligentium.

889 5589 1114 5646 CAPUT
1151 5590 1389 5645 XXXII.

363 5677 534 5734 VEns.
568 5678 617 5730 l.
650 5703 719 5718 —-
741 5677 910 5732 Jacob
943 5694 1152 5747 quoque
1180 5679 1320 5732 abiit
1349 5680 1542 5734 itinere
1571 5695 1674 5748 quo
1705 5686 1935 5748 ceperat
1968 5699 1982 5735 :

2101 4459 2207 4527 pias
2237 4457 2583 4513 oblationem
2632 4459 2946 4515 voluntatis
2987 4461 3057 4516 ad
3105 4459 3390 4527 eil‘ectum,
3422 4467 3472 4515 et
3513 4477 3624 4515 ecce
3674 4480 3802 4517 cum

2098 4546 2514 4614 quadringentis
2561 4547 2698 4600 viris
2750 4550 2808 4601 in
2855 4563 3131 4602 occursum
3180 4549 3281 4601 tibi
3326 4553 3601 4617 properat,
3656 4564 3800 4606 cum

2099 4635 2471 4690 universitate
2517 4635 2776 4690 videlicet
2827 4636 3152 4706 temporalis
3177 4637 3481 4706 superbire,
3532 4638 3802 4694 adversi-

2097 4729 2279 4777 tatum
2313 4723 2410 4777 tibi
2458 4723 2744 4778 molestias
2773 4724 3036 4778 concitat.
3073 4724 3178 4778 Per
3225 4725 3396 4789 viros,
3429 4725 3576 4780 sicut
3605 4733 3660 4780 et
3693 4742 3800 4796 per

2098 4809 2400 4876 masculos,
2435 4811 2610 4864 stulta
2639 4811 2903 4877 audacia,
2951 4825 3052 4881 per
3084 4812 3473 4867 centenarium
3509 4813 3798 4870 universi-

2097 4904 2201 4962 tas,
2236 4898 2609 4968 quaternario
2641 4898 2923 4967 accipitur
2954 4898 3360 4968 temporalitas.

2167 4983 2336 5040 VERS.
2361 4989 2411 5050 7,
2435 4987 2486 5038 8.
2513 5013 2576 5025 —
2595 4988 2804 5038 Timens
2825 4987 2988 5040 Jacob
3009 4986 3185 5052 valde,
3209 4987 3401 5040 divisit
3413 4989 3670 5056 populum
3694 4994 3798 5059 qui

2093 5087 2272 5125 secum
2311 5077 2447 5126 I91
2481 5079 2616 5138 erat,
2649 5089 2834 5141 greges
2872 5090 3082 5143 quoque
3121 5079 3171 5126 et
3199 5089 3338 5139 oves,
3381 5081 3432 5127 et
3460 5077 3712 5143 camelos,
3742 5086 3794 5133 et

2095 5159 2247 5213 boves
2276 5162 2334 5213 in
2363 5159 2502 5213 duas
2526 5166 2748 5214 turmas.
2781 5161 2924 5218 Cum
2959 5162 3150 5216 carnis
3179 5161 3477 5218 imminere
3506 5163 3794 5222 sentimus

2094 5246 2370 5315 impetum
2401 5256 2832 5316 sequestramus
2856 5248 2928 5302 ab
2960 5248 3181 5314 ovium,
3219 5247 3412 5316 boum,
3435 5251 3792 5310 camelorum

2095 5335 2148 5390 id
2179 5343 2262 5390 est
2292 5336 2399 5404 piae
2443 5336 2747 5406 largitatis,
2777 5345 2988 5392 sancta:
3018 5337 3336 5407 gravitatis,
3389 5351 3456 5393 ac
3487 5339 3792 5398 humilita—

2095 5421 2182 5487 tis,
2216 5435 2458 5490 gregum
2505 5437 2756 5491 qooque.
2809 5423 3168 5489 cogitationis
3217 5424 3430 5480 scilicet
3480 5431 3787 5494 gregatim,

2093 5518 2146 5564 et
2193 5510 2635 5578 disciplinaritcr
2681 5513 2904 5577 agentis
2949 5526 3088 5566 vera
3138 5527 3205 5566 ac
3245 5514 3369 5567 utili
3418 5515 3786 5586 substantia;

2093 5597 2367 5666 populum
2395 5598 2750 5652 carnalitatis
2783 5599 3010 5669 vulgari
3045 5599 3276 5654 lascivia
3300 5599 3709 5670 instrepentem
3735 5606 3787 5660 in

2090 5691 2344 5740 turmam
2367 5693 2422 5740 et
2454 5693 2726 5750 turmam,
2757 5693 2821 5740 ut
2849 5699 2981 5742 caro
3011 5688 3379 5757 concupiscat
3409 5689 3469 5744 in
3493 5691 3785 5760 spiritum,
