3972 6408
188 398 343 453 1257

1798 408 1969 462 ACTA
1987 449 2001 464 .

3410 431 3549 485 1258

187 522 467 578 exsultat
508 526 649 593 jam
693 529 747 583 in
795 530 1134 587 multitudine
1180 500 1475 587 numerosa
1505 531 1843 601 spectabilis,
1875 533 1928 591 A
1963 531 2138 601 Quare
2162 545 2223 593 ut
2253 538 2398 594 illius
2435 548 2487 597 et
2516 544 2763 599 notitiam
2811 553 2864 601 et
2920 548 3242 620 magistrum
3289 550 3556 608 haberent

186 626 328 682 qua:
364 612 522 669 olim
563 617 733 688 quasi
762 619 1117 690 despicabilis
1139 620 1191 675 in
1207 621 1498 675 solitudine
1515 620 1791 675 delitebat.
1821 643 1844 668 ι

188 709 341 765 Hinc
375 713 691 780 pontifex.
740 714 950 784 Quibus
980 733 1088 772 non
1110 717 1371 772 insertum
1403 726 1481 773 est
1513 718 1664 786 illud,
1688 734 1853 789 quau-

188 813 384 868 quam
424 800 701 871 brevius,
734 804 999 860 Richardi
1028 806 1424 877 archiepiscopi
1447 805 1851 861 Cantuariensis

191 908 266 949 ac
295 898 687 966 apostolicae,
721 900 868 955 sedis
898 900 1085 972 legati,
1118 917 1213 971 ep.
1242 906 1308 957 96
1344 918 1399 957 τι
1433 901 1670 957 Ocastra
1690 911 1853 973 Opta-

189 999 336 1056 bilia
374 999 391 1057 l
438 1002 496 1059 Ο
524 1005 897 1078 congregatio
920 1007 1223 1061 veneranda
1245 1006 1257 1062 l
1282 1006 1328 1063 Ο
1349 1007 1665 1063 Cistercinm
1687 1023 1850 1079 quam

188 1113 419 1172 magna
453 1110 559 1157 est
592 1103 787 1159 domus
818 1112 907 1158 tua
943 1108 956 1155 l
993 1121 1150 1176 quam
1176 1106 1407 1161 fecunda
1430 1107 1479 1159 in
1501 1105 1622 1159 liliis
1647 1105 1660 1160 l
1685 1121 1850 1175 quam

187 1189 543 1260 magniﬁca
568 1191 628 1246 in
661 1191 861 1263 linguis
895 1191 907 1248 l
942 1209 1104 1265 quam
1147 1194 1390 1265 gloriosa
1428 1193 1483 1248 in
1522 1194 1736 1265 p0pulis
1770 1198 1783 1245 ι
1821 1217 1844 1243 η

190 1277 268 1332 Et
300 1278 461 1333 illud
506 1280 661 1335 Petri
692 1281 976 1347 Cellensis,
1031 1298 1118 1351 ep.
1148 1284 1231 1347 tl,
1272 1282 1371 1337 lib.
1403 1298 1496 1346 vn,
1522 1283 1595 1337 ita
1624 1282 1850 1353 loquen-

187 1364 298 1421 tis:
324 1390 348 1415 ιι
381 1367 631 1423 Gallina
678 1369 771 1424 illa
822 1370 1210 1436 lllolismensis,
1229 1371 1389 1441 plena
1414 1370 1607 1441 plumis
1630 1379 1681 1425 et
1710 1373 1848 1427 bene

188 1473 492 1535 pennata,
536 1476 673 1537 quot
700 1475 755 1521 et
792 1466 981 1536 quales
1002 1467 1071 1521 de
1093 1476 1249 1523 utero
1275 1485 1379 1523 suo
1406 1470 1542 1522 fetus
1569 1469 1843 1538 produxit,

188 1553 338 1608 dum
373 1570 460 1609 ex
509 1571 577 1610 se
625 1555 922 1627 collegium
970 1555 1337 1612 Cisterciense
1381 1557 1674 1629 originario
1717 1573 1847 1627 ger-

191 1649 362 1707 mine
385 1650 733 1722 pullulavitl
768 1654 919 1707 Deus
957 1669 1111 1707 meus
1145 1652 1156 1708 l
1192 1654 1258 1709 de
1289 1653 1384 1708 illo
1406 1670 1513 1709 uno
1542 1670 1646 1710 ovo
1677 1670 1844 1726 quam

195 1737 667 1795 innumerabilis
704 1756 873 1795 arena
914 1742 1303 1797 monachorum
1348 1751 1399 1797 et
1455 1759 1843 1799 conversorum

201 1838 435 1894 faciem
471 1847 647 1895 terra:
674 1841 919 1911 operuitl
950 1857 1108 1912 quam
1158 1841 1337 1896 lucido
1392 1842 1685 1912 splendore
1739 1858 1841 1899 cu-

198 1933 325 1982 tem
378 1928 612 1995 mundi,
666 1928 1002 2000 denigratam
1030 1946 1130 1999 per
1166 1928 1417 1985 infectam
1476 1930 1691 1986 vivendi
1737 1947 1839 1987 ne-

204 2015 595 2087 gligentiam,
630 2014 944 2071 reformavit
976 2025 1031 2071 et
1060 2017 1347 2072 illustravit
1379 2017 1390 2072 l
1429 2040 1450 2066 η

285 2110 358 2159 3.
416 2105 607 2175 Hujus
658 2103 818 2174 igitur
857 2112 966 2158 tam
1013 2105 1251 2176 copiosa:
1306 2106 1601 2176 spiritualis
1644 2107 1844 2163 messis

209 2209 383 2257 sator
415 2200 490 2256 S.
532 2201 822 2265 Robertus,
862 2201 1078 2257 natione
1109 2202 1321 2269 Gallus,
1354 2204 1525 2272 patria
1566 2204 1649 2259 vel
1682 2205 1845 2259 Cam-

208 2305 413 2361 panus
449 2288 540 2345 vel
561 2289 908 2344 Normannus
935 2290 1032 2344 fuit
1063 2312 1076 2351 ς
1112 2299 1267 2344 natus
1294 2291 1438 2345 circa
1480 2307 1680 2346 annum
1729 2293 1844 2347 Do-

213 2378 363 2432 mini
403 2378 575 2444 1017,
599 2387 755 2449 patre
777 2378 1140 2442 Theodorico,
1163 2387 1333 2433 matre
1359 2380 1712 2450 Ermegarde,
1738 2380 1830 2452 opi

219 2467 342 2521 bus
366 2467 591 2538 pariter
621 2481 683 2522 ac
711 2483 915 2540 genere
953 2467 1243 2534 nobilibus,
1268 2483 1300 2522 a
1332 2469 1579 2523 saeculari
1623 2470 1731 2523 vita
1775 2468 1844 2524 ad

219 2556 611 2612 monasticam
644 2556 936 2610 translatus
966 2572 1107 2611 anno
1137 2556 1312 2610 {etatis
1341 2556 1557 2612 decimo
1601 2557 1787 2629 quinto
1828 2574 1842 2614 :

223 2647 401 2714 cujus
438 2644 740 2701 tirocinuim
770 2646 951 2716 posuit
981 2644 1035 2699 in
1060 2645 1311 2700 caanobio
1331 2645 1537 2700 ordinis
1578 2646 1634 2701 S.
1670 2647 1844 2702 Bene-

228 2741 399 2811 dicti,
439 2758 549 2798 non
580 2742 768 2813 procul
798 2743 931 2797 urbe
953 2743 1257 2797 Tricassina
1288 2742 1341 2797 in
1364 2743 1677 2813 Campania,
1702 2745 1845 2816 quod

230 2831 397 2886 Cella
434 2831 498 2887 S.
540 2831 682 2886 Petri
712 2831 1023 2897 Trecensis,
1058 2840 1110 2886 et
1148 2831 1267 2886 aliis
1298 2832 1625 2907 nominibus,
1650 2834 1845 2889 Caeno-

230 2920 405 2976 bium
441 2922 651 2975 insula:
683 2919 1057 2986 Germaniae,
1082 2921 1137 2977 S.
1172 2922 1331 2976 Petri
1368 2920 1435 2977 de
1484 2922 1656 2988 Cella,
1698 2923 1844 2978 Nova

233 3010 431 3075 Cella,
476 3009 636 3065 Vetus
664 3010 837 3074 Cella,
876 3009 1030 3065 Cella
1060 3009 1273 3077 Bobini,
1300 3018 1349 3064 et
1380 3008 1677 3065 vetustiore
1707 3010 1844 3065 Gal-

228 3096 432 3153 lorum
466 3096 722 3153 idipmate
748 3098 1015 3153 Monsticr
1047 3098 1101 3153 la
1136 3098 1283 3153 Cella
1314 3098 1379 3153 de
1418 3099 1616 3171 Trag/rs
1646 3116 1846 3155 nuncu-

229 3202 407 3265 patur
436 3194 504 3250 de
547 3195 700 3262 cujus
757 3193 1124 3259 fundamento,
1159 3208 1190 3248 a
1221 3194 1283 3249 S.
1350 3195 1686 3252 Frodobcrto
1742 3197 1842 3251 sub

232 3291 526 3347 Clodoveo
547 3293 595 3346 ll
626 3300 677 3346 et
708 3291 977 3347 Cblotario
1001 3292 1076 3346 Ill
1099 3292 1265 3361 jacto,
1297 3293 1509 3363 egimus
1547 3294 1615 3348 ad
1668 3294 1840 3349 Vitam

234 3380 377 3437 dicti
409 3380 468 3435 S.
500 3379 814 3436 Frodoberti
870 3379 957 3434 die
986 3395 1082 3434 vui
1121 3380 1385 3435 Januarii.
1454 3382 1577 3437 Post
1618 3383 1842 3438 usitatas

236 3468 506 3526 asceticze
533 3468 656 3524 vita:
684 3468 1059 3539 probationes,
1082 3468 1258 3523 ordini
1280 3468 1549 3541 ascriptus
1571 3471 1842 3527 Robertus

234 3566 314 3622 ita
354 3566 556 3622 deinde
586 3566 838 3620 virtutem
870 3580 935 3621 ac
963 3564 1372 3621 sanctimoniam
1404 3566 1585 3634 coluit,
1617 3576 1674 3623 ut
1720 3586 1842 3625 om-

236 3656 401 3711 nium
435 3655 711 3711 voluntate
739 3662 792 3710 et
821 3669 1049 3709 assensu
1075 3655 1309 3710 cmaobii
1356 3656 1506 3727 prior
1550 3658 1839 3713 renuntia-

237 3761 333 3809 tus
365 3753 543 3827 magis
573 3762 699 3808 tunc
719 3767 879 3824 quam
909 3768 1030 3807 cum
1054 3752 1295 3823 privatus
1323 3752 1585 3825 degebat,
1627 3771 1838 3811 morum

236 3853 526 3923 exemplar
571 3858 735 3907 esset.
786 3850 918 3906 Inde
947 3850 1179 3917 vero,ad
1209 3851 1515 3909 ccenobium
1555 3850 1837 3908 Tornodo-

237 3957 405 3998 rense
443 3940 677 4008 transiit,
734 3939 879 4011 quod
935 3938 1183 4008 ejusdem
1232 3940 1442 3996 ordinis
1508 3941 1565 3995 in
1610 3941 1839 3997 diu’cesi

237 4030 579 4100 Lingonensi
607 4029 766 4084 situm
789 4027 915 4083 divo
956 4028 1205 4083 Michaeli
1249 4043 1462 4083 sacrum
1506 4037 1608 4095 est,
1668 4030 1836 4087 sorti-

237 4136 357 4185 tum
388 4144 592 4186 nomen
619 4128 690 4183 ab
715 4127 937 4198 oppido,
955 4127 1023 4182 ad
1047 4127 1196 4199 quod
1217 4127 1471 4198 pertinet,
1495 4128 1831 4185 Tornodoro.

240 4219 348 4274 Hie
374 4233 406 4272 a
446 4216 729 4272 monachis
769 4215 939 4270 abbas
981 4223 1198 4272 creatus
1266 4215 1671 4284 (Sanmarthani
1715 4226 1837 4289 post

241 4306 530 4363 Dodonem
561 4313 615 4360 et
644 4304 923 4359 Elfredum
954 4303 1143 4359 ordine
1164 4303 1380 4359 tertium
1424 4310 1651 4376 ponunt)
1675 4306 1834 4361 istam

241 4394 566 4466 aliquandiu
590 4393 963 4465 praefecturam
994 4392 1187 4463 gessit.
1227 4393 1359 4447 Cum
1381 4392 1525 4448 enim
1546 4396 1835 4466 comperis-

241 4493 329 4542 set
356 4483 496 4539 adeo
524 4481 637 4538 illic
663 4481 961 4552 collapsam
983 4481 1291 4553 regularem
1319 4481 1664 4551 disciplinam
1684 4499 1831 4552 esse,

1959 621 2233 696 idoneum,
2279 644 2344 683 ex
2393 629 2572 687 vicino
2611 633 3023 691 Tornodorensi
3050 639 3298 694 cmuohio
3330 639 3400 696 S.
3435 641 3553 697 Ro-

1962 710 2372 785 bertum,eujus
2395 718 2511 787 jam
2542 720 2692 776 clara
2735 729 2855 778 erat
2896 723 3043 779 fama
3090 728 3415 796 sanctitatis,
3466 729 3553 786 ab-

1961 797 2159 865 batem,
2192 804 2513 872 petiverunt.
2544 809 2743 864 Verum
2772 826 2804 865 a
2833 814 3134 879 monachis,
3166 817 3459 873 admodum
3491 818 3548 875 in

1959 887 2063 942 hoc
2093 887 2293 956 invitis,
2325 894 2450 965 quia
2478 898 2744 968 corruptis
2793 900 3036 957 moribus
3071 911 3230 958 erant
3278 913 3334 961 et
3380 921 3549 961 rena-

1960 985 2217 1041 scituram
2256 988 2460 1047 idicrco
2476 992 2527 1046 in
2552 995 2808 1063 proximo
2830 1004 3070 1053 veterem
3092 998 3435 1071 disciplinam
3458 1018 3554 1058 re-

1957 1072 2337 1145 formidabant,
2372 1081 2644 1151 repulsam
2673 1083 2741 1138 ad
2788 1089 3002 1156 tempus
3038 1088 3185 1158 passi
3242 1088 3394 1146 fuere
3427 1108 3443 1157 ;
3472 1090 3557 1149 sic

1958 1178 2157 1240 tamen,
2192 1183 2247 1229 ut
2298 1192 2406 1232 non
2437 1193 2655 1234 omnem
2710 1182 2966 1239 continuo
3003 1184 3282 1241 obtinendi
3330 1187 3552 1243 tandem

1957 1268 2179 1325 Roberti
2209 1287 2361 1342 spem
2382 1274 2705 1345 abjicerent.
2734 1279 2879 1333 Nam
2910 1295 3035 1336 cum
3067 1281 3265 1338 relictis
3293 1283 3366 1338 ob
3432 1299 3550 1339 mo-

1956 1372 2073 1411 rum
2114 1362 2483 1431 corruptelam
2512 1364 3042 1435 Tornodorensibns,
3073 1369 3135 1423 S.
3171 1370 3446 1427 Robertus
3476 1371 3548 1428 ad

1956 1446 2236 1503 Cellenses
2270 1467 2543 1522 reversus,
2579 1471 2678 1524 pro
2707 1471 2895 1510 eorum
2926 1458 3127 1514 abbate
3155 1458 3208 1513 in
3241 1460 3305 1516 S.
3344 1460 3550 1534 Aigul-

1953 1535 2047 1605 phi
2075 1538 2323 1592 coenobio
2342 1546 2494 1610 prior
2525 1551 2808 1611 praeesset,
2849 1545 3076 1601 Romam
3110 1546 3362 1618 profecti,
3413 1565 3546 1621 pre-

1953 1631 2109 1687 cibus
2139 1633 2379 1691 institere
2424 1638 2567 1707 apud
2606 1639 2934 1709 pontiﬁcem,
2980 1650 3040 1697 ut
3086 1651 3412 1714 potestatem
3458 1645 3546 1702 fa-

1952 1729 2119 1786 ceret,
2155 1738 2278 1777 eum
2308 1740 2336 1779 e
2360 1724 2549 1780 vicinis
2578 1728 2899 1784 Benidictini
2927 1731 3133 1787 ordinis
3171 1733 3456 1790 monachis
3490 1734 3547 1791 in

1953 1833 2114 1873 novae
2142 1834 2207 1875 ac
2239 1820 2507 1893 regularis
2539 1822 2659 1879 vitae
2684 1825 3006 1898 magistrum
3057 1827 3159 1882 sibi
3206 1830 3541 1899 assumendi,

1953 1922 2114 1977 quem
2145 1910 2374 1964 maxime
2409 1910 2478 1965 ad
2507 1911 2611 1967 hoc
2635 1913 2891 1968 idoneum
2920 1923 3189 1985 putarent.
3215 1916 3371 1986 Quod
3419 1933 3545 1975 cum

1949 2010 2269 2051 concessum
2301 1997 2512 2065 fuisset,
2545 2000 2748 2070 petitus
2789 2002 2986 2058 iterum
3035 2006 3098 2063 S.
3154 2005 3446 2075 Robertus,
3492 2015 3547 2064 et

1949 2089 2081 2161 quia
2136 2092 2372 2162 pontifex
2441 2096 2813 2152 auctoritatem
2864 2097 3264 2172 interponebat,
3310 2101 3475 2159 facile
3512 2118 3548 2159 a

1951 2179 2186 2235 Ccllensi
2232 2182 2430 2237 abbate
2472 2182 2790 2255 impetratus
2822 2185 2934 2243 fuit.
2962 2186 3150 2257 Quare
3166 2190 3547 2263 datusseptem

1950 2274 2004 2330 in
2036 2276 2237 2332 Colauo
2277 2295 2501 2335 nemore
2555 2283 2860 2339 eremicolis
2900 2301 3104 2356 prieses
3160 2295 3214 2342 et
3260 2287 3544 2360 magister,

1949 2379 2134 2420 mores
2165 2381 2354 2421 eorum
2377 2368 2446 2423 ad
2477 2368 2532 2425 S.
2589 2371 2865 2428 Benedicti
2921 2373 3184 2445 regulare
3237 2375 3548 2433 institutum

1951 2453 2185 2508 formare
2214 2455 2380 2526 coepit
2409 2466 2466 2512 et
2493 2459 2696 2513 sensim
2747 2476 2963 2533 quoque
3010 2479 3214 2536 augere
3244 2464 3546 2536 discipulo-

1951 2557 2073 2596 rum
2101 2559 2411 2599 numerum.
2452 2546 2510 2599 In
2548 2547 2615 2602 iis
2664 2548 2722 2602 B.
2774 2549 3092 2606 Albericum
3139 2552 3326 2622 fuisse,
3385 2554 3542 2624 cujus

1952 2642 2128 2698 Vitam
2159 2643 2228 2697 ad
2262 2646 2329 2699 26
2355 2647 2590 2702 Januarii
2612 2647 2883 2716 dedimus,
2916 2651 3232 2724 Manriquez
3262 2653 3315 2707 in
3344 2655 3541 2709 Anna-

1950 2730 2093 2787 libus
2135 2733 2574 2790 Cisterciensium
2630 2746 2820 2793 auctor
2876 2747 2960 2794 est
2993 2756 3006 2793 :
3044 2763 3067 2789 α
3101 2741 3403 2815 Αιὺετὶαυε,
3452 2742 3543 2797 in-

1951 2829 2086 2900 quit,
2116 2831 2184 2885 ad
2215 2832 2455 2887 habitum
2485 2842 2772 2905 susceptus
2802 2837 3034 2892 sacravit
3073 2836 3246 2908 initia,
3306 2840 3547 2897 sanctior

1951 2932 2021 2971 an
2052 2918 2262 2975 doctior
2289 2920 2531 2989 dubium,
2565 2923 2796 2978 collatus
2819 2924 2923 2979 sibi
2948 2945 2961 2991 ;
2992 2933 3281 3000 utrumque
3302 2938 3540 2998 certum,

1952 3005 1997 3060 si
2027 3006 2146 3061 aliis
2175 3008 2511 3076 conferatur,
2542 3027 2644 3067 nec
2691 3011 2890 3068 divinis
2948 3022 3156 3070 tantum
3206 3016 3398 3073 litteris
3453 3018 3545 3073 in-

1950 3109 2203 3170 structus,
2233 3106 2329 3160 sed
2363 3107 2635 3163 humanis.
2670 3109 2857 3164 Virum
2892 3109 3186 3167 litterarum
3230 3112 3287 3167 in
3343 3113 3544 3170 divinis

1950 3199 2003 3245 et
2025 3192 2277 3247 humanis
2306 3195 2439 3249 satis
2468 3212 2716 3267 gnarum,
2751 3205 3062 3254 amatorem
3095 3200 3300 3273 regula
3346 3210 3399 3257 et
3426 3202 3543 3258 fra-

1951 3296 2093 3343 trum
2124 3290 2414 3346 Exordium
2449 3301 2631 3349 vocat.
2669 3295 2806 3365 Spes
2827 3311 3017 3351 omnes
3045 3296 3099 3351 in
3146 3298 3351 3355 saeculo
3402 3315 3542 3356 con-

1950 3384 2134 3447 ceptas
2163 3395 2286 3435 cum
2318 3396 2558 3451 paupere
2581 3381 2676 3437 illo
2707 3392 2849 3438 statu
2876 3386 3244 3441 commutavit.
3277 3387 3429 3443 Alios
3457 3388 3543 3444 di-

1949 3466 2187 3536 scipulos
2216 3468 2408 3522 habuit
2432 3478 2656 3525 sanctus
2698 3472 2876 3538 Pater,
2937 3472 3065 3529 dum
3114 3472 3305 3530 Colani
3353 3492 3546 3535 mane-

1949 3562 2046 3625 ret,
2077 3556 2173 3611 sed
2204 3556 2318 3612 fere
2347 3566 2683 3613 momentum
2702 3576 2883 3615 rerum
2911 3577 3086 3632 penes
3116 3563 3260 3620 hunc
3284 3563 3403 3619 fuit.
3440 3587 3464 3615 ρ

2018 3656 2077 3708 ὅ.
2111 3652 2250 3723 Quia
2280 3654 2445 3727 igitur
2472 3664 2620 3712 ortus
2652 3672 2806 3713 novae
2856 3659 3153 3715 admodum
3199 3661 3537 3734 regularium

1947 3743 2394 3815 congregationis
2423 3744 2561 3800 adeo
2591 3745 2721 3801 felix
2742 3754 2795 3803 et
2826 3750 3141 3819 auspicatus
3162 3758 3303 3820 erat,
3363 3752 3538 3822 majo-

1946 3845 2037 3885 res
2083 3832 2137 3885 in
2170 3831 2284 3887 dies
2314 3831 2400 3887 sui
2432 3848 2730 3905 progessus
2759 3834 3000 3891 etfutura
3025 3846 3328 3909 emptorem
3347 3840 3535 3898 incre-

1945 3935 2122 3982 menta
2145 3928 2502 3999 pollicebatur
2530 3949 2544 3997 ;
2578 3932 2773 4003 quibus
2796 3948 2920 3989 cum
2954 3934 3016 3991 S.
3048 3935 3318 3992 Robertus
3365 3936 3538 3995 Cola-

1944 4032 2073 4071 num
2104 4032 2296 4073 nemus
2324 4033 2429 4072 nan
2460 4021 2592 4074 satis
2619 4036 2742 4075 esse
2771 4030 2953 4092 aptum
2984 4023 3318 4094 provideret,
3339 4026 3527 4082 sedem

1944 4107 2103 4160 novis
2158 4105 2438 4162 monachis
2493 4109 2928 4167 commodiorem
2981 4113 3307 4184 quaesiturus
3346 4114 3529 4183 abiit;

1942 4202 2241 4275 silvamque
2270 4221 2529 4276 egressus
2561 4212 2611 4262 et
2643 4207 2984 4278 perlustrans
3008 4210 3282 4279 viciniam,
3307 4210 3361 4267 in
3381 4211 3531 4268 illam

1939 4299 2127 4357 incidit
2156 4318 2275 4373 quae
2304 4302 2584 4359 Molismus
2614 4307 2930 4363 vocabatur.
2963 4307 3115 4364 Hane
3166 4307 3353 4379 itaque
3409 4326 3534 4367 ma-

1933 4388 2150 4458 joribus
2179 4390 2343 4445 rebus
2372 4407 2510 4462 quas
2544 4392 2874 4450 moliebatur
2916 4398 3329 4454 accommodam
3357 4408 3528 4470 ratus,

1940 4478 2103 4535 sociis
2137 4493 2202 4534 ac
2219 4494 2360 4534 novo
2390 4480 2654 4536 struendo
2674 4484 2927 4540 coenobio
2947 4485 3137 4541 sedem
3157 4486 3382 4560 delegit.
3405 4488 3529 4544 Cm-

240 4582 300 4630 ut
330 4580 812 4645 quantumcunque
849 4569 1127 4638 niteretur,
1179 4569 1392 4635 erigere
1437 4586 1547 4626 non
1601 4572 1827 4640 valeret,
1857 4592 1911 4653 D
1941 4575 2088 4639 ptum
2109 4576 2192 4622 est
2218 4566 2347 4622 illud
2380 4566 2594 4625 fundari
2622 4586 2765 4626 anno
2795 4572 3013 4627 Domini
3068 4576 3227 4642 l075,
3286 4580 3354 4631 2t!
3411 4577 3526 4633 De-

238 4669 557 4742 dignitatem
579 4685 805 4737 exuens,
826 4668 1070 4739 privatus
1098 4666 1168 4721 ad
1186 4666 1465 4722 Cellenses
1490 4668 1648 4723 rediit
1696 4687 1709 4724 :
1733 4686 1833 4741 pro

238 4769 393 4838 cujus
418 4768 653 4823 subinde
680 4767 875 4822 abbate
905 4766 958 4820 in
996 4765 1057 4820 S.
1096 4765 1352 4838 Aigulphi
1385 4768 1640 4824 coenobio
1685 4767 1832 4839 prior

241 4867 311 4923 ad
341 4874 553 4937 tempus
573 4863 806 4936 praefuit,
834 4864 1008 4919 donec
1039 4864 1327 4919 Molismun
1359 4863 1522 4935 erepit
1561 4866 1757 4921 moliri.

315 4958 368 5012 ι.
402 4955 581 5026 Hujus
626 4952 864 5010 emnobii
895 4952 1043 5007 initia
1095 4968 1162 5007 ex
1202 4952 1401 5007 Calano
1430 4953 1560 5008 olim
1606 4971 1831 5011 nemore

238 5045 502 5119 prodiere
534 5061 548 5099 :
580 5043 726 5116 quod
756 5040 1162 5097 Tornodorensi
1191 5041 1425 5096 vicinum
1454 5041 1676 5113 Oppido,
1719 5043 1832 5116 qui-

239 5145 366 5201 dam
398 5140 679 5208 sacerdos,
729 5138 1027 5194 solitariam
1075 5137 1239 5194 vitam
1282 5152 1475 5209 agens,
1526 5138 1820 5196 incolebat.

238 5242 379 5298 Huic
407 5256 528 5296 cum
560 5238 666 5293 duo
695 5237 928 5309 primum
954 5235 1203 5309 germani
1239 5235 1462 5303 fratres,
1506 5248 1830 5310 conceptum

240 5339 444 5387 mutuae
472 5328 642 5385 caedis
678 5326 859 5382 scelus
914 5325 1200 5397 expiaturi,
1241 5341 1309 5382 ac
1347 5333 1586 5398 quatuor
1633 5328 1832 5384 deinde

239 5428 350 5498 alii,
381 5427 525 5483 idem
543 5432 787 5480 amantes
814 5423 1141 5491 institutum,
1174 5424 1354 5479 socios
1394 5439 1454 5480 se
1503 5424 1829 5493 junxissent,

238 5519 404 5576 vitam
454 5513 767 5586 aliquandiu
821 5511 998 5567 studio
1054 5509 1286 5584 quisque
1350 5510 1562 5568 virtutis
1621 5512 1831 5585 privato

240 5620 566 5670 exercuere,
597 5602 759 5658 nullis
787 5600 843 5656 in
865 5616 1151 5657 commune
1175 5600 1389 5672 legibus
1408 5601 1671 5658 devincti.
1706 5603 1834 5658 Pla-

241 5697 351 5754 cuit
387 5704 569 5749 tamen
599 5691 762 5763 paulo
793 5698 915 5761 post
942 5688 1160 5744 vivendi
1190 5689 1435 5758 quaedam
1469 5692 1602 5746 ratio
1629 5700 1681 5747 et
1711 5691 1828 5747 for-

242 5801 337 5841 ma
365 5779 670 5842 communis
700 5794 714 5848 ;
746 5794 809 5834 ac
838 5792 901 5833 ea
931 5778 1291 5848 potissimum,
1322 5794 1445 5849 quae.
1466 5796 1563 5849 per
1599 5780 1653 5833 id
1694 5787 1836 5835 iam-

240 5890 341 5949 pus
369 5878 488 5929 erat
515 5885 613 5943 per
648 5866 882 5924 Galliam
923 5866 1307 5938 vulgatissima
1324 5868 1823 5926 Benedictinorum.

569 5989 832 6055 Paraon.
867 5987 1105 6056 CLVII.

1940 4663 2200 4730 cembris,
2243 4673 2296 4720 et
2325 4673 2537 4721 retento
2567 4666 2718 4723 silva:
2746 4667 2802 4722 in
2831 4685 2934 4741 qua
2965 4670 3142 4725 stabat
3170 4672 3389 4729 nomine
3406 4673 3526 4729 Mo-

1938 4749 2127 4805 lismus
2168 4749 2273 4805 dici
2306 4763 2319 4818 ;
2351 4749 2570 4806 celebre
2615 4761 2803 4823 postea
2833 4762 2887 4809 et
2914 4754 3097 4810 multis
3125 4764 3341 4811 auctum
3397 4757 3528 4813 fun-

1937 4846 2021 4903 dis
2058 4848 2398 4904 aseeterium.
2447 4849 2721 4904 Laudatur
2748 4867 2778 4905 a
2818 4852 3058 4908 Caesarie
3109 4853 3203 4908 lib.
3234 4870 3252 4909 ι
3282 4854 3524 4912 Miracu-

1938 4937 2114 4992 lorum
2172 4936 2226 4990 in
2271 4938 2387 4993 hac
2432 4937 2604 4993 verba
2639 4954 2654 4993 :
2689 4961 2710 4983 ε
2745 4939 2805 4993 In
2850 4941 3162 5012 episcopatu
3189 4942 3525 5016 Lingonensi

1937 5033 2097 5088 situm
2129 5042 2213 5089 est
2237 5034 2567 5102 cmnobium,
2599 5036 2818 5092 nomine
2848 5037 3147 5106 Molismus,
3180 5039 3329 5095 fama
3370 5042 3524 5098 cele-

1938 5122 2250 5191 berrimum,
2276 5123 2542 5196 religione
2595 5125 2968 5197 perspicuum,
3026 5127 3163 5184 viris
3218 5127 3529 5188 illustribus

1937 5221 2295 5284 nobilitatum,
2326 5221 2768 5291 possessionibus
2793 5224 3051 5295 amplum,
3084 5224 3370 5283 virtutibus
3415 5227 3528 5284 cla-

1936 5327 2082 5366 rum.
2127 5332 2148 5359 ιυ
2184 5309 2462 5366 Initiorum
2493 5327 2621 5366 vero
2650 5312 2743 5367 lib.
2777 5328 2870 5368 vni
2900 5313 3172 5382 Historiae,
3204 5314 3277 5371 ita
3307 5314 3528 5373 Orderi-

1938 5414 2033 5454 cus
2061 5399 2307 5455 meminit
2338 5416 2353 5452 :
2389 5422 2411 5448 ρ
2445 5399 2502 5454 In
2532 5400 2840 5471 Burgundia
2871 5401 3030 5458 locus
3086 5410 3170 5458 est
3224 5404 3318 5475 qui
3372 5404 3531 5461 Moli-

1938 5504 2090 5543 smus
2119 5488 2317 5545 dicitur
2348 5504 2361 5541 :
2392 5486 2465 5541 ibi
2495 5495 2738 5559 tempore
2795 5490 3028 5562 Philippi
3083 5490 3235 5564 regis
3292 5492 3533 5550 Franco-

1939 5603 2077 5652 rum,
2110 5585 2435 5642 venerabilis
2462 5585 2734 5641 Robertus
2759 5586 2933 5642 abbas
2979 5587 3290 5645 emnobium
3339 5591 3532 5648 condi-

1939 5684 2022 5739 dit
2052 5691 2146 5750 ;et
2174 5684 2472 5754 inspirante
2500 5683 2677 5756 gratia
2708 5683 2941 5754 Spiritus
2993 5685 3188 5754 sancti,
3230 5686 3533 5760 discipulos

1939 5788 2156 5844 magnae
2186 5771 2461 5843 religionis
2491 5774 2858 5846 aggregavit;
2889 5776 3181 5848 studioque
3201 5776 3460 5834 virtutum
3480 5780 3539 5835 in

1941 5878 2130 5928 sancta
2157 5876 2480 5944 paupertate
2503 5870 2662 5940 juxta
2709 5887 2868 5930 usum
2897 5871 3135 5932 aliorum
3166 5874 3541 5937 cenobiorutn

3153 5992 3231 6056 40
