3972 6400
454 359 591 413 12⁵9

1304 352 1361 406 S.
1403 352 1713 412 ROBERTI
1754 352 1923 409 0RD.
1963 350 2290 408 CISTERC.
2338 352 2808 409 FUNDATORIS

3623 357 3776 412 1260

446 481 679 540 comiter
699 480 980 538 instruxit.
1025 507 1047 531 »ι
1082 483 1328 541 Fundato
1383 481 1439 536 in
1474 481 1620 536 hunc
1665 476 1886 532 modum
1929 475 2044 528 Mo-
2070 475 2127 538 Α
2162 474 2265 530 bus
2286 470 2618 547 conscripto,
2651 476 2742 546 qui
2772 492 2884 531 rem
2935 476 3112 548 ipsam
3167 478 3465 533 hauserunt
3517 478 3774 550 propriis

451 572 696 628 lismensi
719 573 991 634 coenobio,
1023 574 1260 644 primus,
1294 572 1374 627 uti
1403 587 1505 642 par
1536 575 1674 633 erat,
1701 581 1828 622 cum
1886 575 2047 634 pote-

451 670 588 718 state
618 661 830 717 abbatis
858 661 1066 734 prmfuit
1095 662 1158 717 S.
1199 661 1494 717 Robcrtus.
1527 660 1609 712 Ita
1638 662 1905 711 testantur
1943 669 2049 724 pu-

453 760 612 817 blica:
641 760 997 816 donationum
1029 760 1227 816 tabulae
1270 758 1414 831 apud
1469 755 1944 817 Sammarlhanos,
1995 759 2050 807 et

448 851 687 921 diploma
714 849 1019 905 Daimherti
1064 849 1400 906 Senonensis
1445 842 1847 916 archiepiscopi
1902 842 2047 912 apud

450 940 801 996 Camuzatum
827 937 884 993 in
913 937 1292 1010 Promptuario
1331 951 1615 992 sacrarum
1662 930 2046 1003 antiquitatum

447 1037 701 1095 dioecesis
729 1037 1075 1093 Tricassinae.
1106 1036 1433 1092 Monachum
1485 1032 1581 1100 ibi,
1644 1040 1781 1088 teste
1834 1028 2043 1085 Mauri-

443 1144 599 1202 quez,
629 1126 800 1182 redux
830 1126 902 1182 ab
931 1125 1309 1198 apostolorum
1341 1123 1619 1179 liminibus
1647 1122 1706 1176 B.
1731 1119 2045 1190 Stephanus

442 1216 636 1285 induit,
671 1224 863 1288 postea
893 1216 1084 1271 tertius
1115 1212 1561 1271 Cisterciensium
1593 1210 1770 1267 abbas
1826 1208 2000 1265 factus
2028 1250 2041 1276 ,

442 1314 498 1364 et
556 1305 907 1361 illustratusa
935 1303 1094 1359 nobis
1121 1318 1192 1357 an
1223 1302 1289 1356 1⁸7
1319 1300 1549 1371 Aprilis.

514 1398 568 1450 6.
600 1393 753 1450 Adeo
800 1401 981 1449 autem
1034 1392 1210 1463 prima
1267 1388 1694 1446 Molismensium
1752 1384 2042 1442 monacho-

441 1500 566 1541 rum
586 1483 704 1538 vita
729 1497 794 1539 ac
821 1482 1000 1538 virtus
1029 1479 1257 1535 illustris
1289 1478 1410 1545 fuit,
1442 1486 1500 1533 ut
1521 1492 1588 1532 ex
1643 1475 1712 1530 iis
1746 1491 1780 1530 a
1834 1472 2042 1545 princi-

437 1570 600 1643 pibus
628 1568 685 1624 in
714 1566 911 1625 vicinia
942 1564 1094 1631 viris,
1127 1564 1194 1619 ad
1225 1579 1375 1619 nova
1402 1563 1457 1617 in
1489 1577 1680 1618 eorum
1710 1558 1889 1614 fundis
1920 1573 2045 1613 con-

439 1666 716 1726 stituenda
749 1663 1024 1731 coenobia,
1052 1661 1205 1734 petiti
1236 1661 1363 1717 sint.
1416 1661 1494 1715 Ita
1524 1659 1754 1726 scilicet,
1815 1664 2040 1712 auctore

440 1758 499 1814 S.
530 1758 788 1821 Roberto,
814 1752 1142 1809 asceterium
1176 1750 1231 1805 in
1261 1767 1389 1806 arce
1422 1746 1827 1804 Vallis-Coloris
1848 1745 2039 1799 funda-

2157 565 2350 632 oculis,
2383 581 2491 621 non
2521 566 2589 621 de
2644 566 2941 636 Stephano,
2974 567 3073 622 sed
3101 567 3171 622 de
3216 567 3468 623 Alberico
3497 569 3770 639 scripturn

2160 652 2286 725 lego
2319 671 2333 709 :
2367 654 2457 726 qui
2486 670 2587 725 pro
2618 670 2683 709 eo
2705 656 2945 725 negotio,
2981 672 3178 727 nempe
3209 655 3604 712 reformationis
3637 658 3767 714 Mo-

2152 741 2517 808 lismensium,
2554 743 2724 798 multa
2754 744 3070 814 opprobria,
3103 760 3388 801 carcerem
3417 753 3472 800 et
3510 746 3756 802 verbera

2169 853 2467 909 perpessus
2496 837 2692 894 fuerat.
2718 859 2742 889 ι
2766 840 2895 895 Hac
2917 839 3008 894 ille
3036 840 3294 909 ;addens,
3310 841 3547 898 Alberici
3567 858 3633 898 ac
3649 842 3750 898 Ste

2165 926 2335 997 phani
2356 943 2644 982 secessum
2676 926 2730 982 in
2764 928 3089 984 Unicensem
3150 930 3494 986 solitudinem
3533 930 3590 985 in
3648 931 3762 988 hoc

2152 1029 2370 1087 quoque
2426 1024 2642 1086 tempus
2678 1031 2801 1071 esse
2831 1017 3220 1072 conferendum
3255 1034 3268 1073 :
3307 1042 3327 1067 α
3363 1017 3510 1087 Quo,
3570 1026 3626 1072 ut
3678 1018 3759 1075 lo-

2152 1101 2351 1173 quitur,
2395 1104 2623 1158 absente
2655 1103 2914 1158 nimirum
2977 1105 3218 1161 Roberto
3278 1107 3434 1162 Patre
3490 1104 3752 1162 eﬁectum

2150 1199 2255 1260 est,
2298 1199 2358 1248 ut
2410 1210 2439 1247 e
2492 1193 2743 1249 Molismo
2788 1194 2907 1250 sine
2957 1195 3189 1264 alicujus
3250 1196 3472 1252 alterius
3526 1197 3754 1254 licentia

2149 1279 2337 1352 egredi
2368 1289 2420 1336 et
2449 1290 2674 1352 possent
2724 1286 2781 1337 et
2808 1282 3032 1349 vellent,
3055 1281 3193 1339 forte
3215 1284 3375 1339 etiam
3407 1291 3460 1339 et
3488 1302 3633 1356 pene
3664 1300 3753 1340 co-

2147 1377 2426 1439 gerentur,
2459 1370 2696 1440 acceptis
2718 1369 2896 1442 plagis
2931 1385 2944 1424 :
2976 1386 3271 1442 numquam
3294 1372 3430 1426 alias
3458 1372 3542 1428 vel
3572 1388 3604 1427 a
3630 1373 3753 1428 Pa-

2147 1474 2228 1522 tre
2260 1467 2419 1522 etiam
2445 1466 2667 1521 obtenta
2699 1467 2783 1521 vel
2814 1483 2921 1523 non
2953 1469 3115 1538 petita
3142 1485 3173 1523 a
3203 1469 3326 1526 loco
3356 1469 3677 1526 discessuri.
3721 1493 3743 1521 ι

2146 1555 2265 1611 Ado
2296 1571 2391 1611 seu
2441 1555 2688 1627 quisquis
2744 1556 2884 1611 alius
2914 1557 3091 1612 Vitam
3150 1557 3292 1613 infra
3337 1558 3566 1614 dandam
3598 1558 3747 1615 scri-

2144 1653 2276 1726 psit,
2337 1669 2559 1710 carcere
2597 1661 2651 1709 et
2689 1654 3006 1710 verberibus
3064 1655 3395 1727 suppressis,
3425 1656 3535 1713 imo
3582 1666 3638 1713 et
3669 1658 3746 1715 du

2145 1757 2265 1805 rato
2296 1748 2350 1803 in
2371 1748 2575 1804 malum
2606 1749 2925 1805 caedentium
2956 1751 3124 1808 corde
3155 1753 3290 1820 (suis
3312 1753 3367 1808 id
3434 1754 3746 1811 Molismen-

436 1856 550 1904 tum
582 1846 701 1903 fuit.
734 1843 851 1913 Qua
880 1843 950 1898 de
981 1858 1036 1897 re
1069 1840 1383 1911 hujusmodi
1412 1844 1556 1910 apud
1596 1836 2029 1894 Sanmarthanos
2057 1838 2111 1899 B
2141 1839 2292 1893 sibus
2321 1837 2609 1909 indultum)
2637 1840 2880 1895 arctioris
2901 1849 2953 1895 et
2983 1841 3258 1897 salutaria:
3300 1843 3421 1899 vita:
3471 1844 3744 1901 desiderio

436 1956 586 2004 tomo
616 1945 685 2001 IV
716 1941 906 1999 Galliae
934 1939 1267 1996 Christiana:
1295 1937 1497 1993 tabulae
1517 1943 1737 1992 exstant
1767 1953 1778 1989 :
1806 1955 1829 1985 ι
1865 1934 1926 1988 1n
1946 1948 2035 1989 no-

435 2039 584 2096 mine
615 2036 831 2092 Sanctae
858 2038 911 2088 et
939 2029 1186 2085 invidum
1214 2027 1522 2083 Trinitatis.
1557 2022 1879 2081 Suavissimi
1908 2022 2037 2078 odo-

436 2139 516 2195 ris
545 2136 692 2192 fama
720 2128 1086 2188 Molismensis
1115 2125 1353 2183 cmnobii
1399 2125 1565 2198 longe
1611 2123 1823 2196 lateque
1879 2121 2034 2177 redo-

437 2228 585 2285 lente
611 2220 768 2279 multi
797 2220 1008 2277 devotae
1040 2215 1325 2288 religionis
1354 2213 1459 2270 viri
1484 2211 1749 2269 beneficia
1794 2211 2038 2267 contule-

437 2322 569 2373 runt
622 2309 1035 2379 monachosque
1071 2322 1101 2360 a
1157 2303 1422 2377 praedicto
1481 2302 1605 2358 loco
1661 2301 1729 2356 ad
1785 2298 2038 2357 coenobia

436 2408 760 2472 mditicanda
789 2405 901 2462 suis
928 2401 1152 2476 praediis
1182 2410 1235 2457 et
1269 2398 1708 2472 possessionibus
1737 2396 2038 2469 postulave-

438 2506 593 2560 runt.
631 2498 766 2568 Quae
796 2492 1101 2551 sanctitatis
1129 2489 1419 2562 postulatio
1466 2496 1758 2560 postquam
1815 2486 2037 2541 auribus

436 2590 586 2649 senis
613 2585 842 2651 Joﬂ'ridi,
875 2578 1207 2638 nobilissimi
1234 2577 1502 2650 principis
1529 2583 1583 2632 et
1611 2584 1816 2632 sancta;
1854 2573 2042 2630 Eccle-

439 2690 539 2746 size
565 2680 890 2749 ﬁdelissimi,
921 2677 1163 2735 insonuit
1192 2692 1207 2748 ;
1239 2675 1545 2732 monachos
1585 2690 1617 2729 a
1673 2674 1874 2730 domno
1922 2672 2038 2728 Ro-

438 2789 616 2853 berto,
645 2782 823 2856 primo
853 2777 1105 2850 ejusdem
1133 2774 1241 2831 loci
1269 2773 1490 2841 abbate,
1521 2771 1768 2827 moribus
1823 2778 2032 2841 ornato,

445 2871 866 2933 conversatione
894 2867 1020 2925 vitae
1048 2864 1302 2938 probato,
1335 2861 1548 2935 fulgore
1606 2860 1861 2917 virtutum
1916 2859 2041 2916 illu-

440 2972 667 3039 minato,
699 2964 1023 3030 humilitate,
1081 2959 1361 3033 patientia,
1413 2958 1643 3029 justitia,
1701 2956 2039 3027 fortitudine,

443 3056 827 3133 temperantia,
874 3051 1165 3126 prudentia
1219 3049 1501 3118 decorato,
1553 3045 1801 3103 similiter
1845 3045 2043 3102 exinde

440 3150 642 3225 petivit
672 3155 723 3204 et
748 3140 1057 3216 impetravit
1104 3138 1251 3213 λιιιιί
1308 3137 1563 3193 monachi
1619 3134 1931 3192 coenobium
1986 3135 2044 3190 in

2138 1923 2443 1980 discessum
2471 1923 2656 1979 docet.
2701 1946 2722 1972 α
2758 1924 2928 1979 Erant
2948 1935 3144 1995 autem,
3176 1927 3269 1996 ait,
3296 1926 3437 1983 inter
3459 1928 3576 1983 illos
3608 1944 3744 2000 qua—

2140 2020 2264 2068 tuor
2292 2013 2392 2067 viri
2435 2012 2708 2079 fortiores,
2766 2013 3048 2070 Albericus
3091 2022 3143 2070 et
3201 2015 3520 2088 Stephanus,
3576 2026 3742 2090 atque

2143 2101 2234 2157 alii
2255 2102 2381 2168 duo,
2416 2101 2507 2173 qui
2556 2110 2680 2172 post
2741 2103 3078 2159 ctnnobiticae
3128 2104 3532 2161 exercitationis
3585 2107 3739 2161 rudi-

2140 2199 2328 2246 menta
2356 2190 2428 2246 ad
2473 2190 2751 2261 singulare
2806 2192 2976 2247 eremi
3034 2200 3313 2249 certamen
3371 2195 3735 2265 suspirabant.

2142 2280 2374 2352 Egressi
2402 2295 2543 2352 ergo
2572 2280 2641 2335 de
2670 2279 2922 2337 coenobio
2953 2280 3318 2351 Molismensi,
3367 2291 3626 2339 venerunt
3662 2280 3736 2339 ad

2144 2378 2436 2452 quemdam
2466 2376 2647 2433 locum
2677 2377 2765 2434 cui
2794 2377 2997 2434 Unicus
3026 2395 3229 2435 nomen
3258 2388 3364 2444 est,
3392 2405 3414 2429 ιι
3453 2389 3556 2437 etc.

2143 2480 2170 2553 §
2199 2482 2266 2536 Il.
2292 2480 2467 2536 Initia
2482 2480 2715 2536 canobii
2736 2485 2794 2535 et
2813 2481 3029 2537 ordinis
3045 2481 3452 2553 Cisterciensis,
3478 2489 3533 2540 et
3552 2488 3739 2540 trans-

2493 2572 2611 2626 itus
2647 2571 2708 2626 S.
2747 2569 2974 2626 Roberti
3002 2570 3075 2627 ad
3096 2571 3382 2628 eumdem.

2220 2673 2278 2724 8.
2316 2666 2571 2724 Destituti
2600 2667 2802 2722 talibus
2843 2668 2975 2725 viris
3028 2668 3426 2737 Molismenses,
3487 2670 3638 2727 brevi
3686 2678 3742 2727 et

2148 2757 2400 2813 orbitatis
2433 2773 2552 2812 sum
2598 2756 2837 2828 pertaesi,
2871 2764 2924 2813 ct
2970 2756 3133 2812 futuri
3168 2756 3425 2830 deinceps
3482 2760 3739 2818 meliores

2147 2845 2264 2912 ﬁlii,
2299 2847 2516 2901 Patrem
2546 2862 2709 2918 quem
2738 2846 3036 2901 amiserant
3064 2846 3133 2901 ab
3163 2847 3283 2918 ipso
3316 2864 3529 2904 summo
3567 2851 3741 2920 ponti-

2148 2934 2251 2992 fice
2276 2934 2647 3007 repetiverunt
2679 2952 2692 3000 ;
2729 2949 2835 3005 quo
2862 2944 3155 3003 annuente,
3188 2944 3241 2991 et
3268 2937 3547 3009 negotium
3576 2937 3739 2994 dante

2150 3031 2488 3107 Lingonensi
2526 3031 2804 3104 episcopo,
2832 3040 2891 3089 ut
2919 3032 3241 3089 absentibus
3271 3034 3503 3090 reditum
3554 3035 3744 3108 praeci—

2149 3130 2325 3195 peret,
2357 3138 2561 3193 parens
2588 3121 2766 3192 primo
2797 3120 2862 3176 S.
2893 3121 3185 3193 Robertus,
3219 3122 3436 3179 deserto
3466 3124 3647 3191 Auro,
3672 3140 3741 3181 ac

658 3202 805 3318 quod
825 3202 842 3216 .
878 3239 1075 3297 dicitur
1104 3202 1125 3213 '
1144 3202 1553 3293 ifallis-Coloris
1609 3230 2039 3301 aedificaverunt,

2151 3208 2264 3263 duo
2293 3207 2492 3263 deinde
2510 3206 2602 3261 alii
2640 3206 2947 3271 Albericus,
3008 3214 3062 3262 et
3119 3207 3447 3279 Stephanus,
3491 3208 3742 3265 Unicensi

438 3340 604 3411 hique
629 3341 835 3391 sanctae
864 3326 1301 3387 conversationis
1331 3325 1497 3380 vitam
1529 3323 1825 3391 duxerunt,
1858 3344 1882 3370 η
1917 3330 2029 3378 etc.

438 3430 568 3485 Haec
589 3424 808 3482 tabulae.

507 3520 562 3574 7.
591 3511 846 3584 Corrupit
874 3514 1059 3565 tamen
1090 3504 1251 3562 brevi
1281 3513 1393 3560 tam
1422 3509 1612 3559 sancta
1667 3499 1902 3557 Motismi
1939 3498 2041 3554 ini-

437 3609 532 3677 tia,
564 3603 851 3662 remissior
880 3598 1041 3665 facta,
1074 3612 1139 3652 ex
1183 3594 1352 3650 nimia
1407 3608 1595 3647 rerum
1652 3588 2039 3662 temporalium

435 3707 712 3772 felicitate,
771 3697 1116 3770 disciplina;
1149 3703 1293 3750 tanta
1347 3690 1612 3764 paulatim
1667 3690 2039 3761 subsequente

435 3812 646 3855 morum
675 3787 1002 3861 corruptela,
1034 3792 1093 3842 ut
1132 3792 1612 3858 quantumcunque
1661 3780 1719 3836 S.
1769 3779 2038 3835 Robertus

435 3892 688 3966 exemplo
708 3899 762 3947 et
789 3885 1009 3945 monitis
1038 3882 1396 3947 anniteretur,
1416 3877 1661 3935 revocari
1677 3893 1787 3934 non
1811 3883 2039 3966 possent

434 3986 503 4042 ad
532 3965 819 4057 pristinam
847 3973 1242 4048 integritatem.
1290 3971 1596 4041 Desperata
1634 3966 1801 4039 igitur
1835 3965 2036 4057 medi-

437 4054 586 4142 cina,
617 4084 761 4145 quos
791 4065 1115 4124 fundaverat
1167 4060 1448 4125 deserens,
1498 4057 1739 4145 Aurum,
1797 4054 2036 4145 vicinum

435 4143 689 4220 Molismo
729 4151 1143 4219 monasterium,
1204 4147 1385 4217 adiit;
1417 4146 1510 4202 ubi
1564 4144 1807 4218 privatus
1858 4143 2037 4215 primo

430 4260 758 4327 monachus,
790 4253 990 4312 deinde
1009 4266 1139 4309 vero
1179 4249 1353 4306 abbas
1391 4245 1632 4313 habitus,
1692 4243 1867 4300 facem
1912 4259 2040 4300 san-

432 4361 536 4409 ctae
562 4349 689 4405 vitae
718 4345 1019 4418 praelucere
1049 4339 1317 4412 perrexit.
1341 4333 1889 4406 NarratMaariquez,
1912 4338 2039 4403 post

432 4443 491 4500 S.
523 4435 748 4497 Roberti
775 4434 1106 4496 discessum,
1137 4426 1375 4486 ctenobii
1406 4441 1597 4482 curam
1626 4438 1797 4496 penes
1825 4420 2039 4477 Alberi-

429 4546 556 4589 cum
583 4522 944 4589 remansisse,
977 4518 1092 4594 qui,
1111 4518 1206 4573 illo
1225 4516 1450 4581 abbate,
1483 4513 1789 4586 prioratum
1819 4510 2038 4568 scilicet

428 4637 602 4687 antea
629 4629 900 4698 gesserat,
937 4632 1268 4692 quanquam,
1300 4614 1533 4670 absente
1563 4620 1753 4668 sancto
1804 4612 1957 4665 Patre
1983 4617 2035 4664 et

432 4715 741 4792 depravatis
770 4712 911 4768 adeo
941 4706 1204 4775 moribus,
1239 4720 1428 4777 parum
1491 4701 1719 4757 feliciter
1754 4718 1768 4755 :
1796 4698 2035 4755 mulcta-

432 4827 542 4875 tum
576 4815 723 4873 enim
755 4808 1097 4872 verberibus,
1129 4806 1252 4879 quia
1282 4801 1629 4874 disciplinam
1667 4799 1942 4874 exigebat,
1980 4798 2037 4852 in

436 4930 726 4975 carcerem
779 4902 1357 4973 detruserunt.Quam
1404 4898 1656 4971 iniuriam
1710 4899 1840 4953 dum
1888 4897 2037 4952 Brito

430 5023 541 5064 non
569 5011 695 5079 post
721 5000 1029 5058 discessum
1063 4995 1127 5050 S.
1174 4990 1418 5058 Roberti,
1470 5005 1581 5045 non
1626 4986 1881 5043 Alberico
1936 4986 2033 5041 sed

430 5106 711 5178 Stephano
740 5099 1041 5170 irrogatam
1071 5092 1241 5148 fuisse
1271 5089 1520 5154 sustinet,
1547 5087 1617 5144 ab
1646 5086 1839 5178 eodem
1882 5085 2037 5178 blan-

429 5173 620 5269 riquez
648 5186 943 5259 corrigitur
980 5184 1035 5240 in
1057 5183 1176 5240 haec
1203 5181 1395 5237 verba.
1432 5198 1456 5229 ι
1488 5178 1650 5233 Errat
1678 5175 1848 5249 igitur
1889 5173 2034 5229 Brito

428 5292 720 5350 Lusitanus
746 5286 879 5343 dum
907 5292 1123 5355 tempus
1150 5285 1324 5335 mutat
1351 5291 1366 5349 ;
1400 5273 1651 5350 gravius,
1682 5272 1815 5329 dum
1841 5286 2035 5346 perso-

428 5407 550 5449 nas.
580 5385 847 5447 Aureolas
873 5383 977 5439 has
1005 5376 1261 5436 Alberico
1294 5373 1444 5432 Patri
1470 5370 1721 5443 detrahit,
1752 5377 1811 5426 ut
1836 5369 2033 5425 iisdem

431 5490 766 5563 Stephanum
793 5486 1020 5542 coronet
1048 5492 1063 5540 ε
1094 5484 1150 5535 et
1178 5471 1328 5550 quod
1348 5471 1570 5530 mireris
1592 5485 1847 5529 sermone
1887 5468 2033 5526 facto

431 5600 523 5648 aut
547 5590 695 5658 ficto,
741 5601 849 5661 quo
894 5583 1170 5641 Bobertus
1215 5575 1662 5651 prtevaricatores
1710 5571 1909 5629 dicitur
1951 5570 2035 5626 in-

429 5703 690 5759 crepasse
719 5684 821 5740 sub
844 5682 936 5738 tali
958 5681 1198 5737 themate
1229 5691 1242 5732 :
1283 5697 1305 5722 α
1340 5672 1673 5730 Curavimus
1694 5669 2031 5740 Babylonem

438 5806 462 5834 υ
492 5793 550 5841 et
578 5798 690 5838 non
720 5789 805 5836 est
832 5787 1041 5846 sanata,
1076 5773 1521 5846 derelinquamus
1551 5786 1694 5826 eam.
1743 5793 1766 5819 »ι
1798 5770 1916 5841 Ego
1973 5767 2030 5821 in

429 5880 669 5939 Exordio
721 5889 897 5949 parvo
928 5869 1304 5940 Cisterciensi,
1334 5883 1371 5925 a
1406 5867 1598 5941 primis
1624 5863 1829 5923 nostris
1860 5863 2033 5920 Patri—

2063 4567 2119 4630 D

2149 3305 2343 3362 relicta
2372 3304 2532 3372 silva,
2562 3303 2813 3360 Molismo
2843 3321 2903 3359 se
2935 3304 3247 3361 reddidere.
3298 3305 3611 3362 Revertisse
3664 3314 3741 3361 ta-

2148 3410 2276 3451 men
2305 3395 2615 3450 Albericum
2647 3409 2715 3449 ac
2749 3393 3091 3464 Stephanum
3113 3394 3420 3449 dissimulat
3466 3395 3605 3463 Ado,
3638 3395 3736 3451 de-

2147 3501 2296 3549 serta
2324 3490 2587 3548 Unicensi
2616 3491 2749 3546 silva
2773 3490 2996 3546 fandare
3027 3492 3206 3546 statim
3255 3492 3574 3548 Cistercium
3625 3508 3737 3550 cce—

2147 3581 2298 3652 pisse
2318 3596 2596 3637 asserens.
2634 3579 2774 3634 Illud
2803 3588 2988 3635 autem
3020 3579 3247 3635 multum
3279 3596 3310 3635 a
3339 3597 3471 3637 vero
3525 3581 3734 3651 abesse,

2146 3694 2220 3735 ex
2251 3695 2335 3746 ea,
2369 3694 2533 3750 quam
2563 3676 2749 3733 statim
2773 3677 3148 3747 subjiciemus,
3182 3676 3533 3734 Cisterciensi
3564 3680 3737 3735 Histo-

2147 3767 2229 3824 ria
2277 3766 2580 3833 constabat,
2625 3773 2916 3838 potestque
2960 3766 3149 3839 colligi
3181 3782 3245 3822 ex
3305 3783 3371 3823 eo
3421 3768 3569 3840 quod
3620 3768 3733 3840 ipse

2146 3853 2368 3920 scribat,
2400 3851 2523 3908 illos
2555 3875 2577 3899 ιι
2615 3867 2647 3906 a
2674 3851 2789 3907 viro
2815 3851 3117 3907 venerabili
3147 3853 3486 3920 Joseramno,
3545 3853 3735 3927 Lingo-

2145 3951 2303 4007 nensi
2323 3951 2603 4022 episcopo,
2636 3949 2742 4004 nisi
2796 3949 3104 4005 Molismum
3152 3956 3582 4018 reverterentur,
3650 3969 3735 4007 ex-

2143 4039 2650 4098 communicationis
2710 4040 3039 4095 sententiam
3100 4038 3435 4109 suscepisse.
3487 4063 3509 4089 »
3571 4039 3731 4096 Credi

2146 4127 2290 4182 enim
2319 4141 2429 4181 non
2459 4132 2657 4196 potest,
2689 4126 2839 4179 viros
2869 4133 3093 4180 sanctos
3129 4132 3332 4180 tantum
3381 4126 3731 4182 contumacia)

2144 4215 2356 4272 crimen
2401 4230 2467 4270 ac
2505 4228 2730 4285 pinnam
2777 4213 3078 4280 incurrere,
3139 4229 3299 4285 quam
3336 4214 3403 4268 ad
3430 4212 3729 4270 Mohsmum

2145 4310 2322 4366 redire
2342 4308 2601 4364 maluisse
2633 4325 2648 4375 ;
2680 4308 2990 4378 praesertim
3021 4321 3147 4362 cum
3199 4305 3310 4363 illic
3359 4307 3471 4377 jam
3527 4308 3729 4363 Patrem

2145 4424 2303 4464 suum
2333 4406 2391 4463 S.
2424 4405 2746 4473 Robertum,
2797 4412 2852 4461 et
2904 4403 3133 4461 fratrum
3191 4419 3394 4475 pronas
3449 4404 3505 4460 in
3559 4420 3732 4463 corre-

2145 4496 2382 4554 ctionem
2413 4495 2724 4552 valuntates
2743 4501 2931 4550 essent
2974 4493 3268 4565 reperturi.
3319 4493 3542 4550 Reditus
3593 4503 3729 4552 certe

2145 4616 2332 4657 eorum
2362 4598 2661 4655 admodum
2689 4595 2945 4652 salutaris
2976 4596 3073 4652 fuit
3093 4595 3521 4652 Molismensium
3548 4596 3724 4665 rebus,

2144 4699 2361 4756 occasio
2391 4697 2593 4770 quippe
2622 4694 2889 4751 Cistercio
2919 4701 2972 4750 et
3010 4693 3192 4750 ordini
3238 4693 3365 4749 inde
3421 4694 3563 4750 dicto
3618 4695 3726 4750 fun-

2144 4792 2338 4849 dandis
2372 4810 2385 4846 :
2416 4792 2485 4846 de
2516 4790 2710 4860 quibus
2740 4789 2973 4844 istahaec
2999 4804 3063 4843 ex
3084 4787 3397 4860 Manriquez
3417 4788 3726 4861 deprompta

2145 4898 2273 4947 sunt
2313 4905 2327 4945 :
2365 4913 2387 4938 ι(
2422 4887 2645 4944 Cunctis
2667 4901 2802 4959 ergo
2833 4884 3082 4940 Molismo
3113 4884 3371 4939 restitutis
3411 4890 3574 4957 atque
3627 4900 3724 4940 uno

2143 4996 2332 5037 rursus
2362 4995 2427 5035 ex
2458 4976 2713 5033 omnibus
2744 4975 2847 5029 sub
2877 4974 3118 5030 Roberto
3149 4982 3372 5044 pastore
3403 4974 3529 5029 ovili
3570 4972 3720 5041 facto,

2142 5077 2511 5134 instauranda:
2540 5073 2841 5146 disciplina:
2869 5070 3168 5130 ferventius
3199 5070 3461 5127 institum.
3519 5072 3585 5126 Et
3613 5071 3724 5144 qui-

2142 5186 2374 5242 busdam
2412 5181 2638 5257 quidem
2690 5179 3020 5237 omnimodis
3073 5177 3460 5245 adnitentibus,
3520 5177 3726 5251 quibus-

2143 5280 2268 5337 dam
2296 5292 2429 5335 vero
2458 5275 2662 5333 recenti
2689 5273 2855 5346 lapsu
2876 5271 3077 5330 territis
3128 5286 3233 5328 nec
3266 5270 3526 5327 resistere
3566 5272 3722 5342 ausis,

2142 5372 2411 5447 pellendis
2448 5370 2595 5429 vitiis
2623 5367 2837 5425 facilior
2866 5365 2954 5421 via
2982 5365 3101 5421 fuit.
3134 5364 3297 5421 Multa
3324 5364 3380 5419 in
3408 5364 3604 5420 melius
3622 5381 3723 5421 mu-

2141 5485 2251 5534 tata
2280 5474 2619 5543 visebantur,
2655 5470 2819 5527 etiam
2850 5467 2908 5524 in
2937 5468 3022 5523 his
3060 5466 3260 5541 quibus
3288 5465 3555 5539 peccandi
3598 5480 3722 5522 con-

2142 5573 2371 5631 suetudo
2395 5570 2604 5628 fecerat
2633 5565 3027 5640 impatientiam
3080 5561 3417 5637 corrigendi,
3474 5568 3529 5619 et
3578 5577 3723 5633 aspe-

2138 5673 2294 5730 riora
2324 5687 2421 5743 per
2447 5666 2924 5741 dispensationem
2945 5661 3176 5729 indulta,
3209 5658 3447 5732 antiquis
3471 5654 3717 5725 motibus,

2138 5772 2418 5844 pleresque
2450 5767 2651 5840 regula:
2680 5764 2751 5821 ad
2780 5778 3022 5834 unguem
3061 5759 3445 5816 servabantur.
3477 5756 3625 5833 Satis
3642 5772 3718 5812 su-

2137 5875 2347 5934 perque
2372 5865 2554 5916 actum
2575 5854 2872 5929 iudicaret,
2894 5851 2991 5925 qui
3007 5867 3102 5908 res
3115 5855 3416 5922 praesentes
3434 5844 3714 5921 praeteritis
