3972 6462
176 390 327 443 1261
593 390 600 395 ⁷
1771 395 1794 447 Α

1909 398 1970 452 Α.
3369 414 3506 469 1262

173 512 482 567 conferret
542 531 554 567 :
614 513 707 567 sed
760 513 957 567 sanctis
1010 514 1138 569 viris
1213 513 1454 568 intimum
1509 514 1810 584 videbatur,
1840 520 2089 580 Asecuti
2117 530 2255 593 sunt,
2287 524 2381 578 sed
2408 525 2686 585 dexteram
2732 532 2832 587 Dei
2885 532 3014 604 vivi,
3075 535 3325 592 virtutem
3383 554 3510 610 ope-

172 609 476 679 quidquid
506 626 614 664 non
643 627 934 677 summum,
979 619 1030 664 et
1080 612 1256 665 minus
1302 609 1574 666 afﬁciebat
1619 630 1811 668 emen-
1916 628 2123 674 rantem
2156 621 2209 674 in
2242 622 2343 677 eis.

173 714 311 751 sum.
348 698 466 753 iter
494 714 655 767 quam
687 699 830 768 quod
874 699 1126 755 restabat.
1165 722 1186 747 »
1234 698 1307 754 Et
1351 700 1535 768 paucis
1590 701 1812 770 interje-

172 785 309 855 etis,
355 809 381 834 ιι
426 787 751 857 Stephanus,
784 786 838 840 in
874 788 973 842 hac
1001 804 1127 844 cura
1156 788 1477 858 prmcipuus,
1519 789 1811 861 indulgen-

177 884 292 937 tias
362 884 894 955 praevaricationem,
954 885 1382 955 dispensationes
1438 887 1649 958 piacula
1704 904 1809 958 ap-

175 972 475 1042 pellabat.
510 975 561 1027 ls
603 974 849 1028 Alberico
883 980 934 1028 et
965 975 1281 1044 quibusdam
1316 975 1435 1029 aliis
1464 977 1667 1044 primo,
1689 975 1812 1031 inde

172 1061 449 1115 Roberto
482 1062 623 1117 Patri
661 1062 1074 1134 relegandarum
1120 1063 1580 1133 dispensationum
1627 1071 1813 1120 auctor

173 1158 431 1224 exstitit,
466 1160 512 1213 si
555 1158 669 1214 ﬁeri
718 1168 897 1231 posset
945 1160 1174 1214 Molismi
1218 1162 1673 1231 permanentibus,
1726 1163 1810 1217 sin

172 1246 383 1300 minus
429 1263 770 1318 quocumque
825 1248 930 1304 alio
986 1248 1312 1322 migraturis.
1351 1274 1371 1299 «ι
1430 1251 1559 1306 Haec
1615 1251 1810 1305 Mauri-

174 1351 354 1404 quez.

1992 735 2083 788 1ο.
2148 736 2332 807 Itaque
2406 742 2739 813 magnanimi
2812 746 2960 813 viri,
3039 749 3511 808 innumerabilium

1918 822 2148 877 militum
2179 826 2369 881 Christi
2398 826 2559 884 duces
2588 839 2641 887 et
2696 833 2940 907 signiferi
2997 836 3177 905 futuri,
3232 855 3340 894 non
3398 849 3507 897 tam

1918 926 2178 965 novarum
2230 931 2390 983 quam
2443 934 2764 991 magnarum
2814 940 2993 979 rerum
3049 926 3247 997 totique
3304 930 3506 985 mundo

1917 1010 2313 1079 profuturarum
2344 1015 2545 1086 cupidi,
2579 1035 2701 1074 cum
2751 1021 2964 1078 assiduo
3021 1032 3244 1080 tractatu
3300 1043 3506 1096 quaere-

1915 1107 2033 1152 rent
2062 1098 2198 1154 inter
2225 1118 2280 1156 se
2311 1104 2537 1172 qualiter
2572 1107 2629 1161 in
2657 1109 2800 1178 quod
2851 1112 3138 1181 cupiebant
3188 1116 3506 1187 congruenti

1915 1186 2080 1241 modo
2138 1188 2204 1243 ad
2256 1188 2503 1247 effectum
2561 1196 2940 1266 perducerent,
2993 1202 3232 1257 consulto
3283 1186 3506 1259 rationis

1908 1282 2114 1352 judicio
2151 1285 2443 1354 prudenter
2478 1290 2837 1363 adverterunt,
2879 1294 2981 1351 loci
3029 1297 3113 1351 vel
3158 1297 3364 1354 ordinis
3418 1301 3502 1355 sui

1914 1372 2263 1428 mutationem
2302 1375 2504 1446 absque
2550 1380 2694 1435 sedis
2747 1385 3057 1454 apostolicae
3118 1402 3381 1442 consensu
3444 1405 3501 1445 se

1913 1476 2237 1530 praesumere
2264 1479 2604 1535 nequaquam
2635 1468 2853 1526 debere.
2888 1472 3015 1529 Erat
3044 1481 3168 1529 tunc
3199 1474 3252 1529 in
3301 1475 3502 1533 Gallia-

1910 1571 2029 1610 rum
2060 1558 2299 1628 partibus
2351 1561 2492 1616 sedis
2547 1566 2855 1635 apostolica
2910 1568 3119 1641 legatus
3173 1574 3496 1632 venerabilis

1910 1644 2088 1715 Hugo,
2144 1646 2515 1719 Lugdunensis
2570 1654 3022 1727 archiepiscOpus,
3078 1659 3160 1715 vir
3211 1660 3496 1734 religione,

1909 1734 2193 1801 prudentia
2223 1745 2276 1791 et
2303 1740 2613 1796 auctoritate
2642 1745 2996 1801 venerandus.
3021 1747 3176 1803 Hunc
3210 1749 3497 1819 praedictus

1914 1820 2084 1874 abbas
2113 1830 2167 1877 et
2196 1824 2401 1893 fratres,
2461 1828 2551 1897 qui
2607 1828 2873 1886 desiderio
2927 1832 3249 1892 innovandae
3303 1854 3500 1895 mona-

1915 1915 2061 1971 sticae
2089 1918 2366 1991 religionis
2393 1922 2712 1994 ﬂagrabant,
2764 1928 3001 1999 adeunt;
3058 1941 3217 1988 aestus
3272 1943 3326 1990 et
3373 1945 3502 1994 vota

1913 2004 2153 2059 cordium
2184 2024 2401 2063 suorum
2441 2012 2713 2069 humiliter
2757 2018 3038 2087 pandunt:
3087 2024 3497 2081 consuetudines

1912 2093 2113 2147 ordinis
2141 2111 2173 2149 a
2203 2097 2408 2169 Regula
2438 2115 2599 2169 quam
2630 2111 2782 2158 erant
2825 2106 3051 2176 professi
3098 2109 3323 2165 nimium
3382 2114 3496 2169 dis-

1910 2205 2128 2259 crepare
2158 2205 2552 2263 conquerantur
2583 2216 2597 2261 ;
2623 2208 2907 2270 propterea
2953 2205 3234 2262 manifeste
3281 2212 3498 2281 perjurii

1909 2277 2113 2332 crimen
2142 2297 2198 2334 se
2252 2283 2481 2338 scienter
2551 2285 2835 2344 incurrisse
2919 2290 3153 2349 dolendo
3232 2277 3487 2356 fatentur.

1907 2365 2120 2422 Addunt
2149 2378 2407 2440 praeterea
2434 2389 2491 2427 se
2512 2374 2677 2429 vitam
2707 2392 2858 2432 suam
2881 2395 2947 2434 ex
2969 2380 3178 2455 integro
3200 2387 3493 2444 secundum

1906 2461 2141 2519 instituta
2170 2466 2391 2537 Regulae
2418 2470 2586 2525 sancti
2617 2472 2785 2528 Patris
2812 2476 2894 2529 sui
2925 2477 3195 2534 Benedicti
3241 2482 3492 2540 ordinare

1902 2551 2060 2620 velle,
2093 2560 2145 2607 et
2173 2562 2231 2608 ut
2253 2556 2330 2610 eis
2355 2556 2422 2611 ad
2453 2559 2556 2613 hoc
2608 2559 2831 2617 liberius
2883 2567 3286 2635 exsequendum
3343 2571 3488 2629 idem

1900 2639 2109 2712 legatus
2136 2642 2219 2698 sui
2266 2643 2564 2714 juvaminis
2617 2650 2784 2705 robur
2827 2654 3122 2724 apostolica
3176 2661 3489 2720 auctoritate

1898 2738 2157 2810 porrigat,
2189 2740 2447 2799 instanter
2468 2744 2728 2818 ﬂagitant.
2760 2750 3023 2807 Dominus
3050 2763 3229 2811 autem
3259 2757 3485 2830 legatus,

259 1480 331 1531 9.
379 1475 597 1545 Quibus
663 1478 1013 1534 vetustiorem
1077 1479 1246 1535 multo
1311 1486 1365 1535 et
1425 1480 1807 1536 accuratiorem

171 1571 251 1627 de
283 1578 417 1626 tota
437 1572 677 1627 uistercii
707 1573 987 1628 molitione
1014 1574 1374 1630 narrationem
1406 1591 1473 1629 ex
1502 1574 1597 1630 lib.
1630 1578 1673 1631 l.
1704 1577 1805 1631 Hi-

170 1660 385 1715 storiae
429 1661 642 1716 selecta‘.
679 1662 963 1733 propagati
1024 1662 1149 1717 inde
1210 1662 1413 1718 ordinis
1473 1664 1803 1735 subjicimus,

176 1764 317 1817 quae
354 1748 496 1803 olim
527 1749 890 1819 manuscripta
919 1750 973 1803 in
1002 1750 1233 1821 collegio
1263 1758 1441 1807 nostro
1487 1752 1636 1807 urbis
1683 1754 1807 1807 Em-

170 1844 472 1900 bricensis
510 1847 773 1902 exstabat.
817 1848 893 1902 Ea
931 1864 1061 1903 vero
1111 1848 1418 1917 hujusmodi
1475 1858 1557 1905 est
1588 1867 1599 1903 :
1648 1874 1669 1899 οι
1704 1852 1803 1906 Hi-
1833 1877 1887 1936 B

178 1933 389 2003 itaque
419 1935 561 1990 servi
591 1936 689 1990 Dei
722 1937 876 2006 pauci
908 1952 1151 2003 numero,
1184 1937 1277 1992 sed
1308 1938 1435 2009 igne
1480 1938 1592 2008 illo,
1643 1956 1801 2009 quem

174 2022 473 2077 Dominus
501 2023 652 2077 Jesus
683 2024 827 2078 misit
855 2024 910 2078 in
965 2032 1160 2079 terram
1209 2033 1262 2080 et
1303 2026 1415 2081 vult
1462 2028 1806 2084 vehementer

173 2117 450 2183 accendi,
481 2118 688 2172 fortiter
715 2118 1077 2188 inflammati;
1129 2121 1257 2175 dum
1306 2122 1641 2192 quotidianas
1685 2124 1803 2180 Re-

173 2208 339 2278 gulae
373 2206 635 2261 lectiones
662 2208 951 2276 acapitulo
1019 2208 1283 2277 audirent,
1334 2219 1385 2265 et
1430 2211 1573 2266 aliud
1615 2213 1801 2283 Regu-

173 2295 297 2350 lam
345 2296 649 2366 prwcipere
704 2304 864 2365 atque
923 2297 1067 2351 aliud
1135 2299 1543 2354 consuetudines
1601 2301 1803 2355 ordinis

174 2400 383 2449 tenere
451 2393 865 2464 perpenderent,
933 2394 1252 2468 gravissime
1332 2397 1797 2466 contristabantur,

168 2482 447 2537 videntes
484 2499 540 2535 se
581 2492 908 2553 caeterosque
974 2486 1267 2539 monachos
1330 2484 1591 2557 Regulam
1656 2487 1797 2543 beati

173 2570 368 2626 Patris
433 2570 706 2625 Benedicti
770 2572 997 2627 solemni
1061 2573 1415 2643 promissione
1495 2584 1796 2632 servaturos

164 2666 299 2723 fore
343 2666 680 2738 promisisse,
729 2667 825 2721 sed
880 2668 1174 2723 secundum
1229 2669 1468 2726 instituta
1517 2672 1634 2742 ejus
1689 2690 1792 2728 ne-

165 2771 465 2826 quaquam
496 2755 707 2810 vivere.
747 2755 1000 2811 Primitus
1028 2773 1158 2828 ergo
1190 2758 1439 2828 privatim
1470 2760 1666 2830 saepius
1711 2762 1791 2816 in-
1898 2755 2447 2860 Ροτηὲθινιωδῑθξῖθν
2468 2755 2728 2860 Πεὲξίιθηί·
2760 2755 3229 2860 Dominus-{"19"}
3259 2757 3446 2860 Ῑθξεὶξιιξ

684 2851 694 2860 .
832 2851 844 2860 .
1134 2845 1144 2855 .
1895 2841 2015 2860 mm.
2049 2843 2163 2860 οορη
2215 2846 2309 2860 η...
2355 2848 2446 2860 Α..-
2479 2842 2527 2860 Α.
2613 2845 2830 2860 ._-_-.___
2915 2856 3030 2860 ,μί
3192 2853 3202 2860 .
3417 2856 3426 2860 -

164 2849 258 2898 εει.
289 2860 355 2898 se
389 2844 781 2913 colloquentes,
830 2845 1311 2916 transgressionem
1358 2864 1509 2902 suam
1553 2865 1788 2920 conquc_
1894 2841 2019 2920 cum
2049 2836 2189 2920 esset
2214 2832 2448 2899 prudens
2477 2842 2530 2889 et
2572 2835 2851 2907 discretus,
2907 2842 3254 2900 consideratis
3307 2847 3487 2903 subti-

163 2941 447 2995 rebanmr
478 2955 491 3009 ;
524 2911 577 2996 ei
606 2957 840 3011 quonam
871 2911 1034 2997 modo
1067 2942 1225 3011 hujus
1256 2945 1387 2998 tanti
1430 2946 1557 3000 mali
1603 2911 1786 3003 Γοὼο-
1894 2911 2018 2969 liter
2042 2917 2458 2989 allegationibus
2483 2939 2691 2989 eorum,
2739 2926 3082 2985 laudabiliter
3134 2949 3230 2990 eos
3280 2938 3487 2993 moveri

164 3029 335 3083 dium
400 3029 643 3085 invenire
698 3037 935 3101 possent,
993 3030 1217 3086 sollicite
1277 3032 1593 3088 tractabant.
1651 3037 1783 3091 Cum
1891 3013 2259 3101 Pmmtiavit
2289 3029 2302 3083 ἲ
2332 3015 2680 3089 ipsorumque
2734 3022 3102 3091 spiritualibus
3157 3030 3297 3086 votis
3350 3033 3485 3088 laetis

165 3133 308 3174 vero
344 3125 536 3189 postea
563 3099 788 3173 verbhm
818 3117 1044 3174 eﬂ‘usum
1076 3129 1215 3175 esset
1242 3120 1296 3174 in
1326 3122 1624 3193 publicum,
1681 3141 1783 3180 cm-
1888 3099 2141 3193 auspiciis
2168 3101 2376 3170 favens,
2412 3106 2502 3160 tali
2541 3107 2767 3176 epistola
2823 3127 2917 3167 eos
2971 3114 3040 3168 ad
3095 3116 3481 3186 perficiendum

166 3214 276 3269 teri
312 3187 410 3284 qui
442 3215 682 3269 carnales
738 3222 909 3283 erant,
969 3233 1069 3271 nec
1123 3224 1373 3288 poterant
1427 3219 1604 3276 dicere
1659 3237 1783 3276 cum

1909 3193 2005 3242 ,ota
2032 3187 2296 3259 libertate,
2329 3194 2472 3263 quod
2501 3195 2592 3265 pia
2636 3205 2816 3253 mente
2864 3214 3241 3275 conceperant,
3285 3211 3485 3265 exhor—

162 3304 472 3372 propbeta,
507 3302 633 3372 quia
670 3326 691 3352 «
729 3303 795 3358 de
826 3305 1038 3360 excelso
1068 3305 1215 3361 misit
1240 3306 1422 3379 ignem
1471 3308 1526 3362 in
1574 3309 1787 3365 ossibus
1898 3288 2033 3338 mus
2062 3292 2160 3340 δι’

163 3391 319 3446 meis
347 3398 402 3446 et
432 3391 661 3447 erudivit
706 3408 794 3446 me
852 3392 1080 3461 (Thren.
1113 3410 1152 3460 r,
1214 3398 1325 3466 13),
1365 3419 1386 3444 ιι
1448 3413 1632 3453 servos
1684 3399 1782 3453 Dei

164 3486 451 3557 deridere,
482 3488 762 3560 modisque
788 3489 1038 3545 omnibus
1075 3491 1279 3561 quibus
1326 3501 1589 3564 poterant,
1638 3503 1697 3549 ut
1751 3512 1784 3551 a

165 3583 285 3631 tam
316 3584 507 3632 sancto
536 3578 811 3649 proposito
839 3587 1126 3649 cessarent,
1175 3579 1425 3636 infestare
1471 3592 1772 3654 coeperunt.

161 3667 235 3720 At
266 3666 352 3720 illi
377 3666 468 3737 qui
499 3665 689 3737 spiritu
726 3667 827 3721 Dei
858 3668 1177 3739 agebantur,
1210 3677 1263 3725 et
1291 3678 1576 3741 propterea
1623 3672 1779 3729 liberi

161 3770 350 3832 erant,
383 3777 492 3816 non
520 3771 767 3818 curantes
795 3780 981 3820 eorum
1031 3764 1327 3822 malevolas
1378 3767 1774 3840 insectationes,

159 3857 284 3906 toto
316 3850 516 3905 mentis
541 3851 730 3905 annisu
760 3852 828 3906 ad
856 3852 1030 3907 Deum
1075 3855 1318 3909 conversi
1365 3857 1631 3927 precibus,
1686 3858 1776 3913 in-

158 3939 500 3994 stantissime
554 3940 893 4010 postulabant
946 3949 1006 3995 ut
1059 3941 1276 3996 Domini
1332 3944 1507 4014 pietas
1558 3962 1652 4001 eos
1707 3947 1777 4003 ad

1968 3401 2053 3453 11.
2087 3423 2110 3448 α
2143 3401 2322 3490 Hugo,
2354 3404 2725 3477 Lugdunensis
2749 3412 3035 3483 episcopus
3078 3423 3129 3472 et
3178 3422 3491 3490 apostolicae

1897 3509 1920 3535 ι
1962 3488 2104 3543 sedis
2140 3489 2367 3562 legatus,
2401 3493 2635 3551 Roberto
2664 3499 2993 3556 Molismensi
3032 3488 3230 3562 abbati
3272 3516 3325 3565 et
3382 3510 3490 3567 fra-

1895 3597 1918 3624 «
1964 3576 2152 3644 tribus,
2184 3595 2307 3634 cum
2339 3597 2403 3637 eo
2432 3585 2726 3641 secundum
2774 3588 3039 3662 Regulam
3087 3596 3256 3651 sancti
3309 3599 3487 3656 Bene-

1894 3694 1918 3720 ε
1962 3673 2086 3730 dicti
2115 3675 2230 3730 Deo
2259 3678 2462 3734 servire
2493 3681 2851 3752 cupientibus.
2884 3687 3083 3742 Notum
3113 3690 3182 3746 sit
3208 3695 3481 3766 omnibus,

1893 3783 1916 3809 α
1959 3761 2028 3817 de
2054 3771 2253 3820 sanctae
2280 3768 2464 3821 matris
2501 3769 2761 3828 Ecclesiae
2816 3775 3061 3846 profectu
3090 3761 3472 3854 gaudentibus,

1896 3871 1917 3900 κ
1958 3866 2056 3907 vos
2086 3859 2138 3906 et
2168 3855 2430 3923 quosdam
2468 3855 2609 3914 ﬁlios
2634 3868 2839 3917 vestros
2867 3864 3223 3924 Molismensis
3253 3873 3487 3929 cmnobii

1891 3966 1914 3992 «ι
1957 3945 2165 4018 fratres,
2197 3951 2451 4023 Lugduni
2482 3953 2535 4007 in
2566 3964 2750 4013 nostra
2799 3963 3081 4031 praesentia
3129 3966 3372 4037 astitisse,
3425 3987 3489 4027 ac

1888 4053 1913 4083 ε
1955 4034 2176 4106 Regulae
2205 4038 2501 4095 beatissimi
2558 4044 2851 4117 Benedicti,
2907 4066 3067 4120 quam
3126 4052 3252 4111 illuc
3307 4034 3479 4129 usque

1889 4143 1911 4169 σε
1956 4125 2133 4191 tepide
2163 4143 2225 4182 ac
2255 4129 2594 4201 negligenter
2620 4133 2677 4187 in
2707 4136 2897 4191 eodem
2930 4144 3254 4199 monasterio
3285 4125 3479 4202 tenue-

1886 4241 1910 4266 α
1951 4222 2097 4287 ratis,
2131 4224 2324 4278 arctius
2353 4226 2549 4283 deinde
2604 4237 2657 4284 et
2699 4235 2985 4303 perfectius
3031 4237 3293 4297 inhazrere
3342 4246 3481 4302 velle

1886 4329 1909 4356 α
1952 4311 2220 4379 professos
2251 4312 2432 4369 fuisse.
2467 4314 2624 4385 Quod
2656 4321 2781 4388 quia
2811 4323 2865 4376 in
2895 4324 3013 4380 loco
3044 4329 3299 4399 praedicto
3347 4334 3473 4405 plu-

160 4036 338 4091 talem
371 4037 549 4091 locum
579 4037 814 4109 dirigere
842 4039 1171 4111 dignaretur,
1203 4041 1259 4096 in
1290 4058 1394 4112 quo
1427 4051 1549 4099 vota
1595 4044 1774 4101 labio-

156 4139 289 4178 rum
322 4140 563 4193 suorum,
598 4143 719 4197 quae
765 4128 1058 4182 secundum
1111 4130 1374 4202 Regulam
1431 4131 1776 4189 ﬁrmaverant

155 4213 259 4267 sed
292 4229 407 4268 non
437 4223 800 4283 servaverant,
834 4216 1060 4272 reddere
1098 4227 1333 4289 possent.
1382 4220 1590 4277 Deinde
1636 4240 1772 4278 con-

154 4309 470 4366 siderantes
499 4311 642 4381 quod
671 4314 957 4383 Apostolus
1003 4324 1207 4385 monet,
1253 4333 1362 4373 non
1412 4319 1559 4373 omni
1606 4319 1774 4390 spiri-

152 4399 239 4454 tui
274 4415 397 4454 esse
423 4399 749 4455 credendum
780 4401 831 4471 (ι
852 4403 1016 4460 1mm.
1049 4419 1125 4473 Iv,
1158 4403 1214 4476 1)
1244 4420 1257 4474 ;
1283 4416 1335 4461 ει
1363 4406 1506 4476 quod
1542 4407 1766 4481 Regula,
1886 4418 1908 4445 α
1954 4398 2102 4452 ribus
2131 4400 2551 4469 impedientibus
2578 4408 2752 4463 causis
2780 4420 2989 4467 constat
3033 4416 3318 4488 adimpleri
3347 4398 3477 4478 -non

153 4501 334 4555 quam
366 4487 543 4542 modis
585 4488 838 4544 omnibus
893 4491 1129 4562 perfecte
1187 4509 1402 4550 servare
1461 4496 1766 4567 cupiebant,
1885 4516 1907 4542 α
1951 4510 2131 4566 pesse,
2163 4514 2261 4552 nos
2289 4499 2563 4571 utriusque
2593 4506 2759 4575 partis
2811 4508 2987 4575 saluti,
3039 4514 3291 4571 videlicet
3344 4517 3470 4573 inde

148 4583 412 4653 praecipit
438 4584 636 4655 corripi
666 4600 789 4640 eum
842 4586 933 4656 qui
981 4587 1097 4643 sine
1146 4589 1505 4660 permissione
1557 4592 1770 4648 abbatis
1795 4578 1848 4640 D
1885 4604 1908 4633 σι
1949 4584 2308 4677 recedentium
2340 4596 2497 4659 atque
2526 4590 2638 4648 illic
2675 4599 3028 4665 manentium,
3079 4603 3423 4672 providentes
3454 4622 3468 4677 ;
3498 4622 3501 4625 ί

149 4672 458 4743 quidquam
488 4672 665 4728 facere
695 4677 1111 4747 praesumpserit,
1143 4677 1395 4734 abbatem
1442 4696 1598 4735 suum
1658 4684 1765 4736 hu-
1880 4694 1903 4721 τι
1946 4671 2002 4726 in
2028 4672 2206 4728 locum
2235 4674 2421 4745 alium,
2456 4694 2616 4747 quem
2647 4682 2803 4738 vobis
2829 4684 3015 4741 divina
3058 4671 3281 4761 largitas
3329 4671 3477 4750 desi;

145 4759 359 4816 militer
386 4761 603 4827 adeunt,
637 4760 703 4816 de
733 4764 1157 4835 transgressione
1204 4767 1429 4839 Regulae
1480 4770 1760 4839 querimo-
1876 4789 1899 4816 α
1939 4771 2207 4860 gnaverit,
2256 4787 2353 4827 vos
2407 4772 2698 4846 declinare,
2759 4779 2943 4850 ibique
2997 4759 3262 4840 salubrius
3312 4797 3473 4860 atque

144 4857 301 4913 niam
336 4866 661 4930 proponunt,
720 4859 831 4916 voti
887 4861 969 4914 sui
1026 4861 1480 4919 ferventissimum
1538 4866 1756 4923 deside-

1938 4858 2166 4926 quietius
2193 4860 2427 4916 Domino
2490 4863 2759 4934 famulari,
2819 4870 2947 4924 utile
3005 4870 3257 4930 duximus
3317 4857 3457 4933 fore.

141 4944 292 5001 rium
322 4947 585 5017 pandunt,
616 4954 670 5002 et
697 4955 754 5002 ut
782 4949 899 5019 ejus
926 4951 1131 5006 auxilio
1152 4954 1353 5023 pariter
1403 4962 1456 5009 et
1505 4957 1750 5026 consilio,

1936 4946 2101 5001 Vobis
2129 4964 2260 5020 ergo
2294 4956 2416 5004 tunc
2445 4954 2817 5023 praesentibus,
2843 4958 3093 5014 videlicet
3115 4961 3348 5020 Roberto
3369 4966 3464 5022 ab-

145 5034 298 5103 quod
343 5034 546 5105 Spiritu
600 5043 784 5093 sancto
840 5038 1108 5109 aspirante
1164 5049 1343 5096 mente
1397 5053 1755 5114 conceperant
1862 5062 1886 5089 α
1930 5041 2063 5110 bati,
2105 5043 2357 5099 fratribus
2409 5063 2621 5117 quoque
2669 5050 2935 5120 Alberico,
2988 5054 3185 5125 Odoni,
3242 5060 3456 5131 Joanni,

138 5129 409 5199 perﬁcere
435 5131 665 5201 possint,
697 5133 1009 5206 suppliciter
1061 5145 1365 5207 precantur.
1422 5141 1568 5197 Nutu
1620 5159 1748 5200 vero
1858 5159 1882 5186 α
1927 5139 2222 5213 Stephano,
2256 5143 2514 5212 Laetaldo,
2549 5146 2725 5217 Petro,
2768 5149 2863 5204 sed
2910 5159 2964 5207 et
3010 5153 3262 5210 omnibus
3318 5175 3453 5230 quos

141 5218 272 5284 Dei,
307 5219 376 5275 ad
406 5222 593 5274 horam
623 5230 975 5291 compunctus
1018 5223 1188 5280 abbas
1242 5225 1351 5292 ille,
1410 5231 1745 5301 pmpositum
1855 5249 1879 5276 ιι
1922 5230 2242 5301 regulariter
2268 5238 2323 5286 et
2348 5235 2625 5289 communi
2656 5238 2884 5294 consilio
2939 5240 3094 5296 vobis
3122 5244 3328 5301 sociare
3357 5248 3450 5304 de-

138 5323 427 5363 servorum
458 5308 558 5362 Dei
590 5309 791 5378 laudat,
824 5318 877 5365 et
902 5326 1010 5365 non
1039 5313 1215 5368 solum
1261 5317 1545 5373 consilium
1594 5321 1744 5375 auxi-
1854 5338 1878 5365 α
1924 5318 2219 5386 οῐθνετίιίεν
2278 5321 2379 5376 hoc
2431 5332 2673 5378 sancmm
2730 5328 3065 5399 PPOPOSilum
3124 5348 3339 5390 servare
3396 5346 3451 5392 et

136 5401 382 5474 liumque
409 5419 467 5457 se
495 5404 845 5472 praebiturum
869 5420 881 5475 ;
906 5422 1093 5462 verum
1130 5412 1291 5467 etiam
1330 5414 1563 5487 seipsum
1594 5417 1740 5471 indi-
1854 5436 1877 5463 α
1922 5420 2047 5471 tunc
2073 5419 2459 5495 consuluimus,
2494 5430 2545 5476 et
2573 5430 2631 5477 ut
2658 5420 2713 5477 in
2755 5425 2857 5481 hoc
2900 5430 3253 5495 perseveretis
3298 5449 3443 5501 prae-

135 5491 362 5547 viduum
387 5492 641 5547 comitem
696 5510 881 5549 eorum
942 5494 997 5547 in
1056 5502 1162 5553 tam
1220 5510 1404 5556 sancto
1460 5506 1738 5574 proposito
1852 5524 1876 5551 α
1918 5504 2165 5575 cipimus,
2199 5515 2249 5562 et
2278 5511 2592 5566 auctoritate
2620 5515 2913 5582 apostolica
2960 5532 3057 5587 per
3104 5518 3263 5590 sigilli
3306 5537 3440 5579 nos-

132 5578 395 5647 futurum,
427 5578 730 5636 ﬁrmissime
758 5582 1054 5652 pollicetur.
1104 5584 1225 5653 Quo
1274 5590 1455 5645 audito
1506 5593 1737 5648 humiles
1852 5612 1875 5641 «ι
1912 5593 1977 5647 tri
2006 5594 2415 5665 impressionem
2471 5599 2529 5653 in
2581 5610 2898 5673 perpetuum
2954 5604 3359 5665 conﬁrmamus.
3405 5633 3429 5662 ι

129 5679 319 5749 spiritu
352 5680 546 5733 fratres
575 5680 650 5733 illi
694 5679 980 5751 magniﬁce
1033 5685 1362 5742 corroborati
1411 5698 1553 5759 sunt,
1614 5699 1737 5745 tunc
1841 5689 1958 5745 Hoc
1986 5690 2146 5761 legati
2177 5693 2433 5763 pontiﬁcii
2468 5697 2730 5767 diploma,
2783 5715 2887 5770 quo
2936 5711 3253 5772 potestatem
3306 5707 3436 5766 facit

130 5767 365 5837 primum
394 5768 761 5839 intelligentes
787 5768 931 5836 quod
959 5782 1087 5825 vere
1118 5786 1151 5826 a
1196 5774 1432 5831 Domino
1482 5794 1735 5849 egressus
1843 5777 1903 5834 S.
1934 5778 2168 5835 Roberto
2223 5797 2287 5836 ac
2341 5783 2499 5839 sociis
2554 5787 2954 5845 Cisterciensem
3015 5793 3259 5849 ordinem
3304 5796 3439 5853 fun-

127 5862 207 5912 est
235 5871 436 5924 sermo,
470 5872 570 5911 nec
615 5854 825 5911 somnia
877 5854 1053 5910 cordis
1109 5860 1191 5915 sui
1230 5860 1286 5915 in
1344 5863 1614 5923 desiderio
1644 5858 1734 5922 tali
1841 5865 2026 5935 dandi,
2074 5867 2236 5923 etiam
2292 5886 2325 5924 a
2370 5872 2555 5930 Mimo
2612 5874 2668 5929 in
2721 5877 2848 5933 dicti
2902 5878 3107 5937 ordinis
3162 5882 3431 5946 Chronico
