3972 6434
453 454 592 507 1263

1367 438 1425 506 εξ
1468 448 1772 506 ROBERTI
1810 450 1982 506 om).
2031 446 2352 506 CISTERC.
2400 445 2848 506 FUNDATORIS

3620 450 3754 507 1264

449 576 699 646 refertur,
733 583 786 633 et
815 583 1063 633 testatum
1094 576 1223 632 facit
1251 576 1427 648 (secus
1483 592 1645 647 quam
1701 583 1947 632 narratur
1996 576 2054 631 in
2080 576 2137 637 A
2166 573 2347 643 itaque
2377 589 2517 629 anno
2548 590 2654 644 quo
2683 573 3052 645 praediximus,
3104 591 3185 631 xu
3232 575 3500 631 Kalendas
3541 577 3751 648 Aprilis,

452 676 595 735 Vita)
629 676 731 730 BB.
767 675 1075 731 Albericum
1106 691 1169 730 ac
1197 675 1553 746 Stephanum,
1603 682 1893 745 antequam
1940 676 2059 730 hac

460 764 694 821 facultas
731 772 1002 836 peteretur
1064 763 1593 837 commigrarentque
1652 765 1811 820 simul
1871 780 2062 819 omnes

453 852 521 909 ad
577 853 917 920 Cistercium,
986 870 1053 909 ex
1109 853 1361 910 Unicensi
1408 853 1696 909 solitudine
1750 853 2057 909 Molismum

451 952 734 1009 revertisse
767 965 781 1022 ;
815 968 925 1007 non
955 953 1116 1008 etiam
1157 953 1472 1008 Cistercium
1512 951 1767 1008 fundasse
1809 951 1926 1007 sine
1983 951 2048 1007 S.

452 1041 707 1111 Roberto,
740 1040 902 1097 totius
930 1040 1182 1097 videlicet
1211 1041 1414 1114 negotii
1447 1049 1501 1096 et
1528 1041 1842 1096 administro
1873 1048 1926 1097 et
1965 1041 2056 1096 di-

450 1138 656 1186 rectore
690 1144 704 1200 ;
739 1146 1050 1202 quanquam
1093 1131 1302 1202 primus
1338 1130 1417 1186 rei
1456 1146 1663 1196 suasor,
1717 1130 1772 1184 in
1819 1129 2056 1186 Exordio

450 1220 670 1292 Magno,
703 1220 762 1276 S.
797 1219 1106 1291 Stephanus
1136 1220 1301 1275 fuisse
1332 1227 1662 1275 memoratur
1698 1218 1782 1273 his
1826 1218 2007 1275 verbis
2037 1234 2051 1272 :

457 1340 480 1366 α
516 1314 863 1372 Postmodum
894 1331 1023 1373 vero
1080 1332 1203 1372 cum
1258 1315 1490 1373 verbum
1545 1315 1868 1371 innovandae
1920 1315 2055 1370 reli-

450 1404 632 1478 gionis
652 1405 709 1460 in
737 1405 932 1460 eadem
961 1404 1127 1461 domo
1159 1416 1364 1461 motum
1405 1404 1613 1471 fuisset,
1654 1403 1771 1476 ipse
1817 1404 2053 1474 Stepha-

452 1511 552 1550 nus
580 1494 789 1565 primus
818 1494 959 1549 inter
986 1495 1192 1566 primos
1224 1494 1617 1551 ferventissimo
1674 1494 1850 1550 studio
1904 1493 2055 1550 labo-

448 1584 607 1654 ravit,
641 1599 706 1639 ac
735 1583 913 1639 modis
940 1583 1196 1639 omnibus
1252 1583 1443 1637 institit
1494 1590 1554 1638 ut
1606 1583 1756 1639 locus
1811 1589 1863 1639 et
1919 1583 2052 1639 ordo

446 1684 814 1740 Cisterciensis
860 1683 1240 1750 institueretur,
1296 1684 1451 1753 cujus
1496 1684 1842 1754 postmodum
1899 1683 2052 1739 ordi-

446 1781 609 1829 nante
638 1773 754 1829 Deo
783 1780 971 1845 pastor
997 1781 1049 1828 et
1078 1772 1268 1829 doctor
1290 1780 1406 1828 erat
1434 1773 1806 1828 instituendus.
1844 1796 1867 1822 ιθ

519 1893 607 1945 1⁵2.
640 1889 875 1946 Obtenta
902 1889 1068 1961 igitur
1094 1905 1127 1944 a
1169 1889 1353 1961 legato
1404 1890 1679 1961 pontificio
1727 1890 2051 1946 innovandaa

445 1978 726 2052 religionis
787 1978 1058 2047 facultate,
1119 1978 1456 2045 Cistercium,
1516 1979 1683 2033 densa
1742 1986 1867 2034 tunc
1922 1980 2051 2034 Bur-

444 2068 664 2142 gundim
692 2068 846 2134 silva,
879 2074 1244 2139 opportunum
1300 2066 1402 2122 fuit
1446 2067 1618 2123 visum
1654 2082 1667 2137 ;
1728 2084 1834 2138 quo
1891 2076 2047 2123 aute-

447 2186 610 2240 quam
641 2168 944 2225 aMolismo
975 2167 1039 2223 S.
1101 2167 1366 2222 Robertus
1424 2168 1682 2239 migraret
1737 2183 1861 2222 cum
1916 2166 2045 2233 suis,

445 2259 506 2313 B.
539 2258 872 2329 Stephanum
903 2256 973 2312 ad
1002 2255 1250 2312 Odouem
1282 2256 1609 2328 Burgundiae
1673 2256 1865 2311 ducem
1922 2271 2046 2310 cum

446 2346 637 2403 litteris
664 2346 947 2419 ablegasse
973 2346 1187 2414 dicitur,
1220 2362 1445 2415 quarum
1485 2345 1794 2416 exemplum
1842 2360 1875 2399 a
1922 2344 2044 2399 Bri-

449 2453 593 2515 tone,
623 2462 692 2501 ex
721 2460 824 2499 ms.
857 2443 1095 2514 quodam
1154 2443 1391 2499 coenobii
1448 2442 1850 2499 Alcobaciensis
1908 2458 2045 2512 pro-

446 2534 635 2603 latum,
693 2533 887 2589 damus
938 2532 1100 2588 infra.
1155 2531 1328 2602 Hujus
1383 2531 1626 2603 epistolae
1678 2531 2044 2603 responsoria,

442 2625 643 2693 scripta
671 2623 741 2678 ab
771 2622 962 2678 Odone
991 2621 1129 2678 duce
1157 2621 1502 2694 Burgundiaz,
1543 2638 1611 2676 ex
1668 2620 1861 2676 eodem
1920 2637 2043 2676 me-

440 2720 652 2769 morato
680 2728 783 2767 ms.
815 2710 1050 2767 affertur.

515 2830 603 2882 13.
636 2825 939 2882 Transitum
970 2832 1093 2897 post
1119 2827 1238 2881 haec
1268 2824 1414 2894 fecit,
1446 2825 1633 2882 relicto
1665 2826 1930 2893 Molismo,
1974 2825 2045 2882 ad

443 2924 758 2981 Cistercium
790 2942 803 2980 :
835 2923 1176 2996 migrationis
1203 2924 1397 2979 seriem
1456 2924 1530 2980 ita
1585 2941 1803 2980 narrare
1856 2941 2046 2995 prose-

441 3014 621 3085 quitur
648 3020 833 3068 auctor
861 3011 1092 3089 laudatae
1115 3011 1232 3082 jam
1262 3028 1427 3082 supra
1463 3013 1712 3069 Historiae
1766 3030 1869 3069 ms.
1931 3015 2046 3070 Cis-

441 3102 716 3159 terciensis
747 3120 759 3158 :
789 3124 812 3150 ε
848 3102 1111 3168 Posthaec,
1142 3102 1334 3172 inquit,
1366 3104 1624 3171 praefatus
1652 3103 1823 3158 abbas
1849 3110 1902 3159 et
1937 3103 2039 3174 sui,

436 3208 584 3257 tanta
610 3207 664 3255 et
692 3199 783 3255 tali
827 3199 1143 3255 auctoritate
1188 3199 1330 3268 freti,
1379 3199 1686 3255 Molismum
1745 3200 2039 3272 redierunt,

2165 671 2393 726 solemni
2450 670 2539 726 die
2591 672 2784 727 natalis
2836 672 3155 728 sanctissimi
3231 674 3520 742 Benedicti,
3596 691 3752 744 quem

2164 759 2442 833 geminata
2470 760 2653 815 laetitia
2682 769 2808 816 tunc
2833 762 3101 818 celebrem
3129 762 3433 819 reddiderat
3461 763 3531 819 ob
3561 762 3750 819 Domi-

2166 850 2344 904 nicam
2376 850 2704 916 Palmarum,
2738 867 2859 920 quae
2886 851 2941 905 in
2970 852 3146 924 ipsum
3202 860 3522 918 occurrerat,
3575 853 3756 909 laetan-

2167 945 2309 1000 tibus
2373 945 2601 1018 angelis,
2657 946 3053 1004 tabescentibus
3123 949 3479 1016 daemonibus,
3556 950 3753 1007 Cister-

2165 1034 2361 1089 ciensis
2388 1034 2600 1104 domus,
2637 1051 2701 1090 ac
2730 1052 2828 1107 per
2855 1038 2954 1092 hos
3002 1037 3161 1095 totius
3198 1039 3559 1095 Cisterciensis
3604 1039 3752 1095 ordi-

2162 1123 2247 1179 nis
2272 1123 2467 1196 religio
2496 1140 2594 1195 per
2621 1124 2789 1193 viros,
2826 1125 2895 1181 ad
2950 1126 3307 1183 Christianam
3360 1129 3753 1200 philosophiam

2163 1221 2376 1293 penitus
2422 1221 2721 1291 expeditos,
2764 1222 3046 1280 exordium
3092 1225 3344 1297 sumpsit.
3388 1249 3411 1276 ιι
3446 1228 3753 1298 Congruunt

2162 1326 2283 1366 cum
2314 1310 2397 1366 his
2427 1326 2547 1380 qua:
2599 1310 2862 1367 Caesarius
2915 1312 2984 1368 de
3046 1314 3284 1370 Cistercii
3339 1314 3649 1371 fundatione
3697 1316 3752 1371 in

2160 1399 2398 1454 Historia
2439 1414 2554 1468 sua,
2612 1400 2809 1456 saeculo
2859 1400 3109 1471 proxime
3159 1404 3421 1474 sequenti,
3479 1405 3752 1461 memoriae

2161 1497 2422 1569 prodidit.
2469 1501 2687 1553 Annum
2717 1513 2932 1571 quoque
2988 1498 3194 1556 fundati
3242 1501 3443 1556 ordinis
3489 1511 3538 1558 et
3592 1502 3752 1573 primi

2160 1586 2304 1641 illius
2331 1586 2568 1642 cmnohii
2598 1587 2889 1657 loquuntur
2914 1597 3199 1659 sequentes
3227 1606 3428 1661 versus,
3476 1592 3533 1646 in
3579 1591 3753 1648 fronte

2161 1676 2402 1732 ecclesiae
2428 1676 2792 1732 Cisterciensis
2820 1676 3072 1750 descripti
3106 1696 3120 1734 :

2230 1847 2397 1920 Anno,
2424 1845 2681 1920 milleno,
2714 1851 2973 1914 centeno,
3007 1847 3090 1905 bis
3117 1849 3310 1906 minus
3344 1866 3476 1920 uno,

2232 1918 2771 1995 Pontiﬁce_Ur_bano,
2799 1921 3088 1995 Gallorum
3118 1937 3243 1993 rege
3274 1918 3555 1995 Philip—po,

2231 1990 2552 2064 {inmundis
2571 1988 2768 2064 Odone
2798 1992 2939 2047 duce
2968 1988 3402 2064 etfundamina
3428 1988 3620 2064 dante,

2227 2059 2337 2133 Sub
2370 2063 2541 2133 Putre
2563 2061 2791 2117 Roberto
2812 2064 2981 2133 capit
3016 2059 3322 2121 Cistercius
3349 2068 3499 2129 Ordo.

2233 2131 2492 2207 ςῳηοὺίίι
2521 2134 2583 2185 in
2615 2137 2729 2207 toto
2758 2131 3075 2204 producam
3101 2136 3358 2207 plurima
3386 2138 3614 2205 mundo,

2225 2201 2316 2258 Sic
2347 2218 2623 2258 mansura
2652 2201 2880 2276 diu'pcr
2908 2201 3178 2262 sanctum
3209 2224 3415 2264 nomen
3445 2210 3596 2265 Iesu.

2228 2364 2321 2419 14.
2359 2364 2523 2419 Abest
2554 2371 2732 2421 autem
2777 2365 3086 2422 Cistercium
3142 2382 3176 2423 a
3229 2367 3459 2426 Divioue
3514 2369 3744 2440 quinque

2155 2452 2367 2509 circiter
2394 2454 2578 2520 leucis,
2611 2454 2771 2509 situm
2803 2455 2859 2510 in
2915 2456 3132 2512 dioecesi
3188 2457 3529 2514 Cabilonensi
3574 2458 3744 2514 duca-

2153 2558 2240 2607 tus
2270 2552 2615 2624 Burgundiaa,
2644 2553 3038 2625 amplissimum
3087 2573 3228 2612 nunc
3285 2565 3338 2612 et
3394 2556 3574 2613 multis
3610 2574 3743 2613 auc-

2154 2648 2264 2695 tum
2298 2641 2478 2696 fundis
2508 2643 2913 2698 monasterium.
2939 2646 3151 2700 Nomen
3172 2646 3390 2716 quidam
3412 2664 3444 2702 a
3463 2646 3741 2716 Cisternis,

2152 2730 2371 2800 quidam
2402 2747 2434 2786 a
2466 2732 2685 2800 Cistels,
2718 2748 2851 2788 voce
2881 2732 3107 2803 Gallica,
3139 2736 3400 2806 palustres
3421 2735 3615 2806 juncos
3659 2736 3740 2791 si-

2149 2818 2459 2893 gniﬁcante,
2493 2821 2779 2876 deductum
2810 2822 3015 2878 volunt.
3050 2823 3265 2879 Fundus
3292 2824 3361 2880 ad
3402 2826 3739 2897 Raynardum

2151 2918 2523 2973 vicecomitem
2554 2919 2734 2975 Beluae
2791 2919 3013 2991 ejusque
3071 2921 3362 2995 conjugem
3415 2923 3740 2979 Hodiernum

2151 3005 2424 3077 pertinuit,
2458 3023 2684 3077 quorum
2743 3016 2794 3063 et
2848 3017 3134 3080 propterea
3189 3010 3259 3066 ad
3311 3010 3739 3069 inaediﬁcandum

2150 3095 2377 3151 facultas
2406 3096 2706 3152 necessaria
2755 3096 2871 3152 fuit.
2907 3098 3196 3154 Cesserunt
3258 3116 3386 3156 vero
3440 3101 3588 3155 illum
3646 3118 3743 3173 per

2150 3210 2311 3264 quam
2343 3193 2590 3259 libenter,
2620 3210 2881 3265 suamque
2911 3195 2965 3250 in
2996 3196 3227 3254 famulos
3272 3197 3371 3253 Dei
3419 3197 3741 3255 muniﬁcen-

435 3290 583 3347 etde
613 3290 706 3345 illo
737 3289 960 3344 fratrum
992 3287 1225 3361 collegio
1282 3289 1479 3355 socios,
1536 3289 1859 3345 remissioris
1913 3291 2039 3348 vitae
2071 3304 2121 3369 ο
2151 3288 2282 3339 liam
2338 3284 2613 3355 Perpetuis
2679 3284 2874 3340 tabulis
2946 3286 3244 3355 posteritati
3318 3297 3738 3345 consecrarunt:

435 3378 727 3436 blanditias
753 3384 1090 3449 respuentes,
1149 3376 1219 3432 ad
1278 3379 1565 3449 puritatem
1620 3378 2042 3450 simplicitatem-

435 3496 539 3550 que
593 3493 761 3534 sacrae
817 3477 1039 3549 Regulae
1077 3493 1211 3548 pure
1264 3476 1685 3549 simpliciterque
1748 3479 2039 3534 tenendum

2148 3388 2269 3443 quae
2300 3372 2609 3442 hujusmodi
2638 3373 2693 3427 in
2723 3374 3032 3447 Meuologio
3054 3374 3121 3431 ad
3144 3379 3206 3430 21
3233 3377 3407 3431 Martii
3435 3377 3504 3432 ab
3543 3378 3742 3434 Henri-

2148 3478 2281 3532 quez
2311 3461 2648 3519 afferuntur:
2687 3485 2709 3511 α
2757 3464 2958 3519 Notum
3006 3464 3075 3520 sit
3130 3466 3382 3521 omnibus
3434 3468 3741 3525 Christianis

433 3576 686 3641 prompto
715 3566 898 3623 animo
929 3566 1240 3639 ﬂagrantes,
1283 3566 1608 3639 elegerunt:
1669 3567 1745 3623 ita
1799 3575 1857 3622 ut
1902 3569 2042 3625 inter
2146 3560 2503 3630 prteseutibus
2532 3577 2597 3617 ac
2651 3560 2859 3631 futuris,
2919 3562 3063 3633 quod
3115 3563 3421 3635 Raynaldus
3469 3564 3740 3621 Belnensis

432 3673 549 3728 eos,
579 3656 669 3728 qui
699 3656 880 3729 legato
912 3655 1158 3728 Lugduni
1186 3655 1466 3711 astiterunt
1505 3662 1560 3711 et
1606 3655 1746 3711 inter
1797 3673 1891 3713 eos
1945 3658 2037 3728 qui

2149 3647 2468 3717 vicecomes,
2503 3657 2555 3704 et
2586 3665 2723 3705 uxor
2749 3648 2868 3719 ejus
2913 3650 3187 3707 Hodierna
3240 3652 3478 3721 nomine,
3535 3661 3589 3708 et
3640 3667 3737 3709 eo—

430 3754 497 3811 de
526 3754 777 3812 coenobio
806 3753 983 3811 vocati
1012 3761 1155 3820 sunt,
1208 3752 1401 3827 viginti
1460 3761 1514 3809 et
1567 3770 1704 3809 unus
1741 3757 2038 3811 monachus
2142 3752 2261 3792 mm
2305 3737 2400 3792 ﬁlii
2454 3739 2634 3811 Ηαεο,
2690 3737 3036 3811 Πυῖηδετίυδι
3093 3740 3405 3812 Βθῖηπάυδ
3448 3757 3737 3812 eorumque

427 3852 607 3901 essent
633 3859 649 3914 ;
682 3844 774 3915 qui
804 3842 1141 3915 perfectioris
1170 3842 1295 3898 vitae
1325 3850 1379 3898 et
1411 3843 1638 3915 Regulae
1666 3844 1838 3900 sancti
1866 3845 2036 3900 Patris

2149 3841 2299 3883 socer
2338 3828 2704 3900 Raymundus,
2754 3844 2852 3898 pro
2899 3845 3116 3885 suorum
3153 3840 3497 3901 peccatorum
3549 3831 3737 3888 remis-

425 3933 700 3991 Benedicti
731 3932 798 3988 ad
828 3932 1059 3988 litteram
1091 3932 1338 3988 tenendae
1388 3931 1675 3998 desiderio,
1732 3941 1934 3990 arctam
1981 3942 2035 3990 et
2140 3927 2293 3983 sione
2321 3933 2826 3997 antecessorumque
2850 3944 3089 3998 suorum,
3139 3928 3359 3986 domino
3407 3929 3640 3986 Roberto
3684 3936 3737 3986 et

425 4038 710 4104 angustam
741 4030 887 4086 viam
917 4029 1149 4101 ingressi
1178 4037 1322 4084 sunt.
1355 4030 1513 4085 Anno
1547 4030 1711 4102 igitur
1749 4031 2035 4088 Dominica
2141 4014 2415 4079 ίιόίτίδυδο
2458 4016 2549 4086 qni
2579 4032 2703 4071 cum
2735 4032 2799 4104 βο
2829 4017 3094 4090 Regulam
3126 4017 3183 4075 δ·
3225 4017 3495 4075 Benedic“
3542 4020 3736 4075 mlius

423 4103 893 4176 abilncarnatioue
921 4118 1215 4174 millesimo
1245 4118 1604 4190 nonagesimo
1647 4126 1861 4190 octavo,
1912 4121 2031 4176 Do-
2140 4118 2205 4159 ac
2230 4104 2519 4176 Ρθΐῖοοιίυδ
2547 4120 2707 4175 quam
2736 4103 2864 4160 illuc
2909 4122 3077 4177 usque
3126 4114 3406 4163 tenuerant
3450 4107 3736 4165 Observare

421 4210 603 4265 minus
629 4210 913 4276 Robertus,
945 4207 1306 4264 Molismensis
1334 4208 1570 4264 coenobii
1614 4208 1671 4263 in
1720 4209 2033 4282 episcopatu
2138 4201 2449 4274 cupiebant,
2482 4202 2824 4259 contulerunt
2851 4203 2918 4259 de
2958 4204 3162 4276 praedio
3218 4221 3335 4275 suo,
3394 4206 3537 4277 quod
3590 4205 3737 4262 anti-

420 4305 751 4380 Lingonensi
782 4304 991 4361 fundati
1019 4305 1210 4375 abbas,
1243 4313 1297 4361 et
1339 4322 1463 4362 cum
1514 4321 1581 4361 eo
1626 4306 1837 4378 fratres,
1887 4323 2030 4378 quo-

421 4412 543 4451 rum
591 4395 737 4451 Deus
790 4394 1035 4468 tetigerat
1092 4395 1277 4465 corda,
1335 4395 1598 4451 malentes
1651 4412 1775 4451 cum
1828 4396 2029 4454 dilecto

422 4484 578 4540 Patre
622 4500 720 4541 suo
779 4484 1069 4541 Benedicto
1128 4500 1228 4557 pro
1285 4484 1402 4541 Deo
1457 4484 1735 4541 laboribus
1788 4485 2025 4560 fatigari,

421 4599 587 4654 quam
630 4582 759 4640 vitae
805 4582 967 4654 hujus
1023 4581 1327 4639 commodis
1377 4582 1597 4651 resolvi,
1656 4582 1725 4640 de
1778 4584 2027 4641 Molismo

2140 4291 2317 4362 quitus
2359 4291 2673 4348 Cistercium
2719 4293 3034 4363 vocabatur,
3084 4302 3554 4366 quantumcunque
3606 4295 3737 4366 ipsis

2138 4386 2192 4435 et
2220 4396 2406 4437 eorum
2435 4381 2834 4438 successoribus
2865 4382 2968 4438 Dei
2998 4382 3215 4438 famulis
3244 4382 3313 4439 ad
3349 4383 3733 4441 monasterium

2137 4484 2192 4532 et
2239 4478 2549 4535 monasterii
2605 4477 2853 4535 ofﬁcinas
2906 4481 3310 4548 construendas,
3359 4479 3428 4537 ad
3473 4480 3731 4537 arandum

2137 4583 2377 4639 quoque,
2424 4567 2537 4623 imo
2586 4566 2656 4624 ad
2703 4584 2925 4625 omnem
2981 4585 3137 4626 usum
3195 4570 3554 4627 necessarium
3607 4571 3732 4626 fue-

420 4672 622 4745 egressi
651 4679 776 4728 sunt
806 4687 821 4742 ;
853 4679 1014 4743 atque
1044 4670 1114 4727 ad
1143 4671 1344 4741 locum,
1393 4688 1556 4743 quem
1604 4673 1881 4745 proposito
1924 4688 2022 4730 suo
2050 4673 2105 4736 D
2134 4656 2222 4724 Γίῑν
2257 4679 2280 4706 ³*
2315 4664 2417 4713 θία-

419 4777 721 4835 congruum
744 4761 864 4831 jam
894 4769 1018 4818 ante
1044 4777 1146 4831 per
1196 4761 1428 4833 gratiam
1484 4761 1583 4816 Dei
1641 4762 2022 4833 praeviderant,

418 4858 476 4915 id
505 4868 605 4927 est,
636 4860 706 4916 ad
737 4876 980 4916 eremum
1023 4876 1145 4930 quae
1203 4859 1521 4915 Cistercium
1571 4858 1869 4928 dicebatur,
1921 4860 2026 4916 ala-

418 4949 579 5006 criter
607 4949 986 5019 tetenderunt;
1021 4949 1111 5020 qui
1142 4949 1291 5004 locus
1330 4948 1387 5003 in
1443 4948 1757 5020 episcopatu
1809 4948 2026 5006 Cabilo-

418 5039 571 5095 nensi
625 5039 758 5095 situs
786 5046 840 5095 et
891 5053 1006 5109 pm
1061 5054 1346 5094 nemorum
1394 5038 1777 5110 spinarumque
1834 5038 2024 5094 densi-

416 5143 525 5193 tate
555 5144 681 5193 tunc
707 5136 968 5209 temporis
1022 5135 1259 5193 accessui
1307 5135 1589 5191 hominum
1670 5135 1933 5204 insolitus,
1992 5152 2026 5192 a

414 5225 546 5282 solis
571 5225 919 5282 habitabatur
948 5224 1095 5281 feris.
1129 5224 1211 5280 Ad
1240 5225 1383 5281 hunc
1437 5224 1620 5296 itaque
1658 5224 1837 5282 locum
1888 5226 2021 5281 hor-

413 5315 552 5372 roris
579 5323 633 5372 et
653 5323 819 5373 vastae
846 5313 1151 5371 solitudinis
1176 5313 1278 5373 viri
1331 5313 1433 5369 Dei
1487 5314 1785 5383 venientes,
1848 5322 2022 5371 tanto-

413 5428 518 5485 que
545 5413 700 5471 illum
725 5412 999 5489 religioni,
1030 5429 1193 5484 quam
1214 5412 1335 5484 jam
1381 5410 1587 5469 dudum
1635 5420 1819 5469 mente
1878 5428 2019 5469 con-

410 5512 685 5576 ceperant,
716 5511 772 5560 et
796 5512 1019 5577 propter
1046 5518 1211 5574 quam
1267 5502 1396 5558 illuc
1450 5501 1805 5572 advenerant,
1865 5502 2021 5558 habi-

410 5586 624 5662 liorem,
647 5601 847 5665 quanto
874 5592 1223 5649 saecularibus
1251 5590 1727 5662 despicabiliorem
1773 5599 1826 5648 et
1872 5591 2019 5648 inac-

412 5689 824 5762 cessibiliorem,
856 5690 1241 5763 intelligentes,
1290 5705 1572 5746 nemorum
1621 5707 1687 5747 ac
1738 5689 2016 5762 spinarum

414 5776 677 5833 densitate
705 5780 931 5849 praecisa
972 5796 1038 5835 ac
1082 5786 1312 5844 remota,
1355 5780 1742 5836 monasterium
1786 5780 2013 5849 ibidem,

413 5866 689 5921 voluntate
717 5866 1091 5921 Cabilonensis
1131 5867 1376 5938 episcopi
1435 5875 1488 5923 et
1546 5884 1811 5924 consensu
1864 5870 2017 5923 istius

411 5959 568 6034 cuius
595 5959 713 6032 ipse
740 5960 891 6019 locus
917 5969 1051 6032 erat,
1081 5970 1389 6019 construere
1434 5973 1738 6038 coeperunt.
1804 5961 2013 6023 Eodem

2208 4770 2296 4824 15.
2356 4766 2477 4825 Odo
2536 4785 2751 4840 quoque
2806 4769 2916 4826 dux
2971 4771 3297 4845 Burgundiaa
3365 4788 3475 4829 non
3540 4788 3729 4845 parum

2135 4857 2449 4914 Cistercium
2482 4859 2675 4929 auxit;
2727 4860 2927 4916 fundos
2980 4861 3125 4916 enim
3193 4878 3227 4918 a
3280 4862 3523 4919 Belueusi
3575 4864 3729 4919 vice-

2134 4947 2330 5003 comite
2358 4956 2660 5005 reservatos
2706 4957 3067 5021 exceptosque
3114 4950 3331 5022 adjecit,
3390 4960 3443 5008 et
3496 4952 3726 5025 primam

2132 5045 2288 5102 novis
2306 5046 2642 5103 habitoribus
2667 5047 2891 5103 domum
2938 5048 3246 5106 edificavit.
3296 5050 3447 5106 Prius
3489 5051 3546 5106 in
3597 5050 3726 5107 des—

2131 5136 2316 5208 criptis
2351 5136 2516 5192 modo
2571 5136 2768 5192 tabulis
2822 5137 2897 5194 ita
2942 5146 3188 5194 narratur
3235 5159 3247 5196 :
3308 5162 3331 5189 ‹‹
3390 5140 3469 5196 De
3513 5140 3726 5197 residuo

2132 5240 2349 5296 quoque
2394 5224 2563 5298 ipsius
2611 5234 2784 5297 terrae,
2852 5226 2997 5297 quod
3045 5227 3189 5284 dicto
3265 5228 3547 5301 Raynardo
3601 5237 3727 5285 tunc

2127 5324 2331 5394 placuit
2352 5324 2603 5392 retinere,
2635 5324 2765 5380 fecit
2793 5323 2913 5381 Odo
2944 5324 3055 5381 dux
3086 5327 3429 5400 Burgundiae,
3479 5327 3548 5383 ad
3585 5327 3727 5383 illius

2127 5413 2534 5470 concessionem
2563 5421 2615 5469 et
2642 5413 2877 5484 libitum,
2923 5415 3087 5470 talem
3142 5432 3266 5472 cum
3316 5432 3382 5473 eo
3438 5424 3729 5473 commuta-

2130 5502 2331 5559 tionem
2353 5510 2407 5559 et
2424 5509 2663 5576 pactum,
2704 5500 2773 5558 ad
2805 5519 2943 5576 opus
2963 5502 3277 5560 eorumdem
3316 5508 3723 5579 monachorum,

2126 5608 2183 5656 ut
2208 5601 2408 5657 scilicet
2442 5616 2541 5673 pro
2573 5608 2711 5657 terra
2740 5601 2834 5657 illa
2860 5601 3090 5675 singulis
3107 5603 3261 5658 annis
3289 5602 3346 5659 in
3393 5612 3565 5662 castro
3607 5605 3727 5661 Bel-

2126 5690 2279 5747 nensi
2307 5692 2513 5747 solidos
2536 5690 2729 5763 viginti
2774 5692 3088 5762 susciperet,
3138 5700 3246 5749 tam
3293 5693 3409 5765 ipse
3457 5711 3618 5766 quam
3673 5702 3728 5752 et

2124 5779 2291 5852 ipsius
2319 5788 2439 5851 post
2468 5796 2592 5836 cum
2622 5780 2882 5836 haeredes.
2916 5781 3181 5838 Praeterea
3208 5782 3265 5837 in
3292 5783 3483 5839 eadem
3511 5783 3724 5839 cambi-

2124 5879 2269 5934 tione
2298 5878 2560 5934 concessit
2588 5878 2637 5932 ei
2666 5894 2730 5934 ac
2755 5876 2879 5933 ﬁliis
2926 5879 3037 5933 suis
3082 5880 3199 5950 ipse
3253 5880 3384 5950 dux,
3444 5890 3725 5954 quantum-

2122 5980 2335 6041 cunque
2386 5966 2667 6027 vinearum
2720 5967 2778 6026 in
2836 5967 3102 6027 territorio
3178 5970 3425 6028 Bclnensi
3497 5979 3718 6051 possent
