3972 6406
431 424 568 479 1267

1367 423 1426 477 8.
1467 420 1766 478 ROBERTI
1805 419 1970 477 0RD.
2013 415 2320 475 CISTERC.
2361 417 2812 476 FUNDATORIS

3593 420 3734 477 1268

403 533 670 602 ’Βοὺρτῑο
751 541 1182 619 Lingonensium
1249 545 1528 618 episeopo,
1588 543 1834 600 salutem.
1891 541 2034 612 Quid
2061 543 2121 606 Α
2149 559 2256 614 quo
2285 542 2439 610 obiit,
2487 544 2781 600 convenit:
2823 543 2965 599 hunc
3013 541 3200 600 Surius
3245 543 3300 598 in
3355 544 3496 612 Vita,
3528 551 3580 600 et
3607 545 3744 599 Ber-

437 636 503 690 de
531 635 748 708 negotio
779 635 1141 691 Molismensis
1178 635 1510 690 Eccleeiae...
1547 635 1702 690 Hanc
1735 633 2036 706 epistolam

436 725 632 781 videin
655 726 880 796 Ilugone
906 724 1298 796 Lugdunensi,
1319 737 1514 796 supra,
1540 723 1710 794 hujus
1732 722 2038 779 voluminis

436 815 549 872 col.
589 817 713 869 523.

504 911 706 965 20-21.
752 907 1226 979 Quemadmodum
1270 907 1516 982 Hugonis
1571 908 1761 964 littera:
1789 907 2038 963 effectum

438 1015 595 1054 suum
622 998 730 1052 sint
755 998 977 1067 sortitae,
1017 999 1091 1054 ita
1147 1005 1436 1068 utrumque
1487 996 1782 1052 Exordium
1811 1004 1992 1052 narrat
2023 1014 2036 1051 :

444 1112 466 1137 (ι
500 1088 629 1144 Hec
663 1087 851 1144 omnia
880 1087 1050 1143 abbas
1071 1086 1162 1144 ille
1181 1086 1420 1143 laudavit
1439 1096 1491 1142 et
1516 1086 1677 1156 fecit;
1709 1085 2039 1142 absolvendo

435 1185 824 1243 Cistercienses
877 1186 948 1241 ab
1003 1185 1313 1242 obedientia
1369 1201 1531 1256 quam
1581 1184 1631 1240 ei
1663 1184 1719 1239 in
1747 1184 1840 1241 illo
1869 1185 1956 1240 vel
1983 1184 2040 1238 in

433 1275 762 1332 Molismensi
791 1275 912 1330 loco
940 1275 1340 1345 promiserant;
1393 1281 1447 1330 et
1500 1273 1754 1330 dominus
1811 1273 2038 1329 Gualte—

435 1381 526 1423 rus
580 1363 955 1420 Cabilonensis
1007 1364 1295 1436 episcopus
1341 1363 1595 1420 abbatem
1641 1379 1675 1417 a
1731 1379 1859 1418 cura
1900 1361 2043 1416 illius

439 1461 680 1522 ecclesiae
737 1463 966 1518 liberum
1021 1461 1249 1531 remisit,
1307 1461 1492 1531 sicque
1545 1477 1792 1516 reversus
1837 1467 1935 1527 est,
1991 1467 2044 1514 et

439 1551 659 1624 quidam
687 1550 941 1606 monachi
969 1567 1092 1606 cum
1122 1566 1214 1606 eo.
1258 1571 1278 1600 ι
1312 1593 1318 1598 .
1345 1549 1585 1605 Gualteri
1645 1558 1823 1605 autem
1855 1549 2042 1604 littera:

440 1641 508 1698 ad
536 1641 935 1713 Lingonensem
966 1655 1180 1710 quoque
1228 1639 1540 1712 episcopum
1569 1639 1782 1709 scriptae
1827 1639 1882 1692 in
1910 1653 2042 1708 par-

441 1754 512 1796 vo
543 1737 781 1794 Exordio
802 1737 1111 1808 hujusmodi
1140 1745 1264 1792 sunt
1295 1756 1308 1793 :
1349 1759 1370 1786 «ι
1404 1736 1765 1792 Dilectissimo
1797 1735 1944 1792 fratri
1992 1743 2046 1791 et

441 1827 768 1898 coepiscopo
795 1826 1050 1890 Roberto,
1085 1825 1410 1899 Lingonensi
1442 1825 1722 1898 episcopo,
1753 1824 2038 1891 Gauterus,

445 1914 819 1972 Cabilonensis
865 1915 1120 1971 Ecclesiae
1165 1931 1370 1980 servus,
1429 1914 1678 1970 salutem.
1736 1915 1934 1970 Notum
1973 1913 2044 1970 sit

440 2014 616 2080 vobis,
667 2011 887 2068 fratrem
943 2012 1260 2081 Robertum,
1319 2012 1404 2068 cui
1461 2012 1736 2068 abbatiam
1792 2012 1939 2068 illam
1989 2011 2045 2068 in

440 2112 624 2160 nostro
655 2102 966 2175 episcopatu
995 2101 1175 2172 sitam,
1234 2117 1356 2170 qua:
1410 2101 2043 2157 Novum-Monasterium

441 2193 654 2258 dicitur,
712 2190 1178 2255 commiseramus,
1244 2207 1277 2245 a
1323 2190 1659 2262 professione
1683 2207 1844 2260 quam
1875 2191 2044 2246 Cabi-

439 2290 647 2347 lonensi
678 2289 934 2345 Ecclesiae
963 2287 1112 2354 fecit,”
1155 2295 1210 2342 et
1263 2287 1332 2342 ab
1353 2287 1658 2343 obedientia
1688 2304 1849 2358 quam
1884 2289 2045 2344 nobis

440 2379 705 2453 promisit,
737 2377 1034 2434 secundum
1089 2376 1294 2432 domini
1351 2377 1740 2448 archiepiscOpi
1774 2375 2042 2433 definitis-

439 2493 587 2548 nem,
621 2493 651 2532 a
679 2475 840 2532 nobis
867 2492 982 2530 esse
1012 2474 1343 2530 absolutum.
1383 2475 1506 2544 Ipse
1534 2483 1713 2530 autem
1747 2477 2044 2532 monachos

438 2566 580 2633 illos,
633 2565 724 2636 qui
781 2565 839 2620 in
890 2563 1119 2634 praefato
1190 2564 1697 2620 Novo-Monasterio
1760 2580 2043 2622 remanere

437 2654 809 2719 decreverant,
869 2653 938 2708 ab
988 2651 1298 2708 obedientia
1353 2668 1515 2722 quam
1544 2652 1648 2707 sibi
1684 2654 2044 2722 promiserant

441 2761 496 2809 et
523 2769 556 2808 a
582 2751 918 2822 professione
965 2750 1168 2806 liberos
1210 2757 1264 2805 et
1311 2749 1584 2804 absolutos
1629 2749 1850 2805 dimisit.
1883 2753 2040 2806 Illum

444 2856 576 2914 ergo
605 2840 802 2896 amodo
831 2837 1104 2908 suscipere
1157 2845 1213 2893 et
1266 2837 1561 2894 honorifice
1590 2846 1817 2894 tractare
1845 2856 1911 2895 ne
1939 2855 2041 2896 ve-

441 2929 692 2985 reamini.
725 2928 930 2983 Valete.
967 2949 990 2974 ι
1023 2927 1108 2982 Ex
1137 2927 1222 2982 his
1267 2927 1444 2999 prodit
1472 2944 1529 2982 se
1554 2927 1870 2984 manifestus
1898 2945 2047 2984 error

444 3013 678 3084 auctoris
705 3026 860 3093 Vitae,
907 3024 1134 3080 dicentis
1187 3023 1244 3080 S.
1293 3025 1606 3091 Robertum,
1639 3034 1762 3096 post
1788 3041 1945 3082 suum
1977 3027 2046 3083 ad

443 3115 815 3172 Molismenses
873 3113 1124 3179 reditum,
1191 3129 1313 3168 cum
1370 3119 1632 3184 potestate
1706 3115 1936 3180 abbatis,
1995 3125 2050 3172 et

2146 632 2344 687 nardus
2401 633 2544 688 Brito
2600 633 2658 688 in
2713 632 2981 688 Chronico
3036 632 3394 702 Cisterciensi,
3449 637 3516 689 29
3546 634 3746 704 Aprilis

2145 729 2349 786 dicunt.
2405 731 2605 785 Verum
2659 731 2900 786 translati
2953 729 3075 785 festi
3130 729 3246 786 dies
3303 729 3392 786 ille
3437 739 3550 786 est:
3598 731 3744 787 unde

2147 819 2544 886 Cistercienses,
2605 817 2886 874 admonitu
2940 835 3157 874 suarum
3203 817 3572 886 Rubricarum,
3611 820 3744 875 dum

2147 908 2292 964 diem
2348 908 2509 963 istum
2561 908 2619 963 S.
2678 907 2914 964 Roberto
2969 907 3165 964 festum
3214 915 3399 981 agunt,
3439 925 3506 964 ex
3541 907 3745 980 hymno

2147 1007 2280 1064 Iesu
2306 1023 2516 1064 corona
2541 1007 2766 1072 celsior,
2821 1021 2982 1076 quem
3039 1005 3107 1061 de
3156 1005 3564 1062 Confessoribus
3600 1005 3746 1062 canit

2146 1094 2411 1162 Ecclesia,
2433 1096 2578 1150 hunc
2607 1110 2842 1161 versum,
2867 1095 3019 1150 Anm’
3054 1110 3284 1151 recurro
3321 1098 3585 1168 tempore,
3619 1111 3744 1150 cum

2147 1183 2316 1238 tribus
2351 1183 2599 1255 proxime
2627 1183 2976 1254 sequentibus
3025 1183 3429 1255 praetermittere
3463 1183 3742 1253 jubentur.

2146 1281 2499 1337 Rubricarum
2533 1281 2632 1336 ista
2657 1280 2825 1336 verba
2867 1288 3026 1336 sunt:
3071 1304 3094 1329 ιι
3158 1280 3400 1352 Sequens
3427 1297 3609 1337 versus
3632 1297 3747 1336 non

2147 1370 2342 1426 dicitur
2376 1371 2433 1424 in
2483 1369 2860 1426 festivitatibus
2899 1378 3204 1426 sanctorum
3235 1369 3484 1443 Remigii,
3523 1370 3740 1435 Iuliani,

2147 1459 2388 1528 Roberti,
2417 1460 2474 1514 in
2505 1459 2848 1514 translatione
2907 1459 2964 1514 S.
3025 1458 3317 1528 Benedicti,
3349 1475 3449 1515 nec
3479 1475 3746 1530 quorum-

2151 1565 2361 1619 cunque
2391 1548 2781 1612 confessorum,
2839 1547 3046 1618 quoties
3075 1547 3143 1604 ad
3173 1547 3336 1603 aliam
3391 1547 3532 1603 diem
3563 1555 3745 1602 trans-

2152 1636 2410 1693 feruntur.
2449 1659 2471 1686 »
2507 1638 2778 1693 Consonat
2831 1653 3018 1694 versus
3072 1637 3139 1692 de
3195 1639 3299 1693 hoc
3325 1637 3442 1708 ipso
3472 1637 3748 1692 confectus

2149 1736 2372 1808 antiquo
2401 1751 2551 1791 more
2579 1753 2592 1790 :
2633 1809 2639 1818 δ

2068 1887 2122 1949 Β
2201 1881 2379 1944 Remi,
2412 1881 2602 1947 Rebar,
2632 1880 2772 1947 Juli,
2809 1879 3138 1938 Translatio
3167 1891 3285 1935 non
3323 1882 3492 1936 canet
3529 1879 3692 1934 anni.

2153 2021 2369 2078 Festum
2415 2023 2473 2078 S.
2531 2022 2772 2088 Roberti,
2823 2030 3111 2092 antequam
3160 2020 3548 2087 transferretur,
3599 2019 3746 2075 diem

2154 2114 2221 2166 17
2259 2111 2457 2182 Aprilis
2506 2111 2824 2182 occupabat,
2883 2126 3078 2182 nempe
3127 2109 3285 2180 juxta
3340 2109 3488 2164 illam
3527 2108 3746 2178 capituli

2153 2199 2517 2255 Cisterciensis
2571 2200 3003 2256 constitutionem
3052 2217 3065 2255 :
3131 2221 3154 2247 «ι
3222 2198 3301 2254 De
3359 2199 3424 2253 B.
3489 2197 3743 2266 Roberto,

2150 2298 2328 2368 primo
2387 2297 2625 2354 Cistercii
2681 2297 2900 2359 abbate,
2956 2295 3050 2352 ﬁat
3106 2296 3300 2351 festum
3349 2295 3746 2366 quintodecimo

2151 2387 2380 2442 Kalend.
2433 2387 2578 2451 Maii,
2636 2394 2739 2442 etc.
2811 2387 2945 2441 Huic
3000 2384 3362 2441 constitutioni
3430 2384 3749 2441 inhaerentes

2151 2477 2397 2532 canonici
2426 2476 2701 2550 regulares
2745 2475 3061 2531 monasterii
3093 2474 3416 2530 Bodecensis
3445 2474 3498 2528 in
3529 2473 3746 2529 dioecesi

2151 2575 2573 2640 Paderbonensi,
2633 2591 2755 2630 cum
2810 2589 2908 2630 suo
2965 2573 3162 2646 insigni
3193 2573 3363 2628 codici
3394 2573 3488 2628 fol.
3523 2575 3622 2628 178
3653 2572 3742 2627 in-

2149 2663 2396 2736 scripturi
2444 2670 2621 2720 essent
2675 2662 2872 2730 Vitam,
2933 2677 3095 2733 quam
3142 2661 3268 2718 inde
3305 2678 3338 2718 a
3365 2662 3570 2717 Joanne
3629 2660 3747 2716 Ga-

2150 2753 2360 2808 mansio
2384 2753 2746 2807 transmissum
2803 2751 3014 2816 damus,
3071 2750 3144 2806 ita
3173 2751 3350 2806 exorsi
3377 2758 3500 2806 sunt
3531 2769 3542 2806 :
3591 2772 3614 2798 α
3649 2751 3746 2806 ln-

2150 2842 2281 2913 cipit
2309 2841 2568 2914 prologue
2622 2841 2677 2896 in
2731 2839 2907 2896 Vitam
2938 2841 3003 2894 Β.
3043 2839 3282 2904 Roberti,
3342 2839 3500 2911 primi
3539 2837 3748 2894 abbatis

2150 2938 2510 2994 Molismensis
2537 2954 2636 2994 nec
2673 2953 2778 2992 non
2811 2945 2863 2992 et
2892 2936 3291 2992 Cisterciensis:
3337 2936 3490 3006 cujus
3535 2935 3742 2991 festivi-

2153 3035 2232 3083 tas
2260 3027 2562 3084 celebratur
2590 3044 2661 3082 xv
2681 3025 2802 3082 Kal.
2836 3025 2985 3081 Maii.
3031 3049 3052 3073 ιι
3097 3025 3300 3080 Eodem
3331 3024 3440 3080 die.
3465 3024 3622 3094 juxta
3649 3023 3741 3080 Fi-

2154 3117 2458 3184 teriensem,
2484 3132 2672 3171 versus
2699 3114 2808 3180 ille,
2859 3115 2916 3169 in
2969 3114 3310 3169 translatione
3345 3113 3461 3168 festi
3502 3122 3746 3185 postmo-

445 3203 695 3261 Molismo
724 3201 1005 3275 praefuisse
1035 3209 1087 3257 et
1107 3202 1360 3258 Cistercio
1385 3217 1396 3254 :
1421 3211 1476 3257 et
1513 3203 1766 3260 Cistercio
1803 3205 2042 3276 quidem,
2075 3249 2126 3316 Ο
2153 3212 2282 3268 dum
2313 3211 2455 3268 facta
2484 3211 2892 3284 praetermissus,
2922 3209 3095 3266 omitii
3139 3225 3246 3265 non
3298 3209 3504 3264 solebat
3549 3228 3562 3264 :
3608 3208 3748 3264 unde

452 3301 578 3373 quia
609 3299 796 3356 adesse
825 3315 935 3354 non
964 3306 1194 3371 poterat,
1225 3299 1484 3356 vicarium
1515 3301 1616 3356 sibi
1643 3302 1706 3356 Β.
1737 3303 2046 3360 Albericum

447 3390 644 3464 primo,
677 3396 731 3444 et
757 3390 862 3444 hoc
887 3388 1110 3444 biennio
1166 3395 1288 3459 post
1315 3406 1344 3444 e
1376 3389 1516 3444 vivis
1542 3390 1773 3458 sublato,
1814 3393 1874 3448 Β.
1925 3394 2050 3450 Ste-

449 3481 690 3553 phanum
721 3477 1026 3551 praetecisse
1067 3495 1081 3532 :
1113 3478 1214 3533 ista
1251 3478 1396 3533 enim
1423 3494 1556 3535 vero
1584 3481 1855 3537 adversari
1887 3483 2054 3540 lector

453 3594 522 3633 ex
553 3592 724 3647 parvo
772 3574 1012 3632 Exordio
1070 3574 1296 3648 colligit,
1348 3575 1442 3631 ubi
1499 3577 1678 3647 capite
1725 3578 1939 3636 decimo
1979 3581 2054 3638 ita

452 3665 703 3723 scribitur
739 3683 751 3720 :
791 3685 814 3713 σι
846 3663 1076 3720 Viduata
1103 3663 1268 3736 igitur
1302 3680 1401 3719 suo
1445 3673 1661 3735 pastore
1691 3667 2054 3726 Cisterciensis

453 3753 698 3810 Ecclesia
725 3751 996 3817 convenit,
1054 3767 1118 3806 ac
1164 3751 1398 3824 regulari
1453 3753 1716 3811 electione
1761 3758 2051 3827 quemdam

456 3851 698 3920 fratrem,
757 3849 1064 3906 Albericum
1120 3848 1365 3916 nomine,
1396 3849 1452 3904 in
1480 3850 1731 3908 abbatem
1787 3854 1888 3910 sibi
1917 3872 2052 3928 pro-

453 3940 644 3998 movit.
682 3963 706 3990 ιι

527 4043 619 4097 22.
661 4039 927 4094 Reversus
955 4035 1261 4091 Molismum
1300 4034 1367 4092 S.
1431 4036 1715 4109 Robertus,
1764 4057 1884 4096 cum
1917 4039 2055 4101 duo-

459 4131 562 4186 bus
643 4127 904 4182 duntaxat
968 4125 1266 4192 monachis,
1321 4126 1700 4183 Cistercienscs
1754 4136 1930 4187 tamen
1989 4149 2058 4190 ex

464 4219 649 4277 animo
677 4232 786 4271 non
806 4214 1040 4282 delevit;
1099 4214 1306 4270 crebris
1345 4231 1439 4271 eos
1477 4216 1843 4286 interpellasse
1872 4222 2060 4279 litteris

470 4319 880 4386 Chrysostomus
934 4309 1256 4380 Henriqucz,
1325 4309 1380 4363 in
1436 4309 1692 4368 fasciculo
1745 4325 2055 4374 sanctorum

471 4402 692 4468 ordinis,
750 4406 937 4455 auctor
985 4404 1082 4467 est,
1143 4407 1196 4453 et
1250 4415 1434 4453 earum
1482 4416 1666 4472 unam,
1698 4419 1763 4457 ex
1796 4405 2060 4466 Chronico

470 4493 597 4550 Briti
625 4487 948 4546 transcribit.
979 4488 1135 4557 (Vide
1163 4489 1320 4558 infra
1335 4490 1380 4559 .)

2157 3308 2303 3357 recte
2333 3301 2660 3374 colligimus,
2695 3300 2887 3355 festum
2919 3299 3067 3370 prius
3121 3313 3243 3353 cum
3293 3297 3377 3352 dis
3403 3297 3580 3353 obitus
3625 3313 3751 3354 con-

2159 3391 2378 3459 curisse,
2438 3390 2682 3460 adeoque
2731 3389 2788 3444 S.
2837 3388 3129 3444 Robertum
3185 3387 3382 3442 obiisse
3427 3387 3515 3442 die
3560 3387 3753 3458 Aprilis

2163 3491 2250 3553 17,
2282 3489 2398 3545 sive
2443 3504 2517 3543 xv
2562 3487 2682 3543 Kal.
2713 3486 2860 3554 Maii,
2908 3485 2986 3542 uti
3014 3485 3178 3542 habet
3203 3492 3388 3541 auctor
3412 3482 3548 3540 Vitae
3575 3484 3630 3540 in
3654 3484 3752 3539 Bo-

2159 3575 2376 3633 decensi
2407 3593 2508 3632 ms.

2231 3677 2294 3730 In
2322 3692 2452 3730 mss.
2476 3672 2854 3730 Additionibus
2883 3671 3241 3743 quorumdam
3284 3670 3753 3726 Carthusianorum

2159 3763 2586 3820 Bruxellensium
2627 3762 2696 3818 ad
2742 3761 3042 3818 Usuardum
3074 3766 3132 3817 2t
3171 3761 3379 3827 Martii,
3431 3759 3488 3818 S.
3537 3758 3754 3817 Roberti

2161 3854 2380 3910 abbati:
2425 3852 2746 3908 Translatio
2787 3859 3020 3915 notatur,
3079 3849 3170 3920 qui
3199 3849 3241 3904 si
3289 3849 3378 3908 hic
3405 3847 3754 3904 Molismensis

2163 3959 2260 4018 est,
2293 3951 2552 4023 suspicari
2596 3949 2778 4006 licebit
2828 3948 3056 4019 alicujus
3110 3947 3420 4019 posterioris
3463 3945 3753 4001 translatio-

2163 4041 2266 4105 nis,
2326 4047 2448 4095 ante
2500 4055 2667 4094 unum
2727 4039 2948 4094 forsitan
3005 4037 3258 4097 saeculum
3309 4043 3400 4091 aut
3447 4035 3608 4107 paulo
3635 4050 3752 4090 am-

2166 4130 2304 4202 plius
2324 4129 2502 4194 facta),
2534 4129 2674 4183 hanc
2703 4135 2814 4182 este
2843 4127 3186 4182 memoriam.

2236 4228 2326 4282 24.
2371 4228 2433 4281 In
2489 4241 2772 4280 numerum
2857 4225 3142 4279 beatorum
3217 4223 3416 4278 relatus
3467 4221 3568 4276 fuit
3621 4235 3755 4275 anno

2169 4319 2306 4371 1222
2338 4316 2407 4370 ab
2435 4313 2674 4370 Honorio
2731 4315 2806 4369 ΙΙΙ
2865 4329 3077 4368 summo
3107 4311 3378 4384 pontiﬁce,
3428 4309 3754 4382 permittente

2167 4403 2624 4469 Molismensibus,
2679 4411 2737 4457 ut
2793 4417 2918 4458 eum
2976 4410 3230 4472 tanquam
3277 4409 3518 4455 sanctum
3570 4399 3625 4452 in
3666 4413 3755 4452 sua

2170 4494 2410 4549 Ecclesia
2437 4499 2773 4556 venerantes,
2824 4491 2943 4562 ejus
2997 4489 3141 4563 apud
3186 4489 3474 4546 Dominum
3513 4485 3756 4559 suffragia

535 4591 632 4645 23.
677 4586 756 4640 De
803 4599 945 4639 anno
983 4583 1162 4674 obitus
1191 4584 1276 4674 S.i
1314 4584 1534 4642 Roberti
1585 4588 1724 4645 inter
1775 4593 2061 4665 scriptores
2087 4612 2140 4674 D
2170 4591 2398 4648 ﬁdeliter
2444 4591 2819 4661 implorarent.
2852 4611 2874 4636 ιι
2938 4587 3244 4658 Manriquez
3274 4588 3328 4642 in
3359 4585 3648 4642 Annalibus
3692 4584 3754 4640 ad

463 4689 745 4736 consensxo
776 4689 883 4728 non
913 4679 1028 4741 est;
1087 4673 1347 4729 Baronius
1375 4675 1430 4730 in
1458 4678 1599 4732 notis
1645 4679 1714 4734 ad
1743 4685 1811 4737 29
1841 4685 2054 4754 Aprilis,

463 4774 676 4825 secutus
731 4760 1054 4819 Chronicum
1113 4761 1402 4834 Sigeberti,
1461 4774 1690 4822 mortem
1736 4785 1878 4826 anno
1924 4775 2058 4830 1098

465 4864 701 4924 ascribit.
742 4859 1066 4924 Fiteriensis,
1117 4860 1172 4914 in
1212 4861 1352 4916 notis
1379 4861 1448 4917 ad
1484 4865 1782 4921 Exordium
1807 4869 2056 4942 Parvum,

424 4946 433 4952 ’
465 4972 665 5014 annum
721 4965 909 5015 unum,
946 4948 1081 5004 duos
1110 4949 1164 5004 in
1198 4951 1458 5006 Analibus
1491 4954 1800 5026 Manriquez
1839 4959 2048 5029 adjicit.

426 5045 568 5102 ‘sed
623 5040 820 5098 erroris
871 5037 1265 5094 convincuntur
1319 5057 1385 5095 ex
1443 5041 1638 5097 tabulis
1683 5045 2054 5118 donationum,

460 5147 655 5218 quibus
683 5141 827 5214 apud
859 5142 1206 5196 Camuzatum
1255 5140 1309 5195 in
1355 5144 1775 5213 Antiquitatibus
1806 5149 2058 5208 Ecclesiae

455 5233 736 5292 Trecensis
763 5232 821 5287 S.
854 5229 1118 5284 Robertus
1147 5245 1288 5284 anno
1345 5231 1563 5286 Domini
1607 5237 1768 5302 1104,
1818 5245 1870 5292 et
1912 5242 2055 5310 apud

453 5333 877 5390 Sanmarthanos
905 5328 961 5383 in
987 5327 1236 5383 Molismo
1265 5343 1407 5385 anno
1439 5333 1578 5386 1105
1610 5332 1947 5406 subscripsit.
1987 5338 2054 5392 Hi

449 5421 590 5479 illius
619 5421 796 5479 Vitam
829 5432 972 5472 anno
1003 5417 1178 5484 tuo;
1242 5415 1352 5483 ille,
1403 5435 1525 5474 cum
1580 5436 1752 5493 eoque
1777 5424 2055 5497 Jongheli-

447 5526 547 5568 nus
610 5508 974 5578 Claudiusque
1038 5506 1303 5562 Robertus
1377 5507 1428 5562 in
1499 5508 1676 5566 Gallia
1728 5513 2048 5584 Christiana,

446 5623 588 5666 anno
615 5610 752 5664 1111
787 5605 1094 5661 terminant.
1125 5603 1402 5675 Quidquid
1453 5607 1538 5663 sit.
1573 5618 1733 5666 relate
1777 5611 1914 5667 ultra
1945 5631 2047 5669 an-

439 5709 570 5751 num
603 5699 741 5751 1112
767 5711 874 5750 non
905 5693 1165 5764 processit
1197 5711 1208 5747 :
1241 5694 1344 5748 hoc.
1375 5696 1576 5767 quippe
1625 5715 1767 5755 anno
1797 5701 2046 5760 Molismo

440 5790 744 5847 Guidonem
790 5790 1099 5861 praefuissse
1144 5797 1348 5845 constat
1379 5809 1446 5846 ex
1483 5794 1548 5848 iis
1579 5811 1698 5866 qua)
1732 5798 1850 5854 loco
1880 5801 2042 5857 citato

439 5878 668 5935 afferunt
722 5875 1140 5931 San-Merthani.
1197 5877 1387 5947 Neque
1441 5883 1568 5938 satis
1614 5884 1683 5939 de
1720 5886 1808 5942 die
1851 5889 2036 5956 etiam,

2171 4681 2314 4737 hunc
2341 4696 2562 4748 annum,
2613 4695 2724 4734 non
2779 4679 2948 4733 multo
3013 4688 3133 4749 post
3177 4675 3624 4732 beatificationem
3671 4680 3753 4728 aut

2167 4771 2272 4825 sub
2346 4769 2556 4824 initium
2623 4767 2748 4823 anni
2825 4765 3118 4836 sequentis,
3196 4765 3389 4820 canoni
3459 4771 3751 4818 sanctorum

2140 4859 2458 4928 ascriptum
2481 4873 2596 4912 esse
2625 4857 2867 4924 sustinet,
2900 4865 2953 4910 et
3011 4856 3174 4910 missa
3204 4855 3367 4909 fuisse
3405 4854 3457 4908 iu
3487 4855 3623 4907 hanc
3649 4867 3750 4906 rem

2167 4971 2200 5012 a
2232 4954 2483 5029 pontiﬁce
2518 4955 2834 5024 diplomata.
2892 4954 3008 5008 Hoc
3065 4960 3286 5015 certum,
3321 4951 3619 5006 decrevisse
3665 4964 3753 5002 eo-

2165 5047 2288 5102 dem
2321 5061 2462 5100 anno
2492 5043 2783 5114 capitulum
2825 5043 3078 5115 generale
3125 5041 3492 5097 Cisterciense.
3530 5062 3551 5088 α
3585 5039 3651 5095 Ut
3693 5037 3752 5090 de

2165 5145 2224 5201 S.
2277 5143 2532 5208 Roberto,
2585 5141 2764 5210 primo
2835 5139 3076 5196 Cistercii
3154 5139 3368 5203 abbate,
3429 5135 3520 5191 ﬁat
3571 5135 3750 5190 festum

2165 5231 2568 5304 quintodecimo
2595 5229 2826 5284 Kalend.
2877 5229 3002 5282 Maii
3033 5245 3155 5283 cum
3203 5226 3488 5282 duodecim
3526 5225 3752 5281 lectioni-

2163 5331 2282 5399 bus,
2313 5330 2449 5385 sicut
2476 5329 2542 5383 de
2601 5329 2663 5382 Β.
2730 5327 3095 5398 llieronymo;
3155 5332 3205 5380 et
3263 5341 3369 5379 una
3398 5323 3577 5390 missa,
3622 5323 3747 5378 sicut

2161 5429 2228 5484 de
2287 5431 2351 5484 Β.
2418 5427 2727 5484 Benedicto.
2766 5450 2788 5474 η
2840 5427 3049 5481 Numen
3099 5425 3262 5480 variis
3317 5421 3568 5478 Ecclesia:
3612 5421 3746 5476 fastis

2161 5515 2475 5584 inscriptum
2567 5513 2797 5583 legitur;
2881 5510 3138 5576 Sauasaii,
3206 5507 3465 5570 ltlenardi,
3521 5506 3742 5574 Wionis,

2159 5603 2543 5676 Martyrologio
2576 5603 2839 5663 Romano,
2875 5599 3183 5670 Mcnologio
3224 5598 3555 5653 Cistercionsr
3585 5595 3745 5667 Chry-

2154 5702 2378 5758 sostomi
2403 5701 2702 5771 llenriquez
2733 5698 2800 5753 ad
2830 5699 2898 5752 29
2929 5698 3146 5769 Aprilis.
3208 5705 3259 5751 et
3313 5694 3452 5766 apud
3503 5693 3740 5748 eumdem

2153 5803 2304 5858 ad2t
2331 5801 2492 5855 etiam
2533 5798 2730 5865 Martii,
2765 5814 2872 5867 quo
2901 5795 2988 5852 die
3034 5813 3158 5851 eum
3191 5813 3220 5850 e
3252 5795 3359 5849 vita
3407 5792 3663 5864 migrasse
3691 5791 3738 5846 in

2150 5888 2486 5945 Kalendariis
2541 5886 2882 5944 Salmanticae
2929 5893 2982 5942 et
3027 5885 3256 5940 Divione
3313 5882 3467 5938 editis
3523 5879 3628 5952 legi
3674 5879 3737 5934 ait
