  <div class='ocr_page' id='page_1' title='image "/cluster/home/n/w/nwhite01/storage/ocr_20150623/156-157/uc1.31175010662024/1276.png"; bbox 0 0 3972 6420; ppageno 0'>
   <div class='ocr_carea' id='block_1_1' title="bbox 247 442 390 498">
    <p class='ocr_par' dir='ltr' id='par_1_1' title="bbox 247 442 390 498">
     <span class='ocr_line' id='line_1_1' title="bbox 247 442 390 498; baseline 0 -2"><span class='ocrx_word' id='word_1_1' title='bbox 247 444 272 496; x_wconf 78' lang='grc'><strong>1</strong></span> <span class='ocrx_word' id='word_1_2' title='bbox 282 442 390 498; x_wconf 70' lang='grc'><strong>269</strong></span> 
     </span>
    </p>
   </div>
   <div class='ocr_carea' id='block_1_2' title="bbox 1820 438 2006 494">
    <p class='ocr_par' dir='ltr' id='par_1_2' title="bbox 1820 438 2006 494">
     <span class='ocr_line' id='line_1_2' title="bbox 1820 438 2006 494; baseline -0.005 0"><span class='ocrx_word' id='word_1_3' title='bbox 1820 438 1979 494; x_wconf 82' lang='lat' dir='ltr'><strong>VITA</strong></span> <span class='ocrx_word' id='word_1_4' title='bbox 1994 480 2006 493; x_wconf 93' lang='lat'><strong>.</strong></span> 
     </span>
    </p>
   </div>
   <div class='ocr_carea' id='block_1_3' title="bbox 3413 438 3549 495">
    <p class='ocr_par' dir='ltr' id='par_1_3' title="bbox 3413 438 3549 495">
     <span class='ocr_line' id='line_1_3' title="bbox 3413 438 3549 495; baseline 0.007 -3"><span class='ocrx_word' id='word_1_5' title='bbox 3413 441 3436 492; x_wconf 70' lang='grc'><strong>1</strong></span> <span class='ocrx_word' id='word_1_6' title='bbox 3448 438 3549 495; x_wconf 79' lang='lat'><strong>270</strong></span> 
     </span>
    </p>
   </div>
   <div class='ocr_carea' id='block_1_4' title="bbox 256 561 3547 633">
    <p class='ocr_par' dir='ltr' id='par_1_4' title="bbox 256 561 3547 633">
     <span class='ocr_line' id='line_1_4' title="bbox 256 561 3547 633; baseline -0.001 -14"><span class='ocrx_word' id='word_1_7' title='bbox 256 565 323 619; x_wconf 87' lang='lat' dir='ltr'><strong>In</strong></span> <span class='ocrx_word' id='word_1_8' title='bbox 353 563 677 619; x_wconf 87' lang='lat' dir='ltr'><strong>Divionensi</strong></span> <span class='ocrx_word' id='word_1_9' title='bbox 708 563 777 619; x_wconf 88' lang='lat' dir='ltr'><strong>ad</strong></span> <span class='ocrx_word' id='word_1_10' title='bbox 803 564 1005 619; x_wconf 89' lang='lat' dir='ltr'><strong>dictum</strong></span> <span class='ocrx_word' id='word_1_11' title='bbox 1023 563 1165 617; x_wconf 88' lang='lat' dir='ltr'><strong>diem</strong></span> <span class='ocrx_word' id='word_1_12' title='bbox 1198 562 1298 617; x_wconf 91' lang='lat' dir='ltr'><strong>ista</strong></span> <span class='ocrx_word' id='word_1_13' title='bbox 1326 563 1559 618; x_wconf 84' lang='lat' dir='ltr'><strong>vidimus</strong></span> <span class='ocrx_word' id='word_1_14' title='bbox 1590 581 1604 617; x_wconf 91' lang='lat'><strong>:</strong></span> <span class='ocrx_word' id='word_1_15' title='bbox 1642 587 1665 611; x_wconf 73' lang='grc' dir='ltr'><em>υ</em></span> <span class='ocrx_word' id='word_1_16' title='bbox 1698 563 1849 619; x_wconf 87' lang='lat' dir='ltr'><strong>Ordo</strong></span> <span class='ocrx_word' id='word_1_17' title='bbox 1874 566 1927 626; x_wconf 89' lang='lat' dir='ltr'><strong>A</strong></span> <span class='ocrx_word' id='word_1_18' title='bbox 1959 569 2218 633; x_wconf 90' lang='lat' dir='ltr'><strong>acccepto</strong></span> <span class='ocrx_word' id='word_1_19' title='bbox 2269 561 2623 632; x_wconf 86' lang='lat' dir='ltr'><strong>Ultrajectino</strong></span> <span class='ocrx_word' id='word_1_20' title='bbox 2682 580 2783 617; x_wconf 78' lang='lat' dir='ltr'><strong>ms.</strong></span> <span class='ocrx_word' id='word_1_21' title='bbox 2843 562 3101 619; x_wconf 90' lang='lat' dir='ltr'><strong>ecclesia</strong></span> <span class='ocrx_word' id='word_1_22' title='bbox 3153 561 3217 617; x_wconf 92' lang='lat' dir='ltr'><strong>S.</strong></span> <span class='ocrx_word' id='word_1_23' title='bbox 3255 561 3547 618; x_wconf 90' lang='lat' dir='ltr'><strong>Salvatoris</strong></span> 
     </span>
    </p>
   </div>
   <div class='ocr_carea' id='block_1_5' title="bbox 263 652 1855 723">
    <p class='ocr_par' dir='ltr' id='par_1_5' title="bbox 263 652 1855 723">
     <span class='ocr_line' id='line_1_5' title="bbox 263 652 1855 723; baseline -0.001 -14"><span class='ocrx_word' id='word_1_24' title='bbox 263 652 650 709; x_wconf 89' lang='lat' dir='ltr'><strong>Cisterciensis</strong></span> <span class='ocrx_word' id='word_1_25' title='bbox 679 653 780 706; x_wconf 88' lang='lat' dir='ltr'><strong>sub</strong></span> <span class='ocrx_word' id='word_1_26' title='bbox 843 653 1044 707; x_wconf 78' lang='lat' dir='ltr'><strong>abbate</strong></span> <span class='ocrx_word' id='word_1_27' title='bbox 1088 652 1324 708; x_wconf 79' lang='lat' dir='ltr'><strong>Roberto</strong></span> <span class='ocrx_word' id='word_1_28' title='bbox 1368 652 1596 709; x_wconf 79' lang='lat' dir='ltr'><strong>feliciter</strong></span> <span class='ocrx_word' id='word_1_29' title='bbox 1632 653 1855 723; x_wconf 76' lang='lat' dir='ltr'><strong>incapit</strong></span> 
     </span>
    </p>
   </div>
   <div class='ocr_carea' id='block_1_6' title="bbox 245 741 1853 813">
    <p class='ocr_par' dir='ltr' id='par_1_6' title="bbox 245 741 1853 813">
     <span class='ocr_line' id='line_1_6' title="bbox 245 741 1853 813; baseline 0 -18"><span class='ocrx_word' id='word_1_30' title='bbox 245 756 395 797; x_wconf 84' lang='lat' dir='ltr'><strong>anno</strong></span> <span class='ocrx_word' id='word_1_31' title='bbox 449 742 607 797; x_wconf 69' lang='lat'><strong>1098.</strong></span> <span class='ocrx_word' id='word_1_32' title='bbox 655 742 926 797; x_wconf 82' lang='lat' dir='ltr'><strong>Robertus</strong></span> <span class='ocrx_word' id='word_1_33' title='bbox 983 742 1104 811; x_wconf 90' lang='lat' dir='ltr'><strong>ipse</strong></span> <span class='ocrx_word' id='word_1_34' title='bbox 1159 741 1356 795; x_wconf 91' lang='lat' dir='ltr'><strong>eodem</strong></span> <span class='ocrx_word' id='word_1_35' title='bbox 1387 741 1494 810; x_wconf 89' lang='lat' dir='ltr'><strong>die,</strong></span> <span class='ocrx_word' id='word_1_36' title='bbox 1525 742 1616 813; x_wconf 90' lang='lat' dir='ltr'><strong>qui</strong></span> <span class='ocrx_word' id='word_1_37' title='bbox 1660 750 1853 797; x_wconf 89' lang='lat' dir='ltr'><strong>sancto</strong></span> 
     </span>
    </p>
   </div>
   <div class='ocr_carea' id='block_1_7' title="bbox 251 837 1855 902">
    <p class='ocr_par' dir='ltr' id='par_1_7' title="bbox 251 837 1855 902">
     <span class='ocr_line' id='line_1_7' title="bbox 251 837 1855 902; baseline -0.001 -8"><span class='ocrx_word' id='word_1_38' title='bbox 251 839 419 895; x_wconf 90' lang='lat' dir='ltr'><strong>etiam</strong></span> <span class='ocrx_word' id='word_1_39' title='bbox 451 840 515 893; x_wconf 87' lang='lat' dir='ltr'><strong>P.</strong></span> <span class='ocrx_word' id='word_1_40' title='bbox 549 839 618 893; x_wconf 88' lang='lat' dir='ltr'><strong>N.</strong></span> <span class='ocrx_word' id='word_1_41' title='bbox 652 837 947 893; x_wconf 87' lang='lat' dir='ltr'><strong>Benedicto</strong></span> <span class='ocrx_word' id='word_1_42' title='bbox 976 852 1137 895; x_wconf 88' lang='lat' dir='ltr'><strong>sacer</strong></span> <span class='ocrx_word' id='word_1_43' title='bbox 1164 846 1264 902; x_wconf 90' lang='lat' dir='ltr'><strong>est,</strong></span> <span class='ocrx_word' id='word_1_44' title='bbox 1295 838 1635 893; x_wconf 82' lang='lat' dir='ltr'><strong>obdormivit</strong></span> <span class='ocrx_word' id='word_1_45' title='bbox 1664 838 1718 892; x_wconf 92' lang='lat' dir='ltr'><strong>in</strong></span> <span class='ocrx_word' id='word_1_46' title='bbox 1748 838 1855 893; x_wconf 92' lang='lat' dir='ltr'><strong>Do-</strong></span> 
     </span>
    </p>
   </div>
   <div class='ocr_carea' id='block_1_8' title="bbox 247 926 1850 995">
    <p class='ocr_par' dir='ltr' id='par_1_8' title="bbox 247 926 1850 995">
     <span class='ocr_line' id='line_1_8' title="bbox 247 926 1850 995; baseline -0.002 -13"><span class='ocrx_word' id='word_1_47' title='bbox 247 927 409 982; x_wconf 87' lang='lat' dir='ltr'><strong>mino</strong></span> <span class='ocrx_word' id='word_1_48' title='bbox 438 942 587 982; x_wconf 86' lang='lat' dir='ltr'><strong>anno</strong></span> <span class='ocrx_word' id='word_1_49' title='bbox 617 930 774 981; x_wconf 72' lang='lat'><strong>1108.</strong></span> <span class='ocrx_word' id='word_1_50' title='bbox 813 949 836 975; x_wconf 80' lang='grc' dir='ltr'>ιι</span> <span class='ocrx_word' id='word_1_51' title='bbox 874 926 1077 993; x_wconf 87' lang='lat' dir='ltr'><strong>Vitam,</strong></span> <span class='ocrx_word' id='word_1_52' title='bbox 1136 934 1193 980; x_wconf 92' lang='lat' dir='ltr'><strong>ut</strong></span> <span class='ocrx_word' id='word_1_53' title='bbox 1241 927 1650 981; x_wconf 82' lang='lat' dir='ltr'><strong>San-Marthani</strong></span> <span class='ocrx_word' id='word_1_54' title='bbox 1680 928 1850 995; x_wconf 90' lang='lat' dir='ltr'><strong>aiunt,</strong></span> 
     </span>
    </p>
   </div>
   <div class='ocr_carea' id='block_1_9' title="bbox 249 1015 1851 1087">
    <p class='ocr_par' dir='ltr' id='par_1_9' title="bbox 249 1015 1851 1087">
     <span class='ocr_line' id='line_1_9' title="bbox 249 1015 1851 1087; baseline -0.002 -16"><span class='ocrx_word' id='word_1_55' title='bbox 249 1015 460 1079; x_wconf 90' lang='lat' dir='ltr'><strong>Guido,</strong></span> <span class='ocrx_word' id='word_1_56' title='bbox 491 1015 701 1086; x_wconf 89' lang='lat' dir='ltr'><strong>primus</strong></span> <span class='ocrx_word' id='word_1_57' title='bbox 729 1015 1001 1086; x_wconf 57' lang='lat' dir='ltr'><strong>posticum</strong></span> <span class='ocrx_word' id='word_1_58' title='bbox 1020 1016 1249 1070; x_wconf 83' lang='lat' dir='ltr'><strong>Molismi</strong></span> <span class='ocrx_word' id='word_1_59' title='bbox 1277 1015 1447 1069; x_wconf 89' lang='lat' dir='ltr'><strong>abbas</strong></span> <span class='ocrx_word' id='word_1_60' title='bbox 1479 1015 1804 1087; x_wconf 84' lang='lat' dir='ltr'><strong>conscripsit</strong></span> <span class='ocrx_word' id='word_1_61' title='bbox 1838 1030 1851 1069; x_wconf 91' lang='lat'><strong>:</strong></span> 
     </span>
    </p>
   </div>
   <div class='ocr_carea' id='block_1_10' title="bbox 248 1110 1853 1182">
    <p class='ocr_par' dir='ltr' id='par_1_10' title="bbox 248 1110 1853 1182">
     <span class='ocr_line' id='line_1_10' title="bbox 248 1110 1853 1182; baseline 0 -15"><span class='ocrx_word' id='word_1_62' title='bbox 248 1112 417 1167; x_wconf 90' lang='lat' dir='ltr'><strong>aliam</strong></span> <span class='ocrx_word' id='word_1_63' title='bbox 446 1112 650 1167; x_wconf 87' lang='lat' dir='ltr'><strong>saculo</strong></span> <span class='ocrx_word' id='word_1_64' title='bbox 681 1111 1036 1175; x_wconf 89' lang='lat' dir='ltr'><strong>duodecimo,</strong></span> <span class='ocrx_word' id='word_1_65' title='bbox 1096 1119 1311 1165; x_wconf 85' lang='lat' dir='ltr'><strong>centum</strong></span> <span class='ocrx_word' id='word_1_66' title='bbox 1343 1110 1459 1166; x_wconf 89' lang='lat' dir='ltr'><strong>fere</strong></span> <span class='ocrx_word' id='word_1_67' title='bbox 1498 1120 1619 1182; x_wconf 88' lang='lat' dir='ltr'><strong>post</strong></span> <span class='ocrx_word' id='word_1_68' title='bbox 1648 1112 1705 1165; x_wconf 92' lang='lat' dir='ltr'><strong>S.</strong></span> <span class='ocrx_word' id='word_1_69' title='bbox 1737 1112 1853 1167; x_wconf 86' lang='lat' dir='ltr'><strong>Ro-</strong></span> 
     </span>
    </p>
   </div>
   <div class='ocr_carea' id='block_1_11' title="bbox 251 1199 1854 1271">
    <p class='ocr_par' dir='ltr' id='par_1_11' title="bbox 251 1199 1854 1271">
     <span class='ocr_line' id='line_1_11' title="bbox 251 1199 1854 1271; baseline -0.001 -16"><span class='ocrx_word' id='word_1_70' title='bbox 251 1199 389 1255; x_wconf 86' lang='lat' dir='ltr'><strong>berti</strong></span> <span class='ocrx_word' id='word_1_71' title='bbox 421 1208 653 1255; x_wconf 90' lang='lat' dir='ltr'><strong>mortem</strong></span> <span class='ocrx_word' id='word_1_72' title='bbox 688 1200 870 1266; x_wconf 91' lang='lat' dir='ltr'><strong>annis,</strong></span> <span class='ocrx_word' id='word_1_73' title='bbox 904 1199 1267 1253; x_wconf 82' lang='lat' dir='ltr'><strong>Molismensis</strong></span> <span class='ocrx_word' id='word_1_74' title='bbox 1297 1199 1519 1270; x_wconf 90' lang='lat' dir='ltr'><strong>quidam</strong></span> <span class='ocrx_word' id='word_1_75' title='bbox 1551 1215 1854 1271; x_wconf 85' lang='lat' dir='ltr'><strong>anonymus</strong></span> 
     </span>
    </p>
   </div>
   <div class='ocr_carea' id='block_1_12' title="bbox 250 1287 1852 1357">
    <p class='ocr_par' dir='ltr' id='par_1_12' title="bbox 250 1287 1852 1357">
     <span class='ocr_line' id='line_1_12' title="bbox 250 1287 1852 1357; baseline -0.001 -14"><span class='ocrx_word' id='word_1_76' title='bbox 250 1289 559 1343; x_wconf 75' lang='lat' dir='ltr'><strong>monachus</strong></span> <span class='ocrx_word' id='word_1_77' title='bbox 590 1288 806 1357; x_wconf 85' lang='lat' dir='ltr'><strong>scripsit</strong></span> <span class='ocrx_word' id='word_1_78' title='bbox 847 1303 921 1342; x_wconf 78' lang='lat' dir='ltr'><strong>ex</strong></span> <span class='ocrx_word' id='word_1_79' title='bbox 973 1287 1244 1355; x_wconf 86' lang='lat' dir='ltr'><strong>jussione,</strong></span> <span class='ocrx_word' id='word_1_80' title='bbox 1279 1292 1337 1342; x_wconf 93' lang='lat' dir='ltr'><strong>ut</strong></span> <span class='ocrx_word' id='word_1_81' title='bbox 1378 1287 1655 1357; x_wconf 84' lang='lat' dir='ltr'><strong>prafalur,</strong></span> <span class='ocrx_word' id='word_1_82' title='bbox 1694 1311 1716 1336; x_wconf 78' lang='grc' dir='ltr'>α</span> <span class='ocrx_word' id='word_1_83' title='bbox 1752 1287 1852 1343; x_wconf 90' lang='lat' dir='ltr'><strong>viri</strong></span> 
     </span>
    </p>
   </div>
   <div class='ocr_carea' id='block_1_13' title="bbox 246 1383 1845 1451">
    <p class='ocr_par' dir='ltr' id='par_1_13' title="bbox 246 1383 1845 1451">
     <span class='ocr_line' id='line_1_13' title="bbox 246 1383 1845 1451; baseline -0.005 -10"><span class='ocrx_word' id='word_1_84' title='bbox 246 1384 703 1441; x_wconf 83' lang='lat' dir='ltr'><strong>reverendissimi</strong></span> <span class='ocrx_word' id='word_1_85' title='bbox 736 1384 942 1438; x_wconf 79' lang='lat' dir='ltr'><strong>domini</strong></span> <span class='ocrx_word' id='word_1_86' title='bbox 959 1384 1163 1438; x_wconf 83' lang='lat' dir='ltr'><strong>Adonis</strong></span> <span class='ocrx_word' id='word_1_87' title='bbox 1180 1383 1543 1438; x_wconf 85' lang='lat' dir='ltr'><strong>Molismensis</strong></span> <span class='ocrx_word' id='word_1_88' title='bbox 1565 1384 1794 1451; x_wconf 85' lang='lat' dir='ltr'><strong>abbatis,</strong></span> <span class='ocrx_word' id='word_1_89' title='bbox 1824 1408 1845 1433; x_wconf 75' lang='grc' dir='ltr'><strong>ι)</strong></span> 
     </span>
    </p>
   </div>
   <div class='ocr_carea' id='block_1_14' title="bbox 254 1472 1854 1544">
    <p class='ocr_par' dir='ltr' id='par_1_14' title="bbox 254 1472 1854 1544">
     <span class='ocr_line' id='line_1_14' title="bbox 254 1472 1854 1544; baseline -0.001 -16"><span class='ocrx_word' id='word_1_90' title='bbox 254 1489 423 1544; x_wconf 75' lang='lat' dir='ltr'><strong>quem</strong></span> <span class='ocrx_word' id='word_1_91' title='bbox 452 1472 868 1527; x_wconf 81' lang='lat' dir='ltr'><strong>San-Marthani</strong></span> <span class='ocrx_word' id='word_1_92' title='bbox 921 1472 1123 1526; x_wconf 76' lang='lat' dir='ltr'><strong>docent</strong></span> <span class='ocrx_word' id='word_1_93' title='bbox 1175 1487 1319 1526; x_wconf 92' lang='lat' dir='ltr'><strong>anno</strong></span> <span class='ocrx_word' id='word_1_94' title='bbox 1364 1474 1502 1527; x_wconf 80' lang='lat' dir='ltr'><strong>H97</strong></span> <span class='ocrx_word' id='word_1_95' title='bbox 1543 1472 1767 1541; x_wconf 85' lang='lat' dir='ltr'><strong>obiisse,</strong></span> <span class='ocrx_word' id='word_1_96' title='bbox 1799 1479 1854 1527; x_wconf 89' lang='lat' dir='ltr'><strong>et</strong></span> 
     </span>
    </p>
   </div>
   <div class='ocr_carea' id='block_1_15' title="bbox 259 1560 1851 1631">
    <p class='ocr_par' dir='ltr' id='par_1_15' title="bbox 259 1560 1851 1631">
     <span class='ocr_line' id='line_1_15' title="bbox 259 1560 1851 1631; baseline -0.003 -11"><span class='ocrx_word' id='word_1_97' title='bbox 259 1563 507 1620; x_wconf 78' lang='lat' dir='ltr'><strong>Odoncm</strong></span> <span class='ocrx_word' id='word_1_98' title='bbox 525 1560 820 1631; x_wconf 89' lang='lat' dir='ltr'><strong>appellant.</strong></span> <span class='ocrx_word' id='word_1_99' title='bbox 842 1584 865 1608; x_wconf 71' lang='grc' dir='ltr'><strong><em>α</em></strong></span> <span class='ocrx_word' id='word_1_100' title='bbox 898 1561 1112 1614; x_wconf 86' lang='lat' dir='ltr'><strong>Nomen</strong></span> <span class='ocrx_word' id='word_1_101' title='bbox 1142 1576 1346 1626; x_wconf 90' lang='lat' dir='ltr'><strong>meum,</strong></span> <span class='ocrx_word' id='word_1_102' title='bbox 1365 1560 1805 1631; x_wconf 85' lang='lat' dir='ltr'><strong>inquit,subticui</strong></span> <span class='ocrx_word' id='word_1_103' title='bbox 1832 1581 1851 1616; x_wconf 90' lang='lat'><strong><em>:</em></strong></span> 
     </span>
    </p>
   </div>
   <div class='ocr_carea' id='block_1_16' title="bbox 245 1657 1852 1729">
    <p class='ocr_par' dir='ltr' id='par_1_16' title="bbox 245 1657 1852 1729">
     <span class='ocr_line' id='line_1_16' title="bbox 245 1657 1852 1729; baseline -0.001 -15"><span class='ocrx_word' id='word_1_104' title='bbox 245 1675 321 1714; x_wconf 92' lang='lat' dir='ltr'><strong>ne</strong></span> <span class='ocrx_word' id='word_1_105' title='bbox 353 1659 492 1715; x_wconf 85' lang='lat' dir='ltr'><strong>forte</strong></span> <span class='ocrx_word' id='word_1_106' title='bbox 518 1658 665 1729; x_wconf 86' lang='lat' dir='ltr'><strong>apud</strong></span> <span class='ocrx_word' id='word_1_107' title='bbox 720 1658 1005 1729; x_wconf 87' lang='lat' dir='ltr'><strong>imperitos</strong></span> <span class='ocrx_word' id='word_1_108' title='bbox 1060 1674 1198 1728; x_wconf 90' lang='lat' dir='ltr'><strong>opus</strong></span> <span class='ocrx_word' id='word_1_109' title='bbox 1228 1657 1404 1729; x_wconf 87' lang='lat' dir='ltr'><strong>ipsum</strong></span> <span class='ocrx_word' id='word_1_110' title='bbox 1459 1658 1765 1722; x_wconf 87' lang='lat' dir='ltr'><strong>vilesceret,</strong></span> <span class='ocrx_word' id='word_1_111' title='bbox 1805 1658 1852 1712; x_wconf 89' lang='lat' dir='ltr'><strong>si</strong></span> 
     </span>
    </p>
   </div>
   <div class='ocr_carea' id='block_1_17' title="bbox 252 1745 1851 1820">
    <p class='ocr_par' dir='ltr' id='par_1_17' title="bbox 252 1745 1851 1820">
     <span class='ocr_line' id='line_1_17' title="bbox 252 1745 1851 1820; baseline -0.001 -17"><span class='ocrx_word' id='word_1_112' title='bbox 252 1747 562 1820; x_wconf 73' lang='lat' dir='ltr'><strong>peccatoris</strong></span> <span class='ocrx_word' id='word_1_113' title='bbox 593 1762 805 1802; x_wconf 85' lang='lat' dir='ltr'><strong>nomen</strong></span> <span class='ocrx_word' id='word_1_114' title='bbox 861 1747 916 1800; x_wconf 91' lang='lat' dir='ltr'><strong>in</strong></span> <span class='ocrx_word' id='word_1_115' title='bbox 971 1747 1143 1816; x_wconf 89' lang='lat' dir='ltr'><strong>prima</strong></span> <span class='ocrx_word' id='word_1_116' title='bbox 1175 1745 1359 1801; x_wconf 90' lang='lat' dir='ltr'><strong>fronte</strong></span> <span class='ocrx_word' id='word_1_117' title='bbox 1402 1746 1588 1817; x_wconf 88' lang='lat' dir='ltr'><strong>operis</strong></span> <span class='ocrx_word' id='word_1_118' title='bbox 1615 1762 1851 1817; x_wconf 89' lang='lat' dir='ltr'><strong>appare-</strong></span> 
     </span>
    </p>
   </div>
   <div class='ocr_carea' id='block_1_18' title="bbox 252 1835 1845 1905">
    <p class='ocr_par' dir='ltr' id='par_1_18' title="bbox 252 1835 1845 1905">
     <span class='ocr_line' id='line_1_18' title="bbox 252 1835 1845 1905; baseline -0.001 -14"><span class='ocrx_word' id='word_1_119' title='bbox 252 1844 373 1893; x_wconf 85' lang='lat' dir='ltr'><strong>ret.</strong></span> <span class='ocrx_word' id='word_1_120' title='bbox 413 1860 436 1885; x_wconf 77' lang='grc'><strong>»</strong></span> <span class='ocrx_word' id='word_1_121' title='bbox 472 1836 621 1891; x_wconf 88' lang='lat' dir='ltr'><strong>Idem</strong></span> <span class='ocrx_word' id='word_1_122' title='bbox 653 1835 900 1891; x_wconf 81' lang='lat' dir='ltr'><strong>veritatis</strong></span> <span class='ocrx_word' id='word_1_123' title='bbox 928 1835 1165 1890; x_wconf 88' lang='lat' dir='ltr'><strong>studium</strong></span> <span class='ocrx_word' id='word_1_124' title='bbox 1205 1835 1365 1891; x_wconf 88' lang='lat' dir='ltr'><strong>unice</strong></span> <span class='ocrx_word' id='word_1_125' title='bbox 1400 1851 1520 1905; x_wconf 89' lang='lat' dir='ltr'><strong>pra</strong></span> <span class='ocrx_word' id='word_1_126' title='bbox 1557 1851 1617 1891; x_wconf 92' lang='lat' dir='ltr'><strong>se</strong></span> <span class='ocrx_word' id='word_1_127' title='bbox 1646 1835 1845 1901; x_wconf 84' lang='lat' dir='ltr'><strong>ferens,</strong></span> 
     </span>
    </p>
   </div>
   <div class='ocr_carea' id='block_1_19' title="bbox 1960 651 3548 724">
    <p class='ocr_par' dir='ltr' id='par_1_19' title="bbox 1960 651 3548 724">
     <span class='ocr_line' id='line_1_19' title="bbox 1960 651 3548 724; baseline -0.003 -15"><span class='ocrx_word' id='word_1_128' title='bbox 1960 654 2257 724; x_wconf 84' lang='lat' dir='ltr'><strong>ecgrapho,</strong></span> <span class='ocrx_word' id='word_1_129' title='bbox 2306 652 2468 723; x_wconf 81' lang='lat' dir='ltr'><strong>quale</strong></span> <span class='ocrx_word' id='word_1_130' title='bbox 2525 652 2687 707; x_wconf 89' lang='lat' dir='ltr'><strong>etiam</strong></span> <span class='ocrx_word' id='word_1_131' title='bbox 2743 667 2847 707; x_wconf 88' lang='lat' dir='ltr'><strong>nos</strong></span> <span class='ocrx_word' id='word_1_132' title='bbox 2900 652 3189 717; x_wconf 85' lang='lat' dir='ltr'><strong>habemus,</strong></span> <span class='ocrx_word' id='word_1_133' title='bbox 3221 666 3331 705; x_wconf 90' lang='lat' dir='ltr'><strong>non</strong></span> <span class='ocrx_word' id='word_1_134' title='bbox 3361 651 3548 706; x_wconf 89' lang='lat' dir='ltr'><strong>habuit</strong></span> 
     </span>
    </p>
   </div>
   <div class='ocr_carea' id='block_1_20' title="bbox 1959 738 3543 813">
    <p class='ocr_par' dir='ltr' id='par_1_20' title="bbox 1959 738 3543 813">
     <span class='ocr_line' id='line_1_20' title="bbox 1959 738 3543 813; baseline -0.003 -16"><span class='ocrx_word' id='word_1_135' title='bbox 1959 741 2270 813; x_wconf 80' lang='lat' dir='ltr'><strong>prologum,</strong></span> <span class='ocrx_word' id='word_1_136' title='bbox 2299 747 2488 811; x_wconf 87' lang='lat' dir='ltr'><strong>utpote</strong></span> <span class='ocrx_word' id='word_1_137' title='bbox 2516 740 2640 796; x_wconf 83' lang='lat' dir='ltr'><strong>istic</strong></span> <span class='ocrx_word' id='word_1_138' title='bbox 2686 738 3029 796; x_wconf 84' lang='lat' dir='ltr'><strong>deficientem</strong></span> <span class='ocrx_word' id='word_1_139' title='bbox 3063 755 3078 808; x_wconf 89' lang='lat'><strong>;</strong></span> <span class='ocrx_word' id='word_1_140' title='bbox 3128 747 3183 795; x_wconf 88' lang='lat' dir='ltr'><strong>et</strong></span> <span class='ocrx_word' id='word_1_141' title='bbox 3210 739 3411 811; x_wconf 81' lang='lat' dir='ltr'><strong>stylum</strong></span> <span class='ocrx_word' id='word_1_142' title='bbox 3448 739 3543 793; x_wconf 92' lang='lat' dir='ltr'><strong>ali-</strong></span> 
     </span>
    </p>
   </div>
   <div class='ocr_carea' id='block_1_21' title="bbox 1960 838 3545 910">
    <p class='ocr_par' dir='ltr' id='par_1_21' title="bbox 1960 838 3545 910">
     <span class='ocr_line' id='line_1_21' title="bbox 1960 838 3545 910; baseline 0.001 -17"><span class='ocrx_word' id='word_1_143' title='bbox 1960 838 2173 910; x_wconf 86' lang='lat' dir='ltr'><strong>quoties</strong></span> <span class='ocrx_word' id='word_1_144' title='bbox 2201 839 2445 906; x_wconf 82' lang='lat' dir='ltr'><strong>mutavit,</strong></span> <span class='ocrx_word' id='word_1_145' title='bbox 2495 838 2666 894; x_wconf 89' lang='lat' dir='ltr'><strong>verba</strong></span> <span class='ocrx_word' id='word_1_146' title='bbox 2709 839 2873 893; x_wconf 90' lang='lat' dir='ltr'><strong>etiam</strong></span> <span class='ocrx_word' id='word_1_147' title='bbox 2931 838 3131 909; x_wconf 87' lang='lat' dir='ltr'><strong>sapius</strong></span> <span class='ocrx_word' id='word_1_148' title='bbox 3175 839 3545 895; x_wconf 84' lang='lat' dir='ltr'><strong>contractiora</strong></span> 
     </span>
    </p>
   </div>
   <div class='ocr_carea' id='block_1_22' title="bbox 1959 926 3547 1000">
    <p class='ocr_par' dir='ltr' id='par_1_22' title="bbox 1959 926 3547 1000">
     <span class='ocr_line' id='line_1_22' title="bbox 1959 926 3547 1000; baseline 0.001 -18"><span class='ocrx_word' id='word_1_149' title='bbox 1959 935 2016 982; x_wconf 91' lang='lat' dir='ltr'><strong>ut</strong></span> <span class='ocrx_word' id='word_1_150' title='bbox 2045 926 2254 981; x_wconf 86' lang='lat' dir='ltr'><strong>invenit</strong></span> <span class='ocrx_word' id='word_1_151' title='bbox 2280 926 2360 981; x_wconf 90' lang='lat' dir='ltr'><strong>sic</strong></span> <span class='ocrx_word' id='word_1_152' title='bbox 2387 927 2648 983; x_wconf 88' lang='lat' dir='ltr'><strong>reddidit.</strong></span> <span class='ocrx_word' id='word_1_153' title='bbox 2672 927 2787 982; x_wconf 87' lang='lat' dir='ltr'><strong>Nos</strong></span> <span class='ocrx_word' id='word_1_154' title='bbox 2818 927 3090 1000; x_wconf 80' lang='lat' dir='ltr'><strong>integram</strong></span> <span class='ocrx_word' id='word_1_155' title='bbox 3118 926 3547 1000; x_wconf 85' lang='lat' dir='ltr'><strong>invariatamque</strong></span> 
     </span>
    </p>
   </div>
   <div class='ocr_carea' id='block_1_23' title="bbox 1959 1014 3548 1088">
    <p class='ocr_par' dir='ltr' id='par_1_23' title="bbox 1959 1014 3548 1088">
     <span class='ocr_line' id='line_1_23' title="bbox 1959 1014 3548 1088; baseline 0 -18"><span class='ocrx_word' id='word_1_156' title='bbox 1959 1015 2154 1070; x_wconf 86' lang='lat' dir='ltr'><strong>damus</strong></span> <span class='ocrx_word' id='word_1_157' title='bbox 2184 1031 2248 1069; x_wconf 89' lang='lat' dir='ltr'><strong>ex</strong></span> <span class='ocrx_word' id='word_1_158' title='bbox 2281 1030 2427 1085; x_wconf 80' lang='lat' dir='ltr'><strong>sape</strong></span> <span class='ocrx_word' id='word_1_159' title='bbox 2455 1015 2675 1069; x_wconf 87' lang='lat' dir='ltr'><strong>laudato</strong></span> <span class='ocrx_word' id='word_1_160' title='bbox 2733 1015 2926 1071; x_wconf 85' lang='lat' dir='ltr'><strong>codice</strong></span> <span class='ocrx_word' id='word_1_161' title='bbox 2970 1014 3272 1071; x_wconf 89' lang='lat' dir='ltr'><strong>Bodecensi</strong></span> <span class='ocrx_word' id='word_1_162' title='bbox 3306 1032 3318 1071; x_wconf 91' lang='lat'><strong>:</strong></span> <span class='ocrx_word' id='word_1_163' title='bbox 3353 1014 3409 1070; x_wconf 93' lang='lat' dir='ltr'><strong>in</strong></span> <span class='ocrx_word' id='word_1_164' title='bbox 3443 1031 3548 1088; x_wconf 89' lang='lat' dir='ltr'><strong>qua</strong></span> 
     </span>
    </p>
   </div>
   <div class='ocr_carea' id='block_1_24' title="bbox 1961 1111 3546 1182">
    <p class='ocr_par' dir='ltr' id='par_1_24' title="bbox 1961 1111 3546 1182">
     <span class='ocr_line' id='line_1_24' title="bbox 1961 1111 3546 1182; baseline 0 -17"><span class='ocrx_word' id='word_1_165' title='bbox 1961 1111 2220 1182; x_wconf 88' lang='lat' dir='ltr'><strong>quidquid</strong></span> <span class='ocrx_word' id='word_1_166' title='bbox 2275 1112 2456 1166; x_wconf 90' lang='lat' dir='ltr'><strong>minus</strong></span> <span class='ocrx_word' id='word_1_167' title='bbox 2514 1111 2807 1178; x_wconf 88' lang='lat' dir='ltr'><strong>sincerum,</strong></span> <span class='ocrx_word' id='word_1_168' title='bbox 2869 1128 2942 1167; x_wconf 80' lang='lat' dir='ltr'><strong>ex</strong></span> <span class='ocrx_word' id='word_1_169' title='bbox 2999 1111 3225 1167; x_wconf 89' lang='lat' dir='ltr'><strong>alienori</strong></span> <span class='ocrx_word' id='word_1_170' title='bbox 3271 1127 3305 1166; x_wconf 90' lang='lat' dir='ltr'><strong>a</strong></span> <span class='ocrx_word' id='word_1_171' title='bbox 3341 1111 3546 1168; x_wconf 89' lang='lat' dir='ltr'><strong>Cister-</strong></span> 
     </span>
    </p>
   </div>
   <div class='ocr_carea' id='block_1_25' title="bbox 1959 1199 3548 1271">
    <p class='ocr_par' dir='ltr' id='par_1_25' title="bbox 1959 1199 3548 1271">
     <span class='ocr_line' id='line_1_25' title="bbox 1959 1199 3548 1271; baseline 0 -17"><span class='ocrx_word' id='word_1_172' title='bbox 1959 1199 2239 1255; x_wconf 88' lang='lat' dir='ltr'><strong>ciensibus</strong></span> <span class='ocrx_word' id='word_1_173' title='bbox 2268 1200 2451 1253; x_wconf 90' lang='lat' dir='ltr'><strong>animo</strong></span> <span class='ocrx_word' id='word_1_174' title='bbox 2509 1199 2792 1271; x_wconf 85' lang='lat' dir='ltr'><strong>scriptum,</strong></span> <span class='ocrx_word' id='word_1_175' title='bbox 2846 1200 2902 1255; x_wconf 89' lang='lat' dir='ltr'><strong>id</strong></span> <span class='ocrx_word' id='word_1_176' title='bbox 2954 1200 3041 1255; x_wconf 88' lang='lat' dir='ltr'><strong>vel</strong></span> <span class='ocrx_word' id='word_1_177' title='bbox 3065 1200 3181 1269; x_wconf 89' lang='lat' dir='ltr'><strong>jam</strong></span> <span class='ocrx_word' id='word_1_178' title='bbox 3210 1199 3548 1255; x_wconf 81' lang='lat' dir='ltr'><strong>correximus</strong></span> 
     </span>
    </p>
   </div>
   <div class='ocr_carea' id='block_1_26' title="bbox 1959 1288 3549 1359">
    <p class='ocr_par' dir='ltr' id='par_1_26' title="bbox 1959 1288 3549 1359">
     <span class='ocr_line' id='line_1_26' title="bbox 1959 1288 3549 1359; baseline 0.001 -18"><span class='ocrx_word' id='word_1_179' title='bbox 1959 1288 2014 1341; x_wconf 91' lang='lat' dir='ltr'><strong>in</strong></span> <span class='ocrx_word' id='word_1_180' title='bbox 2038 1289 2141 1342; x_wconf 90' lang='lat' dir='ltr'><strong>hoc</strong></span> <span class='ocrx_word' id='word_1_181' title='bbox 2172 1289 2371 1357; x_wconf 85' lang='lat' dir='ltr'><strong>pravio</strong></span> <span class='ocrx_word' id='word_1_182' title='bbox 2402 1288 2815 1356; x_wconf 89' lang='lat' dir='ltr'><strong>commentario,</strong></span> <span class='ocrx_word' id='word_1_183' title='bbox 2869 1288 2955 1343; x_wconf 90' lang='lat' dir='ltr'><strong>vel</strong></span> <span class='ocrx_word' id='word_1_184' title='bbox 2996 1303 3161 1359; x_wconf 91' lang='lat' dir='ltr'><strong>porro</strong></span> <span class='ocrx_word' id='word_1_185' title='bbox 3191 1288 3244 1341; x_wconf 90' lang='lat' dir='ltr'><strong>in</strong></span> <span class='ocrx_word' id='word_1_186' title='bbox 3278 1288 3549 1345; x_wconf 90' lang='lat' dir='ltr'><strong>adnotatis</strong></span> 
     </span>
    </p>
   </div>
   <div class='ocr_carea' id='block_1_27' title="bbox 1960 1384 3551 1456">
    <p class='ocr_par' dir='ltr' id='par_1_27' title="bbox 1960 1384 3551 1456">
     <span class='ocr_line' id='line_1_27' title="bbox 1960 1384 3551 1456; baseline 0.001 -17"><span class='ocrx_word' id='word_1_187' title='bbox 1960 1386 2259 1439; x_wconf 87' lang='lat' dir='ltr'><strong>cavendum</strong></span> <span class='ocrx_word' id='word_1_188' title='bbox 2302 1384 2664 1440; x_wconf 89' lang='lat' dir='ltr'><strong>monebimus.</strong></span> <span class='ocrx_word' id='word_1_189' title='bbox 2708 1384 2875 1439; x_wconf 79' lang='lat' dir='ltr'><strong>Annis</strong></span> <span class='ocrx_word' id='word_1_190' title='bbox 2913 1394 3036 1456; x_wconf 91' lang='lat' dir='ltr'><strong>post</strong></span> <span class='ocrx_word' id='word_1_191' title='bbox 3073 1384 3280 1439; x_wconf 84' lang='lat' dir='ltr'><strong>Adonis</strong></span> <span class='ocrx_word' id='word_1_192' title='bbox 3320 1392 3551 1440; x_wconf 88' lang='lat' dir='ltr'><strong>mortem</strong></span> 
     </span>
    </p>
   </div>
   <div class='ocr_carea' id='block_1_28' title="bbox 1960 1472 3551 1543">
    <p class='ocr_par' dir='ltr' id='par_1_28' title="bbox 1960 1472 3551 1543">
     <span class='ocr_line' id='line_1_28' title="bbox 1960 1472 3551 1543; baseline 0.001 -17"><span class='ocrx_word' id='word_1_193' title='bbox 1960 1476 2048 1537; x_wconf 89' lang='lat'><strong>30,</strong></span> <span class='ocrx_word' id='word_1_194' title='bbox 2083 1474 2185 1526; x_wconf 89' lang='lat' dir='ltr'><strong>sub</strong></span> <span class='ocrx_word' id='word_1_195' title='bbox 2206 1472 2319 1528; x_wconf 89' lang='lat' dir='ltr'><strong>alio</strong></span> <span class='ocrx_word' id='word_1_196' title='bbox 2350 1473 2538 1528; x_wconf 79' lang='lat' dir='ltr'><strong>Adone</strong></span> <span class='ocrx_word' id='word_1_197' title='bbox 2569 1474 2684 1528; x_wconf 89' lang='lat' dir='ltr'><strong>sive</strong></span> <span class='ocrx_word' id='word_1_198' title='bbox 2714 1472 2927 1538; x_wconf 90' lang='lat' dir='ltr'><strong>Odone,</strong></span> <span class='ocrx_word' id='word_1_199' title='bbox 2961 1482 3139 1528; x_wconf 91' lang='lat' dir='ltr'><strong>actum</strong></span> <span class='ocrx_word' id='word_1_200' title='bbox 3170 1489 3270 1543; x_wconf 91' lang='lat' dir='ltr'><strong>pro</strong></span> <span class='ocrx_word' id='word_1_201' title='bbox 3292 1473 3551 1528; x_wconf 89' lang='lat' dir='ltr'><strong>obtinen-</strong></span> 
     </span>
    </p>
   </div>
   <div class='ocr_carea' id='block_1_29' title="bbox 1958 1561 3549 1633">
    <p class='ocr_par' dir='ltr' id='par_1_29' title="bbox 1958 1561 3549 1633">
     <span class='ocr_line' id='line_1_29' title="bbox 1958 1561 3549 1633; baseline 0.001 -18"><span class='ocrx_word' id='word_1_202' title='bbox 1958 1561 2030 1615; x_wconf 91' lang='lat' dir='ltr'><strong>da</strong></span> <span class='ocrx_word' id='word_1_203' title='bbox 2062 1561 2478 1617; x_wconf 88' lang='lat' dir='ltr'><strong>canonizatione</strong></span> <span class='ocrx_word' id='word_1_204' title='bbox 2506 1569 2608 1627; x_wconf 90' lang='lat' dir='ltr'><strong>est,</strong></span> <span class='ocrx_word' id='word_1_205' title='bbox 2631 1570 3027 1632; x_wconf 81' lang='lat' dir='ltr'><strong>peractumque</strong></span> <span class='ocrx_word' id='word_1_206' title='bbox 3048 1569 3106 1616; x_wconf 88' lang='lat' dir='ltr'><strong>ut</strong></span> <span class='ocrx_word' id='word_1_207' title='bbox 3137 1562 3408 1617; x_wconf 81' lang='lat' dir='ltr'><strong>diximus:</strong></span> <span class='ocrx_word' id='word_1_208' title='bbox 3443 1578 3549 1633; x_wconf 90' lang='lat' dir='ltr'><strong>qua</strong></span> 
     </span>
    </p>
   </div>
   <div class='ocr_carea' id='block_1_30' title="bbox 1959 1658 3550 1729">
    <p class='ocr_par' dir='ltr' id='par_1_30' title="bbox 1959 1658 3550 1729">
     <span class='ocr_line' id='line_1_30' title="bbox 1959 1658 3550 1729; baseline 0.001 -18"><span class='ocrx_word' id='word_1_209' title='bbox 1959 1658 2028 1713; x_wconf 91' lang='lat' dir='ltr'><strong>de</strong></span> <span class='ocrx_word' id='word_1_210' title='bbox 2056 1674 2113 1712; x_wconf 92' lang='lat' dir='ltr'><strong>re</strong></span> <span class='ocrx_word' id='word_1_211' title='bbox 2144 1667 2492 1713; x_wconf 86' lang='lat' dir='ltr'><strong>monumenta</strong></span> <span class='ocrx_word' id='word_1_212' title='bbox 2523 1664 2738 1713; x_wconf 83' lang='lat' dir='ltr'><strong>exstant</strong></span> <span class='ocrx_word' id='word_1_213' title='bbox 2768 1674 2802 1712; x_wconf 89' lang='lat' dir='ltr'><strong>a</strong></span> <span class='ocrx_word' id='word_1_214' title='bbox 2831 1658 3081 1729; x_wconf 90' lang='lat' dir='ltr'><strong>Philippo</strong></span> <span class='ocrx_word' id='word_1_215' title='bbox 3127 1658 3311 1713; x_wconf 88' lang='lat' dir='ltr'><strong>Labbe</strong></span> <span class='ocrx_word' id='word_1_216' title='bbox 3342 1659 3550 1713; x_wconf 87' lang='lat' dir='ltr'><strong>inserta</strong></span> 
     </span>
    </p>
   </div>
   <div class='ocr_carea' id='block_1_31' title="bbox 1958 1746 3546 1815">
    <p class='ocr_par' dir='ltr' id='par_1_31' title="bbox 1958 1746 3546 1815">
     <span class='ocr_line' id='line_1_31' title="bbox 1958 1746 3546 1815; baseline 0 -14"><span class='ocrx_word' id='word_1_217' title='bbox 1958 1746 2310 1801; x_wconf 89' lang='lat' dir='ltr'><strong>Bibliotheca</strong></span> <span class='ocrx_word' id='word_1_218' title='bbox 2340 1762 2480 1799; x_wconf 89' lang='lat' dir='ltr'><strong>mss.</strong></span> <span class='ocrx_word' id='word_1_219' title='bbox 2518 1754 2668 1802; x_wconf 89' lang='lat' dir='ltr'><strong>torno</strong></span> <span class='ocrx_word' id='word_1_220' title='bbox 2697 1747 2720 1801; x_wconf 88' lang='grc' dir='ltr'>Ι</span> <span class='ocrx_word' id='word_1_221' title='bbox 2745 1756 2797 1802; x_wconf 92' lang='lat' dir='ltr'><strong>et</strong></span> <span class='ocrx_word' id='word_1_222' title='bbox 2826 1746 2953 1801; x_wconf 92' lang='lat' dir='ltr'><strong>inde</strong></span> <span class='ocrx_word' id='word_1_223' title='bbox 2976 1748 3080 1803; x_wconf 89' lang='lat' dir='ltr'><strong>huc</strong></span> <span class='ocrx_word' id='word_1_224' title='bbox 3096 1746 3546 1815; x_wconf 82' lang='lat' dir='ltr'><strong>transcribenda;</strong></span> 
     </span>
    </p>
   </div>
   <div class='ocr_carea' id='block_1_32' title="bbox 1958 1831 3552 1905">
    <p class='ocr_par' dir='ltr' id='par_1_32' title="bbox 1958 1831 3552 1905">
     <span class='ocr_line' id='line_1_32' title="bbox 1958 1831 3552 1905; baseline 0.001 -16"><span class='ocrx_word' id='word_1_225' title='bbox 1958 1835 2017 1889; x_wconf 90' lang='lat' dir='ltr'><strong>in</strong></span> <span class='ocrx_word' id='word_1_226' title='bbox 2047 1835 2242 1905; x_wconf 90' lang='lat' dir='ltr'><strong>quibus</strong></span> <span class='ocrx_word' id='word_1_227' title='bbox 2270 1834 2370 1887; x_wconf 92' lang='lat' dir='ltr'><strong>sub</strong></span> <span class='ocrx_word' id='word_1_228' title='bbox 2392 1831 2552 1889; x_wconf 83' lang='lat' dir='ltr'><strong>ﬁnem</strong></span> <span class='ocrx_word' id='word_1_229' title='bbox 2577 1836 2645 1888; x_wconf 90' lang='lat' dir='ltr'><strong>sit</strong></span> <span class='ocrx_word' id='word_1_230' title='bbox 2669 1835 2878 1889; x_wconf 89' lang='lat' dir='ltr'><strong>mentio</strong></span> <span class='ocrx_word' id='word_1_231' title='bbox 2892 1835 3032 1890; x_wconf 82' lang='lat' dir='ltr'><strong>Vita</strong></span> <span class='ocrx_word' id='word_1_232' title='bbox 3062 1850 3095 1889; x_wconf 90' lang='lat' dir='ltr'><strong>a</strong></span> <span class='ocrx_word' id='word_1_233' title='bbox 3124 1834 3552 1891; x_wconf 83' lang='lat' dir='ltr'><strong>Molismensium</strong></span> 
     </span>
    </p>
   </div>
   <div class='ocr_carea' id='block_1_33' title="bbox 250 1922 3554 2006">
    <p class='ocr_par' dir='ltr' id='par_1_33' title="bbox 250 1922 3554 2006">
     <span class='ocr_line' id='line_1_33' title="bbox 250 1922 3554 2006; baseline 0 -19"><span class='ocrx_word' id='word_1_234' title='bbox 250 1948 361 1989; x_wconf 87' lang='lat' dir='ltr'><strong>non</strong></span> <span class='ocrx_word' id='word_1_235' title='bbox 393 1932 582 1987; x_wconf 90' lang='lat' dir='ltr'><strong>dubito</strong></span> <span class='ocrx_word' id='word_1_236' title='bbox 612 1931 741 2003; x_wconf 91' lang='lat' dir='ltr'><strong>quin</strong></span> <span class='ocrx_word' id='word_1_237' title='bbox 770 1931 949 2001; x_wconf 89' lang='lat' dir='ltr'><strong>ipsum</strong></span> <span class='ocrx_word' id='word_1_238' title='bbox 980 1931 1144 1985; x_wconf 84' lang='lat' dir='ltr'><strong>etiam</strong></span> <span class='ocrx_word' id='word_1_239' title='bbox 1177 1931 1486 1985; x_wconf 87' lang='lat' dir='ltr'><strong>adhibuerit</strong></span> <span class='ocrx_word' id='word_1_240' title='bbox 1521 1948 1534 1993; x_wconf 90' lang='lat'><strong>;</strong></span> <span class='ocrx_word' id='word_1_241' title='bbox 1570 1931 1843 1986; x_wconf 83' lang='lat' dir='ltr'><strong>fatendum</strong></span> <span class='ocrx_word' id='word_1_242' title='bbox 1874 1922 1927 1981; x_wconf 90' lang='lat' dir='ltr'><strong>B</strong></span> <span class='ocrx_word' id='word_1_243' title='bbox 1957 1932 2406 2004; x_wconf 86' lang='lat' dir='ltr'><strong>procuratoribus</strong></span> <span class='ocrx_word' id='word_1_244' title='bbox 2435 1930 2678 2003; x_wconf 85' lang='lat' dir='ltr'><strong>pontifici</strong></span> <span class='ocrx_word' id='word_1_245' title='bbox 2709 1932 3034 1987; x_wconf 84' lang='lat' dir='ltr'><strong>exhibenda</strong></span> <span class='ocrx_word' id='word_1_246' title='bbox 3068 1950 3083 1999; x_wconf 86' lang='lat'><strong>;</strong></span> <span class='ocrx_word' id='word_1_247' title='bbox 3116 1948 3238 2004; x_wconf 87' lang='lat' dir='ltr'><strong>qua</strong></span> <span class='ocrx_word' id='word_1_248' title='bbox 3267 1933 3396 2006; x_wconf 91' lang='lat' dir='ltr'><strong>quin</strong></span> <span class='ocrx_word' id='word_1_249' title='bbox 3429 1932 3554 2004; x_wconf 85' lang='lat' dir='ltr'><strong>ipsa</strong></span> 
     </span>
    </p>
   </div>
   <div class='ocr_carea' id='block_1_34' title="bbox 254 2019 1848 2089">
    <p class='ocr_par' dir='ltr' id='par_1_34' title="bbox 254 2019 1848 2089">
     <span class='ocr_line' id='line_1_34' title="bbox 254 2019 1848 2089; baseline -0.001 -13"><span class='ocrx_word' id='word_1_250' title='bbox 254 2029 341 2077; x_wconf 87' lang='lat' dir='ltr'><strong>est</strong></span> <span class='ocrx_word' id='word_1_251' title='bbox 368 2029 546 2076; x_wconf 89' lang='lat' dir='ltr'><strong>tamen</strong></span> <span class='ocrx_word' id='word_1_252' title='bbox 578 2036 612 2074; x_wconf 89' lang='lat' dir='ltr'><strong>a</strong></span> <span class='ocrx_word' id='word_1_253' title='bbox 642 2035 774 2075; x_wconf 91' lang='lat' dir='ltr'><strong>vero</strong></span> <span class='ocrx_word' id='word_1_254' title='bbox 829 2021 1123 2075; x_wconf 90' lang='lat' dir='ltr'><strong>abductum</strong></span> <span class='ocrx_word' id='word_1_255' title='bbox 1177 2020 1465 2089; x_wconf 88' lang='lat' dir='ltr'><strong>aliquoties</strong></span> <span class='ocrx_word' id='word_1_256' title='bbox 1497 2019 1684 2083; x_wconf 87' lang='lat' dir='ltr'><strong>fuisse,</strong></span> <span class='ocrx_word' id='word_1_257' title='bbox 1718 2020 1848 2074; x_wconf 92' lang='lat' dir='ltr'><strong>dum</strong></span> 
     </span>
    </p>
   </div>
   <div class='ocr_carea' id='block_1_35' title="bbox 254 2108 1852 2171">
    <p class='ocr_par' dir='ltr' id='par_1_35' title="bbox 254 2108 1852 2171">
     <span class='ocr_line' id='line_1_35' title="bbox 254 2108 1852 2171; baseline -0.003 -6"><span class='ocrx_word' id='word_1_258' title='bbox 254 2110 372 2166; x_wconf 95' lang='lat' dir='ltr'><strong>suis</strong></span> <span class='ocrx_word' id='word_1_259' title='bbox 393 2109 853 2171; x_wconf 83' lang='lat' dir='ltr'><strong>Molismensibus,</strong></span> <span class='ocrx_word' id='word_1_260' title='bbox 886 2124 954 2162; x_wconf 87' lang='lat' dir='ltr'><strong>ex</strong></span> <span class='ocrx_word' id='word_1_261' title='bbox 983 2108 1325 2163; x_wconf 87' lang='lat' dir='ltr'><strong>amulatione</strong></span> <span class='ocrx_word' id='word_1_262' title='bbox 1354 2109 1620 2162; x_wconf 89' lang='lat' dir='ltr'><strong>adversus</strong></span> <span class='ocrx_word' id='word_1_263' title='bbox 1646 2108 1852 2162; x_wconf 88' lang='lat' dir='ltr'><strong>Cister-</strong></span> 
     </span>
    </p>
   </div>
   <div class='ocr_carea' id='block_1_36' title="bbox 252 2196 1851 2266">
    <p class='ocr_par' dir='ltr' id='par_1_36' title="bbox 252 2196 1851 2266">
     <span class='ocr_line' id='line_1_36' title="bbox 252 2196 1851 2266; baseline -0.004 -11"><span class='ocrx_word' id='word_1_264' title='bbox 252 2199 474 2255; x_wconf 89' lang='lat' dir='ltr'><strong>cienses</strong></span> <span class='ocrx_word' id='word_1_265' title='bbox 503 2197 745 2252; x_wconf 89' lang='lat' dir='ltr'><strong>historia</strong></span> <span class='ocrx_word' id='word_1_266' title='bbox 790 2197 1078 2251; x_wconf 87' lang='lat' dir='ltr'><strong>veritatem</strong></span> <span class='ocrx_word' id='word_1_267' title='bbox 1109 2196 1251 2250; x_wconf 90' lang='lat' dir='ltr'><strong>haud</strong></span> <span class='ocrx_word' id='word_1_268' title='bbox 1283 2211 1474 2266; x_wconf 83' lang='lat' dir='ltr'><strong>parum</strong></span> <span class='ocrx_word' id='word_1_269' title='bbox 1503 2196 1851 2250; x_wconf 89' lang='lat' dir='ltr'><strong>obscuranti-</strong></span> 
     </span>
    </p>
   </div>
   <div class='ocr_carea' id='block_1_37' title="bbox 250 2292 1852 2363">
    <p class='ocr_par' dir='ltr' id='par_1_37' title="bbox 250 2292 1852 2363">
     <span class='ocr_line' id='line_1_37' title="bbox 250 2292 1852 2363; baseline -0.003 -12"><span class='ocrx_word' id='word_1_270' title='bbox 250 2297 378 2362; x_wconf 90' lang='lat' dir='ltr'><strong>bus,</strong></span> <span class='ocrx_word' id='word_1_271' title='bbox 409 2295 639 2350; x_wconf 89' lang='lat' dir='ltr'><strong>nimium</strong></span> <span class='ocrx_word' id='word_1_272' title='bbox 668 2295 925 2350; x_wconf 88' lang='lat' dir='ltr'><strong>credidit.</strong></span> <span class='ocrx_word' id='word_1_273' title='bbox 964 2294 1145 2349; x_wconf 87' lang='lat' dir='ltr'><strong>Sensit</strong></span> <span class='ocrx_word' id='word_1_274' title='bbox 1193 2295 1295 2348; x_wconf 91' lang='lat' dir='ltr'><strong>hoc</strong></span> <span class='ocrx_word' id='word_1_275' title='bbox 1343 2294 1570 2363; x_wconf 87' lang='lat' dir='ltr'><strong>primus,</strong></span> <span class='ocrx_word' id='word_1_276' title='bbox 1610 2292 1852 2346; x_wconf 84' lang='lat' dir='ltr'><strong>Joannes</strong></span> 
     </span>
    </p>
   </div>
   <div class='ocr_carea' id='block_1_38' title="bbox 250 2380 1849 2453">
    <p class='ocr_par' dir='ltr' id='par_1_38' title="bbox 250 2380 1849 2453">
     <span class='ocr_line' id='line_1_38' title="bbox 250 2380 1849 2453; baseline -0.004 -13"><span class='ocrx_word' id='word_1_277' title='bbox 250 2384 587 2441; x_wconf 87' lang='lat' dir='ltr'><strong>Grothusius</strong></span> <span class='ocrx_word' id='word_1_278' title='bbox 611 2392 799 2438; x_wconf 90' lang='lat' dir='ltr'><strong>noster</strong></span> <span class='ocrx_word' id='word_1_279' title='bbox 853 2384 959 2453; x_wconf 88' lang='lat' dir='ltr'><strong>pia</strong></span> <span class='ocrx_word' id='word_1_280' title='bbox 1004 2382 1298 2449; x_wconf 90' lang='lat' dir='ltr'><strong>memoria,</strong></span> <span class='ocrx_word' id='word_1_281' title='bbox 1332 2397 1454 2437; x_wconf 91' lang='lat' dir='ltr'><strong>cum</strong></span> <span class='ocrx_word' id='word_1_282' title='bbox 1489 2380 1760 2435; x_wconf 76' lang='lat' dir='ltr'><strong>Embrica</strong></span> <span class='ocrx_word' id='word_1_283' title='bbox 1794 2380 1849 2435; x_wconf 89' lang='lat' dir='ltr'><strong>in</strong></span> 
     </span>
    </p>
   </div>
   <div class='ocr_carea' id='block_1_39' title="bbox 250 2469 1851 2543">
    <p class='ocr_par' dir='ltr' id='par_1_39' title="bbox 250 2469 1851 2543">
     <span class='ocr_line' id='line_1_39' title="bbox 250 2469 1851 2543; baseline -0.005 -13"><span class='ocrx_word' id='word_1_284' title='bbox 250 2474 490 2543; x_wconf 82' lang='lat' dir='ltr'><strong>collegio</strong></span> <span class='ocrx_word' id='word_1_285' title='bbox 541 2481 728 2527; x_wconf 87' lang='lat' dir='ltr'><strong>nostro</strong></span> <span class='ocrx_word' id='word_1_286' title='bbox 802 2472 1103 2541; x_wconf 85' lang='lat' dir='ltr'><strong>reperisset</strong></span> <span class='ocrx_word' id='word_1_287' title='bbox 1158 2470 1408 2525; x_wconf 90' lang='lat' dir='ltr'><strong>codicem</strong></span> <span class='ocrx_word' id='word_1_288' title='bbox 1466 2469 1851 2524; x_wconf 87' lang='lat' dir='ltr'><strong>Cisterciensis</strong></span> 
     </span>
    </p>
   </div>
   <div class='ocr_carea' id='block_1_40' title="bbox 255 2567 1841 2639">
    <p class='ocr_par' dir='ltr' id='par_1_40' title="bbox 255 2567 1841 2639">
     <span class='ocr_line' id='line_1_40' title="bbox 255 2567 1841 2639; baseline -0.002 -13"><span class='ocrx_word' id='word_1_289' title='bbox 255 2572 499 2627; x_wconf 87' lang='lat' dir='ltr'><strong>historia</strong></span> <span class='ocrx_word' id='word_1_290' title='bbox 522 2572 618 2626; x_wconf 88' lang='lat' dir='ltr'><strong>Ms.</strong></span> <span class='ocrx_word' id='word_1_291' title='bbox 652 2585 796 2625; x_wconf 90' lang='lat' dir='ltr'><strong>anno</strong></span> <span class='ocrx_word' id='word_1_292' title='bbox 830 2568 984 2634; x_wconf 77' lang='lat'><strong>1638,</strong></span> <span class='ocrx_word' id='word_1_293' title='bbox 1026 2568 1313 2639; x_wconf 89' lang='lat' dir='ltr'><strong>ipsumque</strong></span> <span class='ocrx_word' id='word_1_294' title='bbox 1344 2576 1395 2621; x_wconf 88' lang='lat' dir='ltr'><strong>et</strong></span> <span class='ocrx_word' id='word_1_295' title='bbox 1435 2584 1496 2622; x_wconf 92' lang='lat' dir='ltr'><strong>ea</strong></span> <span class='ocrx_word' id='word_1_296' title='bbox 1529 2582 1656 2639; x_wconf 86' lang='lat' dir='ltr'><strong>qua</strong></span> <span class='ocrx_word' id='word_1_297' title='bbox 1687 2567 1744 2621; x_wconf 91' lang='lat' dir='ltr'><strong>in</strong></span> <span class='ocrx_word' id='word_1_298' title='bbox 1777 2568 1841 2623; x_wconf 89' lang='lat' dir='ltr'><strong>S.</strong></span> 
     </span>
    </p>
   </div>
   <div class='ocr_carea' id='block_1_41' title="bbox 255 2656 1847 2730">
    <p class='ocr_par' dir='ltr' id='par_1_41' title="bbox 255 2656 1847 2730">
     <span class='ocr_line' id='line_1_41' title="bbox 255 2656 1847 2730; baseline -0.004 -14"><span class='ocrx_word' id='word_1_299' title='bbox 255 2660 522 2716; x_wconf 86' lang='lat' dir='ltr'><strong>Bernardi</strong></span> <span class='ocrx_word' id='word_1_300' title='bbox 552 2658 803 2730; x_wconf 87' lang='lat' dir='ltr'><strong>Pctrique</strong></span> <span class='ocrx_word' id='word_1_301' title='bbox 826 2657 1164 2713; x_wconf 85' lang='lat' dir='ltr'><strong>Venerabilis</strong></span> <span class='ocrx_word' id='word_1_302' title='bbox 1191 2657 1453 2726; x_wconf 89' lang='lat' dir='ltr'><strong>operibus</strong></span> <span class='ocrx_word' id='word_1_303' title='bbox 1475 2656 1687 2728; x_wconf 75' lang='lat' dir='ltr'><strong>legerat</strong></span> <span class='ocrx_word' id='word_1_304' title='bbox 1712 2672 1847 2710; x_wconf 81' lang='lat' dir='ltr'><strong>con-</strong></span> 
     </span>
    </p>
   </div>
   <div class='ocr_carea' id='block_1_42' title="bbox 255 2744 1851 2819">
    <p class='ocr_par' dir='ltr' id='par_1_42' title="bbox 255 2744 1851 2819">
     <span class='ocr_line' id='line_1_42' title="bbox 255 2744 1851 2819; baseline -0.003 -15"><span class='ocrx_word' id='word_1_305' title='bbox 255 2748 479 2804; x_wconf 85' lang='lat' dir='ltr'><strong>tulisset</strong></span> <span class='ocrx_word' id='word_1_306' title='bbox 506 2763 633 2806; x_wconf 88' lang='lat' dir='ltr'><strong>cum</strong></span> <span class='ocrx_word' id='word_1_307' title='bbox 661 2748 781 2802; x_wconf 87' lang='lat' dir='ltr'><strong>Vita</strong></span> <span class='ocrx_word' id='word_1_308' title='bbox 807 2745 953 2819; x_wconf 90' lang='lat' dir='ltr'><strong>apud</strong></span> <span class='ocrx_word' id='word_1_309' title='bbox 981 2746 1201 2801; x_wconf 90' lang='lat' dir='ltr'><strong>Surium</strong></span> <span class='ocrx_word' id='word_1_310' title='bbox 1231 2745 1396 2801; x_wconf 90' lang='lat' dir='ltr'><strong>edita.</strong></span> <span class='ocrx_word' id='word_1_311' title='bbox 1417 2746 1481 2800; x_wconf 88' lang='lat' dir='ltr'><strong>Et</strong></span> <span class='ocrx_word' id='word_1_312' title='bbox 1510 2744 1596 2800; x_wconf 90' lang='lat' dir='ltr'><strong>hic</strong></span> <span class='ocrx_word' id='word_1_313' title='bbox 1629 2744 1851 2816; x_wconf 89' lang='lat' dir='ltr'><strong>quidem</strong></span> 
     </span>
    </p>
   </div>
   <div class='ocr_carea' id='block_1_43' title="bbox 1962 2020 3553 2091">
    <p class='ocr_par' dir='ltr' id='par_1_43' title="bbox 1962 2020 3553 2091">
     <span class='ocr_line' id='line_1_43' title="bbox 1962 2020 3553 2091; baseline 0.002 -17"><span class='ocrx_word' id='word_1_314' title='bbox 1962 2020 2030 2074; x_wconf 91' lang='lat' dir='ltr'><strong>sit</strong></span> <span class='ocrx_word' id='word_1_315' title='bbox 2061 2036 2221 2091; x_wconf 88' lang='lat' dir='ltr'><strong>quam</strong></span> <span class='ocrx_word' id='word_1_316' title='bbox 2254 2021 2485 2082; x_wconf 85' lang='lat' dir='ltr'><strong>edimus,</strong></span> <span class='ocrx_word' id='word_1_317' title='bbox 2519 2020 2613 2074; x_wconf 85' lang='lat' dir='ltr'><strong>vix</strong></span> <span class='ocrx_word' id='word_1_318' title='bbox 2642 2028 2819 2091; x_wconf 86' lang='lat' dir='ltr'><strong>potest</strong></span> <span class='ocrx_word' id='word_1_319' title='bbox 2849 2020 3024 2076; x_wconf 91' lang='lat' dir='ltr'><strong>videri</strong></span> <span class='ocrx_word' id='word_1_320' title='bbox 3051 2020 3302 2076; x_wconf 89' lang='lat' dir='ltr'><strong>dubium.</strong></span> <span class='ocrx_word' id='word_1_321' title='bbox 3354 2022 3431 2076; x_wconf 82' lang='lat' dir='ltr'><strong>Ex</strong></span> <span class='ocrx_word' id='word_1_322' title='bbox 3459 2037 3553 2077; x_wconf 90' lang='lat' dir='ltr'><strong>re-</strong></span> 
     </span>
    </p>
   </div>
   <div class='ocr_carea' id='block_1_44' title="bbox 1960 2108 3554 2180">
    <p class='ocr_par' dir='ltr' id='par_1_44' title="bbox 1960 2108 3554 2180">
     <span class='ocr_line' id='line_1_44' title="bbox 1960 2108 3554 2180; baseline -0.001 -16"><span class='ocrx_word' id='word_1_323' title='bbox 1960 2109 2292 2164; x_wconf 90' lang='lat' dir='ltr'><strong>centioribus</strong></span> <span class='ocrx_word' id='word_1_324' title='bbox 2328 2108 2505 2163; x_wconf 87' lang='lat' dir='ltr'><strong>Vitam</strong></span> <span class='ocrx_word' id='word_1_325' title='bbox 2536 2109 2807 2180; x_wconf 86' lang='lat' dir='ltr'><strong>scripsere</strong></span> <span class='ocrx_word' id='word_1_326' title='bbox 2854 2108 3086 2173; x_wconf 88' lang='lat' dir='ltr'><strong>Gallice,</strong></span> <span class='ocrx_word' id='word_1_327' title='bbox 3138 2109 3330 2164; x_wconf 88' lang='lat' dir='ltr'><strong>Simon</strong></span> <span class='ocrx_word' id='word_1_328' title='bbox 3356 2110 3554 2164; x_wconf 82' lang='lat' dir='ltr'><strong>Martia</strong></span> 
     </span>
    </p>
   </div>
   <div class='ocr_carea' id='block_1_45' title="bbox 1960 2204 3556 2276">
    <p class='ocr_par' dir='ltr' id='par_1_45' title="bbox 1960 2204 3556 2276">
     <span class='ocr_line' id='line_1_45' title="bbox 1960 2204 3556 2276; baseline 0 -16"><span class='ocrx_word' id='word_1_329' title='bbox 1960 2205 2172 2260; x_wconf 89' lang='lat' dir='ltr'><strong>ordinis</strong></span> <span class='ocrx_word' id='word_1_330' title='bbox 2222 2205 2567 2261; x_wconf 84' lang='lat' dir='ltr'><strong>Minimorum</strong></span> <span class='ocrx_word' id='word_1_331' title='bbox 2610 2206 2664 2259; x_wconf 91' lang='lat' dir='ltr'><strong>in</strong></span> <span class='ocrx_word' id='word_1_332' title='bbox 2696 2205 2946 2276; x_wconf 89' lang='lat' dir='ltr'><strong>Floripus</strong></span> <span class='ocrx_word' id='word_1_333' title='bbox 2977 2204 3302 2270; x_wconf 85' lang='lat' dir='ltr'><strong>solitudinis,</strong></span> <span class='ocrx_word' id='word_1_334' title='bbox 3334 2205 3556 2260; x_wconf 87' lang='lat' dir='ltr'><strong>Lusita-</strong></span> 
     </span>
    </p>
   </div>
   <div class='ocr_carea' id='block_1_46' title="bbox 1960 2293 3553 2365">
    <p class='ocr_par' dir='ltr' id='par_1_46' title="bbox 1960 2293 3553 2365">
     <span class='ocr_line' id='line_1_46' title="bbox 1960 2293 3553 2365; baseline 0.003 -17"><span class='ocrx_word' id='word_1_335' title='bbox 1960 2293 2081 2349; x_wconf 90' lang='lat' dir='ltr'><strong>nice</strong></span> <span class='ocrx_word' id='word_1_336' title='bbox 2130 2294 2440 2348; x_wconf 85' lang='lat' dir='ltr'><strong>Bernardus</strong></span> <span class='ocrx_word' id='word_1_337' title='bbox 2478 2294 2546 2349; x_wconf 90' lang='lat' dir='ltr'><strong>de</strong></span> <span class='ocrx_word' id='word_1_338' title='bbox 2604 2293 2749 2348; x_wconf 88' lang='lat' dir='ltr'><strong>Brito</strong></span> <span class='ocrx_word' id='word_1_339' title='bbox 2808 2293 2863 2347; x_wconf 92' lang='lat' dir='ltr'><strong>in</strong></span> <span class='ocrx_word' id='word_1_340' title='bbox 2903 2302 3057 2364; x_wconf 88' lang='lat' dir='ltr'><strong>parte</strong></span> <span class='ocrx_word' id='word_1_341' title='bbox 3086 2294 3265 2365; x_wconf 85' lang='lat' dir='ltr'><strong>prima</strong></span> <span class='ocrx_word' id='word_1_342' title='bbox 3303 2293 3553 2352; x_wconf 84' lang='lat' dir='ltr'><strong>Chronici</strong></span> 
     </span>
    </p>
   </div>
   <div class='ocr_carea' id='block_1_47' title="bbox 1960 2381 3555 2453">
    <p class='ocr_par' dir='ltr' id='par_1_47' title="bbox 1960 2381 3555 2453">
     <span class='ocr_line' id='line_1_47' title="bbox 1960 2381 3555 2453; baseline 0.001 -17"><span class='ocrx_word' id='word_1_343' title='bbox 1960 2381 2363 2448; x_wconf 85' lang='lat' dir='ltr'><strong>Cisterciensis,</strong></span> <span class='ocrx_word' id='word_1_344' title='bbox 2397 2382 2582 2437; x_wconf 87' lang='lat' dir='ltr'><strong>Latine</strong></span> <span class='ocrx_word' id='word_1_345' title='bbox 2610 2382 2928 2453; x_wconf 84' lang='lat' dir='ltr'><strong>Manriquez</strong></span> <span class='ocrx_word' id='word_1_346' title='bbox 2974 2382 3033 2436; x_wconf 90' lang='lat' dir='ltr'><strong>in</strong></span> <span class='ocrx_word' id='word_1_347' title='bbox 3064 2382 3371 2437; x_wconf 79' lang='lat' dir='ltr'><strong>Annalibus</strong></span> <span class='ocrx_word' id='word_1_348' title='bbox 3399 2384 3555 2452; x_wconf 86' lang='lat' dir='ltr'><strong>ejus-</strong></span> 
     </span>
    </p>
   </div>
   <div class='ocr_carea' id='block_1_48' title="bbox 1959 2469 3535 2542">
    <p class='ocr_par' dir='ltr' id='par_1_48' title="bbox 1959 2469 3535 2542">
     <span class='ocr_line' id='line_1_48' title="bbox 1959 2469 3535 2542; baseline 0 -17"><span class='ocrx_word' id='word_1_349' title='bbox 1959 2471 2087 2525; x_wconf 89' lang='lat' dir='ltr'><strong>dem</strong></span> <span class='ocrx_word' id='word_1_350' title='bbox 2116 2470 2343 2535; x_wconf 90' lang='lat' dir='ltr'><strong>ordinis,</strong></span> <span class='ocrx_word' id='word_1_351' title='bbox 2375 2479 2426 2526; x_wconf 88' lang='lat' dir='ltr'><strong>et</strong></span> <span class='ocrx_word' id='word_1_352' title='bbox 2455 2470 2877 2542; x_wconf 85' lang='lat' dir='ltr'><strong>Chrysostomus</strong></span> <span class='ocrx_word' id='word_1_353' title='bbox 2934 2469 3256 2542; x_wconf 88' lang='lat' dir='ltr'><strong>Henriquez,</strong></span> <span class='ocrx_word' id='word_1_354' title='bbox 3289 2470 3344 2524; x_wconf 91' lang='lat' dir='ltr'><strong>in</strong></span> <span class='ocrx_word' id='word_1_355' title='bbox 3368 2470 3535 2527; x_wconf 87' lang='lat' dir='ltr'><strong>fasci-</strong></span> 
     </span>
    </p>
   </div>
   <div class='ocr_carea' id='block_1_49' title="bbox 1960 2567 3554 2639">
    <p class='ocr_par' dir='ltr' id='par_1_49' title="bbox 1960 2567 3554 2639">
     <span class='ocr_line' id='line_1_49' title="bbox 1960 2567 3554 2639; baseline 0.001 -18"><span class='ocrx_word' id='word_1_356' title='bbox 1960 2568 2085 2622; x_wconf 87' lang='lat' dir='ltr'><strong>culo</strong></span> <span class='ocrx_word' id='word_1_357' title='bbox 2118 2568 2474 2623; x_wconf 87' lang='lat' dir='ltr'><strong>Sanctorum.</strong></span> <span class='ocrx_word' id='word_1_358' title='bbox 2512 2569 2701 2623; x_wconf 87' lang='lat' dir='ltr'><strong>Exstat</strong></span> <span class='ocrx_word' id='word_1_359' title='bbox 2731 2568 2889 2622; x_wconf 90' lang='lat' dir='ltr'><strong>etiam</strong></span> <span class='ocrx_word' id='word_1_360' title='bbox 2936 2567 2992 2622; x_wconf 95' lang='lat' dir='ltr'><strong>in</strong></span> <span class='ocrx_word' id='word_1_361' title='bbox 3034 2567 3291 2639; x_wconf 83' lang='lat' dir='ltr'><strong>Legenda</strong></span> <span class='ocrx_word' id='word_1_362' title='bbox 3322 2568 3554 2624; x_wconf 88' lang='lat' dir='ltr'><strong>Sancto-</strong></span> 
     </span>
    </p>
   </div>
   <div class='ocr_carea' id='block_1_50' title="bbox 1959 2655 3554 2726">
    <p class='ocr_par' dir='ltr' id='par_1_50' title="bbox 1959 2655 3554 2726">
     <span class='ocr_line' id='line_1_50' title="bbox 1959 2655 3554 2726; baseline 0 -15"><span class='ocrx_word' id='word_1_363' title='bbox 1959 2672 2078 2711; x_wconf 88' lang='lat' dir='ltr'><strong>rum</strong></span> <span class='ocrx_word' id='word_1_364' title='bbox 2110 2672 2311 2711; x_wconf 86' lang='lat' dir='ltr'><strong>excusa</strong></span> <span class='ocrx_word' id='word_1_365' title='bbox 2339 2656 2568 2712; x_wconf 90' lang='lat' dir='ltr'><strong>Lovanii</strong></span> <span class='ocrx_word' id='word_1_366' title='bbox 2588 2672 2733 2711; x_wconf 91' lang='lat' dir='ltr'><strong>anno</strong></span> <span class='ocrx_word' id='word_1_367' title='bbox 2760 2658 2895 2710; x_wconf 79' lang='grc'><strong>1485</strong></span> <span class='ocrx_word' id='word_1_368' title='bbox 2924 2663 2979 2711; x_wconf 91' lang='lat' dir='ltr'><strong>et</strong></span> <span class='ocrx_word' id='word_1_369' title='bbox 3007 2671 3146 2711; x_wconf 90' lang='lat' dir='ltr'><strong>mss.</strong></span> <span class='ocrx_word' id='word_1_370' title='bbox 3184 2655 3554 2726; x_wconf 85' lang='lat' dir='ltr'><strong>Ultrajectinis</strong></span> 
     </span>
    </p>
   </div>
   <div class='ocr_carea' id='block_1_51' title="bbox 1964 2744 2898 2813">
    <p class='ocr_par' dir='ltr' id='par_1_51' title="bbox 1964 2744 2898 2813">
     <span class='ocr_line' id='line_1_51' title="bbox 1964 2744 2898 2813; baseline -0.002 -13"><span class='ocrx_word' id='word_1_371' title='bbox 1964 2745 2028 2800; x_wconf 92' lang='lat' dir='ltr'><strong>S.</strong></span> <span class='ocrx_word' id='word_1_372' title='bbox 2074 2745 2392 2813; x_wconf 89' lang='lat' dir='ltr'><strong>Salvatoris,</strong></span> <span class='ocrx_word' id='word_1_373' title='bbox 2426 2745 2522 2801; x_wconf 86' lang='lat' dir='ltr'><strong>sed</strong></span> <span class='ocrx_word' id='word_1_374' title='bbox 2553 2744 2898 2802; x_wconf 87' lang='lat' dir='ltr'><strong>contractior.</strong></span> 
     </span>
    </p>
   </div>
   <div class='ocr_carea' id='block_1_52' title="bbox 270 2950 3536 2981">
    <p class='ocr_par' dir='ltr' id='par_1_52' title="bbox 270 2950 3536 2981">
     <span class='ocr_line' id='line_1_52' title="bbox 270 2950 3536 2981; baseline -0.014 16"><span class='ocrx_word' id='word_1_375' title='bbox 270 2950 3536 2981; x_wconf 41' lang='grc' dir='ltr'><strong>ΜΨ.-</strong></span> <span class='ocrx_word' id='word_1_376' title='bbox 3141 2952 3191 2961; x_wconf 87' lang='grc'><strong>,,,</strong></span> 
     </span>
    </p>
   </div>
   <div class='ocr_carea' id='block_1_53' title="bbox 1102 3138 1812 3290">
    <p class='ocr_par' dir='ltr' id='par_1_53' title="bbox 1102 3138 1812 3290">
     <span class='ocr_line' id='line_1_53' title="bbox 1102 3138 1812 3290; baseline -0.004 -1"><span class='ocrx_word' id='word_1_377' title='bbox 1102 3141 1549 3289; x_wconf 87' lang='lat' dir='ltr'><strong>VITA</strong></span> <span class='ocrx_word' id='word_1_378' title='bbox 1670 3138 1812 3290; x_wconf 93' lang='lat' dir='ltr'><strong>S.</strong></span> 
     </span>
    </p>
   </div>
   <div class='ocr_carea' id='block_1_54' title="bbox 1945 3139 2749 3292">
    <p class='ocr_par' dir='ltr' id='par_1_54' title="bbox 1945 3139 2749 3292">
     <span class='ocr_line' id='line_1_54' title="bbox 1945 3139 2749 3292; baseline 0.004 -5"><span class='ocrx_word' id='word_1_379' title='bbox 1945 3139 2749 3292; x_wconf 81' lang='lat' dir='ltr'><strong>ROBERTI</strong></span> 
     </span>
    </p>
   </div>
   <div class='ocr_carea' id='block_1_55' title="bbox 276 3443 3548 3524">
    <p class='ocr_par' dir='ltr' id='par_1_55' title="bbox 276 3443 3548 3524">
     <span class='ocr_line' id='line_1_55' title="bbox 276 3443 3548 3524; baseline 0.001 -19"><span class='ocrx_word' id='word_1_380' title='bbox 276 3444 561 3524; x_wconf 79' lang='lat' dir='ltr'><strong>Auctore</strong></span> <span class='ocrx_word' id='word_1_381' title='bbox 606 3443 946 3509; x_wconf 87' lang='lat' dir='ltr'><strong>monacho</strong></span> <span class='ocrx_word' id='word_1_382' title='bbox 992 3443 1423 3510; x_wconf 89' lang='lat' dir='ltr'><strong>Molismensi</strong></span> <span class='ocrx_word' id='word_1_383' title='bbox 1477 3459 1817 3524; x_wconf 79' lang='lat' dir='ltr'><strong>anonymo</strong></span> <span class='ocrx_word' id='word_1_384' title='bbox 1866 3444 1996 3509; x_wconf 90' lang='lat' dir='ltr'><strong>sub</strong></span> <span class='ocrx_word' id='word_1_385' title='bbox 2039 3445 2279 3509; x_wconf 84' lang='lat' dir='ltr'><strong>Adone</strong></span> <span class='ocrx_word' id='word_1_386' title='bbox 2310 3444 2554 3512; x_wconf 89' lang='lat' dir='ltr'><strong>abbate</strong></span> <span class='ocrx_word' id='word_1_387' title='bbox 2583 3446 2832 3510; x_wconf 87' lang='lat' dir='ltr'><strong>saculo</strong></span> <span class='ocrx_word' id='word_1_388' title='bbox 2870 3462 2989 3521; x_wconf 82' lang='lat' dir='ltr'><strong>xu,</strong></span> <span class='ocrx_word' id='word_1_389' title='bbox 3043 3462 3131 3511; x_wconf 88' lang='lat' dir='ltr'><strong>ex</strong></span> <span class='ocrx_word' id='word_1_390' title='bbox 3157 3461 3287 3509; x_wconf 90' lang='lat' dir='ltr'><strong>ms.</strong></span> <span class='ocrx_word' id='word_1_391' title='bbox 3322 3443 3548 3511; x_wconf 89' lang='lat' dir='ltr'><strong>Bode-</strong></span> 
     </span>
    </p>
   </div>
   <div class='ocr_carea' id='block_1_56' title="bbox 415 3523 3377 3608">
    <p class='ocr_par' dir='ltr' id='par_1_56' title="bbox 415 3523 3377 3608">
     <span class='ocr_line' id='line_1_56' title="bbox 415 3523 3377 3608; baseline 0 -21"><span class='ocrx_word' id='word_1_392' title='bbox 415 3523 693 3588; x_wconf 89' lang='lat' dir='ltr'><strong>decensi</strong></span> <span class='ocrx_word' id='word_1_393' title='bbox 736 3529 929 3589; x_wconf 90' lang='lat' dir='ltr'><strong>eruta</strong></span> <span class='ocrx_word' id='word_1_394' title='bbox 958 3541 998 3589; x_wconf 89' lang='lat' dir='ltr'><strong>a</strong></span> <span class='ocrx_word' id='word_1_395' title='bbox 1024 3524 1292 3590; x_wconf 83' lang='lat' dir='ltr'><strong>Joanne</strong></span> <span class='ocrx_word' id='word_1_396' title='bbox 1324 3524 1619 3588; x_wconf 88' lang='lat' dir='ltr'><strong>Gamans</strong></span> <span class='ocrx_word' id='word_1_397' title='bbox 1650 3523 1725 3586; x_wconf 83' lang='lat' dir='ltr'><strong>S.</strong></span> <span class='ocrx_word' id='word_1_398' title='bbox 1764 3527 1854 3601; x_wconf 87' lang='lat' dir='ltr'><strong>J.,</strong></span> <span class='ocrx_word' id='word_1_399' title='bbox 1887 3525 2137 3589; x_wconf 85' lang='lat' dir='ltr'><strong>collata</strong></span> <span class='ocrx_word' id='word_1_400' title='bbox 2167 3542 2326 3590; x_wconf 89' lang='lat' dir='ltr'><strong>cum</strong></span> <span class='ocrx_word' id='word_1_401' title='bbox 2362 3542 2527 3590; x_wconf 87' lang='lat' dir='ltr'><strong>mss.</strong></span> <span class='ocrx_word' id='word_1_402' title='bbox 2570 3526 3021 3608; x_wconf 85' lang='lat' dir='ltr'><strong>Ultrajectino</strong></span> <span class='ocrx_word' id='word_1_403' title='bbox 3051 3529 3120 3590; x_wconf 90' lang='lat' dir='ltr'><strong>et</strong></span> <span class='ocrx_word' id='word_1_404' title='bbox 3150 3525 3377 3590; x_wconf 89' lang='lat' dir='ltr'><strong>Surio.</strong></span> 
     </span>
    </p>
   </div>
   <div class='ocr_carea' id='block_1_57' title="bbox 841 3895 1243 3953">
    <p class='ocr_par' dir='ltr' id='par_1_57' title="bbox 841 3895 1243 3953">
     <span class='ocr_line' id='line_1_57' title="bbox 841 3895 1243 3953; baseline 0.007 -3"><span class='ocrx_word' id='word_1_405' title='bbox 841 3895 1216 3953; x_wconf 82' lang='lat' dir='ltr'><strong>PROLOGUS</strong></span> <span class='ocrx_word' id='word_1_406' title='bbox 1229 3938 1243 3952; x_wconf 92' lang='lat'><strong>.</strong></span> 
     </span>
    </p>
   </div>
   <div class='ocr_carea' id='block_1_58' title="bbox 331 3990 1845 4068">
    <p class='ocr_par' dir='ltr' id='par_1_58' title="bbox 331 3990 1845 4068">
     <span class='ocr_line' id='line_1_58' title="bbox 331 3990 1845 4068; baseline 0.001 -21"><span class='ocrx_word' id='word_1_407' title='bbox 331 3996 387 4047; x_wconf 87' lang='grc'><strong>1.</strong></span> <span class='ocrx_word' id='word_1_408' title='bbox 427 3990 700 4062; x_wconf 88' lang='lat' dir='ltr'><strong>Quoniam</strong></span> <span class='ocrx_word' id='word_1_409' title='bbox 728 3992 854 4048; x_wconf 86' lang='lat' dir='ltr'><strong>Jesu</strong></span> <span class='ocrx_word' id='word_1_410' title='bbox 886 3994 1176 4049; x_wconf 89' lang='lat' dir='ltr'><strong>sacerdote</strong></span> <span class='ocrx_word' id='word_1_411' title='bbox 1213 4009 1413 4068; x_wconf 85' lang='lat' dir='ltr'><strong>magno</strong></span> <span class='ocrx_word' id='word_1_412' title='bbox 1442 4009 1540 4065; x_wconf 88' lang='lat' dir='ltr'><strong>per</strong></span> <span class='ocrx_word' id='word_1_413' title='bbox 1567 3991 1845 4065; x_wconf 84' lang='lat' dir='ltr'><strong>prOprium</strong></span> 
     </span>
    </p>
   </div>
   <div class='ocr_carea' id='block_1_59' title="bbox 262 4078 1850 4157">
    <p class='ocr_par' dir='ltr' id='par_1_59' title="bbox 262 4078 1850 4157">
     <span class='ocr_line' id='line_1_59' title="bbox 262 4078 1850 4157; baseline 0.001 -23"><span class='ocrx_word' id='word_1_414' title='bbox 262 4078 579 4153; x_wconf 80' lang='lat' dir='ltr'><strong>sanguinem</strong></span> <span class='ocrx_word' id='word_1_415' title='bbox 610 4081 663 4136; x_wconf 91' lang='lat' dir='ltr'><strong>in</strong></span> <span class='ocrx_word' id='word_1_416' title='bbox 694 4092 880 4137; x_wconf 89' lang='lat' dir='ltr'><strong>sancta</strong></span> <span class='ocrx_word' id='word_1_417' title='bbox 911 4083 1081 4137; x_wconf 90' lang='lat' dir='ltr'><strong>semel</strong></span> <span class='ocrx_word' id='word_1_418' title='bbox 1140 4083 1419 4157; x_wconf 82' lang='lat' dir='ltr'><strong>ingresso,</strong></span> <span class='ocrx_word' id='word_1_419' title='bbox 1454 4080 1734 4154; x_wconf 90' lang='lat' dir='ltr'><strong>propalata</strong></span> <span class='ocrx_word' id='word_1_420' title='bbox 1764 4088 1850 4136; x_wconf 87' lang='lat' dir='ltr'><strong>est</strong></span> 
     </span>
    </p>
   </div>
   <div class='ocr_carea' id='block_1_60' title="bbox 256 4169 1847 4243">
    <p class='ocr_par' dir='ltr' id='par_1_60' title="bbox 256 4169 1847 4243">
     <span class='ocr_line' id='line_1_60' title="bbox 256 4169 1847 4243; baseline 0 -17"><span class='ocrx_word' id='word_1_421' title='bbox 256 4169 343 4226; x_wconf 85' lang='lat' dir='ltr'><strong>via</strong></span> <span class='ocrx_word' id='word_1_422' title='bbox 372 4179 680 4226; x_wconf 89' lang='lat' dir='ltr'><strong>sanctorum</strong></span> <span class='ocrx_word' id='word_1_423' title='bbox 708 4189 722 4234; x_wconf 87' lang='lat'><strong>;</strong></span> <span class='ocrx_word' id='word_1_424' title='bbox 755 4186 939 4241; x_wconf 87' lang='lat' dir='ltr'><strong>opera</strong></span> <span class='ocrx_word' id='word_1_425' title='bbox 993 4172 1226 4243; x_wconf 88' lang='lat' dir='ltr'><strong>pretium</strong></span> <span class='ocrx_word' id='word_1_426' title='bbox 1287 4187 1410 4227; x_wconf 89' lang='lat' dir='ltr'><strong>reor</strong></span> <span class='ocrx_word' id='word_1_427' title='bbox 1435 4170 1596 4226; x_wconf 91' lang='lat' dir='ltr'><strong>vitam</strong></span> <span class='ocrx_word' id='word_1_428' title='bbox 1626 4170 1847 4226; x_wconf 90' lang='lat' dir='ltr'><strong>illorum</strong></span> 
     </span>
    </p>
   </div>
   <div class='ocr_carea' id='block_1_61' title="bbox 253 4267 1843 4341">
    <p class='ocr_par' dir='ltr' id='par_1_61' title="bbox 253 4267 1843 4341">
     <span class='ocr_line' id='line_1_61' title="bbox 253 4267 1843 4341; baseline 0.001 -20"><span class='ocrx_word' id='word_1_429' title='bbox 253 4282 547 4339; x_wconf 89' lang='lat' dir='ltr'><strong>moresque</strong></span> <span class='ocrx_word' id='word_1_430' title='bbox 596 4267 935 4330; x_wconf 82' lang='lat' dir='ltr'><strong>describere,</strong></span> <span class='ocrx_word' id='word_1_431' title='bbox 992 4268 1080 4341; x_wconf 91' lang='lat' dir='ltr'><strong>qui</strong></span> <span class='ocrx_word' id='word_1_432' title='bbox 1157 4268 1498 4324; x_wconf 81' lang='lat' dir='ltr'><strong>Salvatorem</strong></span> <span class='ocrx_word' id='word_1_433' title='bbox 1576 4276 1843 4333; x_wconf 90' lang='lat' dir='ltr'><strong>nostrum,</strong></span> 
     </span>
    </p>
   </div>
   <div class='ocr_carea' id='block_1_62' title="bbox 256 4354 1848 4430">
    <p class='ocr_par' dir='ltr' id='par_1_62' title="bbox 256 4354 1848 4430">
     <span class='ocr_line' id='line_1_62' title="bbox 256 4354 1848 4430; baseline 0 -20"><span class='ocrx_word' id='word_1_434' title='bbox 256 4364 517 4429; x_wconf 90' lang='lat' dir='ltr'><strong>quantum</strong></span> <span class='ocrx_word' id='word_1_435' title='bbox 548 4356 790 4427; x_wconf 89' lang='lat' dir='ltr'><strong>permisit</strong></span> <span class='ocrx_word' id='word_1_436' title='bbox 820 4357 1054 4410; x_wconf 89' lang='lat' dir='ltr'><strong>humana</strong></span> <span class='ocrx_word' id='word_1_437' title='bbox 1110 4354 1396 4430; x_wconf 75' lang='lat' dir='ltr'><strong>fragilitas,</strong></span> <span class='ocrx_word' id='word_1_438' title='bbox 1443 4355 1735 4422; x_wconf 85' lang='lat' dir='ltr'><strong>imitantes,</strong></span> <span class='ocrx_word' id='word_1_439' title='bbox 1765 4355 1848 4410; x_wconf 91' lang='lat' dir='ltr'><strong>in-</strong></span> 
     </span>
    </p>
   </div>
   <div class='ocr_carea' id='block_1_63' title="bbox 253 4444 1844 4516">
    <p class='ocr_par' dir='ltr' id='par_1_63' title="bbox 253 4444 1844 4516">
     <span class='ocr_line' id='line_1_63' title="bbox 253 4444 1844 4516; baseline 0 -17"><span class='ocrx_word' id='word_1_440' title='bbox 253 4452 334 4499; x_wconf 91' lang='lat' dir='ltr'><strong>ter</strong></span> <span class='ocrx_word' id='word_1_441' title='bbox 385 4445 655 4515; x_wconf 81' lang='lat' dir='ltr'><strong>procellas</strong></span> <span class='ocrx_word' id='word_1_442' title='bbox 703 4445 824 4500; x_wconf 88' lang='lat' dir='ltr'><strong>vita</strong></span> <span class='ocrx_word' id='word_1_443' title='bbox 877 4445 1187 4516; x_wconf 87' lang='lat' dir='ltr'><strong>prasentis,</strong></span> <span class='ocrx_word' id='word_1_444' title='bbox 1221 4447 1274 4500; x_wconf 91' lang='lat' dir='ltr'><strong>in</strong></span> <span class='ocrx_word' id='word_1_445' title='bbox 1307 4460 1483 4516; x_wconf 77' lang='lat' dir='ltr'><strong>agone</strong></span> <span class='ocrx_word' id='word_1_446' title='bbox 1535 4444 1844 4499; x_wconf 85' lang='lat' dir='ltr'><strong>certaminis</strong></span> 
     </span>
    </p>
   </div>
   <div class='ocr_carea' id='block_1_64' title="bbox 250 4541 1844 4615">
    <p class='ocr_par' dir='ltr' id='par_1_64' title="bbox 250 4541 1844 4615">
     <span class='ocr_line' id='line_1_64' title="bbox 250 4541 1844 4615; baseline -0.001 -18"><span class='ocrx_word' id='word_1_447' title='bbox 250 4542 458 4598; x_wconf 80' lang='lat' dir='ltr'><strong>fortiter</strong></span> <span class='ocrx_word' id='word_1_448' title='bbox 515 4543 888 4615; x_wconf 88' lang='lat' dir='ltr'><strong>perstiterunt,</strong></span> <span class='ocrx_word' id='word_1_449' title='bbox 949 4543 1223 4599; x_wconf 85' lang='lat' dir='ltr'><strong>Christum</strong></span> <span class='ocrx_word' id='word_1_450' title='bbox 1299 4544 1588 4599; x_wconf 89' lang='lat' dir='ltr'><strong>Dominum</strong></span> <span class='ocrx_word' id='word_1_451' title='bbox 1635 4542 1689 4596; x_wconf 93' lang='lat' dir='ltr'><strong>in</strong></span> <span class='ocrx_word' id='word_1_452' title='bbox 1730 4541 1844 4596; x_wconf 89' lang='lat' dir='ltr'><strong>suis</strong></span> 
     </span>
    </p>
   </div>
   <div class='ocr_carea' id='block_1_65' title="bbox 247 4629 1843 4704">
    <p class='ocr_par' dir='ltr' id='par_1_65' title="bbox 247 4629 1843 4704">
     <span class='ocr_line' id='line_1_65' title="bbox 247 4629 1843 4704; baseline -0.002 -16"><span class='ocrx_word' id='word_1_453' title='bbox 247 4631 565 4701; x_wconf 87' lang='lat' dir='ltr'><strong>corporibus</strong></span> <span class='ocrx_word' id='word_1_454' title='bbox 596 4629 973 4704; x_wconf 82' lang='lat' dir='ltr'><strong>gloriﬁcantes</strong></span> <span class='ocrx_word' id='word_1_455' title='bbox 1006 4641 1058 4686; x_wconf 89' lang='lat' dir='ltr'><strong>et</strong></span> <span class='ocrx_word' id='word_1_456' title='bbox 1110 4640 1403 4703; x_wconf 86' lang='lat' dir='ltr'><strong>portantes,</strong></span> <span class='ocrx_word' id='word_1_457' title='bbox 1462 4640 1513 4686; x_wconf 92' lang='lat' dir='ltr'><strong>et</strong></span> <span class='ocrx_word' id='word_1_458' title='bbox 1555 4646 1730 4701; x_wconf 87' lang='lat' dir='ltr'><strong>usque</strong></span> <span class='ocrx_word' id='word_1_459' title='bbox 1772 4631 1843 4685; x_wconf 89' lang='lat' dir='ltr'><strong>ad</strong></span> 
     </span>
    </p>
   </div>
   <div class='ocr_carea' id='block_1_66' title="bbox 249 4719 1843 4791">
    <p class='ocr_par' dir='ltr' id='par_1_66' title="bbox 249 4719 1843 4791">
     <span class='ocr_line' id='line_1_66' title="bbox 249 4719 1843 4791; baseline 0 -16"><span class='ocrx_word' id='word_1_460' title='bbox 249 4719 411 4776; x_wconf 83' lang='lat' dir='ltr'><strong>finem</strong></span> <span class='ocrx_word' id='word_1_461' title='bbox 446 4721 566 4774; x_wconf 85' lang='lat' dir='ltr'><strong>vita</strong></span> <span class='ocrx_word' id='word_1_462' title='bbox 590 4721 1031 4776; x_wconf 88' lang='lat' dir='ltr'><strong>constantissime</strong></span> <span class='ocrx_word' id='word_1_463' title='bbox 1053 4732 1440 4791; x_wconf 85' lang='lat' dir='ltr'><strong>permanentes</strong></span> <span class='ocrx_word' id='word_1_464' title='bbox 1469 4720 1521 4776; x_wconf 90' lang='lat' dir='ltr'><strong>in</strong></span> <span class='ocrx_word' id='word_1_465' title='bbox 1561 4720 1843 4791; x_wconf 89' lang='lat' dir='ltr'><strong>proposito</strong></span> 
     </span>
    </p>
   </div>
   <div class='ocr_carea' id='block_1_67' title="bbox 249 4817 1842 4891">
    <p class='ocr_par' dir='ltr' id='par_1_67' title="bbox 249 4817 1842 4891">
     <span class='ocr_line' id='line_1_67' title="bbox 249 4817 1842 4891; baseline -0.003 -16"><span class='ocrx_word' id='word_1_466' title='bbox 249 4820 576 4875; x_wconf 80' lang='lat' dir='ltr'><strong>sanctitatis.</strong></span> <span class='ocrx_word' id='word_1_467' title='bbox 619 4819 682 4872; x_wconf 82' lang='lat' dir='ltr'><strong>Hi</strong></span> <span class='ocrx_word' id='word_1_468' title='bbox 713 4818 861 4873; x_wconf 90' lang='lat' dir='ltr'><strong>enim</strong></span> <span class='ocrx_word' id='word_1_469' title='bbox 884 4828 1030 4886; x_wconf 88' lang='lat' dir='ltr'><strong>sunt,</strong></span> <span class='ocrx_word' id='word_1_470' title='bbox 1090 4821 1158 4877; x_wconf 75' lang='lat' dir='ltr'><strong>de</strong></span> <span class='ocrx_word' id='word_1_471' title='bbox 1216 4820 1414 4891; x_wconf 87' lang='lat' dir='ltr'><strong>quibus</strong></span> <span class='ocrx_word' id='word_1_472' title='bbox 1447 4820 1725 4890; x_wconf 86' lang='lat' dir='ltr'><strong>Scriptura</strong></span> <span class='ocrx_word' id='word_1_473' title='bbox 1753 4817 1842 4872; x_wconf 92' lang='lat' dir='ltr'><strong>lo-</strong></span> 
     </span>
    </p>
   </div>
   <div class='ocr_carea' id='block_1_68' title="bbox 250 4908 1838 4980">
    <p class='ocr_par' dir='ltr' id='par_1_68' title="bbox 250 4908 1838 4980">
     <span class='ocr_line' id='line_1_68' title="bbox 250 4908 1838 4980; baseline -0.003 -18"><span class='ocrx_word' id='word_1_474' title='bbox 250 4909 448 4980; x_wconf 89' lang='lat' dir='ltr'><strong>quitur,</strong></span> <span class='ocrx_word' id='word_1_475' title='bbox 486 4931 507 4956; x_wconf 84' lang='lat' dir='ltr'><strong>u</strong></span> <span class='ocrx_word' id='word_1_476' title='bbox 541 4908 819 4962; x_wconf 83' lang='lat' dir='ltr'><strong>Justorum</strong></span> <span class='ocrx_word' id='word_1_477' title='bbox 850 4908 1064 4972; x_wconf 85' lang='lat' dir='ltr'><strong>semita,</strong></span> <span class='ocrx_word' id='word_1_478' title='bbox 1116 4909 1270 4980; x_wconf 89' lang='lat' dir='ltr'><strong>quasi</strong></span> <span class='ocrx_word' id='word_1_479' title='bbox 1299 4909 1396 4963; x_wconf 80' lang='lat' dir='ltr'><strong>lux</strong></span> <span class='ocrx_word' id='word_1_480' title='bbox 1428 4908 1838 4979; x_wconf 87' lang='lat' dir='ltr'><strong>splendescens,</strong></span> 
     </span>
    </p>
   </div>
   <div class='ocr_carea' id='block_1_69' title="bbox 248 4997 1839 5068">
    <p class='ocr_par' dir='ltr' id='par_1_69' title="bbox 248 4997 1839 5068">
     <span class='ocr_line' id='line_1_69' title="bbox 248 4997 1839 5068; baseline -0.001 -15"><span class='ocrx_word' id='word_1_481' title='bbox 248 4997 447 5053; x_wconf 90' lang='lat' dir='ltr'><strong>crescit</strong></span> <span class='ocrx_word' id='word_1_482' title='bbox 476 5006 528 5052; x_wconf 90' lang='lat' dir='ltr'><strong>et</strong></span> <span class='ocrx_word' id='word_1_483' title='bbox 558 4997 773 5067; x_wconf 80' lang='lat' dir='ltr'><strong>proficit</strong></span> <span class='ocrx_word' id='word_1_484' title='bbox 821 5014 993 5068; x_wconf 89' lang='lat' dir='ltr'><strong>usque</strong></span> <span class='ocrx_word' id='word_1_485' title='bbox 1025 4997 1096 5051; x_wconf 90' lang='lat' dir='ltr'><strong>ad</strong></span> <span class='ocrx_word' id='word_1_486' title='bbox 1126 4997 1423 5067; x_wconf 81' lang='lat' dir='ltr'><strong>perfectum</strong></span> <span class='ocrx_word' id='word_1_487' title='bbox 1482 4997 1623 5052; x_wconf 90' lang='lat' dir='ltr'><strong>diem</strong></span> <span class='ocrx_word' id='word_1_488' title='bbox 1656 4997 1839 5067; x_wconf 88' lang='lat' dir='ltr'><strong>(Prov.</strong></span> 
     </span>
    </p>
   </div>
   <div class='ocr_carea' id='block_1_70' title="bbox 249 5091 1841 5167">
    <p class='ocr_par' dir='ltr' id='par_1_70' title="bbox 249 5091 1841 5167">
     <span class='ocr_line' id='line_1_70' title="bbox 249 5091 1841 5167; baseline -0.003 -17"><span class='ocrx_word' id='word_1_489' title='bbox 249 5095 351 5167; x_wconf 83' lang='lat' dir='ltr'><strong>tv).</strong></span> <span class='ocrx_word' id='word_1_490' title='bbox 397 5117 417 5141; x_wconf 73' lang='grc' dir='ltr'>η</span> <span class='ocrx_word' id='word_1_491' title='bbox 454 5093 520 5148; x_wconf 87' lang='lat' dir='ltr'><strong>Hi</strong></span> <span class='ocrx_word' id='word_1_492' title='bbox 550 5101 674 5147; x_wconf 90' lang='lat' dir='ltr'><strong>sunt</strong></span> <span class='ocrx_word' id='word_1_493' title='bbox 705 5092 897 5160; x_wconf 90' lang='lat' dir='ltr'><strong>stella,</strong></span> <span class='ocrx_word' id='word_1_494' title='bbox 930 5110 1065 5165; x_wconf 84' lang='lat' dir='ltr'><strong>quas</strong></span> <span class='ocrx_word' id='word_1_495' title='bbox 1089 5095 1364 5150; x_wconf 89' lang='lat' dir='ltr'><strong>constituit</strong></span> <span class='ocrx_word' id='word_1_496' title='bbox 1388 5110 1630 5149; x_wconf 89' lang='lat' dir='ltr'><strong>summus</strong></span> <span class='ocrx_word' id='word_1_497' title='bbox 1660 5091 1841 5162; x_wconf 88' lang='lat' dir='ltr'><strong>ponti-</strong></span> 
     </span>
    </p>
   </div>
   <div class='ocr_carea' id='block_1_71' title="bbox 250 5180 1839 5255">
    <p class='ocr_par' dir='ltr' id='par_1_71' title="bbox 250 5180 1839 5255">
     <span class='ocr_line' id='line_1_71' title="bbox 250 5180 1839 5255; baseline -0.003 -17"><span class='ocrx_word' id='word_1_498' title='bbox 250 5183 339 5238; x_wconf 85' lang='lat' dir='ltr'><strong>fex</strong></span> <span class='ocrx_word' id='word_1_499' title='bbox 370 5182 425 5236; x_wconf 91' lang='lat' dir='ltr'><strong>in</strong></span> <span class='ocrx_word' id='word_1_500' title='bbox 455 5180 720 5237; x_wconf 89' lang='lat' dir='ltr'><strong>Ecclesia</strong></span> <span class='ocrx_word' id='word_1_501' title='bbox 767 5180 1126 5251; x_wconf 83' lang='lat' dir='ltr'><strong>firmamento,</strong></span> <span class='ocrx_word' id='word_1_502' title='bbox 1178 5200 1407 5255; x_wconf 90' lang='lat' dir='ltr'><strong>quarum</strong></span> <span class='ocrx_word' id='word_1_503' title='bbox 1446 5182 1704 5254; x_wconf 89' lang='lat' dir='ltr'><strong>splendor</strong></span> <span class='ocrx_word' id='word_1_504' title='bbox 1732 5181 1839 5234; x_wconf 90' lang='lat' dir='ltr'><strong>hu-</strong></span> 
     </span>
    </p>
   </div>
   <div class='ocr_carea' id='block_1_72' title="bbox 1867 3897 3541 3973">
    <p class='ocr_par' dir='ltr' id='par_1_72' title="bbox 1867 3897 3541 3973">
     <span class='ocr_line' id='line_1_72' title="bbox 1867 3897 3541 3973; baseline 0.003 -21"><span class='ocrx_word' id='word_1_505' title='bbox 1867 3897 1917 3960; x_wconf 88' lang='lat' dir='ltr'>C</span> <span class='ocrx_word' id='word_1_506' title='bbox 1944 3906 2039 3953; x_wconf 87' lang='lat' dir='ltr'><strong>aut</strong></span> <span class='ocrx_word' id='word_1_507' title='bbox 2069 3898 2295 3956; x_wconf 87' lang='lat' dir='ltr'><strong>scientia</strong></span> <span class='ocrx_word' id='word_1_508' title='bbox 2323 3915 2679 3971; x_wconf 82' lang='lat' dir='ltr'><strong>prasumens,</strong></span> <span class='ocrx_word' id='word_1_509' title='bbox 2701 3899 2804 3957; x_wconf 88' lang='lat' dir='ltr'><strong>sed</strong></span> <span class='ocrx_word' id='word_1_510' title='bbox 2831 3897 3012 3970; x_wconf 89' lang='lat' dir='ltr'><strong>potius</strong></span> <span class='ocrx_word' id='word_1_511' title='bbox 3040 3898 3096 3955; x_wconf 88' lang='lat' dir='ltr'><strong>in</strong></span> <span class='ocrx_word' id='word_1_512' title='bbox 3124 3898 3220 3956; x_wconf 90' lang='lat' dir='ltr'><strong>illo</strong></span> <span class='ocrx_word' id='word_1_513' title='bbox 3237 3915 3394 3972; x_wconf 89' lang='lat' dir='ltr'><strong>spem</strong></span> <span class='ocrx_word' id='word_1_514' title='bbox 3422 3916 3541 3973; x_wconf 89' lang='lat' dir='ltr'><strong>pro-</strong></span> 
     </span>
    </p>
   </div>
   <div class='ocr_carea' id='block_1_73' title="bbox 1953 3986 3540 4061">
    <p class='ocr_par' dir='ltr' id='par_1_73' title="bbox 1953 3986 3540 4061">
     <span class='ocr_line' id='line_1_73' title="bbox 1953 3986 3540 4061; baseline 0.003 -20"><span class='ocrx_word' id='word_1_515' title='bbox 1953 3986 2129 4044; x_wconf 90' lang='lat' dir='ltr'><strong>fectus</strong></span> <span class='ocrx_word' id='word_1_516' title='bbox 2186 3990 2465 4060; x_wconf 63' lang='lat' dir='ltr'><strong>coeptique</strong></span> <span class='ocrx_word' id='word_1_517' title='bbox 2515 3990 2700 4061; x_wconf 88' lang='lat' dir='ltr'><strong>operis</strong></span> <span class='ocrx_word' id='word_1_518' title='bbox 2754 3990 3278 4045; x_wconf 85' lang='lat' dir='ltr'><strong>consummationem</strong></span> <span class='ocrx_word' id='word_1_519' title='bbox 3332 3990 3540 4055; x_wconf 78' lang='lat' dir='ltr'><strong>consti-</strong></span> 
     </span>
    </p>
   </div>
   <div class='ocr_carea' id='block_1_74' title="bbox 1955 4076 3541 4149">
    <p class='ocr_par' dir='ltr' id='par_1_74' title="bbox 1955 4076 3541 4149">
     <span class='ocr_line' id='line_1_74' title="bbox 1955 4076 3541 4149; baseline 0.003 -19"><span class='ocrx_word' id='word_1_520' title='bbox 1955 4082 2132 4141; x_wconf 90' lang='lat' dir='ltr'><strong>tuens,</strong></span> <span class='ocrx_word' id='word_1_521' title='bbox 2165 4076 2257 4149; x_wconf 88' lang='lat' dir='ltr'><strong>qui</strong></span> <span class='ocrx_word' id='word_1_522' title='bbox 2314 4077 2535 4149; x_wconf 83' lang='lat' dir='ltr'><strong>linguas</strong></span> <span class='ocrx_word' id='word_1_523' title='bbox 2591 4076 2880 4133; x_wconf 87' lang='lat' dir='ltr'><strong>infantium</strong></span> <span class='ocrx_word' id='word_1_524' title='bbox 2927 4077 3059 4135; x_wconf 84' lang='lat' dir='ltr'><strong>facit</strong></span> <span class='ocrx_word' id='word_1_525' title='bbox 3104 4078 3357 4146; x_wconf 88' lang='lat' dir='ltr'><strong>disertas,</strong></span> <span class='ocrx_word' id='word_1_526' title='bbox 3389 4087 3445 4135; x_wconf 88' lang='lat' dir='ltr'><strong>et</strong></span> <span class='ocrx_word' id='word_1_527' title='bbox 3472 4079 3541 4135; x_wconf 82' lang='lat' dir='ltr'><strong>ad</strong></span> 
     </span>
    </p>
   </div>
   <div class='ocr_carea' id='block_1_75' title="bbox 1954 4173 3542 4249">
    <p class='ocr_par' dir='ltr' id='par_1_75' title="bbox 1954 4173 3542 4249">
     <span class='ocr_line' id='line_1_75' title="bbox 1954 4173 3542 4249; baseline 0.003 -23"><span class='ocrx_word' id='word_1_528' title='bbox 1954 4173 2363 4244; x_wconf 89' lang='lat' dir='ltr'><strong>corripiendam</strong></span> <span class='ocrx_word' id='word_1_529' title='bbox 2412 4175 2694 4245; x_wconf 89' lang='lat' dir='ltr'><strong>propheta</strong></span> <span class='ocrx_word' id='word_1_530' title='bbox 2745 4176 3047 4243; x_wconf 90' lang='lat' dir='ltr'><strong>vesaniam,</strong></span> <span class='ocrx_word' id='word_1_531' title='bbox 3095 4177 3363 4249; x_wconf 87' lang='lat' dir='ltr'><strong>subjugali</strong></span> <span class='ocrx_word' id='word_1_532' title='bbox 3392 4184 3542 4232; x_wconf 89' lang='lat' dir='ltr'><strong>muto</strong></span> 
     </span>
    </p>
   </div>
   <div class='ocr_carea' id='block_1_76' title="bbox 1958 4263 3541 4336">
    <p class='ocr_par' dir='ltr' id='par_1_76' title="bbox 1958 4263 3541 4336">
     <span class='ocr_line' id='line_1_76' title="bbox 1958 4263 3541 4336; baseline 0.003 -20"><span class='ocrx_word' id='word_1_533' title='bbox 1958 4263 2232 4333; x_wconf 88' lang='lat' dir='ltr'><strong>quondam</strong></span> <span class='ocrx_word' id='word_1_534' title='bbox 2283 4263 2532 4319; x_wconf 84' lang='lat' dir='ltr'><strong>humana</strong></span> <span class='ocrx_word' id='word_1_535' title='bbox 2587 4263 2789 4336; x_wconf 83' lang='lat' dir='ltr'><strong>lingua</strong></span> <span class='ocrx_word' id='word_1_536' title='bbox 2842 4264 3033 4319; x_wconf 84' lang='lat' dir='ltr'><strong>tribuit</strong></span> <span class='ocrx_word' id='word_1_537' title='bbox 3079 4264 3412 4322; x_wconf 84' lang='lat' dir='ltr'><strong>facultatem.</strong></span> <span class='ocrx_word' id='word_1_538' title='bbox 3457 4266 3541 4321; x_wconf 77' lang='lat' dir='ltr'><strong>Ad</strong></span> 
     </span>
    </p>
   </div>
   <div class='ocr_carea' id='block_1_77' title="bbox 1955 4351 3546 4412">
    <p class='ocr_par' dir='ltr' id='par_1_77' title="bbox 1955 4351 3546 4412">
     <span class='ocr_line' id='line_1_77' title="bbox 1955 4351 3546 4412; baseline 0.004 -7"><span class='ocrx_word' id='word_1_539' title='bbox 1955 4352 2073 4406; x_wconf 82' lang='lat' dir='ltr'><strong>hac</strong></span> <span class='ocrx_word' id='word_1_540' title='bbox 2102 4352 2326 4407; x_wconf 83' lang='lat' dir='ltr'><strong>accessit</strong></span> <span class='ocrx_word' id='word_1_541' title='bbox 2359 4351 2459 4407; x_wconf 89' lang='lat' dir='ltr'><strong>viri</strong></span> <span class='ocrx_word' id='word_1_542' title='bbox 2491 4352 2934 4408; x_wconf 86' lang='lat' dir='ltr'><strong>reverendissimi</strong></span> <span class='ocrx_word' id='word_1_543' title='bbox 2964 4353 3167 4409; x_wconf 90' lang='lat' dir='ltr'><strong>domini</strong></span> <span class='ocrx_word' id='word_1_544' title='bbox 3196 4354 3402 4410; x_wconf 85' lang='lat' dir='ltr'><strong>Adonis</strong></span> <span class='ocrx_word' id='word_1_545' title='bbox 3431 4356 3546 4412; x_wconf 80' lang='lat' dir='ltr'><strong>Mo-</strong></span> 
     </span>
    </p>
   </div>
   <div class='ocr_carea' id='block_1_78' title="bbox 1956 4450 3545 4523">
    <p class='ocr_par' dir='ltr' id='par_1_78' title="bbox 1956 4450 3545 4523">
     <span class='ocr_line' id='line_1_78' title="bbox 1956 4450 3545 4523; baseline 0.004 -19"><span class='ocrx_word' id='word_1_546' title='bbox 1956 4450 2231 4506; x_wconf 85' lang='lat' dir='ltr'><strong>lismensis</strong></span> <span class='ocrx_word' id='word_1_547' title='bbox 2250 4451 2484 4518; x_wconf 90' lang='lat' dir='ltr'><strong>abbatis,</strong></span> <span class='ocrx_word' id='word_1_548' title='bbox 2510 4451 2709 4521; x_wconf 89' lang='lat' dir='ltr'><strong>jussio,</strong></span> <span class='ocrx_word' id='word_1_549' title='bbox 2739 4468 2841 4507; x_wconf 87' lang='lat' dir='ltr'><strong>nec</strong></span> <span class='ocrx_word' id='word_1_550' title='bbox 2869 4468 2979 4507; x_wconf 93' lang='lat' dir='ltr'><strong>non</strong></span> <span class='ocrx_word' id='word_1_551' title='bbox 3037 4461 3094 4508; x_wconf 89' lang='lat' dir='ltr'><strong>et</strong></span> <span class='ocrx_word' id='word_1_552' title='bbox 3138 4454 3358 4509; x_wconf 87' lang='lat' dir='ltr'><strong>fratrum</strong></span> <span class='ocrx_word' id='word_1_553' title='bbox 3387 4454 3545 4523; x_wconf 83' lang='lat' dir='ltr'><strong>ejus-</strong></span> 
     </span>
    </p>
   </div>
   <div class='ocr_carea' id='block_1_79' title="bbox 1953 4539 3543 4613">
    <p class='ocr_par' dir='ltr' id='par_1_79' title="bbox 1953 4539 3543 4613">
     <span class='ocr_line' id='line_1_79' title="bbox 1953 4539 3543 4613; baseline 0.002 -19"><span class='ocrx_word' id='word_1_554' title='bbox 1953 4540 2077 4595; x_wconf 92' lang='lat' dir='ltr'><strong>dem</strong></span> <span class='ocrx_word' id='word_1_555' title='bbox 2106 4539 2209 4594; x_wconf 91' lang='lat' dir='ltr'><strong>loci</strong></span> <span class='ocrx_word' id='word_1_556' title='bbox 2239 4540 2449 4595; x_wconf 89' lang='lat' dir='ltr'><strong>instans</strong></span> <span class='ocrx_word' id='word_1_557' title='bbox 2479 4548 2532 4594; x_wconf 91' lang='lat' dir='ltr'><strong>et</strong></span> <span class='ocrx_word' id='word_1_558' title='bbox 2569 4539 2766 4596; x_wconf 85' lang='lat' dir='ltr'><strong>devota</strong></span> <span class='ocrx_word' id='word_1_559' title='bbox 2804 4540 3122 4611; x_wconf 86' lang='lat' dir='ltr'><strong>postulatio,</strong></span> <span class='ocrx_word' id='word_1_560' title='bbox 3164 4542 3361 4613; x_wconf 91' lang='lat' dir='ltr'><strong>quibus</strong></span> <span class='ocrx_word' id='word_1_561' title='bbox 3397 4542 3543 4597; x_wconf 91' lang='lat' dir='ltr'><strong>indi—</strong></span> 
     </span>
    </p>
   </div>
   <div class='ocr_carea' id='block_1_80' title="bbox 1950 4624 3544 4698">
    <p class='ocr_par' dir='ltr' id='par_1_80' title="bbox 1950 4624 3544 4698">
     <span class='ocr_line' id='line_1_80' title="bbox 1950 4624 3544 4698; baseline 0.003 -20"><span class='ocrx_word' id='word_1_562' title='bbox 1950 4641 2119 4697; x_wconf 82' lang='lat' dir='ltr'><strong>gnum</strong></span> <span class='ocrx_word' id='word_1_563' title='bbox 2149 4641 2374 4696; x_wconf 84' lang='lat' dir='ltr'><strong>prorsus</strong></span> <span class='ocrx_word' id='word_1_564' title='bbox 2404 4624 2639 4680; x_wconf 90' lang='lat' dir='ltr'><strong>arbitror</strong></span> <span class='ocrx_word' id='word_1_565' title='bbox 2685 4625 2891 4696; x_wconf 91' lang='lat' dir='ltr'><strong>aliquid</strong></span> <span class='ocrx_word' id='word_1_566' title='bbox 2945 4625 3232 4697; x_wconf 83' lang='lat' dir='ltr'><strong>denegari.</strong></span> <span class='ocrx_word' id='word_1_567' title='bbox 3265 4627 3350 4683; x_wconf 87' lang='lat' dir='ltr'><strong>Ne</strong></span> <span class='ocrx_word' id='word_1_568' title='bbox 3377 4627 3544 4698; x_wconf 77' lang='lat' dir='ltr'><strong>igitur</strong></span> 
     </span>
    </p>
   </div>
   <div class='ocr_carea' id='block_1_81' title="bbox 1951 4721 3537 4792">
    <p class='ocr_par' dir='ltr' id='par_1_81' title="bbox 1951 4721 3537 4792">
     <span class='ocr_line' id='line_1_81' title="bbox 1951 4721 3537 4792; baseline 0.001 -15"><span class='ocrx_word' id='word_1_569' title='bbox 1951 4738 2137 4778; x_wconf 90' lang='lat' dir='ltr'><strong>coram</strong></span> <span class='ocrx_word' id='word_1_570' title='bbox 2196 4721 2428 4778; x_wconf 88' lang='lat' dir='ltr'><strong>Domino</strong></span> <span class='ocrx_word' id='word_1_571' title='bbox 2483 4737 2687 4778; x_wconf 83' lang='lat' dir='ltr'><strong>vacuus</strong></span> <span class='ocrx_word' id='word_1_572' title='bbox 2738 4737 3077 4792; x_wconf 85' lang='lat' dir='ltr'><strong>apparerem,</strong></span> <span class='ocrx_word' id='word_1_573' title='bbox 3121 4722 3249 4778; x_wconf 88' lang='lat' dir='ltr'><strong>licet</strong></span> <span class='ocrx_word' id='word_1_574' title='bbox 3295 4739 3401 4779; x_wconf 89' lang='lat' dir='ltr'><strong>non</strong></span> <span class='ocrx_word' id='word_1_575' title='bbox 3434 4726 3537 4779; x_wconf 88' lang='lat' dir='ltr'><strong>sim</strong></span> 
     </span>
    </p>
   </div>
   <div class='ocr_carea' id='block_1_82' title="bbox 1951 4810 3538 4882">
    <p class='ocr_par' dir='ltr' id='par_1_82' title="bbox 1951 4810 3538 4882">
     <span class='ocr_line' id='line_1_82' title="bbox 1951 4810 3538 4882; baseline 0.003 -18"><span class='ocrx_word' id='word_1_576' title='bbox 1951 4819 2114 4866; x_wconf 84' lang='lat' dir='ltr'><strong>tanta</strong></span> <span class='ocrx_word' id='word_1_577' title='bbox 2141 4811 2352 4865; x_wconf 91' lang='lat' dir='ltr'><strong>virtutis</strong></span> <span class='ocrx_word' id='word_1_578' title='bbox 2383 4817 2471 4865; x_wconf 89' lang='lat' dir='ltr'><strong>aut</strong></span> <span class='ocrx_word' id='word_1_579' title='bbox 2527 4810 2722 4877; x_wconf 86' lang='lat' dir='ltr'><strong>meriti,</strong></span> <span class='ocrx_word' id='word_1_580' title='bbox 2785 4818 2841 4865; x_wconf 91' lang='lat' dir='ltr'><strong>ut</strong></span> <span class='ocrx_word' id='word_1_581' title='bbox 2898 4827 3021 4867; x_wconf 89' lang='lat' dir='ltr'><strong>esse</strong></span> <span class='ocrx_word' id='word_1_582' title='bbox 3076 4812 3281 4882; x_wconf 90' lang='lat' dir='ltr'><strong>possim</strong></span> <span class='ocrx_word' id='word_1_583' title='bbox 3328 4812 3538 4868; x_wconf 82' lang='lat' dir='ltr'><strong>aliisin</strong></span> 
     </span>
    </p>
   </div>
   <div class='ocr_carea' id='block_1_83' title="bbox 1951 4908 3537 4980">
    <p class='ocr_par' dir='ltr' id='par_1_83' title="bbox 1951 4908 3537 4980">
     <span class='ocr_line' id='line_1_83' title="bbox 1951 4908 3537 4980; baseline 0.001 -16"><span class='ocrx_word' id='word_1_584' title='bbox 1951 4909 2287 4979; x_wconf 79' lang='lat' dir='ltr'><strong>exemplum,</strong></span> <span class='ocrx_word' id='word_1_585' title='bbox 2317 4909 2444 4967; x_wconf 85' lang='lat' dir='ltr'><strong>dedi</strong></span> <span class='ocrx_word' id='word_1_586' title='bbox 2476 4917 2656 4964; x_wconf 90' lang='lat' dir='ltr'><strong>tamen</strong></span> <span class='ocrx_word' id='word_1_587' title='bbox 2705 4923 2947 4978; x_wconf 86' lang='lat' dir='ltr'><strong>operam,</strong></span> <span class='ocrx_word' id='word_1_588' title='bbox 2979 4925 3050 4965; x_wconf 89' lang='lat' dir='ltr'><strong>ne</strong></span> <span class='ocrx_word' id='word_1_589' title='bbox 3078 4908 3158 4965; x_wconf 89' lang='lat' dir='ltr'><strong>eis</strong></span> <span class='ocrx_word' id='word_1_590' title='bbox 3186 4909 3402 4980; x_wconf 87' lang='lat' dir='ltr'><strong>penitus</strong></span> <span class='ocrx_word' id='word_1_591' title='bbox 3448 4910 3537 4966; x_wconf 88' lang='lat' dir='ltr'><strong>la-</strong></span> 
     </span>
    </p>
   </div>
   <div class='ocr_carea' id='block_1_84' title="bbox 1948 4997 3536 5070">
    <p class='ocr_par' dir='ltr' id='par_1_84' title="bbox 1948 4997 3536 5070">
     <span class='ocr_line' id='line_1_84' title="bbox 1948 4997 3536 5070; baseline 0.003 -17"><span class='ocrx_word' id='word_1_592' title='bbox 1948 5007 2079 5064; x_wconf 86' lang='lat' dir='ltr'><strong>teat,</strong></span> <span class='ocrx_word' id='word_1_593' title='bbox 2126 4997 2218 5070; x_wconf 90' lang='lat' dir='ltr'><strong>qui</strong></span> <span class='ocrx_word' id='word_1_594' title='bbox 2256 4998 2452 5053; x_wconf 87' lang='lat' dir='ltr'><strong>merito</strong></span> <span class='ocrx_word' id='word_1_595' title='bbox 2508 4997 2806 5053; x_wconf 89' lang='lat' dir='ltr'><strong>sanctitatis</strong></span> <span class='ocrx_word' id='word_1_596' title='bbox 2861 4998 3122 5054; x_wconf 82' lang='lat' dir='ltr'><strong>Ecclesia</strong></span> <span class='ocrx_word' id='word_1_597' title='bbox 3171 5008 3536 5057; x_wconf 86' lang='lat' dir='ltr'><strong>sacrosancta</strong></span> 
     </span>
    </p>
   </div>
   <div class='ocr_carea' id='block_1_85' title="bbox 1948 5085 3536 5158">
    <p class='ocr_par' dir='ltr' id='par_1_85' title="bbox 1948 5085 3536 5158">
     <span class='ocr_line' id='line_1_85' title="bbox 1948 5085 3536 5158; baseline 0.001 -16"><span class='ocrx_word' id='word_1_598' title='bbox 1948 5087 2109 5142; x_wconf 76' lang='lat' dir='ltr'><strong>datus</strong></span> <span class='ocrx_word' id='word_1_599' title='bbox 2140 5095 2223 5143; x_wconf 91' lang='lat' dir='ltr'><strong>est</strong></span> <span class='ocrx_word' id='word_1_600' title='bbox 2251 5087 2320 5143; x_wconf 86' lang='lat' dir='ltr'><strong>ad</strong></span> <span class='ocrx_word' id='word_1_601' title='bbox 2349 5095 2626 5142; x_wconf 90' lang='lat' dir='ltr'><strong>ornatum.</strong></span> <span class='ocrx_word' id='word_1_602' title='bbox 2659 5085 2870 5158; x_wconf 89' lang='lat' dir='ltr'><strong>Quique</strong></span> <span class='ocrx_word' id='word_1_603' title='bbox 2890 5086 3058 5157; x_wconf 79' lang='lat' dir='ltr'><strong>igitur</strong></span> <span class='ocrx_word' id='word_1_604' title='bbox 3084 5086 3258 5143; x_wconf 90' lang='lat' dir='ltr'><strong>lector</strong></span> <span class='ocrx_word' id='word_1_605' title='bbox 3285 5103 3536 5145; x_wconf 88' lang='lat' dir='ltr'><strong>accesse-</strong></span> 
     </span>
    </p>
   </div>
   <div class='ocr_carea' id='block_1_86' title="bbox 1947 5184 3533 5258">
    <p class='ocr_par' dir='ltr' id='par_1_86' title="bbox 1947 5184 3533 5258">
     <span class='ocr_line' id='line_1_86' title="bbox 1947 5184 3533 5258; baseline 0.002 -19"><span class='ocrx_word' id='word_1_606' title='bbox 1947 5184 2048 5250; x_wconf 88' lang='lat' dir='ltr'><strong>ris,</strong></span> <span class='ocrx_word' id='word_1_607' title='bbox 2081 5200 2282 5240; x_wconf 91' lang='lat' dir='ltr'><strong>nomen</strong></span> <span class='ocrx_word' id='word_1_608' title='bbox 2335 5200 2521 5256; x_wconf 81' lang='lat' dir='ltr'><strong>quaso</strong></span> <span class='ocrx_word' id='word_1_609' title='bbox 2578 5185 2856 5256; x_wconf 90' lang='lat' dir='ltr'><strong>scriptoris</strong></span> <span class='ocrx_word' id='word_1_610' title='bbox 2901 5184 2957 5239; x_wconf 91' lang='lat' dir='ltr'><strong>in</strong></span> <span class='ocrx_word' id='word_1_611' title='bbox 2987 5186 3090 5242; x_wconf 91' lang='lat' dir='ltr'><strong>hoc</strong></span> <span class='ocrx_word' id='word_1_612' title='bbox 3119 5201 3227 5241; x_wconf 89' lang='lat' dir='ltr'><strong>non</strong></span> <span class='ocrx_word' id='word_1_613' title='bbox 3265 5186 3533 5258; x_wconf 86' lang='lat' dir='ltr'><strong>requiras,</strong></span> 
     </span>
    </p>
   </div>
   <div class='ocr_carea' id='block_1_87' title="bbox 247 5260 3538 5346">
    <p class='ocr_par' dir='ltr' id='par_1_87' title="bbox 247 5260 3538 5346">
     <span class='ocr_line' id='line_1_87' title="bbox 247 5260 3538 5346; baseline 0.001 -20"><span class='ocrx_word' id='word_1_614' title='bbox 247 5286 420 5326; x_wconf 87' lang='lat' dir='ltr'><strong>mana</strong></span> <span class='ocrx_word' id='word_1_615' title='bbox 449 5270 775 5340; x_wconf 78' lang='lat' dir='ltr'><strong>ignorantia</strong></span> <span class='ocrx_word' id='word_1_616' title='bbox 828 5272 1083 5325; x_wconf 88' lang='lat' dir='ltr'><strong>tenebras</strong></span> <span class='ocrx_word' id='word_1_617' title='bbox 1149 5272 1341 5344; x_wconf 84' lang='lat' dir='ltr'><strong>abigit,</strong></span> <span class='ocrx_word' id='word_1_618' title='bbox 1375 5280 1427 5328; x_wconf 90' lang='lat' dir='ltr'><strong>et</strong></span> <span class='ocrx_word' id='word_1_619' title='bbox 1456 5268 1829 5326; x_wconf 89' lang='lat' dir='ltr'><strong>laborantibus</strong></span> <span class='ocrx_word' id='word_1_620' title='bbox 1863 5260 1920 5322; x_wconf 91' lang='lat' dir='ltr'><strong>D</strong></span> <span class='ocrx_word' id='word_1_621' title='bbox 1951 5273 2077 5344; x_wconf 88' lang='lat' dir='ltr'><strong>quia</strong></span> <span class='ocrx_word' id='word_1_622' title='bbox 2106 5272 2340 5345; x_wconf 79' lang='lat' dir='ltr'><strong>gloriam</strong></span> <span class='ocrx_word' id='word_1_623' title='bbox 2370 5273 2648 5328; x_wconf 87' lang='lat' dir='ltr'><strong>hominum</strong></span> <span class='ocrx_word' id='word_1_624' title='bbox 2700 5272 2913 5346; x_wconf 85' lang='lat' dir='ltr'><strong>fugiens</strong></span> <span class='ocrx_word' id='word_1_625' title='bbox 2963 5282 3017 5330; x_wconf 90' lang='lat' dir='ltr'><strong>et</strong></span> <span class='ocrx_word' id='word_1_626' title='bbox 3043 5290 3072 5328; x_wconf 89' lang='lat' dir='ltr'><strong>a</strong></span> <span class='ocrx_word' id='word_1_627' title='bbox 3102 5275 3217 5330; x_wconf 90' lang='lat' dir='ltr'><strong>Deo</strong></span> <span class='ocrx_word' id='word_1_628' title='bbox 3261 5275 3382 5330; x_wconf 86' lang='lat' dir='ltr'><strong>solo</strong></span> <span class='ocrx_word' id='word_1_629' title='bbox 3424 5274 3538 5330; x_wconf 86' lang='lat' dir='ltr'><strong>lau-</strong></span> 
     </span>
    </p>
   </div>
   <div class='ocr_carea' id='block_1_88' title="bbox 245 5364 1834 5440">
    <p class='ocr_par' dir='ltr' id='par_1_88' title="bbox 245 5364 1834 5440">
     <span class='ocr_line' id='line_1_88' title="bbox 245 5364 1834 5440; baseline -0.003 -17"><span class='ocrx_word' id='word_1_630' title='bbox 245 5368 297 5423; x_wconf 92' lang='lat' dir='ltr'><strong>in</strong></span> <span class='ocrx_word' id='word_1_631' title='bbox 353 5368 457 5422; x_wconf 87' lang='lat' dir='ltr'><strong>hoc</strong></span> <span class='ocrx_word' id='word_1_632' title='bbox 504 5367 643 5423; x_wconf 88' lang='lat' dir='ltr'><strong>mari</strong></span> <span class='ocrx_word' id='word_1_633' title='bbox 698 5383 897 5439; x_wconf 77' lang='lat' dir='ltr'><strong>magno</strong></span> <span class='ocrx_word' id='word_1_634' title='bbox 953 5376 1004 5423; x_wconf 91' lang='lat' dir='ltr'><strong>et</strong></span> <span class='ocrx_word' id='word_1_635' title='bbox 1070 5368 1317 5438; x_wconf 88' lang='lat' dir='ltr'><strong>spatioso</strong></span> <span class='ocrx_word' id='word_1_636' title='bbox 1374 5378 1589 5440; x_wconf 90' lang='lat' dir='ltr'><strong>portum</strong></span> <span class='ocrx_word' id='word_1_637' title='bbox 1644 5364 1834 5421; x_wconf 89' lang='lat' dir='ltr'><strong>salutis</strong></span> 
     </span>
    </p>
   </div>
   <div class='ocr_carea' id='block_1_89' title="bbox 245 5455 1835 5526">
    <p class='ocr_par' dir='ltr' id='par_1_89' title="bbox 245 5455 1835 5526">
     <span class='ocr_line' id='line_1_89' title="bbox 245 5455 1835 5526; baseline -0.003 -15"><span class='ocrx_word' id='word_1_638' title='bbox 245 5455 498 5518; x_wconf 91' lang='lat' dir='ltr'><strong>ostendit,</strong></span> <span class='ocrx_word' id='word_1_639' title='bbox 531 5456 672 5509; x_wconf 90' lang='lat' dir='ltr'><strong>inter</strong></span> <span class='ocrx_word' id='word_1_640' title='bbox 701 5471 840 5526; x_wconf 88' lang='lat' dir='ltr'><strong>quos</strong></span> <span class='ocrx_word' id='word_1_641' title='bbox 869 5455 1184 5525; x_wconf 85' lang='lat' dir='ltr'><strong>specialiter</strong></span> <span class='ocrx_word' id='word_1_642' title='bbox 1221 5455 1420 5511; x_wconf 72' lang='lat' dir='ltr'><strong>effulsit</strong></span> <span class='ocrx_word' id='word_1_643' title='bbox 1457 5458 1539 5512; x_wconf 89' lang='lat' dir='ltr'><strong>vir</strong></span> <span class='ocrx_word' id='word_1_644' title='bbox 1576 5457 1700 5511; x_wconf 82' lang='lat' dir='ltr'><strong>vita</strong></span> <span class='ocrx_word' id='word_1_645' title='bbox 1728 5467 1835 5507; x_wconf 84' lang='lat' dir='ltr'><strong>ve-</strong></span> 
     </span>
    </p>
   </div>
   <div class='ocr_carea' id='block_1_90' title="bbox 245 5543 1835 5616">
    <p class='ocr_par' dir='ltr' id='par_1_90' title="bbox 245 5543 1835 5616">
     <span class='ocr_line' id='line_1_90' title="bbox 245 5543 1835 5616; baseline 0 -17"><span class='ocrx_word' id='word_1_646' title='bbox 245 5544 509 5599; x_wconf 88' lang='lat' dir='ltr'><strong>nerabilis</strong></span> <span class='ocrx_word' id='word_1_647' title='bbox 567 5544 627 5597; x_wconf 87' lang='lat' dir='ltr'><strong>B.</strong></span> <span class='ocrx_word' id='word_1_648' title='bbox 686 5543 976 5608; x_wconf 83' lang='lat' dir='ltr'><strong>Robertus,</strong></span> <span class='ocrx_word' id='word_1_649' title='bbox 1024 5544 1391 5599; x_wconf 81' lang='lat' dir='ltr'><strong>Molisménsis</strong></span> <span class='ocrx_word' id='word_1_650' title='bbox 1426 5546 1688 5602; x_wconf 77' lang='lat' dir='ltr'><strong>Ecclesia</strong></span> <span class='ocrx_word' id='word_1_651' title='bbox 1716 5547 1835 5616; x_wconf 90' lang='lat' dir='ltr'><strong>pri-</strong></span> 
     </span>
    </p>
   </div>
   <div class='ocr_carea' id='block_1_91' title="bbox 246 5640 1837 5713">
    <p class='ocr_par' dir='ltr' id='par_1_91' title="bbox 246 5640 1837 5713">
     <span class='ocr_line' id='line_1_91' title="bbox 246 5640 1837 5713; baseline 0.003 -17"><span class='ocrx_word' id='word_1_652' title='bbox 246 5658 364 5696; x_wconf 89' lang='lat' dir='ltr'><strong>mus</strong></span> <span class='ocrx_word' id='word_1_653' title='bbox 421 5641 611 5704; x_wconf 86' lang='lat' dir='ltr'><strong>abbas,</strong></span> <span class='ocrx_word' id='word_1_654' title='bbox 670 5643 823 5709; x_wconf 88' lang='lat' dir='ltr'><strong>cujus</strong></span> <span class='ocrx_word' id='word_1_655' title='bbox 884 5640 1146 5696; x_wconf 89' lang='lat' dir='ltr'><strong>sanctitas</strong></span> <span class='ocrx_word' id='word_1_656' title='bbox 1202 5641 1468 5697; x_wconf 72' lang='lat' dir='ltr'><strong>defacata</strong></span> <span class='ocrx_word' id='word_1_657' title='bbox 1519 5652 1667 5698; x_wconf 88' lang='lat' dir='ltr'><strong>tanto</strong></span> <span class='ocrx_word' id='word_1_658' title='bbox 1709 5644 1837 5713; x_wconf 92' lang='lat' dir='ltr'><strong>jure</strong></span> 
     </span>
    </p>
   </div>
   <div class='ocr_carea' id='block_1_92' title="bbox 253 5729 1835 5802">
    <p class='ocr_par' dir='ltr' id='par_1_92' title="bbox 253 5729 1835 5802">
     <span class='ocr_line' id='line_1_92' title="bbox 253 5729 1835 5802; baseline 0.002 -19"><span class='ocrx_word' id='word_1_659' title='bbox 253 5729 546 5802; x_wconf 84' lang='lat' dir='ltr'><strong>gloriosior</strong></span> <span class='ocrx_word' id='word_1_660' title='bbox 577 5730 928 5798; x_wconf 83' lang='lat' dir='ltr'><strong>pradicatur,</strong></span> <span class='ocrx_word' id='word_1_661' title='bbox 970 5738 1173 5797; x_wconf 73' lang='lat' dir='ltr'><strong>quanto</strong></span> <span class='ocrx_word' id='word_1_662' title='bbox 1203 5729 1286 5782; x_wconf 79' lang='lat' dir='ltr'><strong>vix</strong></span> <span class='ocrx_word' id='word_1_663' title='bbox 1325 5730 1521 5799; x_wconf 77' lang='lat' dir='ltr'><strong>aliquis</strong></span> <span class='ocrx_word' id='word_1_664' title='bbox 1558 5732 1610 5784; x_wconf 93' lang='lat' dir='ltr'><strong>in</strong></span> <span class='ocrx_word' id='word_1_665' title='bbox 1642 5733 1835 5786; x_wconf 86' lang='lat' dir='ltr'><strong>diebus</strong></span> 
     </span>
    </p>
   </div>
   <div class='ocr_carea' id='block_1_93' title="bbox 254 5818 1832 5890">
    <p class='ocr_par' dir='ltr' id='par_1_93' title="bbox 254 5818 1832 5890">
     <span class='ocr_line' id='line_1_93' title="bbox 254 5818 1832 5890; baseline 0.001 -17"><span class='ocrx_word' id='word_1_666' title='bbox 254 5818 479 5881; x_wconf 85' lang='lat' dir='ltr'><strong>nostris,</strong></span> <span class='ocrx_word' id='word_1_667' title='bbox 512 5819 603 5887; x_wconf 88' lang='lat' dir='ltr'><strong>qui</strong></span> <span class='ocrx_word' id='word_1_668' title='bbox 627 5820 713 5872; x_wconf 86' lang='lat' dir='ltr'><strong>vel</strong></span> <span class='ocrx_word' id='word_1_669' title='bbox 746 5820 922 5872; x_wconf 89' lang='lat' dir='ltr'><strong>Deum</strong></span> <span class='ocrx_word' id='word_1_670' title='bbox 954 5818 1154 5882; x_wconf 88' lang='lat' dir='ltr'><strong>timeat,</strong></span> <span class='ocrx_word' id='word_1_671' title='bbox 1190 5818 1484 5871; x_wconf 86' lang='lat' dir='ltr'><strong>invenitur.</strong></span> <span class='ocrx_word' id='word_1_672' title='bbox 1526 5818 1697 5887; x_wconf 85' lang='lat' dir='ltr'><strong>Cujus</strong></span> <span class='ocrx_word' id='word_1_673' title='bbox 1728 5836 1832 5890; x_wconf 81' lang='lat' dir='ltr'><strong>ego</strong></span> 
     </span>
    </p>
   </div>
   <div class='ocr_carea' id='block_1_94' title="bbox 255 5904 1836 5977">
    <p class='ocr_par' dir='ltr' id='par_1_94' title="bbox 255 5904 1836 5977">
     <span class='ocr_line' id='line_1_94' title="bbox 255 5904 1836 5977; baseline 0.001 -15"><span class='ocrx_word' id='word_1_674' title='bbox 255 5906 417 5962; x_wconf 75' lang='lat' dir='ltr'><strong>vitam</strong></span> <span class='ocrx_word' id='word_1_675' title='bbox 446 5906 676 5961; x_wconf 85' lang='lat' dir='ltr'><strong>adorsus</strong></span> <span class='ocrx_word' id='word_1_676' title='bbox 731 5922 848 5961; x_wconf 88' lang='lat' dir='ltr'><strong>sum</strong></span> <span class='ocrx_word' id='word_1_677' title='bbox 907 5904 1167 5974; x_wconf 80' lang='lat' dir='ltr'><strong>scribere,</strong></span> <span class='ocrx_word' id='word_1_678' title='bbox 1199 5920 1309 5959; x_wconf 90' lang='lat' dir='ltr'><strong>non</strong></span> <span class='ocrx_word' id='word_1_679' title='bbox 1338 5905 1407 5960; x_wconf 90' lang='lat' dir='ltr'><strong>de</strong></span> <span class='ocrx_word' id='word_1_680' title='bbox 1438 5905 1661 5977; x_wconf 87' lang='lat' dir='ltr'><strong>ingenio</strong></span> <span class='ocrx_word' id='word_1_681' title='bbox 1711 5924 1836 5964; x_wconf 85' lang='lat' dir='ltr'><strong>meo</strong></span> 
     </span>
    </p>
   </div>
   <div class='ocr_carea' id='block_1_95' title="bbox 1944 5361 3532 5433">
    <p class='ocr_par' dir='ltr' id='par_1_95' title="bbox 1944 5361 3532 5433">
     <span class='ocr_line' id='line_1_95' title="bbox 1944 5361 3532 5433; baseline 0.001 -17"><span class='ocrx_word' id='word_1_682' title='bbox 1944 5361 2065 5416; x_wconf 88' lang='lat' dir='ltr'><strong>dari</strong></span> <span class='ocrx_word' id='word_1_683' title='bbox 2094 5377 2367 5432; x_wconf 88' lang='lat' dir='ltr'><strong>quarens,</strong></span> <span class='ocrx_word' id='word_1_684' title='bbox 2401 5361 2457 5417; x_wconf 91' lang='lat' dir='ltr'><strong>in</strong></span> <span class='ocrx_word' id='word_1_685' title='bbox 2488 5362 2594 5419; x_wconf 83' lang='lat' dir='ltr'><strong>hoc</strong></span> <span class='ocrx_word' id='word_1_686' title='bbox 2623 5378 2791 5433; x_wconf 85' lang='lat' dir='ltr'><strong>opere</strong></span> <span class='ocrx_word' id='word_1_687' title='bbox 2820 5379 3021 5419; x_wconf 89' lang='lat' dir='ltr'><strong>nomen</strong></span> <span class='ocrx_word' id='word_1_688' title='bbox 3067 5379 3247 5418; x_wconf 87' lang='lat' dir='ltr'><strong>meum</strong></span> <span class='ocrx_word' id='word_1_689' title='bbox 3277 5362 3532 5433; x_wconf 89' lang='lat' dir='ltr'><strong>subticui,</strong></span> 
     </span>
    </p>
   </div>
   <div class='ocr_carea' id='block_1_96' title="bbox 1944 5459 3533 5533">
    <p class='ocr_par' dir='ltr' id='par_1_96' title="bbox 1944 5459 3533 5533">
     <span class='ocr_line' id='line_1_96' title="bbox 1944 5459 3533 5533; baseline 0 -18"><span class='ocrx_word' id='word_1_690' title='bbox 1944 5467 1998 5515; x_wconf 90' lang='lat' dir='ltr'><strong>et</strong></span> <span class='ocrx_word' id='word_1_691' title='bbox 2025 5472 2093 5514; x_wconf 90' lang='lat' dir='ltr'><strong>ne</strong></span> <span class='ocrx_word' id='word_1_692' title='bbox 2122 5459 2262 5514; x_wconf 83' lang='lat' dir='ltr'><strong>forte</strong></span> <span class='ocrx_word' id='word_1_693' title='bbox 2290 5460 2433 5529; x_wconf 86' lang='lat' dir='ltr'><strong>apud</strong></span> <span class='ocrx_word' id='word_1_694' title='bbox 2462 5459 2747 5531; x_wconf 89' lang='lat' dir='ltr'><strong>imperitos</strong></span> <span class='ocrx_word' id='word_1_695' title='bbox 2777 5477 2915 5532; x_wconf 90' lang='lat' dir='ltr'><strong>opus</strong></span> <span class='ocrx_word' id='word_1_696' title='bbox 2946 5461 3124 5533; x_wconf 87' lang='lat' dir='ltr'><strong>ipsum</strong></span> <span class='ocrx_word' id='word_1_697' title='bbox 3154 5461 3459 5528; x_wconf 85' lang='lat' dir='ltr'><strong>vilesceret,</strong></span> <span class='ocrx_word' id='word_1_698' title='bbox 3485 5460 3533 5516; x_wconf 85' lang='lat' dir='ltr'><strong>si</strong></span> 
     </span>
    </p>
   </div>
   <div class='ocr_carea' id='block_1_97' title="bbox 1942 5547 3527 5622">
    <p class='ocr_par' dir='ltr' id='par_1_97' title="bbox 1942 5547 3527 5622">
     <span class='ocr_line' id='line_1_97' title="bbox 1942 5547 3527 5622; baseline 0.001 -20"><span class='ocrx_word' id='word_1_699' title='bbox 1942 5547 2248 5618; x_wconf 90' lang='lat' dir='ltr'><strong>peccatoris</strong></span> <span class='ocrx_word' id='word_1_700' title='bbox 2277 5563 2477 5603; x_wconf 88' lang='lat' dir='ltr'><strong>nomen</strong></span> <span class='ocrx_word' id='word_1_701' title='bbox 2508 5548 2561 5602; x_wconf 91' lang='lat' dir='ltr'><strong>in</strong></span> <span class='ocrx_word' id='word_1_702' title='bbox 2591 5549 2771 5619; x_wconf 91' lang='lat' dir='ltr'><strong>prima</strong></span> <span class='ocrx_word' id='word_1_703' title='bbox 2803 5549 2974 5606; x_wconf 89' lang='lat' dir='ltr'><strong>fronte</strong></span> <span class='ocrx_word' id='word_1_704' title='bbox 3003 5550 3186 5622; x_wconf 88' lang='lat' dir='ltr'><strong>operis</strong></span> <span class='ocrx_word' id='word_1_705' title='bbox 3215 5559 3527 5620; x_wconf 88' lang='lat' dir='ltr'><strong>appareret.</strong></span> 
     </span>
    </p>
   </div>
   <div class='ocr_carea' id='block_1_98' title="bbox 1946 5634 3536 5710">
    <p class='ocr_par' dir='ltr' id='par_1_98' title="bbox 1946 5634 3536 5710">
     <span class='ocr_line' id='line_1_98' title="bbox 1946 5634 3536 5710; baseline 0.002 -19"><span class='ocrx_word' id='word_1_706' title='bbox 1946 5636 2002 5691; x_wconf 90' lang='lat' dir='ltr'><strong>Si</strong></span> <span class='ocrx_word' id='word_1_707' title='bbox 2033 5634 2162 5707; x_wconf 90' lang='lat' dir='ltr'><strong>quid</strong></span> <span class='ocrx_word' id='word_1_708' title='bbox 2189 5641 2370 5690; x_wconf 87' lang='lat' dir='ltr'><strong>autem</strong></span> <span class='ocrx_word' id='word_1_709' title='bbox 2429 5636 2611 5691; x_wconf 90' lang='lat' dir='ltr'><strong>minus</strong></span> <span class='ocrx_word' id='word_1_710' title='bbox 2665 5638 2948 5710; x_wconf 83' lang='lat' dir='ltr'><strong>eleganter</strong></span> <span class='ocrx_word' id='word_1_711' title='bbox 2998 5640 3246 5694; x_wconf 88' lang='lat' dir='ltr'><strong>minusve</strong></span> <span class='ocrx_word' id='word_1_712' title='bbox 3276 5639 3536 5695; x_wconf 89' lang='lat' dir='ltr'><strong>decenter</strong></span> 
     </span>
    </p>
   </div>
   <div class='ocr_carea' id='block_1_99' title="bbox 1946 5731 3535 5805">
    <p class='ocr_par' dir='ltr' id='par_1_99' title="bbox 1946 5731 3535 5805">
     <span class='ocr_line' id='line_1_99' title="bbox 1946 5731 3535 5805; baseline 0.003 -18"><span class='ocrx_word' id='word_1_713' title='bbox 1946 5733 2154 5796; x_wconf 75' lang='lat' dir='ltr'><strong>dixero,</strong></span> <span class='ocrx_word' id='word_1_714' title='bbox 2187 5731 2402 5785; x_wconf 86' lang='lat' dir='ltr'><strong>veniam</strong></span> <span class='ocrx_word' id='word_1_715' title='bbox 2433 5749 2629 5802; x_wconf 81' lang='lat' dir='ltr'><strong>precor</strong></span> <span class='ocrx_word' id='word_1_716' title='bbox 2658 5735 2931 5788; x_wconf 87' lang='lat' dir='ltr'><strong>humiliter</strong></span> <span class='ocrx_word' id='word_1_717' title='bbox 2960 5753 2993 5790; x_wconf 92' lang='lat' dir='ltr'><strong>a</strong></span> <span class='ocrx_word' id='word_1_718' title='bbox 3022 5737 3259 5805; x_wconf 86' lang='lat' dir='ltr'><strong>lectore;</strong></span> <span class='ocrx_word' id='word_1_719' title='bbox 3293 5753 3535 5793; x_wconf 89' lang='lat' dir='ltr'><strong>commo-</strong></span> 
     </span>
    </p>
   </div>
   <div class='ocr_carea' id='block_1_100' title="bbox 1944 5820 3529 5896">
    <p class='ocr_par' dir='ltr' id='par_1_100' title="bbox 1944 5820 3529 5896">
     <span class='ocr_line' id='line_1_100' title="bbox 1944 5820 3529 5896; baseline 0.003 -20"><span class='ocrx_word' id='word_1_720' title='bbox 1944 5837 2082 5876; x_wconf 89' lang='lat' dir='ltr'><strong>nens</strong></span> <span class='ocrx_word' id='word_1_721' title='bbox 2113 5820 2401 5874; x_wconf 88' lang='lat' dir='ltr'><strong>universos</strong></span> <span class='ocrx_word' id='word_1_722' title='bbox 2429 5822 2494 5876; x_wconf 83' lang='lat' dir='ltr'><strong>ad</strong></span> <span class='ocrx_word' id='word_1_723' title='bbox 2534 5839 2678 5893; x_wconf 90' lang='lat' dir='ltr'><strong>quos</strong></span> <span class='ocrx_word' id='word_1_724' title='bbox 2729 5839 2975 5892; x_wconf 82' lang='lat' dir='ltr'><strong>prasens</strong></span> <span class='ocrx_word' id='word_1_725' title='bbox 3008 5827 3268 5896; x_wconf 71' lang='lat' dir='ltr'><strong>scriptum</strong></span> <span class='ocrx_word' id='word_1_726' title='bbox 3301 5826 3529 5893; x_wconf 86' lang='lat' dir='ltr'><strong>venerit,</strong></span> 
     </span>
    </p>
   </div>
   <div class='ocr_carea' id='block_1_101' title="bbox 1943 5908 3532 5985">
    <p class='ocr_par' dir='ltr' id='par_1_101' title="bbox 1943 5908 3532 5985">
     <span class='ocr_line' id='line_1_101' title="bbox 1943 5908 3532 5985; baseline 0.004 -23"><span class='ocrx_word' id='word_1_727' title='bbox 1943 5923 2013 5964; x_wconf 89' lang='lat' dir='ltr'><strong>ne</strong></span> <span class='ocrx_word' id='word_1_728' title='bbox 2046 5908 2337 5963; x_wconf 83' lang='lat' dir='ltr'><strong>verborum</strong></span> <span class='ocrx_word' id='word_1_729' title='bbox 2366 5909 2614 5979; x_wconf 89' lang='lat' dir='ltr'><strong>phaleras</strong></span> <span class='ocrx_word' id='word_1_730' title='bbox 2641 5926 2672 5965; x_wconf 87' lang='lat' dir='ltr'><strong>a</strong></span> <span class='ocrx_word' id='word_1_731' title='bbox 2707 5926 2795 5965; x_wconf 88' lang='lat' dir='ltr'><strong>me</strong></span> <span class='ocrx_word' id='word_1_732' title='bbox 2855 5915 3163 5984; x_wconf 89' lang='lat' dir='ltr'><strong>requirant,</strong></span> <span class='ocrx_word' id='word_1_733' title='bbox 3223 5914 3349 5985; x_wconf 89' lang='lat' dir='ltr'><strong>quia</strong></span> <span class='ocrx_word' id='word_1_734' title='bbox 3376 5914 3532 5970; x_wconf 84' lang='lat' dir='ltr'><strong>veri-</strong></span> 
     </span>
    </p>
   </div>
  </div>
