3972 6444
386 420 522 478 12⁸71

1318 418 1383 475 S.
1431 416 1732 473 ROBERTI
1770 414 1936 472 ΟΜ).
1979 413 2300 472 CISTERC.
2351 414 2801 473 FUNDATORIS

3558 416 3709 475 ηπ

389 554 477 602 tas
506 560 609 618 per
630 559 693 600 se
722 542 829 600 sibi
858 541 1133 601 suﬂiciens
1174 549 1229 599 et
1268 543 1494 609 decora,
1540 542 1662 598 fuco
1693 540 1989 597 verborum
2020 541 2077 605 Α
2105 541 2249 613 pulis
2287 550 2580 598 eructaret.
2616 542 2720 613 Qui
2773 557 2899 599 cum
2955 550 3100 598 esset
3152 556 3418 599 annorum
3462 540 3707 612 quinde-

393 651 504 691 non
535 633 746 706 appetit
774 633 1039 698 colorari,
1078 649 1259 705 neque
1299 631 1602 687 meretricis
1643 629 1861 685 Iezabel
1891 630 1994 684 sti-

388 723 481 780 bio
507 722 756 797 depingi.
812 721 1060 795 Denique
1102 722 1391 778 Doctorem
1415 720 1685 792 gentium,
1708 718 1997 791 ipsiusque

389 820 651 879 Veritatis
709 819 1037 892 discipulum
1099 818 1322 874 audiant
1367 819 1665 884 dicentem,
1725 817 1855 889 quia
1900 833 1996 873 re-

388 925 560 982 gnum
591 907 693 966 Dei
720 924 828 964 non
858 915 943 965 est
996 908 1052 964 in
1102 923 1384 976 sermone,
1436 906 1537 963 sed
1579 907 1637 962 in
1667 905 1864 962 virtute
1892 922 1999 978 po-

388 1000 496 1058 tius
528 998 581 1067 (Ι
606 999 728 1056 Cor.
760 997 864 1070 tv).

916 1094 1144 1152 CAPUT
1184 1093 1485 1151 PRIMUM.

395 1195 462 1251 S.
494 1193 720 1253 Robcrti
758 1194 1011 1259 natales,
1048 1194 1384 1250 tirocinium
1423 1193 1556 1249 vitae
1583 1193 1883 1265 religiose,
1944 1197 2002 1249 et

857 1269 1214 1338 prta/cctam
1242 1265 1523 1337 quadam.

460 1368 518 1422 2.
549 1364 748 1420 Beatus
776 1362 951 1436 igitur
980 1363 1254 1419 Robertus
1285 1362 1355 1418 de
1386 1362 1704 1433 Campaniae
1734 1362 1813 1434 (1)
1845 1361 2005 1434 parti.

390 1453 496 1510 bus
523 1451 815 1520 oriundus,
867 1450 1027 1523 quasi
1066 1451 1287 1523 quidam
1343 1453 1447 1506 ﬂos
1486 1451 1662 1522 campi
1719 1452 2005 1522 speciosus

393 1541 605 1608 enituit,
648 1541 809 1611 cujus
851 1540 1108 1595 nimirum
1156 1540 1323 1597 decor
1370 1540 1425 1594 in
1478 1541 1761 1595 honestate
1794 1555 2003 1596 morum

390 1637 729 1695 intuentibus
761 1646 954 1711 gratus
989 1645 1105 1692 erat
1139 1656 1153 1703 ;
1184 1645 1239 1693 et
1277 1645 1483 1693 sanctae
1520 1636 1793 1709 Opinionis
1845 1637 2004 1702 odor,

390 1727 561 1801 longe
590 1727 806 1800 lateque
837 1724 1088 1793 diﬁ'usus,
1122 1726 1193 1781 ad
1221 1726 1578 1783 imitationem
1624 1728 1707 1781 sui
1739 1726 2007 1798 plurimos

390 1816 693 1873 invitabat.
734 1817 889 1871 Hunc
920 1824 1103 1871 autem
1160 1815 1337 1870 virum
1394 1824 1644 1871 sanctum
1684 1824 1835 1872 recte
1884 1814 2008 1870 ﬂori

2103 632 2232 697 cim,
2265 632 2540 687 mundana
2594 632 2776 687 vitans
2832 631 3111 704 contagia,
3170 639 3343 687 totum
3370 646 3431 687 se
3454 631 3708 687 decrevit

2102 721 2336 778 Domino
2364 724 2799 779 consecrandum
2823 741 2838 786 ;
2872 721 3025 777 unde
3054 721 3245 778 ﬂorem
3265 719 3703 793 gratissimzeju-

2102 819 2341 874 ventutis
2371 819 2605 874 Domino
2633 817 2887 884 offerens,
2912 817 3058 888 apud
3098 817 3154 873 S.
3209 818 3426 872 Petrum
3448 817 3516 873 de
3545 817 3703 873 Cella

2105 909 2184 979 (3)
2242 908 2482 979 suscepit
2538 907 2790 965 habitum
2848 907 3208 979 regularem;
3253 907 3345 961 ubi
3386 906 3614 976 jejuniis
3645 915 3706 962 et

2106 997 2452 1052 orationibus
2482 1012 2689 1053 vacans
2717 1003 2878 1052 nocte
2907 1004 2959 1051 et
2988 995 3096 1059 die,
3130 1003 3346 1068 gratum
3395 996 3511 1052 Deo
3538 996 3704 1051 exhi-

2106 1085 2270 1142 bebat
2329 1086 2672 1158 obsequium,
2733 1100 2955 1142 carnem
3013 1083 3240 1156 spiritui,
3291 1084 3539 1156 spiritum
3567 1100 3705 1141 vero

2107 1183 2407 1252 subjicieus
2434 1183 2707 1239 Creatori.
2761 1183 2896 1239 Cum
2946 1196 3079 1238 vero
3109 1189 3330 1253 tempus
3357 1190 3526 1247 esset,
3556 1189 3614 1238 ut
3643 1182 3706 1239 in

2107 1288 2274 1328 servo
2322 1288 2422 1327 suo
2471 1271 2875 1344 glorificaretur
2902 1272 3052 1327 Deus
3083 1280 3137 1326 et
3164 1271 3407 1338 lucerna,
3434 1287 3556 1343 qua:
3594 1271 3704 1327 sub

2108 1362 2293 1417 modio
2324 1361 2577 1430 latuerat,
2630 1377 2799 1433 super
2854 1360 3249 1417 candelabrum
3294 1360 3368 1416 ad
3389 1360 3711 1417 illuminan-

2109 1460 2236 1514 dam
2267 1458 2576 1515 Ecclesiam
2606 1466 2932 1530 poneretur:
2965 1458 3078 1525 ille,
3097 1456 3150 1513 in
3176 1458 3335 1528 cujus
3354 1473 3519 1515 manu
3536 1459 3712 1515 corda

2113 1556 2239 1603 sunt
2268 1548 2570 1612 hominum,
2602 1548 2851 1617 ejusdem
2903 1548 3101 1603 domus
3157 1546 3421 1604 fratribus
3466 1547 3711 1618 inspira-

2113 1638 2208 1703 vit,
2242 1645 2299 1692 ut
2328 1638 2503 1692 virum
2533 1638 2634 1694 Dei
2661 1638 2963 1693 Robertum
3015 1637 3118 1692 sibi
3170 1636 3441 1708 eligerent
3469 1636 3522 1691 in
3551 1638 3712 1707 prio-

2112 1751 2252 1791 rem.
2286 1735 2530 1807 Dignum
2563 1734 2765 1805 quippe
2795 1740 2932 1799 erat,
2964 1740 3023 1787 ut
3051 1732 3141 1803 qui
3168 1732 3306 1787 duce
3337 1732 3511 1805 gratia
3540 1731 3716 1804 longo

2114 1849 2214 1891 usu
2244 1831 2516 1887 didicerat
2546 1839 2734 1887 tenere
2768 1830 3148 1886 moderamina
3186 1830 3312 1886 vitae
3357 1845 3495 1895 suae,
3538 1829 3718 1899 judex

391 1930 481 1970 me
510 1912 725 1970 ωειὶῐηο
756 1927 1111 1983 comparasse
1144 1930 1158 1978 ;
1193 1911 1322 1983 (tum
1352 1912 1420 1967 de
1451 1911 1655 1967 δθηϐιίε
1684 1911 1815 1968 dicit
1844 1912 2000 1969 Ξενία
2030 1901 2085 1961 Β
2116 1929 2171 1976 et
2221 1921 2541 1976 moderator
2585 1919 2741 1975 fieret
2793 1919 3046 1975 aliorum.
3101 1920 3231 1974 Erat
3276 1926 3405 1975 tunc
3450 1919 3718 1989 temporis

391 2010 571 2076 ptura,
603 2001 752 2075 quod
788 2025 811 2049 ε
847 2001 1125 2056 ﬂorebunt
1153 2000 1222 2056 de
1254 2000 1477 2057 civitate
1507 2000 1645 2057 sicut
1676 2002 1860 2056 fenum
1889 2009 2006 2056 ter-

392 2107 470 2147 rae
501 2089 692 2159 (Psal.
724 2094 898 2157 1.th).
928 2114 950 2138 η
988 2090 1160 2144 Porro
1192 2090 1325 2160 quia
1350 2088 1606 2144 nobilitas
1637 2098 1720 2145 est
1753 2090 2007 2161 quaedam

392 2188 517 2244 laus
546 2188 861 2260 procedens
886 2202 956 2243 ex
986 2185 1203 2241 meritis
1262 2196 1565 2257 parentum,
1599 2201 1631 2241 a
1660 2186 1858 2258 quibus
1922 2186 2007 2241 vir

394 2279 589 2335 beatus
620 2277 892 2346 originem
944 2274 1185 2345 duxerit,
1232 2276 1608 2330 ostendemus.
1653 2276 1812 2330 Pater
1838 2274 2008 2347 igitur

395 2367 517 2436 ejus
548 2364 943 2431 Theodoricus,
975 2371 1149 2420 mater
1202 2380 1336 2420 vero
1386 2363 1746 2434 Ermegardis
1775 2363 2005 2420 diceba-

396 2473 503 2532 tur,
537 2462 701 2519 ambo
733 2461 953 2535 quidem
979 2461 1281 2517 secundum
1314 2461 1501 2516 saeculi
1530 2460 1853 2532 dignitatem
1886 2462 2006 2517 cla-

396 2553 465 2620 ri,
495 2553 595 2609 sed
626 2560 755 2607 ante
787 2552 963 2607 Deum
992 2566 1206 2605 morum
1239 2551 1525 2605 honestate
1554 2550 1847 2606 clarissimi
1873 2565 1886 2618 ;
1910 2566 2005 2605 re-

400 2658 521 2698 rum
554 2656 687 2697 vero
743 2640 927 2712 copia,
977 2638 1175 2713 quibus
1208 2638 1590 2710 temporaliter
1633 2639 2008 2706 abundabant,

401 2739 483 2796 sic
510 2740 826 2805 utebantur,
867 2747 924 2792 ut
953 2736 1152 2791 summi
1199 2736 1612 2793 Patrisfamilias
1640 2738 1820 2808 potius
1850 2736 2012 2792 vide-

402 2836 596 2885 rentur
623 2827 1053 2899 dispensatores,
1086 2841 1252 2899 quam
1280 2830 1515 2881 terrena:
1544 2825 1865 2881 substantiae
1881 2841 2016 2897 pos-

405 2931 683 2972 sessores.
718 2914 972 2971 Scientes
1001 2922 1202 2983 autem,
1252 2914 1400 2986 quod
1449 2912 1730 2969 feneratur
1760 2915 2014 2984 Domino,

410 3012 504 3085 qui
533 3011 766 3085 pauperi
796 3010 1109 3078 miseretur,
1139 3010 1426 3082 pulverem
1459 3017 1687 3065 terrente
1714 3025 2018 3066 conversa-

410 3101 576 3159 tionis
606 3101 717 3174 piis
749 3099 1118 3171 eleemosynis
1163 3099 1555 3172 abstergebant
1589 3115 1603 3156 :
1654 3100 1768 3155 imo
1806 3100 1934 3172 quia
1965 3101 2022 3154 in

412 3206 583 3249 carne
614 3189 799 3263 positi,
841 3204 950 3245 non
988 3188 1293 3245 secundum
1328 3204 1549 3244 carnem
1587 3188 1871 3256 vivebant,
1919 3205 2025 3245 co-

2114 2017 2171 2073 in
2199 2016 2424 2073 remotis
2476 2032 2767 2071 nemorum
2799 2017 2879 2087 (ti)
2906 2016 3135 2071 latebris
3190 2016 3421 2072 eremita
3469 2016 3717 2088 quidam,

2116 2106 2234 2161 Deo
2264 2105 2491 2175 cupiens
2534 2119 2601 2160 eo
2648 2104 2876 2159 liberius
2928 2120 3037 2177 quo
3093 2105 3359 2160 secretius
3406 2105 3712 2173 deservire,

2116 2194 2371 2266 quicum
2399 2192 2716 2248 assiduitate
2756 2192 3096 2263 jejuniorum
3151 2202 3452 2250 maceraret
3491 2209 3717 2249 carnem

2115 2292 2169 2338 et
2198 2283 2505 2338 orationum
2533 2283 2789 2337 instantia
2836 2282 3086 2353 spiritum
3124 2283 3430 2350 roboraret,
3476 2283 3720 2354 respexit

2115 2372 2384 2427 Dominus
2413 2371 2771 2426 humilitatem
2803 2372 2941 2441 ejus,
2991 2388 3096 2428 nec
3139 2371 3257 2427 sine
3303 2372 3500 2443 grandi
3551 2372 3720 2427 mira-

2118 2461 2243 2517 culo
2280 2478 2379 2533 per
2401 2461 2586 2533 ipsum
2637 2461 2810 2518 crevit
2856 2461 3212 2518 servientium
3254 2462 3485 2518 Domino
3531 2461 3719 2517 multi-

2119 2550 2277 2607 tudo.

2192 2664 2244 2719 4.
2274 2663 2393 2716 Duo
2425 2660 2571 2716 enim
2616 2661 2839 2727 milites,
2903 2660 3097 2716 fratres
3153 2662 3369 2732 quidem
3417 2662 3717 2719 secundum

2125 2766 2362 2820 carnem,
2396 2752 2497 2806 sed
2526 2751 2827 2806 secundum
2884 2750 3136 2822 spiritum
3183 2767 3293 2808 non
3340 2750 3529 2808 eadem
3584 2768 3719 2807 sen-

2126 2840 2345 2906 tientes,
2375 2841 2555 2895 studio
2596 2839 2777 2895 inanis
2818 2840 3012 2912 gloriae
3052 2840 3247 2906 dediti,
3307 2842 3380 2896 ad
3408 2841 3721 2897 ostentatio-

2127 2954 2255 2992 nem
2299 2938 2497 2993 virium
2547 2955 2788 3005 suarum,
2840 2938 3211 2994 exsecrabiles
3258 2939 3543 3007 nundinas,
3593 2954 3726 3012 quas

2129 3026 2330 3098 vulgus
2360 3035 2745 3082 torueamenta
2791 3028 3052 3095 nominat,
3089 3028 3431 3098 expetebant.
3472 3027 3726 3098 Quicum

2132 3132 2235 3187 per
2260 3132 2476 3180 nemus,
2509 3115 2562 3171 in
2592 3132 2699 3188 quo
2747 3116 3012 3187 praefatus
3045 3117 3275 3172 eremita
3311 3117 3563 3189 degebat,
3602 3116 3728 3173 soli-

2136 3215 2322 3269 tariam
2354 3215 2520 3270 vilam
2549 3215 2778 3277 ducens,
2802 3215 2906 3271 iter
2963 3223 3214 3286 agerent,
3270 3224 3551 3288 cmperunt
3590 3215 3727 3271 alte-

413 3289 675 3364 gitatione
704 3297 759 3346 et
785 3288 1045 3344 aviditate
1094 3287 1150 3342 in
1183 3287 1503 3344 coelestibus
1553 3288 1886 3359 habitantes,
1920 3306 2019 3345 co-

2140 3263 2322 3269 --.--.--
2552 3263 2895 3277 "nu.--"
2964 3263 3214 3286 τμη-η.
3273 3263 3551 3288 -..ιη--..-
3591 3263 3692 3271 --η

2137 3312 2345 3359 rutrum
2377 3313 2586 3361 secreta
2615 3305 2949 3376 cogitatione
2990 3306 3061 3361 de
3092 3316 3278 3360 mutua
3309 3321 3444 3362 nece
3465 3314 3717 3361 tractare.

416 3394 588 3435 ronas
617 3393 749 3435 suas
796 3376 1056 3433 virtutum
1115 3376 1397 3449 operibus,
1455 3377 1613 3451 quasi
1663 3378 2022 3449 pretiosorum

416 3466 663 3540 lapidum
695 3466 894 3540 gloria,
929 3466 1293 3523 decorabant.
1360 3468 1491 3523 Haec
1535 3466 1740 3524 idcirco
1769 3467 2024 3535 dixerim,

420 3574 480 3622 ut
535 3564 905 3631 ostenderem,
957 3580 1119 3636 quam
1159 3572 1348 3619 sancta
1404 3563 1559 3618 radix
1613 3565 1904 3631 exstiterit,
1957 3564 2028 3620 de

424 3671 535 3729 qua
589 3654 749 3711 nobis
804 3661 1029 3709 sanctus
1087 3652 1211 3721 iste,
1270 3652 1427 3723 quasi
1474 3652 1695 3725 quidam
1741 3653 1878 3725 ligni
1905 3655 2030 3710 vitae

421 3743 696 3811 surculus,
730 3743 1036 3816 pullulavit.
1071 3743 1275 3798 Verum
1305 3740 1438 3816 quia
1465 3742 1535 3798 de
1566 3742 1892 3814 parentibus
1911 3744 2030 3813 ejus

424 3841 655 3900 fecimus
684 3842 1038 3906 mentionem,
1095 3840 1327 3912 qualiter
1364 3843 1624 3896 eumdem
1671 3842 1852 3896 virum
1895 3858 2031 3898 ssn-

425 3936 576 3989 ctum
618 3931 852 4002 Spiritus
904 3929 1246 4001 praevenerit
1302 3937 1525 3984 sanctus
1562 3930 1618 3984 in
1650 3930 2034 3987 benedictione

429 4018 757 4088 dulcalinis,
819 4019 949 4074 dum
998 4018 1179 4075 adhuc
1235 4018 1429 4073 matris
1465 4028 1623 4075 utero
1671 4019 2030 4090 clauderetur,

427 4118 674 4175 breviter
728 4116 1109 4173 absolvemus.
1168 4116 1478 4189 Prmgnanti
1533 4118 1687 4172 enim
1731 4118 1888 4173 matri
1917 4118 2036 4188 ejus

432 4206 671 4281 gloriosa
694 4206 798 4263 Dei
825 4205 1066 4280 genitrix
1101 4205 1264 4278 Virgo
1323 4205 1490 4260 Maria
1536 4204 1593 4259 in
1621 4206 1830 4262 somnis
1858 4222 2037 4278 appa-

430 4297 562 4364 ruit,
592 4311 826 4355 aureum
856 4295 1123 4351 annulum
1150 4294 1359 4350 habens
1406 4294 1460 4349 in
1509 4309 1676 4350 manu
1708 4311 1831 4363 sua,
1865 4296 2038 4351 dixit-

435 4410 541 4467 que
566 4393 619 4450 ei
652 4411 665 4449 :
701 4414 724 4444 ι
759 4393 805 4448 Ο
828 4392 1198 4465 Ermegardis,
1250 4391 1377 4448 volo
1436 4389 1627 4459 tilium,
1663 4410 1823 4464 quem
1853 4402 2040 4466 gestas

436 4482 495 4539 in
523 4491 699 4549 utero,
732 4497 798 4538 ex
825 4481 933 4537 isto
964 4480 1095 4536 mihi
1134 4480 1339 4536 annulo
1368 4480 1724 4553 desponsari.
1770 4505 1792 4530 ιι
1835 4483 1894 4537 in
1925 4483 2042 4540 hinc

434 4573 610 4631 verba
637 4571 921 4628 mulierem
943 4569 1307 4628 dormientem
1325 4569 1645 4643 relinquens
1665 4572 1821 4627 beata
1847 4571 2036 4646 Virgo,

439 4670 749 4743 disparuit;
782 4668 879 4724 illa
931 4682 1064 4725 vero
1110 4666 1179 4724 de
1235 4683 1430 4723 somno
1459 4683 1825 4741 consurgens,
1858 4669 2041 4726 animo

440 4760 612 4833 cmpit
640 4758 929 4817 revolvere
961 4756 1254 4813 visionem.
1292 4756 1509 4826 Adjecit
1538 4767 1721 4813 autem
1758 4758 1910 4814 beata
1941 4759 2044 4815 Dei

441 4849 682 4924 genitrix
734 4862 1005 4921 apparere
1061 4847 1258 4903 iterum
1314 4846 1580 4911 mulieri;
1640 4848 1783 4903 sient
1811 4848 1942 4903 olim
1971 4849 2041 4905 ad

440 4946 872 5007 confirmandam
905 4945 1326 5018 promissionem
1372 4960 1554 5014 suam,
1603 4945 1869 5002 Dominus
1896 4946 2042 5020 legi-

441 5048 529 5097 tur
556 5037 879 5111 apparuisse
908 5035 1091 5091 denuo
1122 5033 1392 5091 Samueli.

510 5140 566 5193 3.
622 5134 875 5204 Expletis
929 5132 1101 5204 igitur
1147 5130 1343 5188 diebus
1387 5130 1586 5188 mulier
1614 5133 1827 5204 peperit
1876 5132 2044 5188 filium

440 5227 541 5297 (2),
598 5239 764 5299 quam
819 5221 1145 5278 ablactatum
1209 5220 1432 5276 tradidit
1487 5220 1793 5277 litterarum
1848 5223 2045 5278 studiis

439 5313 801 5372 imbuendum
860 5332 874 5377 ;
915 5311 972 5367 in
1009 5309 1214 5383 quibus
1266 5325 1436 5381 supra
1499 5324 1693 5366 omnes
1730 5319 2044 5368 coaetaneos

445 5430 574 5471 suos
603 5410 917 5486 proficiens,
947 5409 1019 5466 de
1050 5408 1291 5465 fontibus
1331 5406 1629 5465 Salvatoris
1658 5425 1797 5479 puro
1828 5419 2045 5481 pectore

441 5501 748 5571 hauriebat,
780 5501 926 5558 unde
954 5498 1274 5555 salvationis
1301 5497 1541 5571 gratiam
1570 5499 1917 5570 postmodum
1949 5516 2045 5572 po-

514 5681 595 5751 (t)
624 5679 908 5752 Maurique
959 5693 994 5752 ρ
1051 5678 1403 5752 Νοννῃαηηία
1449 5675 1759 5733 oriundum
1802 5677 2038 5751 scripsit,

442 5748 698 5817 proxima
723 5748 1024 5818 campanis:
1051 5748 1357 5819 provincia.

516 5822 596 5893 (2)
627 5820 788 5893 addit
818 5815 1030 5878 Surius.
1052 5815 1273 5893 cacant
1302 5833 1431 5893 eum
1466 5815 1790 5893 (tabidum.

519 5886 600 5959 (3)
628 5888 710 5944 Da
738 5886 847 5945 hoc
874 5886 1206 5945 monasterio
1225 5887 1280 5944 in
1303 5887 1565 5946 suburbio
1578 5887 1911 5961 Tricassino,
1944 5903 2040 5949 ac-

2135 3394 2367 3449 Invidiae
2406 3393 2605 3465 quippe
2657 3409 2874 3449 veneno
2925 3394 3315 3449 miserabiliter
3367 3395 3724 3460 tabescentes,

2136 3492 2281 3562 apud
2311 3508 2370 3547 se
2400 3492 2735 3561 cogitabant,
2771 3492 2920 3563 quod
2940 3493 3114 3547 altero
3146 3508 3339 3548 eorum
3370 3499 3601 3558 mortuo,
3636 3491 3725 3547 ille

2139 3582 2231 3653 qui
2264 3590 2595 3652 superesset,
2646 3581 2703 3636 in
2729 3581 2972 3637 defuncti
3029 3581 3435 3653 possessionem
3466 3581 3729 3637 succede-

2136 3680 2247 3727 ret.
2288 3672 2395 3725 Sed
2425 3672 2570 3725 Deus
2599 3671 2965 3742 omnipotens,
2997 3670 3091 3742 qui
3110 3670 3319 3727 sciebat
3339 3687 3434 3727 eos
3463 3686 3598 3726 vasa
3623 3669 3726 3725 mi-

2139 3769 2455 3825 sericordiae
2486 3785 2607 3824 mox
2640 3769 2873 3835 futuros,
2926 3785 3035 3824 non
3085 3768 3342 3840 permisit
3381 3768 3503 3825 illos
3542 3765 3728 3824 tentari

2140 3873 2302 3929 supra
2334 3873 2493 3929 quam
2525 3865 2809 3928 poterant;
2844 3858 2939 3913 sed
2973 3856 3099 3913 fecit
3128 3873 3253 3913 cum
3286 3857 3580 3913 tentatione
3606 3873 3728 3928 pro-

2142 3954 2389 4012 ventum,
2422 3962 2491 4002 ne
2516 3945 2879 4018 iniquitatem,
2903 3963 3065 4019 quam
3095 3957 3484 4018 conceperant,
3521 3945 3730 4002 eﬂ'ectui

2143 4043 2541 4115 manciparent.
2575 4044 2658 4098 Ad
2687 4046 2789 4100 hoc
2814 4052 2998 4099 autem
3044 4043 3293 4115 permisit
3341 4060 3437 4100 eos
3465 4043 3565 4100 Dei
3610 4059 3730 4115 pro-

2144 4132 2387 4187 videntia
2417 4141 2525 4186 tam
2556 4131 2743 4204 iniqua
2796 4132 3093 4188 tentalione
3149 4131 3365 4200 vexari,
3412 4140 3470 4187 nt
3502 4142 3731 4204 postmo-

2146 4222 2277 4276 dum
2308 4220 2362 4275 in
2393 4220 2635 4293 profectu
2681 4221 2940 4277 virtutum
2998 4221 3160 4293 positi
3200 4222 3304 4276 sibi
3342 4222 3579 4294 superbe
3626 4237 3730 4278 non

2149 4319 2456 4374 tribuerent
2483 4320 2627 4392 quod
2660 4320 2948 4388 haberent,
2998 4321 3095 4376 sed
3152 4320 3332 4392 magis
3386 4321 3442 4376 in
3472 4320 3621 4376 illum
3650 4336 3732 4376 re-

2150 4409 2460 4474 funderent,
2491 4410 2645 4479 cujus
2697 4418 2882 4466 essent
2911 4409 3284 4466 misericordia
3315 4410 3557 4466 liberati.
3608 4410 3732 4464 Cum

2150 4498 2321 4570 igitur
2350 4499 2567 4566 expleto
2595 4499 2835 4570 negotio,
2866 4499 2933 4554 ad
2968 4500 3108 4572 quod
3141 4499 3340 4565 ierant,
3371 4500 3427 4554 in
3476 4515 3583 4571 quo
3612 4498 3733 4554 satis

2068 4622 2121 4682 D
2155 4606 2376 4653 strenue
2406 4599 2707 4654 secundum
2763 4614 2946 4653 mores
3004 4599 3184 4669 gentis
3240 4598 3385 4655 illius
3418 4606 3653 4671 egerant,
3683 4597 3731 4653 in

2155 4695 2388 4749 tantum,
2423 4687 2566 4759 quod
2597 4687 2775 4743 laudis
2800 4687 3051 4743 humana-3
3113 4687 3343 4743 fructum
3372 4688 3441 4743 ab
3473 4688 3729 4754 omnibus,

2153 4777 2247 4849 qui
2276 4777 2582 4842 adfuerant,
2615 4784 2997 4848 reportarent;
3031 4777 3100 4831 ad
3152 4777 3372 4848 prapria
3420 4785 3732 4847 remeantes,

2150 4876 2219 4930 ad
2248 4874 2450 4941 locum,
2483 4874 2539 4929 in
2568 4891 2677 4947 quo
2709 4874 2780 4931 de
2809 4890 2943 4930 nece
2973 4882 3153 4930 mutua
3184 4882 3394 4931 secreta
3420 4872 3731 4947 cogitatione

2150 4973 2541 5030 tractaverant,
2585 4981 2777 5036 gressu
2804 4980 3070 5036 prospero
3098 4970 3497 5035 pervenerunt:
3531 4961 3623 5027 ibi,
3644 4960 3734 5016 vel-

2151 5053 2229 5109 uti
2257 5054 2324 5108 ab
2357 5053 2477 5124 ipso
2507 5054 2629 5109 loco
2657 5053 2938 5119 admoniti,
2971 5052 3106 5125 quin
3152 5052 3330 5124 potius
3361 5051 3544 5106 divina
3573 5049 3730 5121 inspi-

2152 5142 2367 5198 ratione
2396 5143 2723 5214 compuncti.
2776 5142 3069 5216 cogitatam
3120 5152 3398 5213 creperum
3450 5140 3732 5196 exhorrere

2153 5232 2478 5304 nequitiam.
2511 5242 2567 5287 et
2596 5232 2650 5286 in
2679 5232 2876 5302 seipsis
2903 5231 2972 5287 de
3002 5240 3273 5301 concepto
3324 5228 3571 5285 facinore
3615 5244 3731 5284 con-

2153 5322 2380 5378 turbari.
2424 5322 2519 5377 Ad
2574 5322 2899 5378 memoriam
2943 5336 3079 5377 vero
3128 5320 3472 5387 reducentes,
3505 5316 3645 5390 quod
3682 5316 3730 5371 in

2153 5411 2405 5484 proximo
2437 5419 2557 5467 erat
2584 5410 2856 5482 tugurium
2889 5409 3133 5465 ere-mitte
3163 5408 3415 5479 superius
3445 5406 3727 5469 memorati,

2153 5501 2270 5574 pari
2292 5507 2420 5557 voto
2450 5500 2553 5556 iter
2583 5517 2742 5555 suum
2774 5501 2843 5556 ad
2885 5499 3030 5555 illius
3073 5496 3498 5554 mansiuncnlam
3529 5496 3728 5553 direxe-

2152 5686 2263 5736 tum
2297 5685 2379 5735 est
2407 5678 2687 5751 superius.

2224 5752 2303 5822 (4)
2334 5743 2596 5822 Colanum
2631 5750 2686 5804 id
2718 5764 2913 5822 nemus
2955 5747 3262 5814 dicebatur,
3288 5746 3435 5817 juxta
3472 5743 3727 5801 Tornodo-

2151 5820 2295 5888 rum,
2329 5834 2380 5877 et
2411 5821 2719 5878 nominatur
2750 5820 2887 5876 infra
2915 5836 3065 5877 num.
3100 5823 3152 5874 8.
