3972 6416
289 415 424 470 19.73

1832 406 1898 460 γι
1905 405 1993 460 ΤΛ
2005 444 2018 459 .

3443 407 3578 463 1274

291 545 419 595 runt
451 559 464 604 ;
498 547 545 595 et
579 554 679 610 per
707 537 1107 594 confessionem
1137 538 1286 593 virus
1339 533 1678 608 pestiferum,
1738 531 1880 601 quod
1911 529 1968 591 Α
1997 546 2214 587 servum
2240 545 2394 585 suum
2418 528 2680 585 Dominus
2697 529 2766 586 de
2805 529 3034 585 aliorum
3065 528 3398 601 profectibus
3429 529 3582 584 ordi-

291 629 343 684 in
385 629 641 684 cordibus
673 644 860 683 eorum
908 630 1159 694 latuerat,
1205 633 1548 686 evomentes.
1606 621 1880 678 eliminata

293 719 556 790 spurcitia
596 728 816 790 gratum
856 717 909 771 in
967 718 1281 786 semetipsis
1341 717 1451 770 Deo
1509 711 1878 768 habitaculum

292 823 650 886 paraverunt.
689 814 937 886 Denique
977 830 1009 869 a
1039 813 1152 869 viro
1184 813 1282 868 Dei
1313 829 1480 884 super
1507 809 1747 882 cogitata
1777 825 1879 863 ne-

293 905 463 976 quitia
493 904 786 975 redarguti,
818 904 885 957 ab
915 903 1112 958 eodem
1156 908 1501 957 recesserunt
1552 899 1882 954 salutaribus

294 993 515 1049 monitis
571 993 869 1056 informati.
939 994 1090 1060 cujus
1146 990 1399 1045 nimirum
1455 1004 1638 1044 sermo
1676 987 1881 1041 ardens

294 1098 552 1159 tanquam
585 1090 762 1145 facula
791 1089 1044 1144 caelestes
1074 1087 1537 1158 concupiscentias
1563 1085 1618 1140 in
1667 1084 1884 1139 illorum

294 1180 568 1234 mentibus
642 1178 942 1242 excitabat,
1001 1187 1232 1233 terrenae
1297 1175 1582 1248 dignitatis
1621 1174 1883 1228 ambitum

293 1268 352 1323 in
393 1267 471 1322 eis
512 1283 744 1338 prorsus
807 1267 1140 1337 exstirpans,
1199 1274 1253 1321 et
1319 1266 1573 1319 virtutum
1640 1263 1882 1318 fomitem

294 1381 404 1420 non
446 1365 628 1420 minus
666 1364 918 1428 suaviter,
975 1380 1136 1436 quam
1202 1363 1494 1418 salubriter
1556 1362 1610 1417 in
1676 1361 1883 1416 eisdem

294 1470 486 1509 creans
499 1493 513 1507 .

365 1551 426 1604 5.
461 1549 599 1604 Cum
630 1549 798 1621 igitur
826 1549 893 1603 ad
924 1548 1126 1613 locum,
1159 1548 1214 1603 in
1244 1563 1350 1618 quo
1380 1547 1534 1618 prius
1554 1545 1695 1602 alter
1715 1545 1770 1600 in
1797 1544 1885 1598 al-

295 1645 468 1693 terum
499 1639 769 1710 cogitarat
796 1637 1112 1706 insurgere,
1158 1636 1554 1706 pervenissent,
1605 1641 1884 1704 casperunt

296 1727 481 1782 dicere
510 1728 654 1780 inter
683 1743 762 1790 se,
797 1735 850 1780 et
879 1735 1063 1781 mutuo
1093 1726 1456 1796 loquebantur
1487 1743 1501 1780 :
1553 1748 1573 1773 α
1600 1724 1740 1793 Quid
1771 1723 1880 1792 hic,

295 1814 462 1886 inquit
494 1817 634 1869 alter
655 1832 866 1879 eorum,
893 1815 1057 1870 frater
1078 1815 1420 1878 cbarissime,
1444 1814 1599 1868 nobis
1623 1813 1883 1870 hesterna

293 1912 380 1966 die
413 1913 828 1966 transeuntibus
857 1913 1134 1984 c0gitabas
1164 1913 1192 1966 ‘?
1219 1937 1238 1959 ιι
1273 1913 1349 1967 At
1379 1913 1471 1968 illo
1488 1913 1670 1968 cordis
1686 1913 1767 1967 sui
1789 1928 1879 1969 co-

293 2000 616 2074 gitationem
660 2010 941 2055 reserante
981 2001 1130 2054 fratri
1171 2017 1312 2056 suo:
1351 2023 1372 2052 ι
1407 2003 1474 2056 Ει
1520 2018 1645 2072 ego,
1707 2002 1879 2072 inquit

292 2089 450 2154 alter,
492 2089 624 2142 nihil
664 2105 888 2159 prorsus
924 2089 1188 2144 dissimile
1241 2090 1504 2160 cogitavi.
1563 2089 1668 2158 Qui
1697 2089 1878 2144 statim

290 2187 603 2258 compuncti
636 2189 804 2243 corde
835 2188 903 2242 ad
936 2188 1106 2242 virum
1138 2187 1236 2242 Dei
1265 2189 1526 2259 regressi,
1557 2196 1741 2258 spreta
1771 2205 1880 2243 sa:-

290 2277 394 2332 culi
428 2293 627 2347 pompa
661 2278 908 2348 fastuque
937 2277 1163 2341 calcato,
1197 2292 1317 2332 cum
1358 2277 1550 2331 eodem
1597 2281 1880 2346 cmperunt

294 2365 649 2436 spiritualiter
680 2366 886 2431 vivere,
919 2373 973 2420 et
1002 2366 1072 2420 ad
1104 2366 1430 2435 portandum
1479 2382 1641 2420 suave
1683 2366 1880 2436 jugum

291 2463 474 2517 cordis
505 2463 711 2518 Christi
743 2463 1018 2518 cervicem
1070 2463 1342 2517 humiliter
1398 2463 1679 2529 inclinare,
1737 2464 1881 2520 unde

293 2551 413 2622 quis
445 2568 636 2606 eorum
669 2553 1082 2608 conversionem
1116 2552 1325 2606 meritis
1355 2553 1412 2607 B.
1446 2553 1666 2606 ltoberti
1715 2552 1880 2607 dubi-

291 2648 363 2694 tet
393 2641 780 2696 ascribendam
812 2641 840 2694 τ
869 2641 1031 2709 cujus
1065 2641 1410 2712 magisterio,
1465 2642 1601 2696 sicut
1647 2658 1884 2712 sequens

292 2739 510 2794 docebit
536 2740 713 2808 lectio,
746 2739 1049 2808 disciplinis
1072 2749 1229 2794 erant
1250 2739 1596 2811 regularibus
1624 2739 1882 2795 imbuen-

291 2827 368 2883 di.
409 2829 554 2882 Deus
591 2837 788 2890 autem,
831 2828 921 2899 qui
990 2829 1302 2883 consolatur
1367 2830 1616 2891 humiles,
1684 2830 1884 2898 adjecit

291 2916 651 2986 multiplicare
690 2932 887 2972 servos
925 2933 1074 2983 suos,
1108 2926 1164 2970 ut
1195 2917 1330 2971 intra
1363 2918 1527 2972 breve
1558 2918 1788 2988 spatium
1818 2918 1886 2973 ad

295 3015 661 3084 septenarium
694 3031 979 3068 numerum
1041 3015 1411 3084 pervenirent,
1473 3031 1581 3085 quo
1633 3015 1888 3070 videlicet

297 3118 527 3158 numero
560 3103 894 3172 septiformis
925 3103 1095 3158 sancti
1129 3103 1361 3174 Spiritus
1399 3104 1571 3173 gratia
1598 3103 1882 3175 figuratur,

307 3207 469 3264 quem
501 3208 600 3263 per
629 3191 884 3246 famulum
918 3207 1078 3246 suum
1133 3194 1191 3246 Β.
1249 3192 1543 3247 Robertum
1600 3193 1884 3248 multorum

297 3288 526 3342 salutem
558 3288 808 3342 novimus
837 3296 1146 3358 Operatum.
1188 3287 1336 3342 [dem
1369 3288 1510 3343 enim
1541 3289 1771 3358 Spiritus
1787 3291 1886 3344 hos

298 3385 504 3446 septem
529 3377 693 3439 viros,
721 3377 880 3448 quasi
902 3385 1110 3447 septem
1132 3377 1414 3432 columnas
1435 3377 1732 3446 spiritualis
1755 3379 1886 3433 sedi-

300 3465 406 3521 ficii
437 3466 784 3535 praeparavit,
818 3482 916 3536 per
945 3467 1046 3521 hos
1075 3465 1219 3520 enim
1248 3466 1412 3535 cmpit
1440 3465 1574 3520 ordo
1617 3469 1886 3522 monasti-

300 3579 400 3618 cus
427 3563 787 3628 reviviscere,
821 3571 875 3616 et
906 3563 1073 3616 missa
1095 3563 1279 3618 radice
1301 3563 1368 3616 ad
1393 3564 1672 3618 humorem
1694 3565 1886 3635 gratim

302 3651 535 3707 fructum
567 3651 746 3707 facere
776 3652 1100 3721 spiritalem,
1159 3660 1234 3717 ut,
1285 3667 1414 3707 cum
1453 3653 1670 3722 penitus
1729 3662 1885 3722 puta-

301 3748 453 3794 retur
481 3740 819 3810 absumptus,
854 3757 1071 3794 rursum
1103 3740 1170 3794 ad
1203 3739 1432 3795 odorem
1462 3741 1650 3812 gratia:
1679 3741 1877 3811 germi-

299 3846 474 3904 naret,
522 3836 827 3910 faceretque
853 3853 1084 3903 comam,
1115 3838 1273 3910 quasi
1305 3853 1428 3894 cum
1457 3837 1696 3910 primum
1725 3838 1882 3911 plan-

300 3931 445 3980 tatus
476 3934 582 3981 est.

373 4035 433 4086 6.
472 4033 657 4087 [terim
685 4049 818 4088 vero
850 4033 912 4086 Β.
954 4032 1250 4098 Roberlus,
1293 4033 1579 4090 sanctitate
1611 4042 1664 4090 et
1710 4034 1892 4104 gratia

301 4120 446 4191 apud
477 4122 647 4176 Deum
681 4129 733 4176 et
764 4121 1009 4176 homines
1039 4121 1170 4175 satis
1201 4122 1401 4187 clarus,
1435 4138 1468 4176 a
1498 4123 1776 4179 monachis
1817 4124 1880 4178 S.

302 4209 586 4264 Michaelis
616 4210 1048 4265 Tornodorensis
1076 4211 1154 4279 (5)
1183 4211 1390 4266 electus
1415 4219 1498 4266 est
1527 4212 1578 4266 in
1610 4212 1888 4268 abbatem.

303 4307 515 4362 Prtefati
544 4323 674 4362 vero
705 4307 944 4362 eremita:
972 4323 1092 4362 cum
1139 4324 1248 4363 non
1302 4309 1590 4372 haberent,
1649 4309 1740 4378 qui
1797 4326 1892 4365 eos

301 4395 604 4466 disciplinis
644 4397 994 4468 regularibus
1031 4396 1408 4465 informarent,
1462 4397 1746 4453 audientes
1807 4399 1892 4453 fa-

303 4500 430 4538 nam
472 4485 613 4540 beati
655 4485 772 4550 viri,
817 4485 954 4540 duos
991 4501 1022 4540 e
1087 4485 1342 4540 fratribus
1406 4485 1520 4540 suis
1585 4487 1651 4540 ad
1714 4487 1890 4557 ipsum

1988 628 2192 684 nasset,
2224 619 2369 674 unde
2399 619 2660 674 fratribus
2691 619 2935 688 ejusdem
2970 619 3184 685 domus,
3219 633 3326 674 noc
3372 635 3482 673 non
3528 626 3582 674 et

1987 708 2198 762 abbatis
2227 708 2389 763 sociis
2416 708 2714 778 persuasit,
2748 725 2816 761 ne
2871 707 3117 777 petitioni
3179 706 3426 770 fratrum,
3487 706 3580 778 qui

1986 797 2054 851 ad
2085 797 2491 868 requirendum,
2525 805 2579 850 ut
2610 796 2692 850 vir
2721 795 2818 850 Dei
2849 795 2951 850 sibi
2999 803 3243 864 praesset,
3302 803 3579 861 venerant,

1987 893 2333 948 assentirent.
2375 894 2764 946 Verumtamen
2798 893 2862 946 Β.
2903 891 3170 946 Robertus
3202 907 3391 946 eorum
3435 891 3581 963 peti-

1986 981 2118 1037 tioni
2141 982 2411 1052 justisque
2439 981 2578 1036 votis
2609 981 2991 1052 aggratulans,
3049 979 3294 1048 ipsorum
3353 979 3577 1035 satisfe-

1989 1069 2155 1125 cisset
2181 1070 2474 1134 desiderio,
2508 1069 2613 1122 nisi
2644 1068 2842 1124 fratres
2871 1068 3330 1123 Tornodorenses
3380 1068 3580 1122 unani-

1991 1158 2151 1212 miter
2179 1157 2540 1214 obstitissent.
2588 1157 2934 1212 Salutaribus
2977 1163 3159 1212 tamen
3218 1156 3437 1211 monitis
3494 1157 3586 1210 in-

1989 1254 2275 1321 formatos,
2317 1256 2599 1312 comitutos
2629 1255 2970 1310 orationibus
3000 1263 3050 1309 et
3108 1253 3350 1309 firmatos
3405 1255 3580 1310 bene-

1992 1343 2339 1409 dictionibus,
2370 1344 2583 1400 remisit
2612 1343 2736 1398 illos
2768 1344 2837 1398 ad
2871 1343 3092 1413 propria
3131 1363 3142 1398 :
3177 1351 3229 1398 et
3252 1343 3304 1397 in
3336 1360 3434 1414 spe
3464 1343 3580 1398 sin-

1992 1433 2251 1502 gulariter
2279 1433 2400 1488 illos
2429 1432 2728 1496 constituit,
2763 1431 2935 1503 quod,
2970 1448 3130 1503 quam
3189 1431 3297 1486 cito
3357 1431 3582 1488 facultas

1991 1521 2043 1576 ei
2083 1522 2413 1576 tribueretur
2449 1536 2482 1576 a
2536 1521 2786 1586 Domino,
2829 1519 2976 1590 ipsos
3013 1519 3332 1590 adimpleret
3399 1519 3584 1576 laetitia

1990 1635 2113 1675 cum
2141 1619 2289 1673 vultu
2320 1636 2445 1675 suo.
2485 1620 2638 1674 Libet
2667 1627 2845 1674 autem
2895 1619 2985 1674 hic
3041 1619 3321 1690 paululum
3381 1619 3582 1674 intueri

1991 1707 2453 1777 dispensationem
2485 1708 2601 1775 Dei,
2639 1707 2887 1779 quamvis
2929 1707 3073 1762 enim
3132 1716 3385 1762 sanctum
3436 1715 3584 1763 esset

1990 1795 2229 1867 ipsorum
2293 1796 2628 1866 propositum
2686 1799 3000 1867 justumque
3087 1796 3438 1863 desiderium,
3511 1797 3583 1852 ad

1907 1883 2094 1942 Bhoc
2132 1893 2313 1940 tamen
2353 1884 2578 1938 dilatum
2638 1883 2756 1949 fuit,
2833 1892 2891 1939 ut
2956 1883 3274 1939 dilataretur
3339 1893 3391 1940 et
3457 1901 3581 1940 cre-

1987 1988 2208 2049 sceret;
2251 1990 2307 2035 ut
2345 1996 2468 2037 cum
2510 1981 2562 2036 id
2627 1981 2774 2052 quod
2841 1981 3172 2053 quaesieram
3238 1981 3420 2052 adepti
3487 1981 3574 2038 fo-

1986 2078 2125 2136 rent,
2158 2070 2212 2124 id
2244 2070 2508 2126 haberent
2537 2069 2756 2126 charius
2813 2077 2975 2142 atque
3034 2069 3246 2126 cautius
3305 2070 3574 2126 observa-

1985 2167 2132 2214 rent.

2617 2255 2838 2312 CAPUT
2877 2256 2923 2310 Il
2939 2297 2952 2311 .

2063 2371 2314 2428 Canobia
2366 2373 2712 2428 Molismcnsc
2743 2376 2799 2428 et
2834 2372 3200 2429 Cisterciense
3229 2372 3502 2445 fundata.

2059 2495 2119 2548 7.
2154 2495 2248 2549 Vir
2279 2499 2461 2550 autem
2498 2494 2713 2550 Domini
2742 2511 2958 2564 semper
2986 2494 3250 2567 c0gitans,
3297 2511 3405 2552 non
3463 2513 3584 2566 quae

1990 2581 2180 2636 mundi
2210 2591 2352 2647 sunt,
2387 2583 2482 2637 sed
2512 2600 2632 2654 qua:
2663 2582 2878 2638 Domini
2912 2602 2926 2648 ;
2955 2598 3077 2637 cum
3124 2583 3332 2638 videret
3387 2583 3582 2638 fratres

1990 2669 2095 2724 loci
2125 2670 2267 2724 illius
2297 2672 2364 2726 ab
2391 2671 2658 2742 aequitatis
2691 2670 2902 2725 tramite
2935 2671 3235 2739 declinare,
3267 2671 3464 2726 timens
3513 2688 3583 2728 ne

1993 2758 2264 2830 malignus
2293 2774 2478 2814 comes
2509 2759 2742 2815 candido
2775 2766 2828 2813 et
2875 2759 3106 2829 simplici
3166 2776 3318 2813 suam
3376 2760 3587 2832 rubigi-

1994 2871 2123 2909 nem
2156 2855 2449 2922 alfricaret,
2483 2864 2536 2911 et
2566 2856 2852 2927 pulchram
2883 2856 3082 2912 animae
3117 2856 3261 2911 illius
3283 2856 3476 2913 faciem
3501 2857 3590 2913 de-

1993 2942 2256 2998 formaret
2290 2962 2302 3007 ;
2336 2961 2401 3000 eo
2429 2945 2572 3016 quod
2606 2961 2784 3000 mores
2816 2945 3042 2999 formari
3072 2944 3284 3000 soleant
3314 2961 3346 3000 a
3395 2945 3588 3001 convi-

1994 3039 2105 3098 ctu,
2136 3033 2202 3086 ad
2235 3033 2528 3088 claustrum
2561 3033 2828 3098 Cellense,
2860 3033 3008 3086 unde
3048 3033 3332 3105 digressus
3386 3033 3584 3099 fuerat,

1993 3121 2280 3175 remeavit.
2315 3121 2416 3177 Ubi
2449 3121 2558 3186 Lia,
2589 3137 2711 3186 qua:
2742 3121 3012 3176 laboriosa
3053 3121 3266 3186 dicitur,
3312 3121 3381 3176 ad
3443 3130 3593 3177 tem-

1918 3236 1967 3300 α
1995 3234 2096 3288 pus
2128 3218 2446 3289 postposita,
2479 3218 2691 3273 dilectae
2721 3217 2918 3288 diuque
2967 3217 3287 3274 desideratas
3334 3219 3590 3275 Rachelis

1995 3305 2275 3362 fruebatur
2321 3306 2685 3378 amplexibus,
2745 3307 2998 3361 hauriens
3056 3306 3111 3360 in
3164 3307 3362 3376 gaudio
3421 3307 3589 3363 fonti-

1995 3396 2098 3449 bus
2139 3395 2438 3450 Salvatoris
2467 3395 2610 3466 quod
2643 3404 2829 3464 postea
2865 3395 3186 3465 propinaret
3234 3393 3488 3450 fidelibus
3536 3396 3593 3451 in

1995 3484 2249 3539 salutem.
2289 3484 2394 3540 Sed
2426 3484 2548 3556 quia
2577 3484 2750 3539 latere
2799 3499 2907 3538 non
2967 3483 3136 3552 potuit
3183 3483 3375 3538 civitas
3424 3499 3594 3555 supra

1995 3590 2235 3637 montem
2273 3583 2469 3652 posita,
2504 3583 2560 3637 B.
2595 3582 2865 3636 Robertus
2904 3596 3076 3650 supra
3134 3589 3376 3636 montem
3432 3583 3593 3637 Chri-

1995 3678 2136 3724 stum
2163 3670 2442 3725 radicatus
2471 3669 2696 3725 firmiter
2727 3677 2780 3724 et
2809 3669 3080 3732 fundatus,
3114 3668 3374 3725 defuncto
3403 3671 3592 3740 priore

1995 3759 2061 3814 S.
2098 3758 2296 3830 Aigulfi
2328 3760 2400 3828 (7)
2433 3759 2504 3813 ad
2533 3759 2871 3830 pascendum
2903 3757 3156 3812 humilem
3181 3773 3403 3829 gregem
3437 3759 3592 3814 Chri‘

1995 3847 2065 3901 sti
2096 3864 2288 3901 rursus
2319 3847 2560 3920 eligitur,
2593 3849 2645 3901 in
2678 3847 2868 3902 eadem
2901 3847 3062 3901 domo
3083 3845 3326 3900 unanimi
3370 3845 3590 3902 fratrum

1997 3944 2127 3991 voto
2155 3936 2380 4008 parique
2412 3936 2684 3991 desiderio
2715 3936 2866 4007 prior
2893 3934 3140 3991 effectus.
3174 3935 3454 3990 Memorati
3485 3951 3590 3990 au-

1996 4041 2106 4089 tem
2135 4035 2391 4101 eremitae,
2423 4050 2616 4090 amore
2643 4034 2765 4090 vita:
2795 4034 3033 4090 caelestis
3062 4032 3248 4100 afflati,
3273 4049 3396 4090 cum
3419 4034 3590 4088 virum

1998 4123 2098 4178 Dei
2127 4139 2345 4193 semper
2373 4123 2623 4178 viderent
2655 4123 2707 4177 in
2743 4124 2913 4177 Deum
2968 4122 3234 4194 proﬁcere
3288 4131 3338 4177 et
3398 4122 3590 4193 seipso

1999 4210 2141 4268 effici
2169 4212 2475 4276 meliorem,
2510 4211 2643 4266 inito
2673 4211 2904 4267 consilio
2935 4211 3074 4266 duos
3103 4227 3169 4266 ex
3203 4211 3455 4266 fratribus
3478 4212 3594 4268 suis

2000 4300 2067 4355 ad
2097 4300 2284 4356 sedem
2314 4299 2669 4370 apostolicam
2728 4301 3174 4366 transmiserunt,
3236 4308 3500 4371 quatenus
3557 4317 3590 4355 a

2001 4413 2214 4452 summo
2245 4396 2501 4467 pontifice
2532 4400 2611 4466 (8)
2647 4397 2906 4467 precibus
2936 4397 3261 4462 obtinerent,
3294 4403 3352 4452 ut
3383 4397 3465 4453 vir
3495 4398 3594 4454 Dei

2001 4488 2060 4541 B.
2096 4487 2372 4541 Robertus
2395 4485 2591 4554 pusillo
2614 4485 2778 4556 gregi
2819 4485 3019 4540 Christi
3058 4487 3216 4540 Pater
3244 4485 3399 4541 fieret
3429 4495 3592 4558 atque

302 4582 666 4637 transmittere
695 4590 1042 4646 curaverunt,
1077 4581 1170 4654 qui
1192 4597 1312 4637 cum
1345 4583 1414 4636 ad
1463 4581 1640 4638 locum
1691 4601 1889 4652 perve-
1920 4590 1974 4650 D
2003 4583 2200 4646 pastor
2233 4590 2246 4643 ;
2281 4574 2522 4629 sciebant
2556 4574 2721 4640 enim,
2757 4574 2898 4644 quod
2921 4573 3189 4629 nefarium
3215 4583 3361 4630 esset
3384 4591 3595 4631 summo

304 4669 534 4735 nissent,
569 4671 623 4724 in
652 4687 761 4741 quo
792 4670 876 4725 vir
907 4671 1122 4726 Domini
1152 4671 1402 4725 sedulum
1436 4671 1549 4726 Deo
1596 4673 1894 4727 exhibebat

304 4758 649 4830 obsequium,
682 4760 1031 4830 praepositum
1080 4759 1276 4814 domus
1323 4759 1470 4813 illius
1516 4759 1569 4813 in
1623 4761 1892 4816 auditorio

304 4855 651 4918 repererunt.
690 4847 946 4916 Quicum
990 4865 1178 4903 eorum
1225 4850 1583 4918 prapositum,
1635 4865 1888 4905 causam-

305 4952 410 5006 que
449 4936 656 4991 itineris
691 4937 1034 5008 agnovisset,
1078 4937 1162 4991 vix
1201 4937 1268 4990 ab
1307 4952 1372 4992 eo
1410 4937 1593 4991 multis
1632 4939 1892 5008 precibus

303 5025 666 5089 obtinuerunt,
703 5034 756 5079 ut
785 5025 852 5079 ad
883 5025 984 5080 viri
1017 5025 1112 5080 Dei
1144 5026 1500 5080 secretarium
1529 5025 1884 5082 ducerentur.

305 5113 531 5167 Invidiae
561 5113 768 5184 quippe
798 5130 1061 5170 mucrone
1089 5112 1376 5169 confossus
1425 5115 1751 5184 praepositus
1815 5116 1892 5184 (6)

304 5200 410 5256 sibi
441 5201 808 5258 arbitrabatur
833 5203 1035 5274 perire,
1069 5203 1114 5256 si
1144 5201 1275 5274 quid
1318 5201 1478 5258 laude
1525 5202 1714 5275 dignm
1762 5219 1892 5274 per-

375 5379 451 5447 (5)
481 5379 857 5452 Tornodorum
888 5379 1060 5452 vulgo
1093 5382 1392 5443 Tonnerre,
1427 5379 1570 5452 haud
1613 5377 1775 5447 longe
1824 5379 1894 5433 ab

303 5450 660 5504 Armensione
691 5451 873 5516 fluvio,
910 5449 1010 5504 ubi
1027 5466 1170 5505 anno
1201 5453 1303 5504 980
1353 5449 1560 5504 exstrui
1619 5458 1894 5506 monaste-

307 5521 439 5574 rium
477 5529 741 5589 coeperat.

377 5594 454 5660 (6)
484 5591 811 5647 Guillericus
840 5591 927 5646 hic
959 5591 1200 5647 forsitam
1237 5590 1348 5652 fuit,
1383 5591 1469 5646 cui
1516 5590 1634 5660 ipse
1665 5600 1895 5646 sanctus

305 5672 500 5732 postea
527 5663 747 5724 cedens,
781 5662 1052 5716 abbatiam
1098 5661 1364 5716 dimiserit
1399 5676 1412 5714 :
1467 5670 1616 5715 certe
1672 5663 1893 5717 Roberti

307 5731 598 5790 successor
623 5749 688 5787 eo
719 5733 937 5787 nomine
967 5733 1142 5788 dictus
1173 5732 1406 5793 videtur,
1439 5731 1583 5800 quod
1629 5732 1893 5786 Sanmar-

305 5803 453 5857 thani
500 5819 576 5875 ex,
619 5804 912 5872 diplomate.
969 5801 1176 5858 Galteri
1234 5801 1597 5872 Lingonensis
1653 5802 1896 5875 episcOpi

300 5887 444 5931 anno
479 5874 610 5929 ΗἨ
646 5881 1000 5944 acceperunt.

2001 4663 2243 4735 pontifici
2273 4662 2672 4728 contradicere,
2706 4669 2798 4716 aut
2829 4662 2951 4731 ejus
2975 4663 3312 4730 jussionibus
3342 4681 3476 4718 ausu
3509 4674 3594 4720 te-

2001 4760 2234 4816 merario
2273 4759 2574 4815 contraire.
2613 4759 2868 4812 Summus
2897 4768 3077 4813 autem
3100 4760 3339 4829 pontifex
3370 4762 3596 4817 audiens

2001 4850 2238 4920 ipsorum
2268 4847 2624 4918 propositum,
2654 4847 2878 4918 gavisus
2944 4855 3025 4902 est
3075 4848 3256 4915 valde,
3308 4851 3596 4919 petitioni-

2003 4953 2110 5009 que
2140 4953 2330 4992 eorum
2352 4936 2589 5007 benigne
2617 4935 3199 5004 annuens,apostolica
3221 4936 3598 4995 benedictione

2001 5026 2167 5081 fretos
2197 5025 2408 5080 remisit
2435 5025 2505 5079 ad
2537 5023 2756 5096 propria
2786 5023 3128 5096 gratulantes
3170 5039 3184 5092 ;
3231 5025 3410 5080 abbati
3428 5028 3506 5096 (9)
3529 5028 3598 5084 de

2003 5124 2154 5179 Cella
2181 5139 2282 5194 per
2310 5122 2610 5192 apostolica
2649 5123 2853 5191 scripta
2887 5121 3151 5176 mandans
3191 5130 3354 5192 atque
3397 5125 3597 5194 ριιωοί-

2001 5214 2179 5283 piens,
2213 5219 2506 5283 quatenus,
2541 5225 2922 5282 quemcunque
2952 5209 3022 5264 de
3077 5209 3332 5265 fratribus
3389 5211 3600 5284 elegis-

2074 5379 2152 5446 (7)
2184 5377 2396 5431 Colitur
2426 5377 2488 5430 S.
2525 5375 2799 5444 Aigulfus,
2832 5375 3001 5428 abbas
3031 5375 3326 5430 Lirinensis
3360 5384 3413 5431 et
3441 5393 3597 5432 mar-

2003 5456 2110 5518 tyr,
2145 5455 2175 5502 3
2210 5450 2364 5517 Sept.
2397 5448 2500 5500 sub
2531 5449 2692 5514 cujus
2748 5447 2968 5501 nomine
3023 5448 3078 5500 in
3136 5447 3332 5500 vicinia
3390 5449 3600 5503 Cellen-

2004 5519 2364 5641 Eisucmnobii
2419 5519 2668 5574 exstabat
2720 5518 3016 5588 prior-atus,
3074 5518 3353 5586 subjectus
3408 5518 3597 5574 abbati

2051 5609 2077 5641 Ε
2127 5606 2266 5641 ensn.

2003 5590 2266 5644 Cellensi.

2075 5665 2153 5730 (8)
2187 5659 2496 5714 Alexander
2516 5659 2583 5713 ΙΙΙ
2613 5659 2701 5714 hic
2731 5659 2940 5714 videtur
2968 5657 3156 5722 fuisse,
3191 5657 3331 5714 sedit
3357 5659 3502 5716 enim
3527 5662 3599 5716 ab

2003 5746 2145 5785 anno
2182 5731 2312 5784 t159
2341 5731 2586 5785 adllSt.
3046 5766 3048 5768 -

2075 5802 2151 5871 (9)
2183 5800 2461 5871 Guarinus
2491 5801 2678 5871 credo,
2708 5815 2851 5855 anno
2875 5801 3018 5871 71050
3050 5799 3316 5871 indicatus
3359 5815 3402 5871 _a
3460 5801 3602 5857 San-

2003 5868 2323 5939 marthanis,
2353 5870 2616 5927 decessor
2645 5869 2906 5928 Bernardi
2935 5885 3006 5925 an
3037 5870 3174 5928 107t
3215 5868 3398 5929 electi.
