3972 6402
368 410 507 468 1275

1289 412 1348 468 S.
1386 410 1692 470 ROBERTI
1730 412 1896 470 OED.
1936 408 2252 468 CISTERC.
2293 409 2744 469 FUNDATORIS

3538 409 3680 466 i276

365 543 504 605 sent,
535 535 668 608 ipsis
697 535 928 593 traderet
951 537 1005 592 in
1062 535 1336 592 abbatem.
1398 536 1606 594 Abbate
1663 546 1843 594 autem
1901 535 1970 592 de
1996 535 2054 597 A
2082 551 2192 592 non
2211 537 2490 602 haberent,
2516 534 2864 591 nihilominus
2882 536 3078 592 Trecas
3119 536 3237 608 (11)
3271 535 3559 592 transmisit
3587 551 3684 591 eos

365 625 520 680 Cella
551 625 792 698 cognito,
827 627 970 697 quod
999 643 1242 681 summus
1303 627 1551 698 pontifex
1610 627 1685 682 illi
1741 625 1976 682 manda-

365 721 538 780 verat,
581 715 799 771 beatum
860 715 1153 770 Robertum
1212 715 1478 772 concessit
1530 716 1972 786 postulantibus:

370 812 534 867 tristis
565 812 792 883 quidens
820 820 871 868 et
901 829 1154 882 mmrens,
1203 813 1302 868 sed
1350 813 1620 870 mandatis
1667 812 1978 884 apostolicis

371 901 637 958 eontraire
666 915 775 956 non
806 901 1036 958 audens.
1079 901 1310 958 Videbat
1354 903 1500 958 enim
1560 902 1706 974 quod
1760 903 1975 958 illorum

371 991 671 1070 consolatio
699 991 804 1046 sibi
833 991 1050 1062 suisque
1081 999 1223 1048 esset
1260 991 1557 1057 tribulatio,
1606 1007 1672 1048 eo
1719 991 1864 1062 quod
1909 990 1976 1046 de

371 1079 592 1135 domino
624 1078 767 1134 illius
793 1080 1046 1136 columna
1066 1081 1308 1158 cedrina,
1339 1080 1496 1137 ﬁrma
1515 1082 1698 1152 utique
1720 1089 1773 1136 et
1791 1081 1976 1150 impu-

369 1174 581 1241 tribilis,
617 1177 942 1233 auferretur.
989 1179 1185 1234 Beatus
1237 1186 1416 1234 autem
1474 1179 1740 1234 Robertus
1791 1193 1975 1234 curam

371 1265 656 1336 pastoralis
685 1264 850 1320 ofﬁcii
879 1265 1106 1322 devotus
1135 1269 1368 1338 accepit,
1399 1266 1590 1321 videns
1620 1265 1764 1336 quod
1819 1265 1978 1321 labor

371 1352 490 1423 ejus
516 1353 637 1408 sine
669 1353 842 1410 fructu
871 1371 978 1410 non
1011 1363 1168 1422 esset,
1199 1371 1264 1412 eo
1295 1357 1440 1426 quod
1469 1355 1796 1410 unanimitas
1844 1370 1976 1427 grc-

371 1442 476 1515 gis,
509 1442 816 1514 respuendo
849 1449 1062 1500 terrena
1091 1452 1145 1500 et
1173 1445 1463 1516 quaerendo
1521 1444 1780 1513 cmlestia,
1839 1443 1980 1498 salu-

374 1539 581 1594 taribus
617 1541 735 1610 ejus
779 1542 999 1596 monitis
1055 1542 1344 1598 obediret:
1403 1541 1544 1597 unde
1597 1541 1790 1598 iterum
1843 1541 1974 1608 Lize,

371 1629 498 1685 vita:
525 1629 730 1685 scilicet
759 1630 966 1697 activae,
1001 1625 1282 1702 copulatus
1311 1640 1391 1686 est
1421 1632 1488 1687 ad
1519 1631 1658 1687 ﬁlios
1695 1647 1980 1704 procrean-

373 1717 472 1774 dos
499 1718 808 1788 spirituales
841 1738 854 1774 :
887 1721 1183 1775 secundum
1232 1721 1546 1776 interiorem
1595 1721 1814 1792 quidem
1871 1721 1979 1775 ho-

371 1806 576 1862 minem
606 1807 666 1862 in
695 1807 887 1879 spiritu
918 1809 1234 1865 humilitatis
1283 1810 1518 1866 Domino
1567 1810 1827 1876 serviens,
1884 1825 1976 1864 se-

2059 667 2064 674 .
2086 625 2154 681 ad
2182 626 2438 682 victualia
2465 625 2852 696 comparanda,
2875 627 3168 682 secundum
3189 625 3416 682 litteram
3439 627 3678 698 prophe-

2087 723 2154 771 ta:
2184 715 2422 771 consiliis
2442 715 2828 784 acquiescens:
2859 737 2881 763 α
2905 714 2970 770 EI
3012 715 3104 786 qui
3140 730 3250 771 non
3266 714 3475 770 habetis
3493 729 3684 787 argen-

2087 820 2220 881 tum,
2252 812 2451 878 venite,
2483 818 2790 883 prOperate,
2823 811 2984 867 emite
3005 819 3058 867 et
3084 811 3351 868 comedite
3371 812 3500 880 (lsa.
3523 813 3628 873 ιν).
3653 834 3678 860 ι

2089 901 2222 958 Cum
2282 909 2462 957 autem
2518 901 2868 957 Trecensium
2929 901 3202 956 civitatem
3261 900 3415 956 nudis
3456 900 3686 972 pedibus

2085 991 2314 1046 fuissent
2340 991 2588 1064 ingressi,
2621 991 2798 1046 statim
2827 991 2896 1046 de
2922 989 3054 1060 ipsis
3109 990 3178 1046 ad
3229 991 3540 1062 episcopum
3594 1006 3686 1044 ru-

2085 1094 2207 1137 mor
2232 1079 2492 1150 ascendit,
2521 1093 2660 1150 quos
2686 1079 2756 1134 ad
2803 1096 2862 1134 se
2889 1079 3096 1136 faciens
3150 1079 3435 1148 introduci,
3491 1079 3686 1134 devote

2084 1179 2214 1234 satis
2240 1177 2362 1234 illos
2388 1177 2702 1250 suscipiens,
2734 1192 2999 1245 amorem,
3049 1193 3210 1248 quem
3261 1176 3499 1232 habebat
3552 1191 3688 1248 erga

2083 1269 2280 1334 Deum,
2314 1267 2367 1321 in
2399 1265 2641 1322 exhibita
2668 1266 2836 1323 servis
2878 1266 2990 1321 suis
3035 1265 3370 1322 humanitate
3424 1273 3688 1321 monstra-

2085 1357 2182 1412 vit.
2251 1355 2496 1426 Denique
2561 1355 2718 1410 novis
2783 1355 3020 1410 vestibus
3083 1355 3400 1428 regulariter
3461 1353 3690 1410 induens

2086 1461 2199 1512 eos,
2227 1461 2352 1500 cum
2381 1445 2646 1516 quadriga
2710 1443 2902 1516 pannis
2929 1451 2984 1500 et
3026 1444 3259 1514 panibus
3305 1451 3526 1498 onerata
3578 1457 3683 1498 re-

2086 1542 2232 1598 misit
2259 1558 2354 1599 eos
2383 1542 2453 1598 ad
2482 1542 2674 1597 fratres
2703 1557 2849 1597 suos.
2911 1541 3026 1598 Hac
3076 1549 3259 1597 autem
3312 1539 3686 1597 benedictione

2085 1648 2195 1688 non
2225 1631 2562 1687 mediocriter
2613 1631 2898 1687 confortati
2949 1632 3157 1700 fratres,
3203 1630 3501 1686 didicerunt
3547 1630 3689 1685 inter

2087 1722 2314 1777 adversa
2343 1721 2607 1794 patientes
2637 1733 2799 1790 esse;
2861 1721 2991 1790 quin
3037 1721 3200 1775 etiam
3259 1735 3292 1774 a
3346 1719 3434 1774 die
3487 1719 3577 1775 illa
3631 1725 3688 1774 et

2085 1811 2342 1881 deinceps
2369 1825 2478 1866 non
2506 1809 2697 1875 defuit,
2727 1809 2817 1879 qui
2847 1808 2926 1863 eis
2953 1816 3063 1865 tam
3113 1809 3168 1864 in
3225 1807 3360 1863 cibis
3413 1823 3574 1878 quam
3628 1807 3686 1862 in

370 1905 607 1960 cundum
638 1905 960 1962 exteriorem
991 1923 1121 1963 vero
1168 1907 1297 1963 satis
1350 1915 1566 1964 strenue
1619 1907 1975 1963 ministerium
2005 1895 2059 1955 B
2088 1899 2328 1957 vestibus
2359 1899 2662 1954 necessaria
2689 1897 3040 1954 ministraret.

369 2009 526 2049 suum
556 1993 812 2065 impleas.

443 2121 494 2172 8.
527 2119 588 2174 In
615 2119 738 2176 loco
767 2120 950 2193 igitur,
981 2121 1072 2191 qui
1104 2137 1248 2178 nunc
1295 2121 1530 2178 Colanus
1584 2121 1796 2184 dicitur,
1857 2119 1974 2176 Do-

371 2214 520 2270 mino
549 2216 865 2283 servientes,
899 2217 953 2271 in
984 2217 1130 2273 fame
1160 2225 1214 2272 et
1241 2217 1348 2284 siti,
1379 2218 1432 2272 in
1467 2217 1669 2290 frigore
1713 2225 1768 2272 et
1811 2215 1976 2271 nudi-

374 2311 500 2370 tate,
526 2303 830 2376 jejunando
889 2314 943 2360 et
999 2307 1226 2375 orando,
1275 2306 1490 2376 pondus
1545 2306 1654 2360 diei
1710 2313 1764 2361 et
1814 2314 1978 2360 aestus

371 2403 750 2472 aequanimiter
779 2403 1100 2472 tolerabant,
1129 2405 1458 2461 seminantes
1503 2405 1558 2458 in
1599 2404 1867 2476 lacrymis,
1917 2410 1977 2458 ut

370 2490 428 2546 in
455 2492 814 2547 exsultatione
840 2507 1023 2547 secum
1055 2493 1123 2548 ad
1171 2493 1517 2549 Dominicum
1566 2491 1823 2548 horreum
1873 2492 1972 2563 ju-

369 2579 528 2635 stitiaa
561 2581 872 2652 manipulos
899 2589 1256 2653 reportarent.
1291 2581 1399 2637 Sed
1426 2581 1556 2652 quia
1597 2581 1848 2638 solatium
1895 2588 1976 2636 est

369 2667 590 2734 laboris,
627 2669 764 2725 visio
794 2670 1195 2737 collaborantis,
1238 2671 1329 2741 qui
1375 2671 1663 2726 humilium
1707 2677 1837 2726 vota
1879 2685 1972 2726 re-

369 2766 530 2838 spicit
555 2768 718 2835 Deus,
751 2768 959 2824 addidit
986 2776 1046 2824 ut
1071 2769 1454 2840 multiplicaret
1482 2786 1667 2825 servos
1713 2786 1858 2836 suos,
1919 2779 1975 2826 ut

371 2855 428 2910 in
457 2855 610 2911 brevi
639 2857 896 2912 tredecim
923 2856 1132 2924 ﬁerent,
1165 2866 1218 2914 et
1268 2860 1544 2932 apostolis,
1605 2867 1863 2930 quantum
1919 2859 1975 2914 in

373 2945 506 3017 ipsis
534 2952 668 3011 erat,
719 2947 998 3002 honestate
1053 2963 1266 3003 morum
1326 2965 1426 3004 nec
1481 2965 1590 3004 non
1644 2957 1695 3004 et
1749 2962 1974 3004 numero

373 3034 784 3090 concordarent.
820 3035 913 3092 Vir
939 3044 1119 3092 autem
1138 3037 1355 3094 Domini
1383 3038 1650 3094 Robertus
1668 3053 1974 3110 congruen-

373 3130 502 3186 tiam
535 3131 638 3187 loci
661 3132 924 3203 desirans,
982 3134 1183 3190 relictis
1239 3135 1314 3190 ibi
1371 3135 1702 3206 custodibus,
1761 3151 1974 3190 assum-

373 3221 479 3292 ptis
527 3221 800 3286 fratribus,
852 3222 917 3322 in'
963 3224 1236 3322 quoddam
1292 3239 1504 3292 nemus,
1559 3225 1646 3281 cui
1701 3225 1978 3281 Molismus
2005 3256 2054 3322 Ο

371 3325 569 3365 nomen
601 3317 700 3377 est,
723 3311 945 3367 secessit
977 3331 988 3368 :
1022 3312 1114 3367 ubi
1145 3314 1378 3386 propriis
1424 3315 1676 3370 manibus
1725 3314 1970 3370 laboran-

373 3405 468 3465 tes,
498 3415 680 3456 ramos
708 3398 777 3456 de
806 3399 1092 3456 arboribus
1119 3401 1454 3473 exciderunt,
1499 3420 1569 3458 ex
1613 3401 1819 3458 eisdem
1866 3402 1972 3458 do-

369 3497 572 3552 micilia
600 3497 656 3551 in
702 3497 898 3568 quibus
957 3507 1176 3570 possent
1231 3501 1526 3570 quiescere,
1584 3507 1971 3565 construentes,

369 3585 666 3641 oratorium
697 3601 914 3656 quoque
967 3587 1131 3643 simili
1185 3589 1458 3644 schemate
1511 3596 1858 3662 peregerunt,
1915 3588 1973 3644 in

370 3689 477 3744 quo
506 3675 742 3732 Domino
773 3675 1084 3746 frequenter
1127 3677 1388 3734 salutares
1443 3678 1645 3734 hostias
1683 3685 1738 3734 et
1771 3676 1973 3734 sacriﬁ-

371 3769 514 3824 cium
544 3771 759 3826 contriti
788 3771 1009 3843 spiritus
1053 3771 1398 3840 offerebant;
1447 3773 1539 3844 qui
1592 3789 1714 3830 cum
1771 3789 1969 3844 panem

369 3873 479 3914 non
508 3860 790 3928 haberent,
823 3875 930 3931 quo
962 3868 1086 3932 post
1111 3862 1422 3917 diuturnum
1453 3862 1696 3918 laborem
1743 3879 1973 3935 corpora

373 3956 595 4019 possent
618 3949 864 4014 reficere,
911 3950 1284 4006 tantummodo
1339 3951 1706 4024 leguminibus
1750 3953 1973 4008 uteban-

374 4044 484 4092 tur.
515 4037 755 4108 Contigit
781 4046 962 4094 autem
991 4039 1312 4096 Trecensem
1353 4041 1665 4114 episcopum
1713 4043 1828 4113 (10)
1876 4057 1974 4114 per

377 4153 568 4193 nemus
595 4139 748 4208 illud,
780 4140 835 4194 in
866 4155 972 4210 quo
1003 4139 1102 4195 Dei
1142 4141 1392 4196 homines
1450 4139 1505 4196 in
1559 4157 1775 4197 summa
1825 4157 1970 4212 pau-

377 4234 581 4298 pertate
610 4235 664 4284 et
690 4228 990 4284 humilitate
1015 4229 1248 4285 Domino
1277 4228 1602 4298 serviebant,
1639 4229 1742 4284 iter
1785 4246 1968 4303 agere,

378 4323 430 4371 et
458 4316 528 4371 ad
556 4317 735 4372 locum
763 4317 917 4372 illum
972 4318 1283 4374 refectionis
1333 4321 1469 4375 hora
1516 4335 1640 4375 cum
1698 4319 1971 4375 sociorum

376 4409 680 4484 frequentia
707 4415 1016 4487 pervenire.
1056 4414 1206 4486 Quos
1251 4417 1352 4472 viri
1400 4417 1500 4472 Dei
1545 4418 1742 4474 devote
1797 4417 1970 4473 susci-

374 4502 606 4574 pientes,
656 4503 1062 4574 quodammodo
1135 4505 1626 4573 confundebantur,
1686 4506 1814 4578 quia
1861 4521 1974 4561 non

2161 2029 2213 2081 9.
2248 2025 2382 2080 Cum
2404 2031 2584 2080 autem
2615 2021 2670 2078 in
2699 2023 2797 2079 Dei
2831 2022 3048 2080 servitio
3100 2021 3527 2078 constantissime
3555 2034 3688 2094 per-

2087 2113 2360 2182 durarent,
2395 2112 2548 2168 multi
2578 2111 2872 2168 veniebant
2899 2111 2966 2166 ad
2999 2111 3138 2178 illos,
3179 2112 3433 2166 szeculum
3483 2110 3688 2182 fugien-

2087 2211 2184 2272 tes,
2218 2211 2271 2260 et
2299 2203 2504 2272 rejecta
2558 2201 2748 2256 mundi
2806 2199 3019 2257 sarcina
3073 2200 3311 2256 cervices
3364 2216 3488 2255 suas
3533 2199 3684 2254 suavi

2081 2303 2217 2374 jugo
2247 2300 2466 2356 Domini
2495 2298 2898 2371 supponebant.
2929 2297 3164 2367 Quidam
3194 2313 3322 2354 vero
3353 2297 3422 2354 de
3467 2297 3685 2352 remotis

2083 2389 2330 2461 partibus
2359 2389 2436 2445 eis
2465 2389 2765 2444 necessaria
2793 2388 3246 2456 transmittebant,
3278 2395 3337 2442 ut
3379 2386 3681 2442 mercedem

2078 2479 2208 2551 justi
2238 2478 2562 2550 reciperent,
2585 2494 2707 2533 cum
2749 2477 2911 2548 justis
2941 2476 3220 2548 praesentis
3276 2477 3402 2532 vitae
3452 2491 3686 2532 necessa-

2082 2569 2162 2623 ria
2191 2567 2575 2622 ministrarent.
2609 2565 2720 2623 Sed
2750 2566 2879 2638 quia
2929 2566 3248 2638 plerumque
3295 2580 3472 2620 rerum
3525 2565 3682 2635 copia

2081 2682 2295 2722 morum
2326 2664 2526 2738 ingerit
2554 2672 2872 2738 egestatem,
2903 2681 3026 2720 cum
3075 2664 3361 2736 coepissent
3411 2662 3683 2719 abundare

2084 2754 2486 2827 temporalibus,
2547 2761 2826 2824 cmperunt
2878 2752 3244 2826 spiritualibus
3313 2752 3548 2819 vacuari,
3622 2758 3682 2807 nt

2083 2860 2269 2900 eorum
2297 2843 2552 2914 iniquitas
2579 2842 2797 2914 prodire
2826 2843 2978 2914 quasi
3035 2858 3102 2898 ex
3159 2841 3319 2914 adipe
3375 2841 3667 2896 videretur.

2081 2945 2274 2998 Beatus
2303 2949 2482 2998 autem
2513 2941 2804 3006 Robertus,
2857 2956 2950 2997 cor
3001 2957 3158 2996 suum
3206 2937 3406 2996 divitiis
3467 2937 3678 2994 afﬂuen-

2082 3031 2224 3087 tibus
2248 3047 2358 3086 non
2386 3046 2685 3102 apponens,
2717 3030 2896 3103 magis
2923 3045 2987 3086 ac
3014 3029 3192 3102 magis
3217 3029 3272 3083 in
3319 3028 3492 3083 Deum
3544 3039 3674 3099 pro-

2081 3119 2241 3176 ﬁcere
2271 3120 2584 3189 conabatur,
2619 3127 2672 3175 et
2708 3117 3003 3175 secundum
3053 3117 3291 3173 instituta
3335 3115 3398 3172 S.
3463 3115 3679 3172 Benedi-

2083 3209 2153 3266 cti
2179 3210 2323 3281 juste
2352 3217 2405 3265 et
2431 3207 2520 3279 pie
2552 3217 2605 3265 et
2631 3207 2812 3265 sobrie
2851 3207 3178 3264 conversari.
3234 3205 3391 3276 Quod
3437 3205 3678 3262 videntes

2083 3306 2178 3362 ﬁlii
2207 3307 2394 3371 Belial,
2425 3306 2483 3362 in
2509 3306 2684 3362 virum
2714 3305 2813 3361 Dei
2862 3305 3112 3361 atrociter
3166 3303 3529 3376 insurgebant,
3583 3301 3676 3374 ip-

2079 3407 2200 3452 sum
2229 3395 2299 3451 ad
2325 3395 2741 3452 amaritudinem
2772 3401 3150 3464 provocantes,
3184 3400 3239 3449 et
3260 3392 3393 3463 justi
3439 3391 3672 3448 animam

2080 3485 2278 3557 iniquis
2306 3483 2561 3557 operibus
2585 3483 2902 3540 cruciantes.
2933 3484 3048 3540 Nec
3094 3493 3143 3539 te
3198 3489 3432 3549 moveat,
3481 3480 3668 3550 lector,

2081 3573 2304 3646 quodin
2332 3574 2425 3629 illa
2451 3579 2635 3628 sancta
2689 3571 3114 3646 congregatione
3167 3571 3346 3628 locum
3405 3568 3508 3625 sibi
3563 3569 3670 3624 vin-

2079 3673 2223 3729 dicet
2250 3671 2520 3743 iniquitas,
2554 3669 2998 3742 cum'superbia,
3047 3668 3264 3725 natione
3315 3668 3516 3724 caelesti
3569 3683 3674 3724 cte-

2079 3761 2240 3818 lesles
2269 3767 2480 3815 mentes
2506 3775 2786 3824 revocans,
2819 3759 2888 3814 ad
2916 3758 3365 3832 propriosortus,
3413 3755 3630 3814 invadat
3657 3771 3672 3825 ;

2078 3858 2132 3906 et
2158 3850 2214 3904 in
2243 3849 2424 3906 cinere
2452 3856 2507 3904 et
2531 3847 2710 3905 cilicio
2731 3848 2912 3915 lateat,
2945 3863 3066 3918 qum
3087 3863 3347 3919 apparere
3376 3847 3433 3901 in
3453 3860 3668 3919 magno,

2078 3939 2134 3995 in
2161 3939 2322 4012 bysso
2352 3945 2406 3994 et
2459 3953 2696 4010 purpura
2749 3937 3050 3994 consuevit.
3105 3937 3350 4007 Denique
3403 3936 3670 4007 Scriptura

2079 4035 2212 4085 teste
2241 4027 2530 4084 didicimus
2557 4027 2702 4098 quia,
2733 4043 2855 4082 cum
2911 4047 2935 4079 ι
2997 4025 3228 4096 quadam
3283 4025 3372 4081 die
3425 4023 3521 4080 ﬁlii
3563 4025 3670 4080 .Dei

2079 4126 2352 4182 venissent
2378 4133 2439 4180 ut
2483 4124 2792 4180 assisterent
2827 4139 3010 4180 coram
3048 4123 3302 4186 Domino,
3343 4121 3514 4178 adfuit
3541 4122 3675 4176 inter

2081 4231 2175 4271 eos
2203 4215 2366 4270 etiam
2399 4213 2565 4270 Satan
2596 4214 2714 4282 (Job
2743 4213 2784 4282 ι)
2819 4227 2832 4282 ;
2870 4235 2892 4263 υ
2928 4213 3006 4268 sic
3033 4212 3104 4268 ab
3153 4211 3305 4268 initio
3354 4227 3462 4267 non
3507 4210 3675 4266 defuit

2080 4303 2136 4358 in
2166 4303 2410 4360 Ecclesia
2431 4301 2631 4373 justus,
2659 4302 2754 4372 qui
2783 4300 3084 4374 proﬁceret,
3115 4309 3170 4357 et
3195 4301 3396 4373 impius
3419 4301 3508 4371 qui
3553 4315 3672 4372 pro-

2079 4392 2253 4450 baret.

2155 4505 2244 4557 10.
2277 4500 2480 4556 Videns
2508 4507 2688 4556 autem
2743 4499 2828 4556 vir
2877 4499 2979 4554 Dei
3035 4497 3179 4569 quod
3233 4498 3288 4552 in
3339 4495 3670 4570 corripiendo

377 4593 652 4649 habebant
681 4593 826 4666 quod
855 4592 1138 4650 refecturis
1193 4602 1528 4667 apponerent
1559 4610 1573 4666 ;
1632 4595 1687 4650 in
1743 4611 1970 4668 quorum
2000 4618 2054 4680 D
2084 4606 2178 4646 eos
2207 4607 2316 4680 non
2345 4589 2714 4680 proﬁceretget
2741 4589 2906 4660 quod,
2938 4587 3238 4680 disciplinae
3263 4587 3524 4680 regularis
3567 4587 3673 4642 ob-

377 4689 679 4746 humilitate
709 4699 762 4746 et
791 4699 1106 4764 paupertate
1135 4709 1244 4749 non
1291 4693 1638 4750 mediocriter
1681 4693 1975 4751 aediﬁcatus

379 4779 666 4852 episcopus
685 4789 739 4836 et
765 4789 1139 4853 compunctus,
1171 4782 1426 4838 valefecit
1452 4790 1506 4838 et
1549 4783 1785 4840 recessit.
1835 4785 1972 4839 Pro-

377 4867 602 4924 cedente
629 4885 758 4925 vero
787 4877 1052 4940 tempore,
1085 4887 1204 4926 cum
1226 4887 1334 4927 non
1365 4873 1626 4927 haberent
1651 4873 1794 4928 unde
1840 4888 1971 4944 pos-

375 4973 494 5021 sent
520 4967 710 5022 fratres
739 4966 824 5023 vel
855 4967 1226 5024 ad‘modicum
1257 4969 1562 5035 sustentari,
1604 4969 1674 5024 ad
1729 4970 1796 5026 B.
1867 4969 1974 5025 Ro-

375 5053 510 5110 berti
540 5055 825 5111 consilium
865 5056 1244 5130 confugerunt.
1305 5057 1428 5130 Ipse
1483 5074 1636 5128 vero,
1691 5058 1781 5129 qui
1837 5075 1974 5114 nun-

376 5158 538 5212 quam
568 5145 746 5218 posuit
773 5157 962 5200 aurum
991 5146 1158 5202 robur
1183 5163 1362 5216 suum,
1412 5164 1514 5203 nec
1559 5147 1743 5203 obrizo
1789 5148 1967 5203 dixit:

381 5262 404 5289 «ι
428 5242 650 5300 Fiducia
667 5261 791 5300 mea
812 5245 949 5313 (Job.
975 5247 1157 5317 xxxi),
1183 5267 1205 5295 ι»
1233 5245 1416 5302 docuit
1435 5247 1557 5303 illos
1573 5263 1776 5317 ponere
1798 5247 1851 5302 in
1871 5247 1973 5303 Do-

373 5331 521 5388 mino
540 5335 658 5390 Deo
691 5350 845 5406 spem
874 5351 1047 5400 suam,
1079 5335 1256 5391 sciens
1283 5335 1410 5408 quia
1440 5351 1548 5392 non
1575 5336 1772 5392 sineret
1828 5337 1974 5392 Deus

374 5425 574 5488 diutius
591 5429 758 5506 aﬂligi
782 5431 926 5488 fame
951 5433 1189 5490 animam
1203 5432 1357 5504 justi.
1382 5434 1518 5492 Cum
1539 5433 1704 5508 igitur
1739 5434 1972 5508 pretium

443 5620 555 5689 (10)
578 5620 884 5698 Everardus
926 5620 997 5698 de
1041 5621 1290 5692 Avesnis,
1325 5623 1606 5680 Trecensis
1661 5624 1970 5698 episcopus,

375 5687 615 5743 ab'anno
647 5693 784 5746 H72
815 5693 884 5746 ad
916 5695 1080 5747 1190.

447 5760 560 5826 (ll)
593 5759 801 5814 Distant
827 5764 1011 5818 Trecae
1040 5780 1070 5817 a
1093 5764 1342 5818 Molismo
1386 5765 1668 5819 intervallo
1711 5767 1975 5822 duntaxat

377 5822 649 5906 leucarum
678 5834 731 5906 _8,
764 5839 820 5884 ut
848 5848 955 5885 non
985 5833 1177 5906 mirum
1207 5835 1276 5887 sit
1329 5835 1454 5906 illuc
1510 5837 1688 5906 potius
1741 5839 1974 5893 destina-

379 5897 460 5949 tos
489 5913 652 5966 quam
677 5897 966 5969 Lingonas,
997 5903 1067 5956 ad
1123 5918 1350 5970 quorum
1405 5897 1682 5960 dioecesim
1741 5910 1974 5978 pertine-

2082 4679 2387 4736 servatione
2417 4678 2734 4750 postposita,
2768 4678 3136 4748 unusquisque
3181 4685 3303 4748 post
3356 4676 3666 4746 pravitatem

2080 4769 2258 4826 cordis
2305 4768 2388 4823 sui
2441 4767 2762 4835 ambularet,
2821 4767 3004 4822 statuit
3057 4767 3178 4821 illos
3230 4766 3548 4836 relinquere,
3605 4779 3670 4819 ne

2081 4867 2211 4921 dum
2243 4866 2298 4920 in
2337 4865 2416 4920 eis
2453 4865 2646 4920 frustra
2685 4871 2948 4934 quaereret
2991 4863 3267 4936 spirituale
3303 4863 3528 4926 lucrum,
3559 4863 3668 4930 ipse

2081 4956 2278 5012 animae
2306 4971 2418 5010 sum
2451 4954 2651 5010 faceret
2696 4954 3097 5009 detrimentum.
3149 4953 3280 5009 Orta
3324 4951 3488 5024 igitur
3538 4951 3670 5006 inter

2081 5061 2176 5101 eos
2203 5043 2492 5112 discordia,
2523 5043 2745 5099 recessit
2790 5043 2860 5098 ab
2913 5043 2992 5098 eis
3043 5041 3297 5112 venitque
3352 5040 3421 5096 ad
3476 5040 3664 5104 locum,

2081 5144 2173 5214 qui
2203 5149 2426 5198 vocatur
2454 5145 2654 5197 Aurum
2699 5141 2836 5212 (12),
2890 5139 2942 5194 in
2984 5157 3091 5210 quo
3147 5139 3387 5194 audierat
3433 5137 3667 5193 habitare

2082 5233 2293 5299 fratres,
2352 5231 2406 5286 in
2464 5231 2656 5302 spiritu
2713 5230 3028 5286 humilitatis
3075 5229 3306 5284 Domino
3360 5227 3664 5282 servientes.

2079 5321 2160 5398 Ad
2191 5337 2328 5392 quos
2353 5336 2476 5376 cum
2506 5319 2758 5388 venisset,
2782 5319 2977 5374 devote
3015 5325 3290 5388 susceptus
3317 5324 3396 5371 est
3451 5315 3519 5370 ab
3574 5314 3664 5380 eis,

2081 5417 2327 5488 vixitque
2357 5415 2673 5488 aliquandiu
2709 5414 2848 5471 inter
2875 5430 2968 5471 eos
2994 5414 3246 5471 laborans
3291 5412 3524 5488 propriis
3568 5429 3671 5467 ma-

2081 5623 2230 5688 bant,
2264 5620 2431 5692 duplo
2462 5619 2654 5692 majori
2685 5619 2861 5691 spatio
2889 5618 3122 5674 dissitos.

2153 5697 2268 5761 (12)
2300 5688 2522 5760 Aurum,
2551 5688 2790 5747 vicinum
2821 5691 3068 5746 Molismo
3126 5688 3530 5753 monasterium,
3587 5703 3670 5759 ap-

2081 5767 2245 5835 pellat
2277 5765 2602 5835 Manrique:
2637 5764 2754 5831 ejus
2785 5762 2914 5816 alibi
2963 5761 3215 5835 indicium
3274 5761 3475 5835 nullum
3535 5761 3668 5813 inve-

2083 5831 2278 5901 nimus,
2312 5853 2380 5891 ex
2413 5831 2521 5904 quo
2547 5834 2614 5888 de
2660 5835 2764 5887 situ
2821 5841 2912 5886 aut
2963 5833 3231 5902 prmterito
3283 5831 3666 5901 subsecutoque

2083 5908 2186 5963 loci
2216 5914 2355 5962 statu
2383 5906 2676 5976 quidquam
2709 5905 3096 5976 intelligamus;
