3956 6442
117 418 214 471 241

1304 420 1672 479 MORALIUM
1710 421 1785 477 IN
1823 420 2123 479 GENESIN
2165 424 2292 480 LIB.
2333 425 2477 481 VIII.

3544 430 3648 483 242

118 560 172 607 et
220 553 471 623 spiritus
517 554 578 611 in
626 568 860 612 carnem
905 555 1058 623 (Gai.
1115 571 1165 621 ν,
1222 556 1324 623 17).
1370 557 1431 611 Si
1474 558 1820 625 percusserit,
1861 558 1909 610 Α
1939 567 2160 619 menta.
2221 572 2404 614 unum
2455 558 2669 614 scilicet
2710 560 3041 625 denarium,
3097 567 3152 616 et
3209 575 3308 630 per
3359 561 3645 618 internam

120 640 336 709 inquit,
368 645 526 697 Esau
555 658 740 710 unam,
792 643 846 697 id
876 651 959 698 est
1001 644 1045 698 si
1077 643 1409 699 seditionem
1445 644 1684 700 affectus
1731 659 1831 701 ex-

119 730 258 785 citat
308 730 367 785 in
414 732 848 801 corporalibus,
894 745 963 786 ea
1013 745 1145 801 qua:
1196 732 1473 787 remotius
1522 732 1596 788 ab
1646 732 1728 787 eis
1772 747 1834 787 se

118 819 321 889 egerit,
358 834 498 889 pars
532 821 859 877 salvabitur
888 822 945 876 in
987 820 1408 890 spiritualibus.
1443 820 1548 876 Sed
1584 822 1643 876 in
1676 829 1832 876 tanto

118 908 441 963 certamine
471 909 545 964 ad
579 910 758 965 Deum
795 923 1020 965 necesse
1044 916 1144 976 est,
1179 909 1351 964 homo
1378 909 1615 970 interior
1635 923 1694 965 se
1715 924 1837 965 ver-

117 1001 218 1050 tat.
260 996 465 1064 (Vuns.
499 998 581 1066 9.)
621 999 786 1064 Deus,
819 997 917 1064 ait,
948 999 1130 1066 patris
1160 998 1265 1050 mei
1283 997 1582 1060 Abraham,
1614 1003 1663 1050 et
1698 1000 1832 1052 Deus

116 1084 295 1147 fsaac,
331 1084 391 1138 id
424 1092 509 1140 est
540 1085 711 1150 Deus,
744 1084 848 1154 qui
880 1098 982 1153 per
1019 1083 1299 1139 rationem
1332 1084 1523 1139 lumen
1550 1094 1604 1139 et
1631 1083 1831 1140 aeterni

116 1172 320 1241 gaudii
353 1186 514 1241 spem
550 1172 689 1228 mihi
724 1171 1121 1242 patrocinaris.
1156 1175 1395 1239 Domine,
1426 1176 1523 1242 qui
1554 1172 1831 1227 indixeris

116 1260 269 1326 mihi,
305 1269 374 1315 ut
426 1269 743 1316 reverterer
782 1263 839 1315 in
867 1265 1088 1327 terram,
1131 1260 1185 1315 id
1229 1268 1314 1316 est
1347 1260 1827 1317 incultibilitatem

117 1348 332 1403 mentis
388 1348 717 1419 frugiferae;
762 1356 816 1404 et
850 1362 947 1417 per
997 1349 1145 1403 hanc
1180 1348 1235 1402 in
1281 1348 1467 1404 locum
1519 1352 1829 1403 nativitatis

117 1449 295 1499 meae,
358 1443 579 1491 statum
641 1436 858 1492 scilicet
917 1436 1401 1492 immutabilitatis
1470 1437 1831 1507 originaliter

118 1523 257 1578 mihi
307 1523 537 1591 debitze,
588 1532 653 1581 ut
701 1524 781 1580 sic
812 1525 1028 1581 bonum
1080 1524 1221 1580 mihi
1267 1524 1365 1579 fiat
1396 1524 1530 1581 vita;
1576 1533 1824 1581 aeternae.

115 1611 311 1680 (Vsus.
374 1613 488 1679 10.)
539 1614 720 1667 Minor
767 1628 920 1679 sum,
975 1616 1214 1681 Domine,
1251 1616 1457 1668 cunctis
1497 1614 1827 1669 misericor-

115 1699 286 1762 diter,
321 1706 376 1754 et
426 1700 647 1769 absque
678 1700 880 1755 merito
927 1701 1066 1755 mibi
1099 1715 1133 1755 a
1162 1708 1215 1756 te
1246 1701 1507 1769 collatis;
1555 1717 1690 1757 nam
1718 1717 1827 1757 ex-

115 1787 266 1842 cellit
312 1789 509 1859 gratia
555 1788 829 1855 ofﬁcium,
863 1796 916 1843 et
966 1789 1204 1844 veritate
1250 1792 1427 1843 minor
1457 1805 1597 1858 sum,
1647 1804 1824 1860 quam

116 1875 397 1945 promissa
456 1877 833 1946 compleveris
883 1884 936 1932 et
983 1877 1315 1947 complebis.
1368 1880 1435 1933 In
1483 1879 1669 1932 baculo
1714 1895 1828 1933 meo

118 1967 355 2019 transivi
399 1965 693 2019 Jordanem
740 1968 924 2030 istum,
962 1965 1378 2034 temporalibus
1426 1965 1517 2021 his
1562 1966 1827 2022 videlicet

118 2052 282 2109 bonis
313 2060 603 2122 tanquam
634 2052 821 2108 baculi
848 2054 1049 2108 solatio
1083 2054 1333 2110 innitens
1354 2054 1616 2119 transivi,
1648 2054 1828 2111 donec

118 2141 606 2211 concupiscentiis
634 2143 760 2211 ejus
811 2142 974 2210 plene
1003 2157 1287 2207 cxuerer;
1329 2143 1636 2198 Jordanem
1678 2156 1825 2213 prae-

119 2230 294 2285 sentis
335 2229 558 2296 saeculi,
593 2230 693 2301 qui
722 2231 1029 2286 descensus
1055 2244 1255 2285 eorum
1288 2231 1518 2297 dicitur,
1552 2232 1653 2300 qui
1696 2230 1827 2286 val-

118 2316 222 2372 lem
255 2317 659 2388 lacrymarum
690 2327 1033 2385 excurrunt,
1068 2324 1119 2371 et
1142 2334 1284 2372 nunc
1316 2334 1433 2372 cum
1462 2319 1675 2373 duabus
1707 2324 1827 2373 tur-

115 2408 214 2459 mis
257 2406 580 2473 regredior,
633 2406 685 2460 id
749 2415 833 2462 est
885 2421 1018 2461 cum
1066 2405 1195 2461 forti
1262 2406 1539 2462 divisione
1588 2407 1827 2476 spiritus

119 2494 397 2549 adversus
445 2508 700 2562 carnem,
748 2494 820 2549 ad
852 2509 1007 2561 eum,
1049 2494 1152 2563 qui
1194 2496 1446 2564 potentia
1477 2493 1574 2566 [f.,
1624 2504 1824 2565 poten-

120 2579 272 2649 tiam]
303 2579 537 2635 deitatis
565 2594 787 2649 semper
814 2596 972 2637 nunc
990 2582 1178 2644 habet,
1218 2598 1332 2637 non
1359 2583 1478 2651 jam
1515 2583 1824 2638 mundana)

119 2669 391 2737 cuiquam
426 2668 509 2723 rei
541 2668 794 2732 acclinis,
830 2670 995 2738 quasi
1027 2671 1149 2726 sine
1180 2671 1386 2731 baculo
1422 2679 1695 2727 revertor.

190 2756 363 2812 Vnus.
425 2759 513 2810 11.
564 2787 633 2795 -
684 2759 786 2824 Tu,
842 2757 1106 2828 inquam,
1166 2760 1413 2824 Domine,
1466 2775 1591 2813 erue
1628 2776 1710 2813 me
1758 2760 1825 2814 de

121 2860 280 2898 manu
324 2847 533 2909 fratris
564 2847 688 2907 mei,
736 2845 947 2900 scilicet
976 2846 1044 2901 de
1093 2855 1365 2915 potestate
1412 2846 1652 2903 affectus
1692 2863 1824 2904 car-

126 2934 282 2998 nalis,
316 2935 453 3001 quia
478 2934 640 2987 valde
682 2937 840 2987 timeo
869 2952 934 2987 ne
982 2938 1196 2988 veniens
1249 2935 1319 2990 ad
1371 2937 1682 3004 penetralia
1725 2951 1824 2992 ra-

128 3020 321 3084 tionis,
366 3024 645 3090 percutiat
690 3027 949 3087 matrem,
1001 3023 1337 3078 charitatem
1389 3040 1508 3078 cum
1547 3026 1716 3093 ﬁliis,
1769 3026 1823 3080 id

1941 646 2271 701 earumdem
2339 655 2835 703 sacramentorum
2914 648 3320 716 efficientiam,
3387 650 3647 707 videlicet

1942 732 2222 799 alterum,
2277 736 2441 804 quasi
2497 750 2598 805 per
2646 735 3006 791 vicenarium
3054 744 3462 805 temperamus.
3513 739 3645 794 Oves

1942 821 2219 877 ducentas.
2251 822 2397 879 Oves
2427 823 2847 893 simplicitatem
2878 824 2937 879 in
2968 840 3046 890 se,
3078 834 3132 880 et
3164 825 3237 879 ob
3269 825 3498 908 velleris
3528 827 3643 882 im-

1941 909 2292 978 pcnsionem,
2342 911 2602 966 beneficii
2647 911 2703 966 in
2752 912 2896 967 alios
2943 913 3338 968 extensionem
3388 915 3639 986 signant.

1940 996 2211 1052 Ducentae
2244 998 2439 1068 itaque
2482 1013 2615 1055 oves
2644 1001 2879 1063 dantur,
2914 1015 3044 1055 cum
3096 1015 3211 1055 non
3242 1000 3425 1056 solum
3457 1002 3640 1065 nobis,

1940 1085 2037 1140 sed
2084 1087 2256 1141 etiam
2310 1087 2586 1156 proximis
2616 1087 2884 1157 perfectio
2933 1088 3160 1157 pictatis
3191 1087 3455 1153 infertur,
3493 1088 3645 1143 unde.

1940 1174 2199 1241 pravitas
2260 1175 2451 1231 cordis
2508 1176 2850 1231 obstruitur.
2918 1179 3140 1230 Arietes
3192 1176 3639 1231 cervicositatem

1941 1260 2215 1332 figurant,
2245 1264 2348 1331 qui
2382 1277 2482 1333 per
2512 1264 2866 1333 geminatum
2900 1264 3205 1320 denarium
3238 1264 3473 1326 dantur,
3504 1264 3641 1333 quia

1937 1363 2039 1418 per
2079 1351 2404 1407 interiorem
2469 1360 2522 1407 et
2572 1353 2913 1408 exteriorem
2964 1352 3231 1423 Decalogi
3279 1352 3639 1423 adimplctio—

1937 1452 2069 1493 nem
2102 1454 2350 1509 nequam
2383 1441 2671 1509 appetitus
2700 1440 2842 1496 colla
2875 1449 3242 1511 premuntur.

2007 1527 2177 1583 Vsus.
2213 1533 2295 1582 15.
2329 1559 2396 1567 -
2428 1530 2675 1583 Camelos
2701 1531 2864 1594 fetas.
2889 1531 3155 1585 Camelus
3183 1530 3256 1585 ab
3292 1529 3640 1585 incurvitale

1936 1614 2123 1670 dictus
2153 1616 2557 1671 sustinentiam
2590 1617 2799 1682 innuit,
2834 1632 2965 1686 quae
2998 1626 3137 1672 tunc
3170 1618 3281 1672 feta
3305 1625 3408 1684 est,
3441 1618 3488 1671 si
3519 1632 3634 1684 eos,

1938 1718 2084 1773 quos
2123 1704 2383 1770 sustinet,
2427 1705 2652 1775 diligit;
2707 1706 2810 1759 has
2843 1720 2943 1774 per
2987 1705 3371 1775 trigenarium
3410 1706 3637 1769 damus,

1938 1807 2069 1847 cum
2116 1806 2217 1861 pro
2265 1793 2384 1848 solo
2431 1792 2728 1848 Trinitatis
2776 1807 2970 1848 amore
3021 1794 3075 1848 id
3124 1794 3372 1864 agimus.
3439 1796 3641 1849 Vaccas

1939 1880 2332 1949 quadraginta.
2382 1880 2584 1937 Vaccae
2631 1894 2733 1949 per
2800 1881 3334 1951 quadragenarium
3386 1882 3638 1949 dantur,

1934 1982 2065 2024 cum
2100 1967 2337 2024 lascivia
2365 1969 2560 2024 saeculi
2584 1983 2682 2039 per
2703 1976 2955 2038 quatuor
2984 1969 3296 2039 Evangelia
3325 1977 3381 2025 et
3410 1970 3640 2026 Decalo-

1936 2072 2075 2126 gum
2105 2064 2453 2113 coarctatur.
2489 2057 2686 2123 Tauri,
2720 2072 2969 2126 quorum
3005 2057 3238 2127 quidem
3286 2071 3488 2114 carnes
3515 2059 3640 2113 esui

1936 2145 2176 2212 habiles,
2228 2146 2469 2216 sanguis
2512 2160 2647 2200 vero
2694 2145 2919 2201 lethifer
2964 2154 3067 2212 est,
3124 2146 3333 2201 bonam
3382 2147 3640 2203 exterius

1935 2235 2236 2301 actionem,
2266 2235 2363 2289 sed
2397 2248 2638 2303 pravam
2670 2233 3039 2290 intentionem
3065 2234 3381 2301 insinuant,
3414 2236 3515 2305 qui
3540 2250 3639 2304 per

1936 2326 2293 2394 geminatum
2326 2322 2654 2388 denarium,
2688 2337 2758 2378 ex
2795 2323 3117 2392 septenario
3146 2331 3201 2377 et
3234 2324 3483 2378 ternario
3515 2339 3641 2378 con-

1934 2419 2182 2467 stantem
2218 2410 2566 2473 inferuntur,
2600 2420 2664 2466 ut
2696 2425 2795 2480 per
2830 2412 2998 2466 fidem
3030 2418 3082 2466 et
3108 2411 3354 2481 gratiam
3384 2426 3638 2481 nequam

1934 2500 2269 2555 intentionis
2299 2507 2431 2554 vota
2463 2506 2781 2555 mutentur.
2818 2502 3040 2560 Asinas,
3075 2500 3375 2568 segnitiem
3421 2500 3637 2555 scilicet

1933 2596 1987 2642 et
2019 2595 2333 2656 stuporem,
2383 2587 2737 2657 accipimus;
2789 2587 2879 2642 his
2926 2588 3229 2643 denarium
3272 2602 3374 2657 pro
3426 2586 3634 2642 visibili

1932 2684 1986 2732 et
2014 2675 2285 2731 invisibili
2314 2685 2807 2731 sacramentorum
2839 2676 3114 2741 efficacia,
3151 2684 3215 2731 ut
3244 2689 3425 2744 supra
3452 2675 3631 2729 sumi-

1936 2777 2084 2818 mus.
2119 2762 2225 2817 Sed
2267 2765 2462 2828 asinee,
2498 2778 2600 2832 per
2631 2763 2760 2818 fidei
2790 2778 2856 2817 ac
2889 2764 3128 2833 spiritus
3161 2764 3414 2835 vigorem
3448 2776 3481 2817 a
3515 2770 3637 2818 tor-

1935 2864 2071 2921 pore
2104 2852 2411 2915 suscitatze,
2456 2853 2637 2920 pullos
2679 2853 2874 2919 decem,
2912 2852 2964 2906 id
2996 2860 3080 2907 est
3126 2866 3299 2921 opera
3344 2851 3431 2905 vel
3466 2850 3633 2905 affec-

1932 2948 2028 2995 tus
2056 2940 2375 2995 secundum
2412 2940 2757 3009 Decalogum
2784 2941 3010 2995 habent.
3044 2940 3237 3010 (Visus.
3281 2940 3389 3004 16.)
3420 2940 3488 2993 Et
3517 2940 3636 2994 ha3c

1928 3044 2030 3096 per
2074 3042 2267 3081 manus
2305 3044 2581 3081 servorum
2627 3029 2855 3097 singula
2898 3029 3091 3095 mittit,
3123 3029 3263 3083 dum
3307 3042 3406 3097 per
3446 3028 3635 3083 ofﬁcia

124 3116 202 3163 est
242 3108 546 3164 effectibus
571 3108 711 3164 suis.
748 3109 944 3178 (Vsus.
982 3110 1088 3180 l2.)
1122 3113 1199 3164 Tu
1230 3113 1435 3166 locutus
1465 3128 1516 3165 es
1557 3114 1700 3180 quod
1729 3114 1825 3167 di-
1862 3148 1903 3202 ρ
1935 3117 2323 3171 membrorum
2365 3131 2495 3185 quae
2526 3116 2698 3170 menti
2734 3116 3057 3171 inserviunt
3089 3131 3337 3185 qumque
3362 3115 3636 3171 exhibere

128 3199 321 3251 tatares
363 3212 545 3251 semen
586 3213 778 3265 meum,
814 3197 966 3267 piam
1015 3198 1277 3254 videlicet
1327 3200 1722 3267 intentionem,
1750 3217 1821 3257 ex

125 3299 237 3354 qua
265 3286 401 3341 boni
434 3285 723 3356 prodeunt
770 3286 1013 3341 fructus.
1048 3288 1200 3342 Sicut
1229 3304 1450 3342 arenam
1480 3292 1670 3355 maris,
1705 3304 1823 3357 qua

119 3388 230 3442 pra:
268 3374 624 3428 multitudine
665 3377 947 3428 numerari
974 3390 1080 3428 non
1109 3380 1305 3444 potest,
1345 3376 1397 3430 id
1442 3384 1527 3431 est
1571 3376 1720 3432 sicut
1749 3391 1822 3431 ex

124 3476 292 3517 arena
317 3462 401 3517 sal
430 3463 757 3527 conﬁcitur,
791 3471 845 3517 et
875 3463 1018 3518 cibis
1047 3464 1164 3519 sale
1196 3464 1483 3530 conditur,
1518 3465 1597 3519 ita
1629 3465 1822 3519 inten-

127 3550 199 3606 tio
225 3559 279 3606 et
306 3551 457 3606 actio
486 3564 615 3606 mea
642 3551 923 3619 sapientia
954 3550 1153 3606 divina
1192 3553 1541 3608 condiretur.
1580 3553 1823 3607 Intentio

127 3652 243 3693 mea
292 3638 581 3717 siquidem
631 3638 1174 3707 sapicntiﬁcaretur,
1227 3647 1282 3694 et
1334 3654 1407 3694 cx
1456 3641 1571 3709 ipso
1625 3654 1825 3709 sapore

128 3726 262 3781 actio
304 3725 659 3781 condiretur.
694 3729 888 3782 Arena
921 3736 1113 3782 autem
1142 3742 1275 3783 cum
1309 3729 1474 3783 valde
1506 3730 1702 3799 gravis
1730 3729 1821 3797 sit,

129 3815 288 3870 etiam
323 3814 672 3870 humilitatis
708 3816 1100 3871 maturitatem
1148 3816 1468 3888 signiﬁcat;
1501 3832 1572 3872 ex
1604 3818 1713 3873 hac
1741 3818 1823 3873 sal

132 3902 207 3969 fit,
238 3904 373 3974 quia
404 3904 560 3959 Deus
609 3904 868 3973 parvulis
900 3905 1251 3961 intellectum
1294 3908 1388 3961 dat
1423 3908 1594 3976 (Psat.
1627 3922 1822 3975 cxvnt,

136 3992 264 4061 130).
296 3991 432 4058 Quae
459 4004 639 4046 arena
667 4006 783 4046 non
811 4001 1175 4060 numeratur,
1205 3993 1346 4063 quia
1376 3993 1602 4049 fructus
1629 3995 1825 4050 humi—

132 4079 292 4135 litatis
318 4094 385 4135 ac
414 4078 806 4149 intelligentia;
834 4094 869 4135 a
890 4080 1050 4136 nullo
1077 4082 1605 4151 comprehenditur.

197 4168 359 4225 Vens.
419 4172 507 4223 13.
556 4198 628 4207 -
673 4169 909 4238 Cumque
956 4168 1243 4224 dormisset
1284 4170 1365 4223 ibi
1412 4176 1562 4223 nocte
1606 4171 1707 4224 illa
1749 4185 1826 4224 se-

131 4260 341 4324 paravit
369 4257 436 4312 de
474 4259 560 4312 his
590 4272 709 4325 qua
756 4258 988 4311 habebat
1020 4274 1244 4313 munera
1274 4260 1433 4313 Esau
1481 4260 1660 4325 fratri
1705 4274 1820 4313 suo.

135 4346 280 4399 Nocte
312 4344 542 4407 dormit.
572 4358 704 4401 cum
727 4344 1029 4414 spiritibus
1051 4346 1419 4402 interioribus
1445 4347 1746 4401 intendens
1768 4347 1825 4401 in

138 4434 247 4503 ipso
270 4433 602 4490 tentationis
630 4434 867 4489 horrore
887 4448 919 4488 a
949 4434 1266 4491 visibilium
1298 4436 1609 4505 cupiditate
1639 4435 1822 4505 quies-

137 4523 220 4578 cit.
252 4522 486 4592 Separat
516 4523 583 4576 de
617 4524 699 4576 his
744 4538 863 4590 qua
906 4524 1067 4577 habet
1095 4540 1321 4578 munera
1366 4527 1536 4590 Esau,
1570 4538 1701 4579 cum
1753 4524 1823 4579 de

136 4611 351 4666 virtutis
396 4609 693 4680 opulentia
738 4610 898 4681 apud
947 4625 1007 4666 se
1048 4610 1302 4682 colligit,
1356 4613 1508 4667 unde
1556 4611 1824 4667 affectum

140 4696 375 4753 hiantem
427 4697 851 4755 rationabiliter
905 4699 1204 4756 obstruere
1254 4703 1448 4770 possit.
1500 4701 1584 4755 lbi
1634 4708 1824 4757 autem

140 4784 192 4841 in
219 4787 409 4843 eadem
436 4787 755 4844 intentione
787 4788 895 4844 sub
928 4796 1055 4858 typo
1086 4790 1321 4845 seminis
1346 4790 1518 4856 dicta,
1550 4790 1828 4846 dormisse

143 4873 332 4944 signat.
377 4876 573 4945 (Vens.
612 4876 720 4946 14.)
750 4876 951 4947 Capra
981 4877 1245 4934 ducentae
1291 4879 1691 4948 perfectionem
1726 4894 1829 4948 ge-

145 4962 295 5018 minae
338 4962 840 5032 contemplationis
886 4964 1245 5035 significant,
1274 4965 1488 5020 divinae
1528 4964 1741 5020 scilicet
1775 4972 1831 5019 et

147 5050 378 5118 moralis,
421 5066 557 5122 qua;
600 5052 888 5122 praecipue
930 5052 1164 5119 dicitur,
1216 5053 1405 5109 virtus
1450 5052 1826 5108 discretionis.

147 5136 325 5207 Caprae
350 5140 503 5195 enim
536 5139 724 5195 ardua
754 5147 978 5209 petunt.
1013 5142 1202 5195 Hircos
1231 5143 1454 5208 viginti.
1488 5141 1831 5197 Vicenarius

149 5237 211 5278 ex
237 5225 456 5283 duobus
486 5226 741 5283 denariis
770 5234 989 5283 constat
1016 5246 1030 5295 ;
1064 5229 1338 5285 denarius
1377 5244 1514 5285 vero
1544 5244 1617 5285 ex
1657 5237 1833 5299 septe-

152 5312 299 5369 nario
321 5322 373 5370 et
408 5314 688 5371 ternario.
722 5316 827 5371 Per
877 5318 1197 5373 ternarium
1230 5317 1390 5382 ﬁdes,
1428 5331 1528 5386 per
1564 5325 1834 5387 septena-

153 5400 288 5457 rium
317 5402 563 5473 Spiritus
588 5403 742 5460 datio
771 5405 1085 5476 accipitur;
1118 5405 1335 5476 quibus
1364 5406 1592 5462 duobus
1628 5404 1835 5475 plenus

155 5486 489 5549 Christianus
514 5491 786 5548 efﬁcitur.
823 5495 1034 5563 Capi-as
1058 5508 1194 5565 ergo
1224 5494 1451 5561 damus,
1484 5508 1613 5551 cum
1646 5493 1836 5549 carnis

158 5572 412 5633 desiderio
469 5580 589 5635 vim
621 5580 897 5650 providae
960 5581 1461 5652 contemplationis
1506 5581 1832 5652 objicimus.

166 5662 356 5730 Viginti
380 5669 556 5723 hircos
587 5668 798 5723 damus
825 5683 960 5724 cum
999 5669 1235 5725 fetorem
1268 5669 1624 5725 carnalitatis
1651 5675 1705 5724 et
1736 5683 1837 5739 per

164 5747 444 5811 invisibilia
492 5771 628 5828 quae
671 5758 1030 5826 suscepimus
1078 5758 1207 5813 ﬁdei
1252 5772 1320 5825 ac
1364 5758 1600 5827 spiritus
1639 5771 1835 5812 sacra-

1932 3206 2241 3261 contendit.
2278 3206 2539 3271 Dixitque
2577 3206 2760 3271 pueris
2798 3220 2810 3256 :
2844 3204 3156 3258 Antecedite
3188 3219 3285 3266 me,
3316 3208 3366 3255 et
3408 3208 3479 3257 sit
3503 3219 3632 3270 spa—

1930 3295 2065 3347 tium
2106 3295 2249 3345 inter
2290 3307 2502 3359 gregem
2535 3296 2584 3343 et
2617 3307 2849 3358 gregem.
2880 3290 3049 3345 Pueri
3094 3291 3461 3357 antecedunt,
3499 3305 3631 3344 cum

1931 3380 2173 3436 humilia
2201 3380 2484 3434 desideria
2513 3378 2747 3433 effectus
2792 3392 3032 3448 operum
3067 3385 3344 3447 praeeunt.
3380 3378 3634 3445 Spatium

1928 3470 1994 3528 ﬁt
2022 3472 2165 3522 inter
2208 3484 2422 3536 gregem
2452 3473 2500 3519 et
2532 3483 2767 3535 gregem,
2802 3482 2934 3521 cum
2976 3475 3133 3521 certa
3181 3466 3381 3535 figitur
3423 3466 3634 3520 distin—

1931 3558 2043 3613 ctio
2079 3558 2224 3611 inter
2254 3556 2496 3611 rationis
2525 3563 2711 3611 motus
2741 3563 2794 3611 et
2823 3556 3014 3610 carnis
3040 3554 3297 3609 affectus.

2010 3650 2150 3699 res
2180 3645 2349 3699 νειμ.
2380 3644 2463 3710 17,
2502 3646 2580 3707 18,
2614 3646 2695 3697 19.
2724 3674 2792 3681 -
2815 3646 2891 3697 Et
2912 3646 3167 3712 praecepit
3188 3645 3384 3712 priori,
3409 3643 3590 3697 dicens
3619 3659 3631 3695 :

1931 3735 1993 3790 Si
2013 3733 2226 3787 obviam
2246 3733 2499 3785 habueris
2523 3735 2672 3785 Esau
2691 3735 2923 3798 fratrem
2940 3747 3128 3795 meum,
3146 3738 3195 3784 et
3212 3732 3633 3798 interrogaverit

1930 3827 2012 3875 te:
2037 3822 2151 3885 Quo
2172 3820 2330 3873 vadis
2351 3825 2399 3873 et
2421 3822 2575 3889 cujus
2592 3835 2667 3885 es,
2687 3825 2736 3873 et
2758 3822 2912 3888 cujus
2934 3827 3060 3874 sunt
3082 3824 3186 3873 ista
3210 3836 3329 3889 quae
3349 3824 3589 3889 sequeris
3612 3825 3639 3873 ἱ)

1931 3910 2111 3963 dices:
2138 3910 2293 3963 Servi
2314 3911 2396 3962 tui
2427 3909 2618 3973 Jacob;
2643 3924 2866 3962 munera
2902 3912 3052 3962 misit
3074 3909 3289 3962 domino
3326 3924 3438 3963 meo
3464 3912 3633 3962 Esau.

1931 3997 2111 4063 Prior,
2158 3997 2446 4051 secundus
2492 4003 2545 4051 et
2573 3996 2776 4051 tertius
2819 4004 2874 4051 et
2900 3996 2997 4051 alii
3030 4003 3334 4064 sequentes
3375 4008 3630 4064 gregem,

1931 4086 2139 4141 diversi
2176 4084 2317 4139 mihi
2347 4084 2617 4139 videntur
2649 4084 2883 4141 habitus
2911 4084 3108 4149 animi,
3145 4083 3245 4153 qui
3278 4083 3476 4152 primm
3505 4096 3638 4151 sug-

1933 4173 2197 4243 gestioni.
2234 4173 2501 4228 secunda:
2556 4172 2941 4240 delectationi,
2973 4180 3028 4227 et
3073 4172 3249 4227 tertia:
3278 4170 3638 4226 consensioni

1932 4270 1984 4317 et
2031 4261 2252 4317 caeteris
2302 4261 2589 4316 malorum
2638 4262 3001 4331 processibus
3046 4260 3387 4316 obsistentes
3434 4272 3637 4313 occur-

1933 4357 2091 4406 runt.
2139 4351 2208 4404 Et
2256 4364 2327 4404 ex
2376 4349 2463 4404 his
2518 4350 2845 4405 sortiuntur
2893 4362 3204 4404 numerum
3252 4361 3384 4402 cum
3426 4347 3639 4416 quibus

1934 4445 2135 4507 agunt.
2171 4437 2245 4501 Si,
2297 4437 2504 4506 inquit,
2542 4439 2793 4493 carnalis
2825 4437 3094 4493 voluntas
3136 4437 3237 4492 tibi
3271 4435 3558 4505 ingruerit
3585 4442 3639 4489 et

1935 4526 2307 4582 intentionem
2360 4540 2478 4595 quo
2510 4525 2727 4595 dirigas
2772 4526 3122 4590 discusserit,
3164 4533 3218 4580 et
3249 4526 3342 4580 cui
3395 4524 3638 4579 Domino

1935 4613 2238 4679 inservias,
2274 4621 2329 4669 ct
2358 4615 2450 4669 cui
2475 4614 2694 4669 utilitas
2722 4628 2924 4669 eorum
2948 4612 3188 4669 attineat
3213 4628 3345 4682 quae
3365 4626 3642 4681 exseque-

1936 4703 2034 4769 ris,
2071 4702 2223 4757 dices
2257 4716 2268 4755 :
2302 4703 2415 4757 Deo
2465 4702 2569 4757 soli
2597 4702 2836 4771 spiritus
2882 4701 3061 4756 animi
3116 4702 3306 4767 intuli,
3341 4700 3461 4769 ipsa
3501 4700 3641 4755 vitia

1936 4790 2404 4860 supplantando.
2455 4805 2568 4845 non
2619 4804 2719 4859 pro
2762 4804 2869 4845 sua
2919 4789 3016 4845 sed
3068 4802 3192 4844 mea
3240 4787 3640 4843 commoditate

1937 4878 2166 4934 obedire
2214 4879 2388 4934 statui
2434 4878 2569 4947 ipsi,
2606 4886 2786 4934 totum
2836 4877 2988 4947 quod
3037 4889 3354 4946 prosequor
3382 4875 3638 4930 studium

1938 4965 2163 5030 devovi,
2196 4972 2250 5019 et
2284 4964 2409 5028 tibi,
2438 4980 2471 5020 ο
2502 4963 2761 5031 affectus,
2797 4964 2900 5034 qui
2943 4963 3077 5018 olim
3111 4962 3343 5018 servitio
3375 4976 3500 5016 meo
3531 4960 3637 5017 ab-
3713 5010 3727 5024 ,

1944 5068 2083 5111 usus
2111 5067 2194 5120 es,
2241 5053 2458 5122 quibus
2488 5053 2740 5108 bestialis
2778 5060 2880 5107 tua
2928 5052 3119 5107 feritas
3147 5051 3388 5107 satietur
3414 5049 3645 5106 ratioci-

1939 5141 2134 5197 nando
2168 5139 2315 5195 misi.
2365 5139 2557 5209 (Vnus.
2582 5140 2693 5205 20.)
2736 5143 2807 5196 Et
2836 5140 3051 5194 addetis
3086 5154 3097 5193 :
3132 5141 3253 5208 Ipse
3297 5154 3507 5208 quoque
3533 5155 3644 5191 ser-

1940 5246 2038 5284 vus
2084 5234 2207 5283 tuus
2248 5228 2351 5298 qui
2395 5228 2495 5283 tibi
2546 5228 2860 5298 aliquando
2904 5227 3168 5283 inserviit
3212 5227 3404 5292 Jacob,
3464 5226 3517 5280 id
3564 5234 3645 5280 est

1941 5317 2285 5379 intellectus,
2341 5318 2448 5372 iter
2497 5321 2771 5382 nostrum,
2817 5316 3176 5371 devotionem
3226 5314 3445 5370 'scilicet
3492 5313 3646 5368 desi-

1942 5405 2087 5462 derii
2141 5403 2321 5459 nostri
2398 5404 2617 5460 fortiter
2681 5404 2997 5460 muniendo
3058 5406 3425 5473 prosequitur.
3490 5404 3647 5456 Dixit

1943 5496 2085 5549 enim
2130 5509 2143 5547 :
2196 5493 2427 5546 Placabo
2472 5494 2629 5547 illum
2681 5494 2995 5547 muneribus
3060 5508 3179 5562 quae
3218 5491 3552 5562 praecedunt,
3598 5494 3648 5543 et

1940 5587 2130 5652 postea
2175 5580 2365 5635 videbo
2394 5598 2533 5650 eum,
2584 5585 2825 5650 forsitan
2864 5583 3268 5652 propitiabitur
3297 5581 3454 5634 mihi.
3489 5578 3647 5642 Quod

1945 5677 2030 5726 est
2063 5684 2075 5723 :
2103 5668 2372 5725 JEstimat
2417 5670 2573 5740 quod
2624 5670 2937 5740 przelibatis
2980 5669 3279 5726 affectibus
3325 5667 3649 5725 effectibus-

1948 5771 2064 5828 que
2105 5757 2380 5827 pietatum
2409 5771 2542 5813 eum
2585 5760 2826 5827 mitiget,
2862 5766 3055 5829 postea
3083 5756 3327 5823 videbit,
3362 5755 3417 5809 id
3447 5762 3529 5810 est
3562 5753 3645 5807 vi~
