3972 6402
286 430 433 488 £277

1850 422 2032 478 VITA.

3451 429 3587 484 1278

290 554 482 619 nibus,
510 560 570 608 ut
597 553 846 617 haberet,
886 552 1030 609 unde
1068 553 1337 607 tribueret
1373 551 1751 606 necessitatem
1781 562 1884 619 pa-
1914 548 1970 607 A
2001 548 2196 619 spiritu
2229 549 2521 618 ferventes,
2564 557 2619 606 et
2654 551 3065 625 infatigabiliter
3094 552 3182 608 die
3212 568 3274 608 ac
3304 560 3460 607 nocte
3490 553 3592 607 Do-

292 643 484 699 tienti.
526 642 738 713 Vigiliis
766 650 947 695 autem
980 650 1033 696 et
1086 641 1419 696 orationibus
1447 640 1783 695 incessanter
1812 637 1890 691 in-

294 732 520 795 sistens,
554 731 966 803 infatigabiliter
995 731 1228 785 Domino
1257 729 1525 783 serviebat
1559 747 1571 783 :
1605 736 1657 782 et
1684 742 1803 782 cum
1834 725 1889 779 in

272 830 596 884 'sanctitate
653 836 882 883 cunctos
939 829 1277 890 excelleret;
1320 827 1572 881 omnibus
1624 825 1888 891 serviens,

300 917 550 973 omnium
607 932 667 971 se
707 916 990 971 minimum
1050 916 1365 987 reputabat.
1403 915 1558 971 Unde
1587 929 1694 968 non
1727 912 1891 966 multo

295 1013 428 1076 post
457 1006 528 1059 ab
557 1006 639 1060 eis
668 1010 874 1061 electus
903 1010 991 1060 est
1018 1004 1071 1059 in
1098 1004 1367 1069 abbatem,
1427 1003 1623 1075 quibus
1652 1016 1893 1073 prmesse

299 1094 514 1150 curavit
543 1093 599 1148 in
627 1093 775 1150 omni
813 1094 1101 1157 modestia,
1157 1093 1390 1148 infirmis
1440 1084 1628 1147 curam
1677 1091 1895 1160 impen-

297 1192 465 1259 dens,
497 1202 550 1248 et
578 1209 742 1249 sanos
772 1193 983 1259 fovens,
1013 1209 1123 1248 non
1144 1193 1298 1264 quasi
1334 1191 1624 1248 dominans
1644 1190 1697 1244 in
1718 1188 1891 1253 clero,

262 1328 265 1331 λ
302 1282 405 1336 sed
438 1281 615 1336 forma
645 1282 837 1354 gregis
864 1282 1034 1337 factus
1066 1297 1131 1337 ex
1160 1281 1362 1337 animo.

373 1371 464 1424 11.
515 1371 900 1425 Molismenses
956 1379 1140 1425 autem
1183 1368 1503 1441 pmnitentia
1539 1367 1707 1431 ducti,
1750 1366 1897 1437 quod

298 1458 478 1513 virum
512 1458 611 1513 Dei
660 1458 1036 1524 offendissent,
1079 1467 1131 1514 et
1184 1474 1217 1513 a
1255 1475 1315 1513 se
1364 1455 1763 1527 quodammodo
1800 1470 1898 1524 per

302 1556 742 1615 inobedientiam
775 1556 1127 1627 expulissent.
1189 1556 1402 1609 ruinam
1465 1568 1618 1609 suam
1673 1561 1785 1606 tam
1841 1551 1897 1604 in

297 1644 556 1698 moribus
588 1656 748 1714 quam
778 1644 833 1697 in
864 1643 1308 1714 possessionibus
1329 1642 1490 1697 anxie
1510 1641 1894 1711 deplorabant:

298 1736 356 1783 et
386 1728 444 1783 in
475 1743 608 1783 casu
639 1743 740 1783 suo
770 1728 978 1798 experti
1009 1736 1153 1794 sunt,
1204 1730 1347 1799 quod
1376 1729 1438 1782 Β.
1473 1727 1693 1782 Roberti
1722 1724 1897 1780 meri-

298 1814 373 1869 tis
405 1811 512 1867 illis
546 1812 809 1868 Dominus
854 1812 1240 1867 abundantiam
1296 1812 1457 1866 etiam
1516 1810 1895 1881 temporalium

1996 638 2145 693 mino
2184 640 2510 695 servientes.
2559 641 2807 695 Audiens
2839 650 3023 696 autem
3056 643 3113 696 Β.
3156 642 3431 697 Rohertiis
3465 658 3589 695 san-

1996 734 2138 783 ctam
2195 728 2433 797 ipsorum
2500 729 2998 794 conversationem,
3050 730 3345 799 assumptis
3404 746 3587 785 secum

1997 815 2199 885 viginti
2227 824 2277 871 et
2310 817 2523 872 duobus
2556 816 2829 882 fratribus,
2855 820 3098 887 perrexit
3128 818 3196 872 ad
3227 834 3341 883 eos,
3367 826 3423 871 ut
3453 833 3585 871 san-

1998 902 2070 959 cti
2109 920 2295 958 eorum
2365 905 2627 975 propositi
2697 914 2842 959 esset
2884 906 3159 976 particeps
3180 913 3231 959 et
3262 906 3482 973 adjutor
3515 922 3527 960 :
3561 922 3594 959 a

1999 992 2197 1063 quibus
2227 1009 2438 1047 summa
2495 1009 2616 1048 cum
2682 994 2972 1048 devotione
3027 1001 3340 1064 susceptus,
3385 995 3593 1048 eisdem

1998 1079 2318 1150 aliquandiu
2345 1089 2572 1150 paterna
2601 1081 2973 1137 sollicitudino
3002 1082 3236 1152 praefuit,
3267 1081 3593 1149 regulariter

2001 1167 2239 1238 ipsorum
2271 1170 2432 1224 vitam
2467 1178 2522 1224 et
2572 1186 2756 1225 mores
2788 1170 3096 1232 instituens,
3157 1178 3210 1225 et
3240 1170 3593 1239 semetipsum

2000 1256 2288 1326 religionis
2342 1265 2397 1313 et
2434 1258 2734 1313 honestatis
2780 1258 3007 1315 formam
3039 1259 3304 1313 exhibens
3335 1267 3598 1313 ctexem—

2000 1345 2169 1416 plum.

2074 1444 2160 1497 12.
2188 1443 2564 1499 Molismenses
2590 1454 2794 1508 autem,
2852 1462 3000 1517 mgre
3035 1446 3267 1499 ferentes
3299 1462 3357 1498 se
3387 1461 3418 1498 a
3447 1452 3595 1499 tanto

2000 1540 2214 1601 pastore
2244 1532 2484 1598 destitui,
2527 1550 2798 1588 summum
2832 1532 3139 1604 pontificem
3169 1534 3280 1604 (17)
3316 1533 3586 1601 adierunt,

2000 1636 2059 1681 ut
2087 1627 2167 1681 vir
2193 1628 2409 1683 Domini
2440 1631 2497 1684 Β.
2531 1630 2803 1685 Robertus
2853 1631 2921 1684 ad
2950 1630 3252 1687 Ecclesium
3286 1630 3596 1685 Molismen-

2001 1740 2137 1788 sem,
2215 1741 2378 1796 quam
2417 1727 2564 1797 prius
2603 1727 2948 1791 fundaverat,
3007 1727 3221 1799 regredi
3280 1736 3593 1799 cogeretur.

2004 1812 2258 1869 Summus
2296 1830 2425 1869 vero
2474 1816 2711 1886 pontifex
2744 1816 2976 1872 audiens
3006 1816 3274 1871 novellam
3308 1816 3597 1885 plantatio—

301 1910 620 1966 tribuisset.
662 1909 801 1965 Inito
838 1926 975 1982 ergo
1007 1909 1195 1965 salutis
1224 1910 1451 1965 consilio
1473 1924 1740 1964 summum
1764 1923 1900 1977 pon-
1926 1894 1978 1956 Β
2008 1926 2134 1964 nem
2174 1910 2619 1966 Cisterciensium
2663 1913 2715 1965 in
2756 1912 2970 1967 Christo
3012 1912 3243 1967 ﬁrmiter
3270 1912 3592 1977 radicatam,

280 1997 508 2054 .tiiicem
538 1998 811 2063 adierunt,
878 2000 1033 2067 cujus
1063 1999 1381 2054 auctoritate
1418 1998 1557 2063 freti,
1592 1997 1764 2051 virum
1795 1995 1893 2051 Dei

300 2102 645 2144 revocavere
676 2087 1005 2152 Molismum,
1039 2087 1130 2142 ubi
1152 2087 1376 2156 jejuniis
1394 2096 1443 2142 et
1464 2086 1798 2142 orationibus
1819 2084 1894 2138 iu-

301 2183 591 2232 cessanter
646 2174 906 2241 intentus,
976 2176 1325 2231 aemulatione
1380 2175 1480 2230 Dei
1537 2174 1895 2229 mmulahatur

302 2272 587 2341 subjectos
616 2272 741 2337 sibi,
783 2281 842 2327 ut
879 2273 933 2327 in
967 2272 1121 2327 brevi
1160 2272 1565 2327 observantiam
1622 2272 1703 2326 eis
1731 2270 1895 2325 disci-

308 2362 476 2432 plinae
504 2362 819 2416 monasticae
851 2362 1194 2417 reformaret.
1252 2362 1419 2417 Erant
1443 2370 1621 2415 autem
1651 2359 1793 2414 inter
1821 2358 1892 2412 il-

306 2449 391 2505 los
426 2457 660 2520 quatuor
688 2450 791 2505 viri
823 2450 1015 2522 spiritu
1075 2450 1342 2519 fortiores,
1375 2449 1579 2505 scilicet
1609 2448 1892 2504 Albericus

307 2539 425 2609 (13)
456 2547 510 2593 et
540 2538 849 2608 Stephanus
905 2547 958 2594 et
1013 2538 1103 2593 alii
1160 2539 1286 2603 duo,
1319 2538 1410 2610 qui
1438 2547 1560 2608 post
1589 2536 1895 2593 claustralis

310 2626 564 2683 exercitii
594 2626 900 2682 rudimenta
953 2626 1022 2681 ad
1073 2626 1347 2698 singulare
1403 2636 1675 2682 certamen
1727 2624 1895 2680 eremi

288 2715 683 2786 .suspirabant.
717 2715 943 2786 Egressi
996 2716 1163 2785 igitur
1217 2716 1285 2771 de
1343 2715 1672 2771 monasterio
1703 2714 1895 2769 Molis-

312 2803 514 2869 mensi,
546 2812 811 2859 venerunt
840 2804 907 2858 ad
935 2803 1135 2869 locum,
1168 2804 1256 2859 cui
1306 2804 1525 2859 Vinicus
1553 2804 1667 2874 (14)
1697 2818 1895 2857 nomen

314 2900 398 2947 est
432 2910 446 2959 ;
480 2908 644 2963 quem
673 2908 795 2947 cum
828 2891 1104 2965 aliquanto
1132 2900 1374 2963 tempore
1426 2892 1796 2955 incoluissent,
1828 2890 1898 2945 ad

310 2988 618 3045 instantiam
659 2989 1147 3045 Molismensiuma
1204 2989 1322 3045 viro
1380 2990 1680 3044 venerabili
1734 2991 1897 3045 Joce-

312 3093 502 3133 ramno
531 3079 645 3148 (15)
690 3077 1019 3148 Lingonensi
1077 3078 1355 3150 episcopo,
1397 3079 1501 3133 nisi
1539 3083 1897 3134 reverteren-

310 3186 400 3233 tur
429 3177 562 3250 (16),
594 3178 1144 3235 excommunicationi
1176 3178 1501 3233 sententiain
1524 3186 1895 3249 susceperunt.

2001 1999 2221 2069 gavisus
2250 2008 2334 2054 est
2389 1999 2572 2066 valde,
2610 2008 2894 2071 comperto
2924 2001 3064 2071 quod
3120 2001 3172 2054 in
3198 2001 3344 2055 omni
3378 2015 3589 2053 morum

2000 2095 2288 2151 honestate
2334 2096 2620 2168 pollerent,
2664 2106 2716 2152 et
2772 2097 2914 2169 quod
2964 2099 3021 2152 Β.
3090 2097 3309 2152 Roberti
3349 2097 3596 2167 exempla

2002 2183 2217 2240 formati
2246 2186 2308 2241 S.
2376 2185 2653 2241 Benedicti
2706 2186 2971 2256 Regulam
3001 2185 3303 2240 ferventius
3333 2190 3589 2240 observa-

2001 2281 2147 2327 rent.
2202 2274 2400 2327 Videns
2429 2282 2605 2327 autem
2642 2274 2788 2344 quod
2847 2273 3290 2328 Molismcnsibus
3348 2272 3596 2326 immine-

2003 2370 2089 2416 ret
2119 2361 2407 2425 excidium,
2450 2361 2496 2417 si
2553 2361 2655 2416 viri
2698 2362 2796 2417 Dei
2850 2362 3140 2431 praesentia
3197 2362 3593 2424 fraudarentur,

2004 2450 2223 2519 scripsit
2279 2450 2537 2520 episcopo
2585 2451 2695 2518 (l8)
2766 2450 3112 2505 Cabilonensi
3160 2457 3443 2519 quatenus,
3486 2449 3595 2503 alio

2003 2538 2198 2593 abbate
2253 2538 2704 2593 Cistereiensibus
2760 2537 3033 2604 ordinato,
3078 2539 3139 2592 B.
3180 2537 3477 2593 Rohertum
3506 2552 3596 2591 co-

2004 2635 2160 2699 geret
2190 2627 2394 2681 reverti
2424 2625 2756 2681 Molismum.
2782 2624 2904 2694 Quo
2933 2634 3234 2697 comperto,
3294 2626 3356 2679 Β.
3387 2625 3594 2680 Rober-

2005 2731 2113 2788 tur,
2148 2724 2327 2780 sciens
2353 2724 2477 2795 quia
2511 2746 2534 2772 α
2560 2723 2752 2779 melior
2772 2724 3177 2780 estobcdientia
3194 2738 3355 2795 quam
3379 2722 3596 2777 victima

2006 2813 2057 2870 (I
2074 2815 2199 2883 Reg.
2224 2817 2335 2879 xv).
2373 2836 2393 2861 ι·
2456 2821 2510 2867 et
2537 2814 2683 2884 quod
2723 2836 2744 2861 α
2781 2813 2933 2884 quasi
2967 2812 3153 2868 scelus
3188 2836 3211 2861 »ι
3246 2822 3328 2867 est
3364 2835 3385 2859 «
3422 2811 3596 2866 idolo-

2006 2904 2180 2962 latriae
2210 2905 2352 2961 nolle
2389 2906 2709 2976 acquiscere
2742 2906 2947 2973 (ibid),
3008 2929 3030 2956 ιι
3065 2905 3342 2975 dispositis
3371 2904 3594 2967 ibidem,

2007 3010 2131 3065 quas
2159 2994 2226 3047 ad
2257 3009 2415 3049 novae
2433 2994 2787 3049 institutionis
2816 2994 3220 3049 observantiam
3234 2993 3594 3063 pertinebant,

2007 3082 2262 3136 abbatem
2283 3086 2399 3153 (19)
2416 3082 2496 3137 eis
2517 3081 2757 3152 praefecit
2778 3083 2953 3135 virum
2979 3083 3091 3136 Deo
3114 3082 3359 3152 dignum,
3379 3081 3597 3136 nomine

2008 3178 2462 3250 Albericum,qui
2478 3178 2572 3233 fuit
2592 3195 2732 3235 unus
2752 3178 2819 3233 de
2841 3179 3027 3248 primis
3041 3178 3318 3234 monachis
3342 3178 3598 3234 Ecclesiae

285 3273 597 3345 .Compulsi
627 3291 763 3347 ergo
817 3274 1099 3345 praefatum
1146 3275 1329 3331 locum
1367 3275 1700 3346 relinquere,
1732 3291 1895 3330 venc-
1926 3246 1976 3310 Ο
2008 3268 2369 3325 Molismensis
2404 3285 2416 3323 :
2451 3267 2640 3337 sicque
2693 3246 2951 3323 omnibus
2982 3267 3276 3321 salubriter
3303 3267 3594 3333 ordinatis,

292 3379 439 3426 .runt
487 3371 557 3426 ad
588 3370 881 3442 quamdam
938 3370 1149 3437 silvam,
1209 3370 1527 3425 Cistercium
1584 3370 1654 3425 ab
1705 3369 1899 3425 incolis

312 3468 702 3529 nuncupatam,
743 3458 834 3513 ubi
871 3458 927 3513 in
961 3459 1225 3515 honorem
1279 3458 1451 3514 beata:
1482 3458 1579 3514 Dei
1609 3458 1900 3515 Genitricis

315 3548 502 3604 Mariae
530 3546 822 3604 oratorium
852 3555 1251 3611 construentes,
1300 3563 1404 3603 nec
1431 3546 1616 3613 minis,
1647 3563 1750 3601 nec
1779 3562 1903 3617 pre-

316 3637 475 3693 cibus
511 3651 545 3692 a
573 3651 672 3692 suo
702 3634 964 3707 deinceps
991 3644 1284 3706 potuerunt
1311 3636 1592 3707 proposito
1636 3635 1900 3706 revocari,

389 3822 505 3893 (13)
533 3819 825 3893 Albericus
851 3823 918 3877 26
963 3819 1221 3893 Januarii,
1271 3820 1579 3893 Stephanus
1610 3822 1676 3874 17
1705 3820 1906 3893 Aprilis

318 3890 589 3961 coluntur,
648 3892 868 3962 quando
926 3891 1208 3957 utriusque
1264 3892 1439 3946 Vitam
1469 3890 1901 3946 illustravimus:

289 3962 408 4018 'alii
438 3965 544 4019 duo
571 3961 920 4018 nominantur
945 3963 1015 4015 ah
1046 3961 1311 4018 0rderico
1327 3963 1483 4017 Vitali
1513 3977 1645 4016 mox
1667 3962 1903 4028 citando,

317 4036 560 4090 Joannes
590 4044 640 4089 et
673 4033 964 4087 Hilbodus.

393 4108 506 4173 (14)
554 4107 837 4175 Maurique
905 4104 1130 4160 Unicum
1170 4104 1361 4160 scribit
1403 4119 1416 4159 :
1478 4104 1661 4159 Codex
1719 4105 1908 4160 Ultra-

292 4177 553 4259 ,jectinus
586 4176 890 4233 Viviticum.
948 4176 1205 4233 Neutrius
1233 4176 1616 4247 appellationis
1644 4184 1772 4232 nota
1801 4177 1909 4231 ulla

322 4263 555 4305 usniam.

406 4266 555 4302 iam.

392 4266 507 4389 €15)
558 4319 899 4390 Joceranuus
947 4316 1074 4390 sive
1132 4316 1563 4390 Gauceramnus,
1622 4320 1910 4390 episcopus

323 4388 706 4461 Lingonensis,
738 4388 881 4461 sedit
910 4388 981 4441 ab
1009 4402 1156 4461 anno
1193 4388 1412 4461 circiter
1441 4389 1587 4461 11147
1606 4394 1675 4445 ad
1705 4388 1906 4446 annum

325 4459 486 4519 1127.
519 4462 620 4516 Est
649 4461 816 4530 igitur
847 4459 900 4513 in
924 4460 1163 4523 nomine,
1196 4459 1241 4513 si
1271 4476 1382 4530 non
1404 4460 1631 4516 etiamin
1656 4479 1737 4527 re,
1764 4479 1913 4518 error

324 4536 509 4606 gravis
544 4529 697 4606 :‘nec
737 4538 819 4584 est
847 4530 986 4583 alius
1015 4530 1067 4583 in
1099 4530 1257 4600 cujus
1287 4529 1660 4606 episcopatum
1693 4533 1811 4606 hare
1829 4549 1913 4589 ac-

2004 3357 2073 3412 ad
2102 3356 2493 3411 monasterium
2519 3356 2886 3420 Molismense,
2943 3355 3086 3426 quod
3115 3355 3231 3425 ipse
3253 3354 3306 3408 in
3338 3356 3598 3410 honorem

2005 3454 2181 3510 Beatac
2219 3452 2400 3508 Mariae
2436 3452 2771 3519 fundaverat,
2831 3468 3088 3508 reversus
3143 3463 3245 3508 est.
3280 3470 3293 3516 ;
3337 3451 3600 3507 Defuncto

2007 3558 2136 3597 vero
2166 3550 2290 3612 post
2347 3541 2622 3597 biennium
2686 3542 2799 3611 (20)
2842 3540 3116 3605 Alberico,
3180 3540 3446 3596 successit
3484 3540 3602 3594 Steo

2007 3631 2221 3705 phanus
2257 3645 2292 3686 a
2328 3629 2389 3685 B.
2432 3630 2669 3687 Roherto
2699 3630 2812 3701 ('21)
2837 3629 3006 3685 abbas
3037 3628 3487 3687 Cistercieusibus
3516 3643 3595 3683 or-

1986 3826 2226 3883 .dericus
2256 3825 2450 3881 Vitalis
2478 3824 2704 3898 lib.ﬂvui
2724 3840 2898 3898 agens
2955 3824 3023 3880 de
3050 3824 3117 3880 S.
3153 3823 3393 3898 Boberto
3424 3822 3602 3898 Molis-

2012 3914 2155 3955 mum
2197 3912 2452 3953 reverso:
2482 3895 2834 3968 «Albericu'm
2867 3912 3081 3968 magnas
3112 3895 3391 3968 religionis
3419 3895 3598 3968 vii-uin

2012 3968 2081 4023 ad
2103 3984 2241 4037 opus
2271 3967 2517 4022 Cistercii
2550 3967 2810 4022 vicarium
2865 3962 2986 4021 sibi'
3001 3966 3184 4036 elegit,
3216 3962 3273 4019 ἐι
3302 3962 3594 4037 Joanniac

2012 4034 2249 4093 Hilbodo
2278 4039 2727 4092 Atrebatensibus
2755 4038 2981 4107 aliisque
3012 4034 3227 4092 duobus
3251 4036 3469 4107 Aviginti
3499 4034 3605 4089 fra-

2013 4111 2182 4164 tribus
2213 4110 2467 4163 abbatem
2496 4109 2738 4164 Cistercii
2797 4105 3076 4162 constituit
3133 4124 3144 4160 :
3173 4105 3265 4177 qui
3308 4108 3363 4160 in
3396 4120 3598 4175 magna

2014 4190 2260 4251 egestate
2291 4196 2388 4251 per
2416 4180 2606 4235 decem
2646 4194 2821 4251 annos
2878 4180 2949 4232 ibi
2989 4179 3192 4251 dreguit,
3236 4184 3287 4231 et
3320 4193 3449 4251 cum
3484 4178 3601 4251 suis

2013 4248 2498 4306 contubernalibus
2527 4251 2641 4305 Deo
2672 4250 2910 4320 gloriose
2942 4248 3211 4303 militavit.
3257 4272 3278 4295 »
3317 4248 3522 4303 Floriiit
3556 4256 3608 4300 et

2014 4322 2234 4391 scripsit
2278 4320 2579 4376 Oi-dericus
2616 4321 2763 4376 circa
2818 4336 3020 4374 annum
3066 4323 3224 4384 1120,
3304 4320 3608 4373 monachus

2016 4391 2287 4449 Uticensis
2316 4392 2370 4445 iu
2402 4392 2627 4446 dioecesi
2661 4391 2980 4445 Lexoviensi
3013 4408 3027 4451 ;
3069 4401 3126 4445 ut
3154 4392 3271 4444 haec
3299 4391 3611 4445 necessario

2017 4464 2281 4519 habuisse
2311 4462 2560 4517 debuerit
2588 4479 2655 4516 ex
2701 4461 2834 4531 ipsis
2895 4461 3359 4524 Molismensibus,
3417 4462 3611 4528 primis

2019 4536 2088 4589 de
2115 4549 2209 4589 sua
2241 4534 2578 4588 institutione
2635 4532 2993 4602 scriptoribus
3023 4549 3036 4595 ;
3079 4532 3145 4585 ab
3173 4533 3364 4585 iisdem
3394 4531 3447 4584 in
3509 4532 3614 4584 hoc

324 4599 398 4659 tio
436 4602 607 4676 possit
636 4603 931 4665 incurrere,
1000 4615 1165 4671 quam
1220 4600 1304 4655 vel
1372 4600 1694 4676 Rainardus,
1762 4605 1906 4676 circa
1939 4599 1992 4661 D
2021 4621 2127 4660 uno
2154 4604 2432 4676 deceptus,
2461 4602 2617 4676 quod
2649 4599 2893 4676 dicerent
2925 4602 2982 4657 S.
3041 4603 3332 4676 Bobertum
3366 4602 3609 4676 superio-

322 4690 524 4730 annum
564 4674 702 4727 1065
768 4680 1117 4726 consecratus
1183 4678 1237 4725 et
1301 4686 1444 4725 anno
1484 4675 1622 4727 1080
1674 4674 1905 4729 concilio

325 4744 649 4803 Santonensi
676 4742 1019 4812 subscriptus
1050 4756 1063 4806 ;
1106 4742 1191 4795 vel
1230 4742 1348 4808 ejus
1386 4758 1675 4798 successor
1712 4746 1913 4801 Bober-

293 4825 408 4882 _tus
440 4815 786 4885 Burgundus,
818 4812 1109 4885 Joceranui
1133 4812 1408 4885 decessor.
1441 4813 1576 4868 Cum
1607 4823 1786 4870 autem
1844 4817 1913 4872 de

325 4889 417 4942 tali
475 4884 661 4941 eorum
696 4886 997 4946 coactione,
1042 4884 1175 4937 nihil
1214 4884 1458 4937 scribant
1497 4885 1907 4949 Cistercienses,

326 4968 378 5013 et
406 4959 492 5012 hic
522 4956 611 5028 qui
645 4954 833 5010 scribit
879 4955 953 5028 ita
983 4958 1220 5019 exerret,
1252 4970 1534 5028 veremur,
1556 4972 1624 5009 ne
1683 4973 1770 5011 res
1803 4966 1912 5011 tota

325 5025 554 5084 conﬁcta
582 5028 671 5089 sit,
713 5042 815 5081 nec
854 5025 956 5079 nisi
994 5041 1114 5078 cum
1154 5042 1254 5079 suo
1283 5025 1480 5080 abbate
1518 5027 1754 5081 Roberto
1783 5028 1911 5083 illo-

326 5116 451 5155 rum
482 5099 765 5168 quisquam
798 5096 1113 5152 Cistercium
1147 5096 1765 5168 liabitaturusadiverit.

399 5166 515 5238 16f
542 5166 679 5222 Hinc
737 5167 1040 5234 intulimus,
1069 5169 1225 5238 quod
1264 5166 1675 5238 etiamgaliunde
1705 5168 1910 5238 proba-

326 5235 510 5305 batur,
587 5255 655 5293 ex
723 5238 910 5292 Vinico
966 5237 1277 5309 AMolismum
1335 5235 1562 5309 rediisse
1625 5235 1912 5309 praedictos

327 5312 575 5374 Sanctos,
608 5325 720 5363 non
748 5318 932 5363 autem
961 5307 1270 5363 immediate
1300 5307 1870 5363 Cistercium‘ahiisse.

398 5384 511 5455 (17)
544 5380 791 5437 Urbanus
816 5381 863 5434 ll
889 5379 973 5433 hic
996 5379 1112 5447 fuit,
1138 5381 1225 5450 qui
1249 5380 1317 5432 ab
1347 5394 1490 5434 anno
1512 5381 1650 5433 1088
1674 5381 1741 5435 ad
1776 5384 1909 5435 1090

366 5454 555 5508 recl'uit.

324 5469 832 5593 pra'gitbualterus
860 5518 1159 5593 episcopus,
1194 5518 1573 5593 Cabilonensis
1603 5537 1773 5593 supra.
1794 5538 1910 5576 me-

323 5591 568 5650 mOratus
631 5609 788 5645 num.
862 5598 948 5655 21,
1026 5607 1052 5645 a
1128 5591 1558 5645 Sammarthanis
1608 5591 1908 5646 Walterius

322 5667 651 5725 nominatur,
681 5662 1002 5733 praefuitque
1026 5662 1094 5715 ab
1124 5677 1265 5716 anno
1299 5665 1435 5733 1080
1466 5662 1535 5714 ad
1571 5664 1727 5717 1115.

394 5738 506 5803 (19)
539 5738 774 5789 Ecoutra
802 5732 1079 5803 ostensum
1138 5732 1390 5799 superius
1416 5739 1669 5803 est._post
1698 5734 1761 5787 S.
1800 5733 1906 5788 Ro-

323 5801 463 5861 herti
492 5806 815 5871 discessum,
849 5820 883 5858 a
910 5802 1172 5859 fratribus
1201 5804 1435 5856 electum
1466 5801 1652 5857 fuisse.

397 5879 510 5947 (20)
542 5877 657 5931 Iino
696 5884 820 5944 post
846 5874 1170 5931 decennium
1204 5886 1218 5941 ;
1250 5872 1330 5927 sic
1358 5871 1499 5926 enim
1523 5887 1781 5943 expresse
1810 5875 1903 5929 Or-

2020 4677 2193 4730 ritatis
2225 4675 2427 4744 aliquid
2456 4673 2508 4727 iii
2542 4674 2935 4729 Cistercienses
2966 4674 3251 4726 retinuisse
3284 4688 3406 4727 cum
3452 4673 3611 4725 rediit

2019 4748 2350 4807 Molismum,
2390 4744 2546 4813 cujus
2577 4744 2907 4800 contrarium
2937 4745 3362 4798 demonstratum
3398 4750 3479 4795 est
3537 4760 3609 4797 ex

2019 4818 2153 4888 ipSis
2182 4816 2344 4885 legati
2373 4815 2656 4886 apostolici
2689 4824 2742 4868 et
2771 4814 2997 4888 _Gau_teri
3058 4814 3432 4888 Cabilonensis
3462 4814 3607 4881 epis-

2021 4884 2141 4953 cOpi
2174 4888 2366 4941 litteris
2400 4884 2566 4957 {quin
2589 4888 2703 4953 ipse
2735 4885 2855 4957 vita;
2887 4884 3265 4957 hujusauctor
3296 4884 3454 4957 paulo
3480 4892 3609 4957 ante

2019 4959 2243 5021 indicat,
2280 4954 2471 5027 papam
2502 4955 2849 5011 Cabilonensi
2916 4955 3204 5009 mandasse
3235 4962 3293 5008 ut
3323 4955 3485 5007 alium
3517 4954 3609 5007 ab-

2020 5029 2206 5084 batem
2241 5029 2487 5083 Cistsrcii
2517 5028 2818 5081 ordinaret.

2091 5100 2203 5171 (21)
2240 5098 2715 5171 Vigxegritnegtandiu
2748 5094 3335 5171 _Ro_hertus_incerttiii_‘.
3368 5104 3471 5159 est,
3506 5095 3612 5171 linc

2019 5167 2229 5225 constat
2260 5168 2389 5222 uiliil
2422 5169 2525 5239 ipsi
2549 5169 2689 5238 juris
2746 5168 2796 5221 in
2831 5167 3221 5239 Cisterciences
3247 5167 3435 5239 luisse,
3492 5169 3611 5231 ejus

2018 5249 2199 5294 tamen
2231 5237 2460 5295 consilio
2490 5237 2802 5309 inutraque
2832 5238 3122 5309 electione
3153 5237 3314 5308 dirigi
3343 5237 3493 5309 ipsos
3519 5253 3613 5307 p0-

2019 5312 2186 5366 tuisse
2233 5326 2341 5364 non
2398 5307 2737 5379 negaverim}
2813 5308 2960 5363 Obiit
3008 5316 3186 5362 autem
3228 5307 3517 5362 Ainericus
3557 5316 3611 5361 et

2018 5383 2225 5437 electus
2281 5388 2364 5436 est
2415 5382 2721 5449 Stephanus
2779 5381 2946 5448 prior,
2999 5388 3125 5434 tunc
3166 5380 3386 5439 absens,
3465 5393 3610 5430 anno

2019 5457 2176 5517 1109,
2218 5451 2287 5506 de
2326 5466 2433 5522 quo
2471 5452 2837 5519 prmlaudatus
2878 5450 3173 5506 Ordericus
3213 5450 3420 5511 scribit,
3463 5449 3609 5515 quod

2019 5524 2121 5578 fuit
2156 5545 2177 5572 ι
2214 5524 2426 5576 natione
2458 5523 2740 5593 Anglicus,
2783 5523 2867 5575 vir
2896 5538 3112 5593 magna;
3152 5522 3427 5591 religionis
3449 5528 3609 5593 et‘sa-

2016 5595 2235 5665 pientize
2266 5612 2280 5657 ;
2314 5603 2366 5647 et
2422 5590 2714 5665 iilqusquam
2749 5593 2939 5665 viginti
2991 5590 3224 5663 Quatuor
3261 5590 3449 5651 anuis,
3485 5590 3613 5665 (loc—

2015 5662 2158 5719 trina
2196 5672 2248 5717 et
2278 5662 2591 5733 operatione
2608 5674 2796 5718 sancta
2812 5662 3070 5735 'gloriose
3104 5665 3330 5735 pollens,
3361 5662 3529 5713 tenuit
3559 5678 3607 5723 ;»

2014 5752 2183 5806 seque
2213 5751 2355 5788 anno
2412 5738 2546 5787 1133
2606 5736 2869 5805 regimine
2928 5736 3216 5799 abdicans,
3275 5736 3403 5787 obiit
3464 5750 3609 5784 anno

2012 5806 2279 5879 sequenti,
2313 5814 2372 5859 ut
2401 5819 2501 5859 suo
2531 5807 2653 5861 loco
2683 5814 2964 5861 ostensum
2995 5817 3100 5861 est.
