  <div class='ocr_page' id='page_1' title='image "/cluster/home/n/w/nwhite01/storage/ocr_20150623/156-157/uc1.31175010662024/1281.png"; bbox 0 0 3972 6424; ppageno 0'>
   <div class='ocr_carea' id='block_1_1' title="bbox 470 374 608 431">
    <p class='ocr_par' dir='ltr' id='par_1_1' title="bbox 470 374 608 431">
     <span class='ocr_line' id='line_1_1' title="bbox 470 374 608 431; baseline 0.022 -2"><span class='ocrx_word' id='word_1_1' title='bbox 470 374 493 429; x_wconf 77' lang='lat' dir='ltr'><strong>i</strong></span> <span class='ocrx_word' id='word_1_2' title='bbox 508 374 608 431; x_wconf 78' lang='lat'><strong>279</strong></span> 
     </span>
    </p>
   </div>
   <div class='ocr_carea' id='block_1_2' title="bbox 1360 388 2844 474">
    <p class='ocr_par' dir='ltr' id='par_1_2' title="bbox 1360 388 2844 474">
     <span class='ocr_line' id='line_1_2' title="bbox 1360 388 2844 474; baseline 0.02 -28"><span class='ocrx_word' id='word_1_3' title='bbox 1360 388 1424 446; x_wconf 92' lang='lat' dir='ltr'><strong>S.</strong></span> <span class='ocrx_word' id='word_1_4' title='bbox 1471 390 1773 452; x_wconf 80' lang='lat' dir='ltr'><strong>ROBERTI</strong></span> <span class='ocrx_word' id='word_1_5' title='bbox 1836 394 2002 455; x_wconf 82' lang='lat' dir='ltr'><strong>0RD.</strong></span> <span class='ocrx_word' id='word_1_6' title='bbox 2043 397 2353 459; x_wconf 84' lang='lat' dir='ltr'><strong>CISTERC.</strong></span> <span class='ocrx_word' id='word_1_7' title='bbox 2391 406 2844 474; x_wconf 76' lang='lat' dir='ltr'><strong>FUNDATORIS</strong></span> 
     </span>
    </p>
   </div>
   <div class='ocr_carea' id='block_1_3' title="bbox 3638 426 3769 486">
    <p class='ocr_par' dir='ltr' id='par_1_3' title="bbox 3638 426 3769 486">
     <span class='ocr_line' id='line_1_3' title="bbox 3638 426 3769 486; baseline 0.023 -3"><span class='ocrx_word' id='word_1_8' title='bbox 3638 426 3769 486; x_wconf 75' lang='grc'><strong>1280</strong></span> 
     </span>
    </p>
   </div>
   <div class='ocr_carea' id='block_1_4' title="bbox 468 500 3771 622">
    <p class='ocr_par' dir='ltr' id='par_1_4' title="bbox 468 500 3771 622">
     <span class='ocr_line' id='line_1_4' title="bbox 468 500 3771 622; baseline 0.013 -67"><span class='ocrx_word' id='word_1_9' title='bbox 468 500 703 572; x_wconf 87' lang='lat' dir='ltr'><strong>dinatus,</strong></span> <span class='ocrx_word' id='word_1_10' title='bbox 736 505 926 579; x_wconf 82' lang='lat' dir='ltr'><strong>sicque</strong></span> <span class='ocrx_word' id='word_1_11' title='bbox 973 510 1121 568; x_wconf 83' lang='lat' dir='ltr'><strong>iliius</strong></span> <span class='ocrx_word' id='word_1_12' title='bbox 1147 515 1377 572; x_wconf 65' lang='lat' dir='ltr'><strong>novella:</strong></span> <span class='ocrx_word' id='word_1_13' title='bbox 1405 517 1762 589; x_wconf 88' lang='lat' dir='ltr'><strong>plantationis</strong></span> <span class='ocrx_word' id='word_1_14' title='bbox 1791 524 2066 582; x_wconf 88' lang='lat' dir='ltr'><strong>institutor</strong></span> <span class='ocrx_word' id='word_1_15' title='bbox 2090 524 2148 589; x_wconf 82' lang='lat' dir='ltr'><strong>A</strong></span> <span class='ocrx_word' id='word_1_16' title='bbox 2180 536 2375 599; x_wconf 86' lang='lat' dir='ltr'><strong>tantes,</strong></span> <span class='ocrx_word' id='word_1_17' title='bbox 2409 534 2463 593; x_wconf 83' lang='lat' dir='ltr'><strong>in</strong></span> <span class='ocrx_word' id='word_1_18' title='bbox 2498 548 2737 611; x_wconf 86' lang='lat' dir='ltr'><strong>quatuor</strong></span> <span class='ocrx_word' id='word_1_19' title='bbox 2766 554 2947 615; x_wconf 85' lang='lat' dir='ltr'><strong>partes</strong></span> <span class='ocrx_word' id='word_1_20' title='bbox 3004 555 3165 606; x_wconf 52' lang='lat' dir='ltr'><strong>terra),</strong></span> <span class='ocrx_word' id='word_1_21' title='bbox 3221 551 3459 622; x_wconf 82' lang='lat' dir='ltr'><strong>protrahi</strong></span> <span class='ocrx_word' id='word_1_22' title='bbox 3512 552 3771 610; x_wconf 67' lang='lat' dir='ltr'><strong>videban-</strong></span> 
     </span>
     <span class='ocr_line' id='line_1_5' title="bbox 473 592 1582 622; baseline 0 -3"><span class='ocrx_word' id='word_1_23' title='bbox 473 592 710 622; x_wconf 61' lang='grc' dir='ltr'><strong>ηυςοοηη,</strong></span> <span class='ocrx_word' id='word_1_24' title='bbox 777 613 892 622; x_wconf 53' lang='grc' dir='ltr'><strong>-.-μ</strong></span> <span class='ocrx_word' id='word_1_25' title='bbox 923 601 986 622; x_wconf 68' lang='grc' dir='ltr'><strong>-.ι</strong></span> <span class='ocrx_word' id='word_1_26' title='bbox 1025 602 1134 622; x_wconf 42' lang='grc' dir='ltr'><strong>,εμλ</strong></span> <span class='ocrx_word' id='word_1_27' title='bbox 1173 619 1189 622; x_wconf 67' lang='grc'><em>,</em></span> <span class='ocrx_word' id='word_1_28' title='bbox 1230 605 1300 622; x_wconf 66' lang='grc' dir='ltr'><strong>ιο,</strong></span> <span class='ocrx_word' id='word_1_29' title='bbox 1343 606 1354 617; x_wconf 76' lang='grc' dir='ltr'><strong>ο</strong></span> <span class='ocrx_word' id='word_1_30' title='bbox 1520 618 1528 622; x_wconf 85' lang='grc'><em>,</em></span> <span class='ocrx_word' id='word_1_31' title='bbox 1572 610 1582 619; x_wconf 89' lang='grc'><strong>.</strong></span> 
     </span>
    </p>
   </div>
   <div class='ocr_carea' id='block_1_5' title="bbox 471 592 2070 685">
    <p class='ocr_par' dir='ltr' id='par_1_5' title="bbox 471 592 2070 685">
     <span class='ocr_line' id='line_1_6' title="bbox 471 592 2070 685; baseline 0.018 -40"><span class='ocrx_word' id='word_1_32' title='bbox 471 592 731 664; x_wconf 77' lang='lat' dir='ltr'><strong>existens,</strong></span> <span class='ocrx_word' id='word_1_33' title='bbox 770 613 894 653; x_wconf 92' lang='lat' dir='ltr'><strong>cum</strong></span> <span class='ocrx_word' id='word_1_34' title='bbox 920 601 987 655; x_wconf 90' lang='lat' dir='ltr'><strong>ad</strong></span> <span class='ocrx_word' id='word_1_35' title='bbox 1017 602 1137 673; x_wconf 85' lang='lat' dir='ltr'><strong>ejus</strong></span> <span class='ocrx_word' id='word_1_36' title='bbox 1167 605 1449 662; x_wconf 89' lang='lat' dir='ltr'><strong>arbitrium</strong></span> <span class='ocrx_word' id='word_1_37' title='bbox 1480 610 1762 685; x_wconf 89' lang='lat' dir='ltr'><strong>utriusque</strong></span> <span class='ocrx_word' id='word_1_38' title='bbox 1791 625 2070 673; x_wconf 88' lang='lat' dir='ltr'><strong>monaste-</strong></span> 
     </span>
    </p>
   </div>
   <div class='ocr_carea' id='block_1_6' title="bbox 471 682 2070 763">
    <p class='ocr_par' dir='ltr' id='par_1_6' title="bbox 471 682 2070 763">
     <span class='ocr_line' id='line_1_7' title="bbox 471 682 2070 763; baseline 0.016 -27"><span class='ocrx_word' id='word_1_39' title='bbox 471 682 541 738; x_wconf 83' lang='lat' dir='ltr'><strong>rii</strong></span> <span class='ocrx_word' id='word_1_40' title='bbox 571 684 938 743; x_wconf 81' lang='lat' dir='ltr'><strong>Molismensis</strong></span> <span class='ocrx_word' id='word_1_41' title='bbox 967 690 1219 749; x_wconf 90' lang='lat' dir='ltr'><strong>videlicet</strong></span> <span class='ocrx_word' id='word_1_42' title='bbox 1284 705 1337 751; x_wconf 91' lang='lat' dir='ltr'><strong>et</strong></span> <span class='ocrx_word' id='word_1_43' title='bbox 1376 682 1757 757; x_wconf 81' lang='lat' dir='ltr'><strong>Cisterciensis</strong></span> <span class='ocrx_word' id='word_1_44' title='bbox 1794 707 2070 763; x_wconf 76' lang='lat' dir='ltr'><strong>ordinatio</strong></span> 
     </span>
    </p>
   </div>
   <div class='ocr_carea' id='block_1_7' title="bbox 468 782 2066 877">
    <p class='ocr_par' dir='ltr' id='par_1_7' title="bbox 468 782 2066 877">
     <span class='ocr_line' id='line_1_8' title="bbox 468 782 2066 877; baseline 0.017 -42"><span class='ocrx_word' id='word_1_45' title='bbox 468 782 784 852; x_wconf 77' lang='lat' dir='ltr'><strong>pertineret,</strong></span> <span class='ocrx_word' id='word_1_46' title='bbox 818 802 943 842; x_wconf 88' lang='lat' dir='ltr'><strong>cum</strong></span> <span class='ocrx_word' id='word_1_47' title='bbox 972 788 1186 847; x_wconf 90' lang='lat' dir='ltr'><strong>duobus</strong></span> <span class='ocrx_word' id='word_1_48' title='bbox 1215 797 1496 852; x_wconf 84' lang='lat' dir='ltr'><strong>monachis</strong></span> <span class='ocrx_word' id='word_1_49' title='bbox 1524 799 1829 858; x_wconf 83' lang='lat' dir='ltr'><strong>Molismum</strong></span> <span class='ocrx_word' id='word_1_50' title='bbox 1861 805 2022 860; x_wconf 88' lang='lat' dir='ltr'><strong>rediit</strong></span> <span class='ocrx_word' id='word_1_51' title='bbox 2052 820 2066 877; x_wconf 88' lang='lat'><strong>;</strong></span> 
     </span>
    </p>
   </div>
   <div class='ocr_carea' id='block_1_8' title="bbox 467 869 2067 957">
    <p class='ocr_par' dir='ltr' id='par_1_8' title="bbox 467 869 2067 957">
     <span class='ocr_line' id='line_1_9' title="bbox 467 869 2067 957; baseline 0.018 -34"><span class='ocrx_word' id='word_1_52' title='bbox 467 869 924 931; x_wconf 88' lang='lat' dir='ltr'><strong>Cisterciensibus</strong></span> <span class='ocrx_word' id='word_1_53' title='bbox 955 879 1179 948; x_wconf 79' lang='lat' dir='ltr'><strong>quidem</strong></span> <span class='ocrx_word' id='word_1_54' title='bbox 1228 883 1299 939; x_wconf 90' lang='lat' dir='ltr'><strong>de</strong></span> <span class='ocrx_word' id='word_1_55' title='bbox 1339 884 1513 957; x_wconf 85' lang='lat' dir='ltr'><strong>ipsius</strong></span> <span class='ocrx_word' id='word_1_56' title='bbox 1541 889 1887 948; x_wconf 85' lang='lat' dir='ltr'><strong>discessione</strong></span> <span class='ocrx_word' id='word_1_57' title='bbox 1924 910 2067 951; x_wconf 69' lang='lat' dir='ltr'><strong>maz-</strong></span> 
     </span>
    </p>
   </div>
   <div class='ocr_carea' id='block_1_9' title="bbox 472 959 2067 1040">
    <p class='ocr_par' dir='ltr' id='par_1_9' title="bbox 472 959 2067 1040">
     <span class='ocr_line' id='line_1_10' title="bbox 472 959 2067 1040; baseline 0.017 -27"><span class='ocrx_word' id='word_1_58' title='bbox 472 959 733 1029; x_wconf 84' lang='lat' dir='ltr'><strong>rentibus,</strong></span> <span class='ocrx_word' id='word_1_59' title='bbox 768 964 1217 1026; x_wconf 84' lang='lat' dir='ltr'><strong>Molismensibus</strong></span> <span class='ocrx_word' id='word_1_60' title='bbox 1250 989 1388 1030; x_wconf 91' lang='lat' dir='ltr'><strong>vero</strong></span> <span class='ocrx_word' id='word_1_61' title='bbox 1419 986 1637 1033; x_wconf 79' lang='lat' dir='ltr'><strong>econtra</strong></span> <span class='ocrx_word' id='word_1_62' title='bbox 1669 982 2067 1040; x_wconf 73' lang='lat' dir='ltr'><strong>exsultantibus</strong></span> 
     </span>
    </p>
   </div>
   <div class='ocr_carea' id='block_1_10' title="bbox 463 1057 2065 1154">
    <p class='ocr_par' dir='ltr' id='par_1_10' title="bbox 463 1057 2065 1154">
     <span class='ocr_line' id='line_1_11' title="bbox 463 1057 2065 1154; baseline 0.02 -43"><span class='ocrx_word' id='word_1_63' title='bbox 463 1057 533 1114; x_wconf 89' lang='lat' dir='ltr'><strong>de</strong></span> <span class='ocrx_word' id='word_1_64' title='bbox 573 1077 859 1132; x_wconf 82' lang='lat' dir='ltr'><strong>regressu.</strong></span> <span class='ocrx_word' id='word_1_65' title='bbox 911 1067 1263 1145; x_wconf 86' lang='lat' dir='ltr'><strong>Fueruntque</strong></span> <span class='ocrx_word' id='word_1_66' title='bbox 1304 1075 1527 1133; x_wconf 80' lang='lat' dir='ltr'><strong>obviam</strong></span> <span class='ocrx_word' id='word_1_67' title='bbox 1566 1081 1636 1137; x_wconf 89' lang='lat' dir='ltr'><strong>de</strong></span> <span class='ocrx_word' id='word_1_68' title='bbox 1675 1083 1902 1140; x_wconf 84' lang='lat' dir='ltr'><strong>Barensi</strong></span> <span class='ocrx_word' id='word_1_69' title='bbox 1949 1086 2065 1154; x_wconf 74' lang='lat'><strong>(22)</strong></span> 
     </span>
    </p>
   </div>
   <div class='ocr_carea' id='block_1_11' title="bbox 463 1150 2059 1243">
    <p class='ocr_par' dir='ltr' id='par_1_11' title="bbox 463 1150 2059 1243">
     <span class='ocr_line' id='line_1_12' title="bbox 463 1150 2059 1243; baseline 0.018 -41"><span class='ocrx_word' id='word_1_70' title='bbox 463 1150 665 1219; x_wconf 91' lang='lat' dir='ltr'><strong>oppido</strong></span> <span class='ocrx_word' id='word_1_71' title='bbox 696 1153 1081 1215; x_wconf 76' lang='lat' dir='ltr'><strong>honoratorum</strong></span> <span class='ocrx_word' id='word_1_72' title='bbox 1139 1170 1193 1217; x_wconf 90' lang='lat' dir='ltr'><strong>et</strong></span> <span class='ocrx_word' id='word_1_73' title='bbox 1245 1165 1424 1235; x_wconf 84' lang='lat' dir='ltr'><strong>plebis</strong></span> <span class='ocrx_word' id='word_1_74' title='bbox 1476 1170 1764 1228; x_wconf 78' lang='lat' dir='ltr'><strong>multitudo</strong></span> <span class='ocrx_word' id='word_1_75' title='bbox 1800 1150 2059 1243; x_wconf 86' lang='lat' dir='ltr'><strong>maxima,</strong></span> 
     </span>
    </p>
   </div>
   <div class='ocr_carea' id='block_1_12' title="bbox 462 1238 2064 1323">
    <p class='ocr_par' dir='ltr' id='par_1_12' title="bbox 462 1238 2064 1323">
     <span class='ocr_line' id='line_1_13' title="bbox 462 1238 2064 1323; baseline 0.019 -32"><span class='ocrx_word' id='word_1_76' title='bbox 462 1238 551 1308; x_wconf 86' lang='lat' dir='ltr'><strong>qui</strong></span> <span class='ocrx_word' id='word_1_77' title='bbox 592 1256 717 1295; x_wconf 91' lang='lat' dir='ltr'><strong>eum</strong></span> <span class='ocrx_word' id='word_1_78' title='bbox 742 1259 866 1298; x_wconf 89' lang='lat' dir='ltr'><strong>cum</strong></span> <span class='ocrx_word' id='word_1_79' title='bbox 898 1249 1096 1316; x_wconf 74' lang='lat' dir='ltr'><strong>grandi</strong></span> <span class='ocrx_word' id='word_1_80' title='bbox 1128 1252 1362 1323; x_wconf 88' lang='lat' dir='ltr'><strong>tripudio</strong></span> <span class='ocrx_word' id='word_1_81' title='bbox 1392 1265 1447 1311; x_wconf 89' lang='lat' dir='ltr'><strong>et</strong></span> <span class='ocrx_word' id='word_1_82' title='bbox 1475 1258 1675 1315; x_wconf 87' lang='lat' dir='ltr'><strong>divinis</strong></span> <span class='ocrx_word' id='word_1_83' title='bbox 1703 1261 1953 1319; x_wconf 86' lang='lat' dir='ltr'><strong>laudibus</strong></span> <span class='ocrx_word' id='word_1_84' title='bbox 1969 1238 2064 1321; x_wconf 49' lang='lat' dir='ltr'><strong>ex;</strong></span> 
     </span>
    </p>
   </div>
   <div class='ocr_carea' id='block_1_13' title="bbox 458 1335 2059 1425">
    <p class='ocr_par' dir='ltr' id='par_1_13' title="bbox 458 1335 2059 1425">
     <span class='ocr_line' id='line_1_14' title="bbox 458 1335 2059 1425; baseline 0.018 -43"><span class='ocrx_word' id='word_1_85' title='bbox 458 1339 750 1398; x_wconf 88' lang='lat' dir='ltr'><strong>ceperunt.</strong></span> <span class='ocrx_word' id='word_1_86' title='bbox 787 1336 855 1388; x_wconf 81' lang='lat' dir='ltr'><strong>At</strong></span> <span class='ocrx_word' id='word_1_87' title='bbox 891 1335 983 1390; x_wconf 89' lang='lat' dir='ltr'><strong>ille</strong></span> <span class='ocrx_word' id='word_1_88' title='bbox 1021 1354 1147 1395; x_wconf 89' lang='lat' dir='ltr'><strong>cum</strong></span> <span class='ocrx_word' id='word_1_89' title='bbox 1186 1359 1305 1411; x_wconf 79' lang='lat' dir='ltr'><strong>suo,</strong></span> <span class='ocrx_word' id='word_1_90' title='bbox 1356 1344 1469 1402; x_wconf 90' lang='lat' dir='ltr'><strong>imo</strong></span> <span class='ocrx_word' id='word_1_91' title='bbox 1508 1348 1707 1404; x_wconf 82' lang='lat' dir='ltr'><strong>Christi</strong></span> <span class='ocrx_word' id='word_1_92' title='bbox 1746 1368 1919 1424; x_wconf 85' lang='lat' dir='ltr'><strong>grege</strong></span> <span class='ocrx_word' id='word_1_93' title='bbox 1950 1370 2059 1425; x_wconf 91' lang='lat' dir='ltr'><strong>pu-</strong></span> 
     </span>
    </p>
   </div>
   <div class='ocr_carea' id='block_1_14' title="bbox 461 1419 2057 1513">
    <p class='ocr_par' dir='ltr' id='par_1_14' title="bbox 461 1419 2057 1513">
     <span class='ocr_line' id='line_1_15' title="bbox 461 1419 2057 1513; baseline 0.019 -39"><span class='ocrx_word' id='word_1_94' title='bbox 461 1419 606 1487; x_wconf 65' lang='lat' dir='ltr'><strong>villo,</strong></span> <span class='ocrx_word' id='word_1_95' title='bbox 630 1424 844 1482; x_wconf 90' lang='lat' dir='ltr'><strong>scilicet</strong></span> <span class='ocrx_word' id='word_1_96' title='bbox 897 1430 1234 1491; x_wconf 85' lang='lat' dir='ltr'><strong>Molismensi</strong></span> <span class='ocrx_word' id='word_1_97' title='bbox 1289 1439 1547 1510; x_wconf 76' lang='lat' dir='ltr'><strong>collegio,</strong></span> <span class='ocrx_word' id='word_1_98' title='bbox 1590 1419 1839 1513; x_wconf 75' lang='lat' dir='ltr'><strong>paratum</strong></span> <span class='ocrx_word' id='word_1_99' title='bbox 1855 1419 1982 1502; x_wconf 34' lang='lat' dir='ltr'><strong>isibi</strong></span> <span class='ocrx_word' id='word_1_100' title='bbox 2023 1465 2057 1504; x_wconf 84' lang='lat' dir='ltr'><strong>a</strong></span> 
     </span>
    </p>
   </div>
   <div class='ocr_carea' id='block_1_15' title="bbox 456 1508 2052 1609">
    <p class='ocr_par' dir='ltr' id='par_1_15' title="bbox 456 1508 2052 1609">
     <span class='ocr_line' id='line_1_16' title="bbox 456 1508 2052 1609; baseline 0.019 -45"><span class='ocrx_word' id='word_1_101' title='bbox 456 1508 577 1566; x_wconf 92' lang='lat' dir='ltr'><strong>Deo</strong></span> <span class='ocrx_word' id='word_1_102' title='bbox 606 1511 786 1569; x_wconf 86' lang='lat' dir='ltr'><strong>locum</strong></span> <span class='ocrx_word' id='word_1_103' title='bbox 821 1516 1123 1591; x_wconf 85' lang='lat' dir='ltr'><strong>ingressus,</strong></span> <span class='ocrx_word' id='word_1_104' title='bbox 1161 1524 1423 1595; x_wconf 77' lang='lat' dir='ltr'><strong>divinam,</strong></span> <span class='ocrx_word' id='word_1_105' title='bbox 1467 1547 1588 1602; x_wconf 71' lang='lat' dir='ltr'><strong>quae</strong></span> <span class='ocrx_word' id='word_1_106' title='bbox 1614 1543 1807 1590; x_wconf 81' lang='lat' dir='ltr'><strong>cuncta</strong></span> <span class='ocrx_word' id='word_1_107' title='bbox 1836 1537 2052 1609; x_wconf 85' lang='lat' dir='ltr'><strong>dispen-</strong></span> 
     </span>
    </p>
   </div>
   <div class='ocr_carea' id='block_1_16' title="bbox 455 1599 2047 1699">
    <p class='ocr_par' dir='ltr' id='par_1_16' title="bbox 455 1599 2047 1699">
     <span class='ocr_line' id='line_1_17' title="bbox 455 1599 2047 1699; baseline 0.018 -45"><span class='ocrx_word' id='word_1_108' title='bbox 455 1599 634 1665; x_wconf 88' lang='lat' dir='ltr'><strong>sabat,</strong></span> <span class='ocrx_word' id='word_1_109' title='bbox 669 1604 1072 1666; x_wconf 84' lang='lat' dir='ltr'><strong>Providentiam</strong></span> <span class='ocrx_word' id='word_1_110' title='bbox 1104 1620 1210 1669; x_wconf 91' lang='lat' dir='ltr'><strong>tota</strong></span> <span class='ocrx_word' id='word_1_111' title='bbox 1237 1619 1437 1674; x_wconf 88' lang='lat' dir='ltr'><strong>mentis</strong></span> <span class='ocrx_word' id='word_1_112' title='bbox 1467 1599 1747 1679; x_wconf 71' lang='lat' dir='ltr'><strong>alacritate</strong></span> <span class='ocrx_word' id='word_1_113' title='bbox 1786 1599 2047 1699; x_wconf 72' lang='lat' dir='ltr'><strong>magnifi-</strong></span> 
     </span>
    </p>
   </div>
   <div class='ocr_carea' id='block_1_17' title="bbox 447 1708 2049 1789">
    <p class='ocr_par' dir='ltr' id='par_1_17' title="bbox 447 1708 2049 1789">
     <span class='ocr_line' id='line_1_18' title="bbox 447 1708 2049 1789; baseline 0.018 -36"><span class='ocrx_word' id='word_1_114' title='bbox 447 1710 608 1766; x_wconf 84' lang='lat' dir='ltr'><strong>cans,</strong></span> <span class='ocrx_word' id='word_1_115' title='bbox 649 1717 884 1776; x_wconf 84' lang='lat' dir='ltr'><strong>gregem</strong></span> <span class='ocrx_word' id='word_1_116' title='bbox 924 1708 1027 1764; x_wconf 86' lang='lat' dir='ltr'><strong>sibi</strong></span> <span class='ocrx_word' id='word_1_117' title='bbox 1064 1715 1417 1772; x_wconf 89' lang='lat' dir='ltr'><strong>commissum</strong></span> <span class='ocrx_word' id='word_1_118' title='bbox 1458 1728 1688 1789; x_wconf 87' lang='lat' dir='ltr'><strong>paterno</strong></span> <span class='ocrx_word' id='word_1_119' title='bbox 1724 1724 2049 1783; x_wconf 86' lang='lat' dir='ltr'><strong>confovebat</strong></span> 
     </span>
    </p>
   </div>
   <div class='ocr_carea' id='block_1_18' title="bbox 446 1784 2045 1888">
    <p class='ocr_par' dir='ltr' id='par_1_18' title="bbox 446 1784 2045 1888">
     <span class='ocr_line' id='line_1_19' title="bbox 446 1784 2045 1888; baseline 0.019 -46"><span class='ocrx_word' id='word_1_120' title='bbox 446 1784 665 1854; x_wconf 71' lang='lat' dir='ltr'><strong>affectu,</strong></span> <span class='ocrx_word' id='word_1_121' title='bbox 696 1792 1005 1867; x_wconf 88' lang='lat' dir='ltr'><strong>disciplinis</strong></span> <span class='ocrx_word' id='word_1_122' title='bbox 1032 1803 1372 1873; x_wconf 81' lang='lat' dir='ltr'><strong>regularibus</strong></span> <span class='ocrx_word' id='word_1_123' title='bbox 1393 1784 1516 1865; x_wconf 76' lang='lat' dir='ltr'><strong>illos</strong></span> <span class='ocrx_word' id='word_1_124' title='bbox 1543 1810 1850 1881; x_wconf 87' lang='lat' dir='ltr'><strong>instituens,</strong></span> <span class='ocrx_word' id='word_1_125' title='bbox 1894 1818 2045 1888; x_wconf 90' lang='lat' dir='ltr'><strong>quin-</strong></span> 
     </span>
    </p>
   </div>
   <div class='ocr_carea' id='block_1_19' title="bbox 2181 628 3770 710">
    <p class='ocr_par' dir='ltr' id='par_1_19' title="bbox 2181 628 3770 710">
     <span class='ocr_line' id='line_1_20' title="bbox 2181 628 3770 710; baseline 0.018 -36"><span class='ocrx_word' id='word_1_126' title='bbox 2181 628 2287 688; x_wconf 91' lang='lat' dir='ltr'><strong>tur,</strong></span> <span class='ocrx_word' id='word_1_127' title='bbox 2329 642 2565 698; x_wconf 90' lang='lat' dir='ltr'><strong>quorum</strong></span> <span class='ocrx_word' id='word_1_128' title='bbox 2604 631 2746 688; x_wconf 88' lang='lat' dir='ltr'><strong>alter</strong></span> <span class='ocrx_word' id='word_1_129' title='bbox 2783 636 2854 691; x_wconf 89' lang='lat' dir='ltr'><strong>ab</strong></span> <span class='ocrx_word' id='word_1_130' title='bbox 2891 638 3148 709; x_wconf 85' lang='lat' dir='ltr'><strong>aquilone</strong></span> <span class='ocrx_word' id='word_1_131' title='bbox 3206 642 3276 696; x_wconf 91' lang='lat' dir='ltr'><strong>ad</strong></span> <span class='ocrx_word' id='word_1_132' title='bbox 3331 650 3590 710; x_wconf 87' lang='lat' dir='ltr'><strong>austrum,</strong></span> <span class='ocrx_word' id='word_1_133' title='bbox 3634 644 3770 701; x_wconf 84' lang='lat' dir='ltr'><strong>alter</strong></span> 
     </span>
    </p>
   </div>
   <div class='ocr_carea' id='block_1_20' title="bbox 2179 724 3770 803">
    <p class='ocr_par' dir='ltr' id='par_1_20' title="bbox 2179 724 3770 803">
     <span class='ocr_line' id='line_1_21' title="bbox 2179 724 3770 803; baseline 0.016 -38"><span class='ocrx_word' id='word_1_134' title='bbox 2179 727 2317 769; x_wconf 88' lang='lat' dir='ltr'><strong>vero</strong></span> <span class='ocrx_word' id='word_1_135' title='bbox 2347 731 2380 769; x_wconf 90' lang='lat' dir='ltr'><strong>a</strong></span> <span class='ocrx_word' id='word_1_136' title='bbox 2408 724 2777 789; x_wconf 86' lang='lat' dir='ltr'><strong>septentrione</strong></span> <span class='ocrx_word' id='word_1_137' title='bbox 2808 726 2875 781; x_wconf 88' lang='lat' dir='ltr'><strong>ad</strong></span> <span class='ocrx_word' id='word_1_138' title='bbox 2898 728 3236 785; x_wconf 87' lang='lat' dir='ltr'><strong>occidentem</strong></span> <span class='ocrx_word' id='word_1_139' title='bbox 3265 741 3552 803; x_wconf 87' lang='lat' dir='ltr'><strong>protensus</strong></span> <span class='ocrx_word' id='word_1_140' title='bbox 3576 743 3683 789; x_wconf 84' lang='lat' dir='ltr'><strong>est.</strong></span> <span class='ocrx_word' id='word_1_141' title='bbox 3711 735 3770 790; x_wconf 86' lang='lat' dir='ltr'><strong>In</strong></span> 
     </span>
    </p>
   </div>
   <div class='ocr_carea' id='block_1_21' title="bbox 2178 814 3770 904">
    <p class='ocr_par' dir='ltr' id='par_1_21' title="bbox 2178 814 3770 904">
     <span class='ocr_line' id='line_1_22' title="bbox 2178 814 3770 904; baseline 0.016 -39"><span class='ocrx_word' id='word_1_142' title='bbox 2178 814 2488 872; x_wconf 86' lang='lat' dir='ltr'><strong>summitate</strong></span> <span class='ocrx_word' id='word_1_143' title='bbox 2526 836 2676 886; x_wconf 85' lang='lat' dir='ltr'><strong>vero,</strong></span> <span class='ocrx_word' id='word_1_144' title='bbox 2708 823 2799 878; x_wconf 91' lang='lat' dir='ltr'><strong>ubi</strong></span> <span class='ocrx_word' id='word_1_145' title='bbox 2854 825 2967 882; x_wconf 91' lang='lat' dir='ltr'><strong>duo</strong></span> <span class='ocrx_word' id='word_1_146' title='bbox 2998 843 3164 884; x_wconf 84' lang='lat' dir='ltr'><strong>arcus</strong></span> <span class='ocrx_word' id='word_1_147' title='bbox 3189 829 3578 904; x_wconf 87' lang='lat' dir='ltr'><strong>jungebantur,</strong></span> <span class='ocrx_word' id='word_1_148' title='bbox 3614 832 3770 890; x_wconf 81' lang='lat' dir='ltr'><strong>clara</strong></span> 
     </span>
    </p>
   </div>
   <div class='ocr_carea' id='block_1_22' title="bbox 2175 902 3755 995">
    <p class='ocr_par' dir='ltr' id='par_1_22' title="bbox 2175 902 3755 995">
     <span class='ocr_line' id='line_1_23' title="bbox 2175 902 3755 995; baseline 0.013 -37"><span class='ocrx_word' id='word_1_149' title='bbox 2175 902 2290 972; x_wconf 87' lang='lat' dir='ltr'><strong>lux,</strong></span> <span class='ocrx_word' id='word_1_150' title='bbox 2324 907 2393 962; x_wconf 87' lang='lat' dir='ltr'><strong>ad</strong></span> <span class='ocrx_word' id='word_1_151' title='bbox 2424 908 2833 970; x_wconf 90' lang='lat' dir='ltr'><strong>similitudinem</strong></span> <span class='ocrx_word' id='word_1_152' title='bbox 2860 916 3080 974; x_wconf 85' lang='lat' dir='ltr'><strong>lunaris</strong></span> <span class='ocrx_word' id='word_1_153' title='bbox 3107 902 3318 987; x_wconf 66' lang='lat' dir='ltr'><strong>circuli,</strong></span> <span class='ocrx_word' id='word_1_154' title='bbox 3345 921 3755 995; x_wconf 69' lang='lat' dir='ltr'><strong>praefulgebat;</strong></span> 
     </span>
    </p>
   </div>
   <div class='ocr_carea' id='block_1_23' title="bbox 2176 997 3765 1075">
    <p class='ocr_par' dir='ltr' id='par_1_23' title="bbox 2176 997 3765 1075">
     <span class='ocr_line' id='line_1_24' title="bbox 2176 997 3765 1075; baseline 0.014 -26"><span class='ocrx_word' id='word_1_155' title='bbox 2176 1010 2299 1066; x_wconf 71' lang='lat' dir='ltr'><strong>qua:</strong></span> <span class='ocrx_word' id='word_1_156' title='bbox 2327 1013 2387 1053; x_wconf 91' lang='lat' dir='ltr'><strong>se</strong></span> <span class='ocrx_word' id='word_1_157' title='bbox 2417 997 2471 1053; x_wconf 92' lang='lat' dir='ltr'><strong>in</strong></span> <span class='ocrx_word' id='word_1_158' title='bbox 2502 999 2672 1057; x_wconf 91' lang='lat' dir='ltr'><strong>altum</strong></span> <span class='ocrx_word' id='word_1_159' title='bbox 2700 1007 3057 1075; x_wconf 88' lang='lat' dir='ltr'><strong>protendens,</strong></span> <span class='ocrx_word' id='word_1_160' title='bbox 3090 1010 3348 1065; x_wconf 83' lang='lat' dir='ltr'><strong>tenebras</strong></span> <span class='ocrx_word' id='word_1_161' title='bbox 3377 1011 3550 1068; x_wconf 87' lang='lat' dir='ltr'><strong>noctis</strong></span> <span class='ocrx_word' id='word_1_162' title='bbox 3577 1028 3614 1067; x_wconf 88' lang='lat' dir='ltr'><strong>a</strong></span> <span class='ocrx_word' id='word_1_163' title='bbox 3642 1013 3765 1071; x_wconf 86' lang='lat' dir='ltr'><strong>loco</strong></span> 
     </span>
    </p>
   </div>
   <div class='ocr_carea' id='block_1_24' title="bbox 2173 1091 3768 1168">
    <p class='ocr_par' dir='ltr' id='par_1_24' title="bbox 2173 1091 3768 1168">
     <span class='ocr_line' id='line_1_25' title="bbox 2173 1091 3768 1168; baseline 0.014 -22"><span class='ocrx_word' id='word_1_164' title='bbox 2173 1091 2268 1147; x_wconf 92' lang='lat' dir='ltr'><strong>illo</strong></span> <span class='ocrx_word' id='word_1_165' title='bbox 2305 1095 2524 1165; x_wconf 87' lang='lat' dir='ltr'><strong>penitus</strong></span> <span class='ocrx_word' id='word_1_166' title='bbox 2553 1101 2901 1160; x_wconf 89' lang='lat' dir='ltr'><strong>excludebat.</strong></span> <span class='ocrx_word' id='word_1_167' title='bbox 2938 1106 3002 1161; x_wconf 90' lang='lat' dir='ltr'><strong>In</strong></span> <span class='ocrx_word' id='word_1_168' title='bbox 3032 1107 3132 1163; x_wconf 88' lang='lat' dir='ltr'><strong>bac</strong></span> <span class='ocrx_word' id='word_1_169' title='bbox 3170 1124 3302 1165; x_wconf 84' lang='lat' dir='ltr'><strong>vero</strong></span> <span class='ocrx_word' id='word_1_170' title='bbox 3326 1109 3447 1166; x_wconf 90' lang='lat' dir='ltr'><strong>luce</strong></span> <span class='ocrx_word' id='word_1_171' title='bbox 3478 1125 3619 1166; x_wconf 78' lang='lat' dir='ltr'><strong>crux</strong></span> <span class='ocrx_word' id='word_1_172' title='bbox 3641 1113 3768 1168; x_wconf 75' lang='lat' dir='ltr'><strong>ruti~</strong></span> 
     </span>
    </p>
   </div>
   <div class='ocr_carea' id='block_1_25' title="bbox 2171 1180 3759 1272">
    <p class='ocr_par' dir='ltr' id='par_1_25' title="bbox 2171 1180 3759 1272">
     <span class='ocr_line' id='line_1_26' title="bbox 2171 1180 3759 1272; baseline 0.014 -37"><span class='ocrx_word' id='word_1_173' title='bbox 2171 1180 2295 1237; x_wconf 84' lang='lat' dir='ltr'><strong>laus</strong></span> <span class='ocrx_word' id='word_1_174' title='bbox 2324 1188 2600 1256; x_wconf 83' lang='lat' dir='ltr'><strong>apparuit.</strong></span> <span class='ocrx_word' id='word_1_175' title='bbox 2631 1192 2807 1261; x_wconf 90' lang='lat' dir='ltr'><strong>primo</strong></span> <span class='ocrx_word' id='word_1_176' title='bbox 2837 1195 3054 1264; x_wconf 90' lang='lat' dir='ltr'><strong>quidem</strong></span> <span class='ocrx_word' id='word_1_177' title='bbox 3085 1198 3319 1263; x_wconf 85' lang='lat' dir='ltr'><strong>modica,</strong></span> <span class='ocrx_word' id='word_1_178' title='bbox 3377 1200 3476 1255; x_wconf 83' lang='lat' dir='ltr'><strong>sed</strong></span> <span class='ocrx_word' id='word_1_179' title='bbox 3499 1201 3759 1272; x_wconf 87' lang='lat' dir='ltr'><strong>paulatim</strong></span> 
     </span>
    </p>
   </div>
   <div class='ocr_carea' id='block_1_26' title="bbox 2171 1276 3763 1359">
    <p class='ocr_par' dir='ltr' id='par_1_26' title="bbox 2171 1276 3763 1359">
     <span class='ocr_line' id='line_1_27' title="bbox 2171 1276 3763 1359; baseline 0.014 -34"><span class='ocrx_word' id='word_1_180' title='bbox 2171 1276 2543 1331; x_wconf 86' lang='lat' dir='ltr'><strong>excrescendo</strong></span> <span class='ocrx_word' id='word_1_181' title='bbox 2576 1278 2715 1335; x_wconf 85' lang='lat' dir='ltr'><strong>facta</strong></span> <span class='ocrx_word' id='word_1_182' title='bbox 2736 1290 2820 1337; x_wconf 90' lang='lat' dir='ltr'><strong>est</strong></span> <span class='ocrx_word' id='word_1_183' title='bbox 2848 1300 3042 1356; x_wconf 85' lang='lat' dir='ltr'><strong>magna</strong></span> <span class='ocrx_word' id='word_1_184' title='bbox 3076 1305 3089 1341; x_wconf 91' lang='lat'><strong>:</strong></span> <span class='ocrx_word' id='word_1_185' title='bbox 3129 1287 3271 1344; x_wconf 89' lang='lat' dir='ltr'><strong>circa</strong></span> <span class='ocrx_word' id='word_1_186' title='bbox 3302 1304 3463 1359; x_wconf 87' lang='lat' dir='ltr'><strong>quam</strong></span> <span class='ocrx_word' id='word_1_187' title='bbox 3507 1292 3763 1347; x_wconf 86' lang='lat' dir='ltr'><strong>innume-</strong></span> 
     </span>
    </p>
   </div>
   <div class='ocr_carea' id='block_1_27' title="bbox 2168 1358 3761 1449">
    <p class='ocr_par' dir='ltr' id='par_1_27' title="bbox 2168 1358 3761 1449">
     <span class='ocr_line' id='line_1_28' title="bbox 2168 1358 3761 1449; baseline 0.013 -37"><span class='ocrx_word' id='word_1_188' title='bbox 2168 1358 2372 1416; x_wconf 87' lang='lat' dir='ltr'><strong>rabiles</strong></span> <span class='ocrx_word' id='word_1_189' title='bbox 2402 1363 2537 1417; x_wconf 86' lang='lat' dir='ltr'><strong>varii</strong></span> <span class='ocrx_word' id='word_1_190' title='bbox 2566 1365 2768 1422; x_wconf 89' lang='lat' dir='ltr'><strong>coloris</strong></span> <span class='ocrx_word' id='word_1_191' title='bbox 2801 1379 2956 1426; x_wconf 88' lang='lat' dir='ltr'><strong>erant</strong></span> <span class='ocrx_word' id='word_1_192' title='bbox 2974 1372 3188 1437; x_wconf 90' lang='lat' dir='ltr'><strong>circuli,</strong></span> <span class='ocrx_word' id='word_1_193' title='bbox 3221 1373 3274 1427; x_wconf 88' lang='lat' dir='ltr'><strong>in</strong></span> <span class='ocrx_word' id='word_1_194' title='bbox 3306 1358 3497 1444; x_wconf 83' lang='lat' dir='ltr'><strong>quibus</strong></span> <span class='ocrx_word' id='word_1_195' title='bbox 3524 1377 3761 1449; x_wconf 85' lang='lat' dir='ltr'><strong>singulis</strong></span> 
     </span>
    </p>
   </div>
   <div class='ocr_carea' id='block_1_28' title="bbox 2164 1455 3760 1538">
    <p class='ocr_par' dir='ltr' id='par_1_28' title="bbox 2164 1455 3760 1538">
     <span class='ocr_line' id='line_1_29' title="bbox 2164 1455 3760 1538; baseline 0.013 -28"><span class='ocrx_word' id='word_1_196' title='bbox 2164 1455 2395 1531; x_wconf 68' lang='lat' dir='ltr'><strong>singulae</strong></span> <span class='ocrx_word' id='word_1_197' title='bbox 2425 1471 2633 1518; x_wconf 73' lang='lat' dir='ltr'><strong>exorta:</strong></span> <span class='ocrx_word' id='word_1_198' title='bbox 2662 1473 2787 1520; x_wconf 90' lang='lat' dir='ltr'><strong>sunt</strong></span> <span class='ocrx_word' id='word_1_199' title='bbox 2815 1468 3112 1526; x_wconf 71' lang='lat' dir='ltr'><strong>cruciculm</strong></span> <span class='ocrx_word' id='word_1_200' title='bbox 3141 1471 3446 1538; x_wconf 86' lang='lat' dir='ltr'><strong>rutilantes,</strong></span> <span class='ocrx_word' id='word_1_201' title='bbox 3487 1490 3608 1529; x_wconf 89' lang='lat' dir='ltr'><strong>cum</strong></span> <span class='ocrx_word' id='word_1_202' title='bbox 3641 1476 3760 1530; x_wconf 85' lang='lat' dir='ltr'><strong>suis</strong></span> 
     </span>
    </p>
   </div>
   <div class='ocr_carea' id='block_1_29' title="bbox 2162 1545 3760 1635">
    <p class='ocr_par' dir='ltr' id='par_1_29' title="bbox 2162 1545 3760 1635">
     <span class='ocr_line' id='line_1_30' title="bbox 2162 1545 3760 1635; baseline 0.012 -34"><span class='ocrx_word' id='word_1_203' title='bbox 2162 1545 2378 1603; x_wconf 85' lang='lat' dir='ltr'><strong>circulis</strong></span> <span class='ocrx_word' id='word_1_204' title='bbox 2411 1551 2736 1609; x_wconf 83' lang='lat' dir='ltr'><strong>mirabiliter</strong></span> <span class='ocrx_word' id='word_1_205' title='bbox 2762 1562 3169 1627; x_wconf 85' lang='lat' dir='ltr'><strong>excrescentes,</strong></span> <span class='ocrx_word' id='word_1_206' title='bbox 3197 1560 3287 1632; x_wconf 88' lang='lat' dir='ltr'><strong>qui</strong></span> <span class='ocrx_word' id='word_1_207' title='bbox 3316 1577 3441 1618; x_wconf 87' lang='lat' dir='ltr'><strong>cum</strong></span> <span class='ocrx_word' id='word_1_208' title='bbox 3470 1578 3529 1617; x_wconf 91' lang='lat' dir='ltr'><strong>se</strong></span> <span class='ocrx_word' id='word_1_209' title='bbox 3559 1579 3760 1635; x_wconf 90' lang='lat' dir='ltr'><strong>usque-</strong></span> 
     </span>
    </p>
   </div>
   <div class='ocr_carea' id='block_1_30' title="bbox 2163 1639 3755 1717">
    <p class='ocr_par' dir='ltr' id='par_1_30' title="bbox 2163 1639 3755 1717">
     <span class='ocr_line' id='line_1_31' title="bbox 2163 1639 3755 1717; baseline 0.012 -29"><span class='ocrx_word' id='word_1_210' title='bbox 2163 1650 2379 1707; x_wconf 86' lang='lat' dir='ltr'><strong>quaque</strong></span> <span class='ocrx_word' id='word_1_211' title='bbox 2426 1639 2480 1693; x_wconf 93' lang='lat' dir='ltr'><strong>in</strong></span> <span class='ocrx_word' id='word_1_212' title='bbox 2513 1639 2854 1701; x_wconf 85' lang='lat' dir='ltr'><strong>ﬁrmamento</strong></span> <span class='ocrx_word' id='word_1_213' title='bbox 2905 1645 3240 1717; x_wconf 85' lang='lat' dir='ltr'><strong>dilatassent,</strong></span> <span class='ocrx_word' id='word_1_214' title='bbox 3298 1659 3467 1707; x_wconf 89' lang='lat' dir='ltr'><strong>totum</strong></span> <span class='ocrx_word' id='word_1_215' title='bbox 3519 1652 3755 1709; x_wconf 80' lang='lat' dir='ltr'><strong>Molismi</strong></span> 
     </span>
    </p>
   </div>
   <div class='ocr_carea' id='block_1_31' title="bbox 2159 1730 3754 1820">
    <p class='ocr_par' dir='ltr' id='par_1_31' title="bbox 2159 1730 3754 1820">
     <span class='ocr_line' id='line_1_32' title="bbox 2159 1730 3754 1820; baseline 0.012 -34"><span class='ocrx_word' id='word_1_216' title='bbox 2159 1730 2337 1789; x_wconf 91' lang='lat' dir='ltr'><strong>locum</strong></span> <span class='ocrx_word' id='word_1_217' title='bbox 2366 1737 2685 1796; x_wconf 87' lang='lat' dir='ltr'><strong>mirabiliter</strong></span> <span class='ocrx_word' id='word_1_218' title='bbox 2709 1742 3068 1811; x_wconf 89' lang='lat' dir='ltr'><strong>illustrabant,</strong></span> <span class='ocrx_word' id='word_1_219' title='bbox 3110 1755 3167 1802; x_wconf 88' lang='lat' dir='ltr'><strong>ut</strong></span> <span class='ocrx_word' id='word_1_220' title='bbox 3196 1748 3371 1820; x_wconf 77' lang='lat' dir='ltr'><strong>signis</strong></span> <span class='ocrx_word' id='word_1_221' title='bbox 3408 1749 3754 1806; x_wconf 84' lang='lat' dir='ltr'><strong>evidentibus</strong></span> 
     </span>
    </p>
   </div>
   <div class='ocr_carea' id='block_1_32' title="bbox 2159 1830 3753 1907">
    <p class='ocr_par' dir='ltr' id='par_1_32' title="bbox 2159 1830 3753 1907">
     <span class='ocr_line' id='line_1_33' title="bbox 2159 1830 3753 1907; baseline 0.013 -31"><span class='ocrx_word' id='word_1_222' title='bbox 2159 1835 2472 1895; x_wconf 86' lang='lat' dir='ltr'><strong>appareret,</strong></span> <span class='ocrx_word' id='word_1_223' title='bbox 2516 1830 2663 1901; x_wconf 89' lang='lat' dir='ltr'><strong>quod</strong></span> <span class='ocrx_word' id='word_1_224' title='bbox 2686 1831 2770 1885; x_wconf 88' lang='lat' dir='ltr'><strong>vir</strong></span> <span class='ocrx_word' id='word_1_225' title='bbox 2803 1833 3015 1901; x_wconf 81' lang='lat' dir='ltr'><strong>beatus,</strong></span> <span class='ocrx_word' id='word_1_226' title='bbox 3047 1836 3138 1907; x_wconf 90' lang='lat' dir='ltr'><strong>qui</strong></span> <span class='ocrx_word' id='word_1_227' title='bbox 3166 1836 3219 1891; x_wconf 91' lang='lat' dir='ltr'><strong>in</strong></span> <span class='ocrx_word' id='word_1_228' title='bbox 3252 1839 3442 1894; x_wconf 89' lang='lat' dir='ltr'><strong>eodem</strong></span> <span class='ocrx_word' id='word_1_229' title='bbox 3472 1838 3593 1895; x_wconf 91' lang='lat' dir='ltr'><strong>loco</strong></span> <span class='ocrx_word' id='word_1_230' title='bbox 3622 1856 3753 1896; x_wconf 91' lang='lat' dir='ltr'><strong>cum</strong></span> 
     </span>
    </p>
   </div>
   <div class='ocr_carea' id='block_1_33' title="bbox 444 1874 3741 1995">
    <p class='ocr_par' dir='ltr' id='par_1_33' title="bbox 444 1874 3741 1995">
     <span class='ocr_line' id='line_1_34' title="bbox 1698 1874 3741 1907; baseline 0.008 -28"><span class='ocrx_word' id='word_1_231' title='bbox 1698 1878 1701 1879; x_wconf 30' lang='grc' dir='ltr'><em>ν</em></span> <span class='ocrx_word' id='word_1_232' title='bbox 1838 1874 1848 1881; x_wconf 84' lang='grc'>,</span> <span class='ocrx_word' id='word_1_233' title='bbox 1914 1874 1926 1888; x_wconf 89' lang='grc'><em>,</em></span> <span class='ocrx_word' id='word_1_234' title='bbox 2273 1874 2472 1895; x_wconf 60' lang='grc' dir='ltr'><strong>--η-ν-.</strong></span> <span class='ocrx_word' id='word_1_235' title='bbox 2559 1874 2663 1884; x_wconf 61' lang='grc' dir='ltr'><strong>-.-η</strong></span> <span class='ocrx_word' id='word_1_236' title='bbox 2803 1874 3015 1901; x_wconf 64' lang='lat'><strong>-........,</strong></span> <span class='ocrx_word' id='word_1_237' title='bbox 3047 1874 3138 1907; x_wconf 58' lang='lat' dir='ltr'><strong>qu.</strong></span> <span class='ocrx_word' id='word_1_238' title='bbox 3252 1874 3442 1894; x_wconf 64' lang='grc' dir='ltr'>υνυς...</span> <span class='ocrx_word' id='word_1_239' title='bbox 3472 1874 3593 1895; x_wconf 73' lang='grc' dir='ltr'>...νυ</span> <span class='ocrx_word' id='word_1_240' title='bbox 3622 1874 3741 1895; x_wconf 70' lang='grc' dir='ltr'>νυ...</span> 
     </span>
     <span class='ocr_line' id='line_1_35' title="bbox 444 1874 3741 1995; baseline 0.017 -65"><span class='ocrx_word' id='word_1_241' title='bbox 444 1874 556 1932; x_wconf 90' lang='lat' dir='ltr'><strong>imo</strong></span> <span class='ocrx_word' id='word_1_242' title='bbox 586 1882 904 1953; x_wconf 85' lang='lat' dir='ltr'><strong>exemplum</strong></span> <span class='ocrx_word' id='word_1_243' title='bbox 946 1890 1151 1960; x_wconf 73' lang='lat' dir='ltr'><strong>regulae</strong></span> <span class='ocrx_word' id='word_1_244' title='bbox 1187 1892 1361 1952; x_wconf 81' lang='lat' dir='ltr'><strong>factus</strong></span> <span class='ocrx_word' id='word_1_245' title='bbox 1425 1901 1512 1954; x_wconf 89' lang='lat' dir='ltr'><strong>est</strong></span> <span class='ocrx_word' id='word_1_246' title='bbox 1547 1898 1674 1969; x_wconf 88' lang='lat' dir='ltr'><strong>illis,</strong></span> <span class='ocrx_word' id='word_1_247' title='bbox 1718 1905 2046 1975; x_wconf 79' lang='lat' dir='ltr'><strong>regulariter</strong></span> <span class='ocrx_word' id='word_1_248' title='bbox 2071 1885 2129 1951; x_wconf 79' lang='grc' dir='ltr'>Β</span> <span class='ocrx_word' id='word_1_249' title='bbox 2161 1913 2358 1982; x_wconf 87' lang='lat' dir='ltr'><strong>pietate</strong></span> <span class='ocrx_word' id='word_1_250' title='bbox 2387 1874 2766 1976; x_wconf 51' lang='lat' dir='ltr'><strong>dorniitionem</strong></span> <span class='ocrx_word' id='word_1_251' title='bbox 2833 1935 3143 1995; x_wconf 83' lang='lat' dir='ltr'><strong>acceperat,</strong></span> <span class='ocrx_word' id='word_1_252' title='bbox 3207 1925 3350 1983; x_wconf 84' lang='lat' dir='ltr'><strong>ﬁlius</strong></span> <span class='ocrx_word' id='word_1_253' title='bbox 3390 1928 3527 1984; x_wconf 90' lang='lat' dir='ltr'><strong>lucis</strong></span> <span class='ocrx_word' id='word_1_254' title='bbox 3564 1938 3741 1986; x_wconf 82' lang='lat' dir='ltr'><strong>esset.</strong></span> 
     </span>
    </p>
   </div>
   <div class='ocr_carea' id='block_1_34' title="bbox 444 1969 961 2040">
    <p class='ocr_par' dir='ltr' id='par_1_34' title="bbox 444 1969 961 2040">
     <span class='ocr_line' id='line_1_36' title="bbox 444 1969 961 2040; baseline 0.025 -14"><span class='ocrx_word' id='word_1_255' title='bbox 444 1969 585 2030; x_wconf 88' lang='lat' dir='ltr'><strong>inter</strong></span> <span class='ocrx_word' id='word_1_256' title='bbox 612 1990 711 2034; x_wconf 89' lang='lat' dir='ltr'><strong>eos</strong></span> <span class='ocrx_word' id='word_1_257' title='bbox 739 1978 961 2040; x_wconf 87' lang='lat' dir='ltr'><strong>vivens.</strong></span> 
     </span>
    </p>
   </div>
   <div class='ocr_carea' id='block_1_35' title="bbox 1064 2077 1436 2142">
    <p class='ocr_par' dir='ltr' id='par_1_35' title="bbox 1064 2077 1436 2142">
     <span class='ocr_line' id='line_1_37' title="bbox 1064 2077 1436 2142; baseline 0.022 -9"><span class='ocrx_word' id='word_1_258' title='bbox 1064 2077 1296 2138; x_wconf 86' lang='lat' dir='ltr'><strong>CAPUT</strong></span> <span class='ocrx_word' id='word_1_259' title='bbox 1332 2084 1436 2142; x_wconf 91' lang='lat' dir='ltr'><strong>III.</strong></span> 
     </span>
    </p>
   </div>
   <div class='ocr_carea' id='block_1_36' title="bbox 445 2162 2048 2256">
    <p class='ocr_par' dir='ltr' id='par_1_36' title="bbox 445 2162 2048 2256">
     <span class='ocr_line' id='line_1_38' title="bbox 445 2162 2048 2256; baseline 0.02 -38"><span class='ocrx_word' id='word_1_260' title='bbox 445 2162 585 2222; x_wconf 73' lang='lat' dir='ltr'><strong>Hor:</strong></span> <span class='ocrx_word' id='word_1_261' title='bbox 605 2182 674 2222; x_wconf 82' lang='lat' dir='ltr'><strong>ac</strong></span> <span class='ocrx_word' id='word_1_262' title='bbox 691 2170 1012 2242; x_wconf 76' lang='lat' dir='ltr'><strong>sepultura,</strong></span> <span class='ocrx_word' id='word_1_263' title='bbox 1034 2176 1090 2234; x_wconf 91' lang='lat' dir='ltr'><strong>S.</strong></span> <span class='ocrx_word' id='word_1_264' title='bbox 1133 2180 1353 2239; x_wconf 80' lang='lat' dir='ltr'><strong>Roberti</strong></span> <span class='ocrx_word' id='word_1_265' title='bbox 1372 2184 1628 2256; x_wconf 67' lang='lat' dir='ltr'><strong>quaedam</strong></span> <span class='ocrx_word' id='word_1_266' title='bbox 1657 2189 1942 2248; x_wconf 80' lang='lat' dir='ltr'><strong>miracula</strong></span> <span class='ocrx_word' id='word_1_267' title='bbox 1973 2193 2048 2250; x_wconf 85' lang='lat' dir='ltr'><strong>ad</strong></span> 
     </span>
    </p>
   </div>
   <div class='ocr_carea' id='block_1_37' title="bbox 1125 2270 1326 2339">
    <p class='ocr_par' dir='ltr' id='par_1_37' title="bbox 1125 2270 1326 2339">
     <span class='ocr_line' id='line_1_39' title="bbox 1125 2270 1326 2339; baseline 0.03 -17"><span class='ocrx_word' id='word_1_268' title='bbox 1125 2270 1326 2339; x_wconf 80' lang='lat' dir='ltr'><strong>funus.</strong></span> 
     </span>
    </p>
   </div>
   <div class='ocr_carea' id='block_1_38' title="bbox 511 2353 2048 2450">
    <p class='ocr_par' dir='ltr' id='par_1_38' title="bbox 511 2353 2048 2450">
     <span class='ocr_line' id='line_1_40' title="bbox 511 2353 2048 2450; baseline 0.019 -42"><span class='ocrx_word' id='word_1_269' title='bbox 511 2353 622 2410; x_wconf 69' lang='lat'><strong>12&#39;.</strong></span> <span class='ocrx_word' id='word_1_270' title='bbox 652 2354 897 2425; x_wconf 88' lang='lat' dir='ltr'><strong>Qualiter</strong></span> <span class='ocrx_word' id='word_1_271' title='bbox 921 2369 1103 2419; x_wconf 87' lang='lat' dir='ltr'><strong>autem</strong></span> <span class='ocrx_word' id='word_1_272' title='bbox 1133 2367 1223 2420; x_wconf 89' lang='lat' dir='ltr'><strong>vir</strong></span> <span class='ocrx_word' id='word_1_273' title='bbox 1249 2378 1473 2427; x_wconf 90' lang='lat' dir='ltr'><strong>sanctus</strong></span> <span class='ocrx_word' id='word_1_274' title='bbox 1519 2373 1589 2430; x_wconf 91' lang='lat' dir='ltr'><strong>de</strong></span> <span class='ocrx_word' id='word_1_275' title='bbox 1617 2378 1896 2450; x_wconf 83' lang='lat' dir='ltr'><strong>ergastulo</strong></span> <span class='ocrx_word' id='word_1_276' title='bbox 1924 2395 2048 2436; x_wconf 85' lang='lat' dir='ltr'><strong>car-</strong></span> 
     </span>
    </p>
   </div>
   <div class='ocr_carea' id='block_1_39' title="bbox 444 2441 2045 2534">
    <p class='ocr_par' dir='ltr' id='par_1_39' title="bbox 444 2441 2045 2534">
     <span class='ocr_line' id='line_1_41' title="bbox 444 2441 2045 2534; baseline 0.019 -38"><span class='ocrx_word' id='word_1_277' title='bbox 444 2441 532 2496; x_wconf 87' lang='lat' dir='ltr'><strong>nis</strong></span> <span class='ocrx_word' id='word_1_278' title='bbox 557 2442 834 2518; x_wconf 76' lang='lat' dir='ltr'><strong>migravit,</strong></span> <span class='ocrx_word' id='word_1_279' title='bbox 877 2452 1073 2522; x_wconf 91' lang='lat' dir='ltr'><strong>quibus</strong></span> <span class='ocrx_word' id='word_1_280' title='bbox 1101 2455 1259 2512; x_wconf 90' lang='lat' dir='ltr'><strong>etiam</strong></span> <span class='ocrx_word' id='word_1_281' title='bbox 1299 2460 1475 2531; x_wconf 80' lang='lat' dir='ltr'><strong>signis</strong></span> <span class='ocrx_word' id='word_1_282' title='bbox 1504 2465 1799 2534; x_wconf 81' lang='lat' dir='ltr'><strong>pretiosam</strong></span> <span class='ocrx_word' id='word_1_283' title='bbox 1830 2468 1884 2523; x_wconf 90' lang='lat' dir='ltr'><strong>in</strong></span> <span class='ocrx_word' id='word_1_284' title='bbox 1906 2485 2045 2525; x_wconf 92' lang='lat' dir='ltr'><strong>con-</strong></span> 
     </span>
    </p>
   </div>
   <div class='ocr_carea' id='block_1_40' title="bbox 438 2549 2043 2632">
    <p class='ocr_par' dir='ltr' id='par_1_40' title="bbox 438 2549 2043 2632">
     <span class='ocr_line' id='line_1_42' title="bbox 438 2549 2043 2632; baseline 0.02 -39"><span class='ocrx_word' id='word_1_285' title='bbox 438 2549 631 2608; x_wconf 90' lang='lat' dir='ltr'><strong>spectu</strong></span> <span class='ocrx_word' id='word_1_286' title='bbox 664 2559 765 2599; x_wconf 91' lang='lat' dir='ltr'><strong>suo</strong></span> <span class='ocrx_word' id='word_1_287' title='bbox 795 2556 1025 2605; x_wconf 91' lang='lat' dir='ltr'><strong>mortem</strong></span> <span class='ocrx_word' id='word_1_288' title='bbox 1058 2552 1181 2621; x_wconf 89' lang='lat' dir='ltr'><strong>ejus</strong></span> <span class='ocrx_word' id='word_1_289' title='bbox 1238 2556 1501 2613; x_wconf 88' lang='lat' dir='ltr'><strong>Dominus</strong></span> <span class='ocrx_word' id='word_1_290' title='bbox 1531 2560 1910 2632; x_wconf 87' lang='lat' dir='ltr'><strong>illustraverit,</strong></span> <span class='ocrx_word' id='word_1_291' title='bbox 1942 2584 2043 2624; x_wconf 88' lang='lat' dir='ltr'><strong>ve-</strong></span> 
     </span>
    </p>
   </div>
   <div class='ocr_carea' id='block_1_41' title="bbox 434 2630 2039 2724">
    <p class='ocr_par' dir='ltr' id='par_1_41' title="bbox 434 2630 2039 2724">
     <span class='ocr_line' id='line_1_43' title="bbox 434 2630 2039 2724; baseline 0.017 -41"><span class='ocrx_word' id='word_1_292' title='bbox 434 2635 563 2685; x_wconf 78' lang='lat' dir='ltr'><strong>strae</strong></span> <span class='ocrx_word' id='word_1_293' title='bbox 590 2630 720 2687; x_wconf 90' lang='lat' dir='ltr'><strong>libet</strong></span> <span class='ocrx_word' id='word_1_294' title='bbox 750 2634 964 2705; x_wconf 88' lang='lat' dir='ltr'><strong>plenius</strong></span> <span class='ocrx_word' id='word_1_295' title='bbox 996 2644 1239 2710; x_wconf 84' lang='lat' dir='ltr'><strong>pandere</strong></span> <span class='ocrx_word' id='word_1_296' title='bbox 1276 2646 1549 2704; x_wconf 89' lang='lat' dir='ltr'><strong>charitati.</strong></span> <span class='ocrx_word' id='word_1_297' title='bbox 1597 2651 1734 2708; x_wconf 92' lang='lat' dir='ltr'><strong>Cum</strong></span> <span class='ocrx_word' id='word_1_298' title='bbox 1780 2630 1949 2724; x_wconf 79' lang='lat' dir='ltr'><strong>igitur</strong></span> <span class='ocrx_word' id='word_1_299' title='bbox 1978 2658 2039 2711; x_wconf 87' lang='grc' dir='ltr'>Β.</span> 
     </span>
    </p>
   </div>
   <div class='ocr_carea' id='block_1_42' title="bbox 438 2716 2043 2800">
    <p class='ocr_par' dir='ltr' id='par_1_42' title="bbox 438 2716 2043 2800">
     <span class='ocr_line' id='line_1_44' title="bbox 438 2716 2043 2800; baseline 0.017 -27"><span class='ocrx_word' id='word_1_300' title='bbox 438 2716 715 2798; x_wconf 75' lang='lat' dir='ltr'><strong>Robertus</strong></span> <span class='ocrx_word' id='word_1_301' title='bbox 742 2725 925 2781; x_wconf 91' lang='lat' dir='ltr'><strong>multis</strong></span> <span class='ocrx_word' id='word_1_302' title='bbox 958 2727 1209 2787; x_wconf 89' lang='lat' dir='ltr'><strong>iaborum</strong></span> <span class='ocrx_word' id='word_1_303' title='bbox 1240 2737 1631 2794; x_wconf 88' lang='lat' dir='ltr'><strong>certaminibus</strong></span> <span class='ocrx_word' id='word_1_304' title='bbox 1672 2742 1907 2799; x_wconf 92' lang='lat' dir='ltr'><strong>Domino</strong></span> <span class='ocrx_word' id='word_1_305' title='bbox 1945 2746 2043 2800; x_wconf 87' lang='lat' dir='ltr'><strong>mi-</strong></span> 
     </span>
    </p>
   </div>
   <div class='ocr_carea' id='block_1_43' title="bbox 431 2814 2021 2910">
    <p class='ocr_par' dir='ltr' id='par_1_43' title="bbox 431 2814 2021 2910">
     <span class='ocr_line' id='line_1_45' title="bbox 431 2814 2021 2910; baseline 0.019 -41"><span class='ocrx_word' id='word_1_306' title='bbox 431 2814 660 2886; x_wconf 87' lang='lat' dir='ltr'><strong>litasset,</strong></span> <span class='ocrx_word' id='word_1_307' title='bbox 704 2822 827 2878; x_wconf 70' lang='lat' dir='ltr'><strong>vitaa</strong></span> <span class='ocrx_word' id='word_1_308' title='bbox 878 2830 1162 2895; x_wconf 77' lang='lat' dir='ltr'><strong>praesentis</strong></span> <span class='ocrx_word' id='word_1_309' title='bbox 1196 2833 1362 2889; x_wconf 67' lang='lat' dir='ltr'><strong>taedio</strong></span> <span class='ocrx_word' id='word_1_310' title='bbox 1391 2835 1685 2905; x_wconf 74' lang='lat' dir='ltr'><strong>pluri&#39;num</strong></span> <span class='ocrx_word' id='word_1_311' title='bbox 1742 2840 2021 2910; x_wconf 68' lang='lat' dir='ltr'><strong>fatigatus,</strong></span> 
     </span>
    </p>
   </div>
   <div class='ocr_carea' id='block_1_44' title="bbox 431 2903 2037 2987">
    <p class='ocr_par' dir='ltr' id='par_1_44' title="bbox 431 2903 2037 2987">
     <span class='ocr_line' id='line_1_46' title="bbox 431 2903 2037 2987; baseline 0.019 -30"><span class='ocrx_word' id='word_1_312' title='bbox 431 2903 659 2962; x_wconf 88' lang='lat' dir='ltr'><strong>dissolvi</strong></span> <span class='ocrx_word' id='word_1_313' title='bbox 716 2918 767 2965; x_wconf 91' lang='lat' dir='ltr'><strong>et</strong></span> <span class='ocrx_word' id='word_1_314' title='bbox 817 2928 939 2970; x_wconf 91' lang='lat' dir='ltr'><strong>esse</strong></span> <span class='ocrx_word' id='word_1_315' title='bbox 977 2930 1100 2972; x_wconf 91' lang='lat' dir='ltr'><strong>cum</strong></span> <span class='ocrx_word' id='word_1_316' title='bbox 1134 2919 1346 2976; x_wconf 85' lang='lat' dir='ltr'><strong>Christo</strong></span> <span class='ocrx_word' id='word_1_317' title='bbox 1383 2903 1595 2980; x_wconf 82' lang='lat' dir='ltr'><strong>ardenti</strong></span> <span class='ocrx_word' id='word_1_318' title='bbox 1626 2927 1906 2986; x_wconf 90' lang='lat' dir='ltr'><strong>desiderio</strong></span> <span class='ocrx_word' id='word_1_319' title='bbox 1935 2949 2037 2987; x_wconf 93' lang='lat' dir='ltr'><strong>cu-</strong></span> 
     </span>
    </p>
   </div>
   <div class='ocr_carea' id='block_1_45' title="bbox 428 2993 2032 3088">
    <p class='ocr_par' dir='ltr' id='par_1_45' title="bbox 428 2993 2032 3088">
     <span class='ocr_line' id='line_1_47' title="bbox 428 2993 2032 3088; baseline 0.019 -41"><span class='ocrx_word' id='word_1_320' title='bbox 428 2993 617 3065; x_wconf 89' lang='lat' dir='ltr'><strong>piebat</strong></span> <span class='ocrx_word' id='word_1_321' title='bbox 644 2998 879 3073; x_wconf 81' lang='lat' dir='ltr'><strong>(Philip.</strong></span> <span class='ocrx_word' id='word_1_322' title='bbox 900 3005 968 3071; x_wconf 86' lang='grc' dir='ltr'><strong>ι).</strong></span> <span class='ocrx_word' id='word_1_323' title='bbox 1000 3007 1164 3076; x_wconf 90' lang='lat' dir='ltr'><strong>Cujus</strong></span> <span class='ocrx_word' id='word_1_324' title='bbox 1195 3010 1524 3068; x_wconf 81' lang='lat' dir='ltr'><strong>desiderium</strong></span> <span class='ocrx_word' id='word_1_325' title='bbox 1550 3015 1695 3073; x_wconf 89' lang='lat' dir='ltr'><strong>Deus</strong></span> <span class='ocrx_word' id='word_1_326' title='bbox 1716 3021 2032 3088; x_wconf 80' lang='lat' dir='ltr'><strong>exaudiens,</strong></span> 
     </span>
    </p>
   </div>
   <div class='ocr_carea' id='block_1_46' title="bbox 430 3081 2033 3176">
    <p class='ocr_par' dir='ltr' id='par_1_46' title="bbox 430 3081 2033 3176">
     <span class='ocr_line' id='line_1_48' title="bbox 430 3081 2033 3176; baseline 0.019 -39"><span class='ocrx_word' id='word_1_327' title='bbox 430 3081 480 3138; x_wconf 90' lang='lat' dir='ltr'><strong>ei</strong></span> <span class='ocrx_word' id='word_1_328' title='bbox 522 3085 607 3139; x_wconf 79' lang='lat' dir='ltr'><strong>sui</strong></span> <span class='ocrx_word' id='word_1_329' title='bbox 648 3089 826 3145; x_wconf 89' lang='lat' dir='ltr'><strong>exitus</strong></span> <span class='ocrx_word' id='word_1_330' title='bbox 864 3094 1053 3150; x_wconf 88' lang='lat' dir='ltr'><strong>horam</strong></span> <span class='ocrx_word' id='word_1_331' title='bbox 1092 3113 1202 3152; x_wconf 68' lang='lat' dir='ltr'><strong>nam</strong></span> <span class='ocrx_word' id='word_1_332' title='bbox 1242 3102 1430 3170; x_wconf 88' lang='lat' dir='ltr'><strong>paucis</strong></span> <span class='ocrx_word' id='word_1_333' title='bbox 1468 3113 1595 3161; x_wconf 89' lang='lat' dir='ltr'><strong>ante</strong></span> <span class='ocrx_word' id='word_1_334' title='bbox 1633 3106 1851 3176; x_wconf 88' lang='lat' dir='ltr'><strong>diebus,</strong></span> <span class='ocrx_word' id='word_1_335' title='bbox 1913 3110 2033 3166; x_wconf 83' lang='lat' dir='ltr'><strong>sic-</strong></span> 
     </span>
    </p>
   </div>
   <div class='ocr_carea' id='block_1_47' title="bbox 422 3181 2021 3273">
    <p class='ocr_par' dir='ltr' id='par_1_47' title="bbox 422 3181 2021 3273">
     <span class='ocr_line' id='line_1_49' title="bbox 422 3181 2021 3273; baseline 0.018 -39"><span class='ocrx_word' id='word_1_336' title='bbox 422 3187 478 3235; x_wconf 89' lang='lat' dir='ltr'><strong>ut</strong></span> <span class='ocrx_word' id='word_1_337' title='bbox 515 3181 635 3251; x_wconf 89' lang='lat' dir='ltr'><strong>ipse</strong></span> <span class='ocrx_word' id='word_1_338' title='bbox 699 3198 1102 3258; x_wconf 69' lang='lat' dir='ltr'><strong>przeoptaverat</strong></span> <span class='ocrx_word' id='word_1_339' title='bbox 1151 3197 1410 3255; x_wconf 85' lang='lat' dir='ltr'><strong>revelavit</strong></span> <span class='ocrx_word' id='word_1_340' title='bbox 1453 3216 1468 3269; x_wconf 92' lang='lat'><strong>;</strong></span> <span class='ocrx_word' id='word_1_341' title='bbox 1537 3218 1705 3268; x_wconf 84' lang='lat' dir='ltr'><strong>quam</strong></span> <span class='ocrx_word' id='word_1_342' title='bbox 1765 3204 1883 3273; x_wconf 89' lang='lat' dir='ltr'><strong>ipse</strong></span> <span class='ocrx_word' id='word_1_343' title='bbox 1913 3207 2021 3261; x_wconf 93' lang='lat' dir='ltr'><strong>im-</strong></span> 
     </span>
    </p>
   </div>
   <div class='ocr_carea' id='block_1_48' title="bbox 414 3269 2006 3367">
    <p class='ocr_par' dir='ltr' id='par_1_48' title="bbox 414 3269 2006 3367">
     <span class='ocr_line' id='line_1_50' title="bbox 414 3269 2006 3367; baseline 0.02 -45"><span class='ocrx_word' id='word_1_344' title='bbox 414 3269 622 3326; x_wconf 90' lang='lat' dir='ltr'><strong>minere</strong></span> <span class='ocrx_word' id='word_1_345' title='bbox 676 3291 1050 3349; x_wconf 55' lang='lat' dir='ltr'><strong>praenoscens,</strong></span> <span class='ocrx_word' id='word_1_346' title='bbox 1117 3285 1371 3344; x_wconf 77' lang='lat' dir='ltr'><strong>fratribus</strong></span> <span class='ocrx_word' id='word_1_347' title='bbox 1403 3288 1684 3349; x_wconf 90' lang='lat' dir='ltr'><strong>indicavit.</strong></span> <span class='ocrx_word' id='word_1_348' title='bbox 1730 3269 2006 3367; x_wconf 80' lang='lat' dir='ltr'><strong>Aliquan-</strong></span> 
     </span>
    </p>
   </div>
   <div class='ocr_carea' id='block_1_49' title="bbox 418 3357 2018 3460">
    <p class='ocr_par' dir='ltr' id='par_1_49' title="bbox 418 3357 2018 3460">
     <span class='ocr_line' id='line_1_51' title="bbox 418 3357 2018 3460; baseline 0.021 -47"><span class='ocrx_word' id='word_1_349' title='bbox 418 3357 512 3415; x_wconf 89' lang='lat' dir='ltr'><strong>diu</strong></span> <span class='ocrx_word' id='word_1_350' title='bbox 550 3360 737 3435; x_wconf 86' lang='lat' dir='ltr'><strong>itaque</strong></span> <span class='ocrx_word' id='word_1_351' title='bbox 798 3372 1047 3440; x_wconf 88' lang='lat' dir='ltr'><strong>corporis</strong></span> <span class='ocrx_word' id='word_1_352' title='bbox 1098 3375 1409 3435; x_wconf 75' lang='lat' dir='ltr'><strong>infirmitate</strong></span> <span class='ocrx_word' id='word_1_353' title='bbox 1461 3383 1739 3454; x_wconf 90' lang='lat' dir='ltr'><strong>detentus,</strong></span> <span class='ocrx_word' id='word_1_354' title='bbox 1799 3357 2018 3460; x_wconf 73' lang='lat' dir='ltr'><strong>gratia-</strong></span> 
     </span>
    </p>
   </div>
   <div class='ocr_carea' id='block_1_50' title="bbox 418 3463 2027 3549">
    <p class='ocr_par' dir='ltr' id='par_1_50' title="bbox 418 3463 2027 3549">
     <span class='ocr_line' id='line_1_52' title="bbox 418 3463 2027 3549; baseline 0.02 -37"><span class='ocrx_word' id='word_1_355' title='bbox 418 3473 541 3514; x_wconf 86' lang='lat' dir='ltr'><strong>rum</strong></span> <span class='ocrx_word' id='word_1_356' title='bbox 571 3463 765 3519; x_wconf 91' lang='lat' dir='ltr'><strong>merita</strong></span> <span class='ocrx_word' id='word_1_357' title='bbox 820 3466 1018 3527; x_wconf 91' lang='lat' dir='ltr'><strong>virtute</strong></span> <span class='ocrx_word' id='word_1_358' title='bbox 1056 3473 1333 3543; x_wconf 64' lang='lat' dir='ltr'><strong>patientia:</strong></span> <span class='ocrx_word' id='word_1_359' title='bbox 1390 3482 1703 3549; x_wconf 85' lang='lat' dir='ltr'><strong>cumulavit,</strong></span> <span class='ocrx_word' id='word_1_360' title='bbox 1754 3494 1807 3541; x_wconf 92' lang='lat' dir='ltr'><strong>et</strong></span> <span class='ocrx_word' id='word_1_361' title='bbox 1844 3487 1898 3541; x_wconf 91' lang='lat' dir='ltr'><strong>in</strong></span> <span class='ocrx_word' id='word_1_362' title='bbox 1938 3488 2027 3543; x_wconf 84' lang='lat' dir='ltr'><strong>in-</strong></span> 
     </span>
    </p>
   </div>
   <div class='ocr_carea' id='block_1_51' title="bbox 417 3546 2026 3647">
    <p class='ocr_par' dir='ltr' id='par_1_51' title="bbox 417 3546 2026 3647">
     <span class='ocr_line' id='line_1_53' title="bbox 417 3546 2026 3647; baseline 0.019 -45"><span class='ocrx_word' id='word_1_363' title='bbox 417 3546 762 3609; x_wconf 85' lang='lat' dir='ltr'><strong>ﬁrmitatibus</strong></span> <span class='ocrx_word' id='word_1_364' title='bbox 791 3556 908 3613; x_wconf 87' lang='lat' dir='ltr'><strong>suis</strong></span> <span class='ocrx_word' id='word_1_365' title='bbox 937 3560 1200 3634; x_wconf 88' lang='lat' dir='ltr'><strong>glorians,</strong></span> <span class='ocrx_word' id='word_1_366' title='bbox 1235 3572 1287 3622; x_wconf 89' lang='lat' dir='ltr'><strong>et</strong></span> <span class='ocrx_word' id='word_1_367' title='bbox 1346 3567 1529 3625; x_wconf 88' lang='lat' dir='ltr'><strong>virtuti</strong></span> <span class='ocrx_word' id='word_1_368' title='bbox 1585 3546 1782 3628; x_wconf 85' lang='lat' dir='ltr'><strong>Christi</strong></span> <span class='ocrx_word' id='word_1_369' title='bbox 1812 3584 2026 3647; x_wconf 88' lang='lat' dir='ltr'><strong>gratum</strong></span> 
     </span>
    </p>
   </div>
   <div class='ocr_carea' id='block_1_52' title="bbox 415 3635 2024 3732">
    <p class='ocr_par' dir='ltr' id='par_1_52' title="bbox 415 3635 2024 3732">
     <span class='ocr_line' id='line_1_54' title="bbox 415 3635 2024 3732; baseline 0.021 -41"><span class='ocrx_word' id='word_1_370' title='bbox 415 3635 783 3699; x_wconf 86' lang='lat' dir='ltr'><strong>habitaculum</strong></span> <span class='ocrx_word' id='word_1_371' title='bbox 822 3646 876 3701; x_wconf 92' lang='lat' dir='ltr'><strong>in</strong></span> <span class='ocrx_word' id='word_1_372' title='bbox 908 3665 967 3703; x_wconf 85' lang='lat' dir='ltr'><strong>se</strong></span> <span class='ocrx_word' id='word_1_373' title='bbox 996 3667 1221 3720; x_wconf 88' lang='lat' dir='ltr'><strong>parans.</strong></span> <span class='ocrx_word' id='word_1_374' title='bbox 1280 3659 1441 3714; x_wconf 79' lang='lat' dir='ltr'><strong>Anno</strong></span> <span class='ocrx_word' id='word_1_375' title='bbox 1474 3660 1648 3732; x_wconf 81' lang='lat' dir='ltr'><strong>igitur</strong></span> <span class='ocrx_word' id='word_1_376' title='bbox 1702 3635 1878 3720; x_wconf 67' lang='lat' dir='ltr'><strong>tetalis</strong></span> <span class='ocrx_word' id='word_1_377' title='bbox 1908 3682 2024 3724; x_wconf 82' lang='lat' dir='ltr'><strong>suae</strong></span> 
     </span>
    </p>
   </div>
   <div class='ocr_carea' id='block_1_53' title="bbox 416 3732 2014 3829">
    <p class='ocr_par' dir='ltr' id='par_1_53' title="bbox 416 3732 2014 3829">
     <span class='ocr_line' id='line_1_55' title="bbox 416 3732 2014 3829; baseline 0.018 -45"><span class='ocrx_word' id='word_1_378' title='bbox 416 3732 757 3803; x_wconf 87' lang='lat' dir='ltr'><strong>octogesimo</strong></span> <span class='ocrx_word' id='word_1_379' title='bbox 787 3737 962 3805; x_wconf 89' lang='lat' dir='ltr'><strong>tertio,</strong></span> <span class='ocrx_word' id='word_1_380' title='bbox 986 3740 1201 3800; x_wconf 89' lang='lat' dir='ltr'><strong>decimo</strong></span> <span class='ocrx_word' id='word_1_381' title='bbox 1225 3745 1411 3817; x_wconf 80' lang='lat' dir='ltr'><strong>quinto</strong></span> <span class='ocrx_word' id='word_1_382' title='bbox 1437 3749 1714 3807; x_wconf 86' lang='lat' dir='ltr'><strong>Kalendas</strong></span> <span class='ocrx_word' id='word_1_383' title='bbox 1730 3755 1855 3809; x_wconf 84' lang='lat' dir='ltr'><strong>Maii</strong></span> <span class='ocrx_word' id='word_1_384' title='bbox 1876 3758 2014 3829; x_wconf 74' lang='lat'><strong>(23),</strong></span> 
     </span>
    </p>
   </div>
   <div class='ocr_carea' id='block_1_54' title="bbox 416 3836 2048 3918">
    <p class='ocr_par' dir='ltr' id='par_1_54' title="bbox 416 3836 2048 3918">
     <span class='ocr_line' id='line_1_56' title="bbox 416 3836 2048 3918; baseline 0.02 -38"><span class='ocrx_word' id='word_1_385' title='bbox 416 3840 616 3898; x_wconf 88' lang='lat' dir='ltr'><strong>corpus</strong></span> <span class='ocrx_word' id='word_1_386' title='bbox 648 3838 809 3889; x_wconf 72' lang='lat' dir='ltr'><strong>terrae</strong></span> <span class='ocrx_word' id='word_1_387' title='bbox 840 3836 1095 3905; x_wconf 83' lang='lat' dir='ltr'><strong>reddidit,</strong></span> <span class='ocrx_word' id='word_1_388' title='bbox 1136 3843 1385 3912; x_wconf 89' lang='lat' dir='ltr'><strong>spiritum</strong></span> <span class='ocrx_word' id='word_1_389' title='bbox 1417 3863 1551 3903; x_wconf 90' lang='lat' dir='ltr'><strong>vero</strong></span> <span class='ocrx_word' id='word_1_390' title='bbox 1585 3850 1654 3904; x_wconf 87' lang='lat' dir='ltr'><strong>ad</strong></span> <span class='ocrx_word' id='word_1_391' title='bbox 1682 3852 1878 3917; x_wconf 88' lang='lat' dir='ltr'><strong>Deum,</strong></span> <span class='ocrx_word' id='word_1_392' title='bbox 1921 3870 2048 3918; x_wconf 82' lang='lat' dir='ltr'><strong>cu-,</strong></span> 
     </span>
    </p>
   </div>
   <div class='ocr_carea' id='block_1_55' title="bbox 407 3913 2010 4013">
    <p class='ocr_par' dir='ltr' id='par_1_55' title="bbox 407 3913 2010 4013">
     <span class='ocr_line' id='line_1_57' title="bbox 407 3913 2010 4013; baseline 0.02 -44"><span class='ocrx_word' id='word_1_393' title='bbox 407 3913 504 3985; x_wconf 88' lang='lat' dir='ltr'><strong>jus</strong></span> <span class='ocrx_word' id='word_1_394' title='bbox 551 3920 773 3978; x_wconf 87' lang='lat' dir='ltr'><strong>servitio</strong></span> <span class='ocrx_word' id='word_1_395' title='bbox 828 3925 1138 3985; x_wconf 83' lang='lat' dir='ltr'><strong>indefessus</strong></span> <span class='ocrx_word' id='word_1_396' title='bbox 1184 3933 1510 4007; x_wconf 63' lang='lat' dir='ltr'><strong>adhaeserat,</strong></span> <span class='ocrx_word' id='word_1_397' title='bbox 1551 3948 1699 3996; x_wconf 90' lang='lat' dir='ltr'><strong>terra</strong></span> <span class='ocrx_word' id='word_1_398' title='bbox 1748 3942 2010 4013; x_wconf 87' lang='lat' dir='ltr'><strong>plorante,</strong></span> 
     </span>
    </p>
   </div>
   <div class='ocr_carea' id='block_1_56' title="bbox 411 4006 2015 4101">
    <p class='ocr_par' dir='ltr' id='par_1_56' title="bbox 411 4006 2015 4101">
     <span class='ocr_line' id='line_1_58' title="bbox 411 4006 2015 4101; baseline 0.021 -38"><span class='ocrx_word' id='word_1_399' title='bbox 411 4006 549 4064; x_wconf 73' lang='lat' dir='ltr'><strong>caelo</strong></span> <span class='ocrx_word' id='word_1_400' title='bbox 578 4011 881 4082; x_wconf 77' lang='lat' dir='ltr'><strong>gaudente,</strong></span> <span class='ocrx_word' id='word_1_401' title='bbox 950 4018 1181 4076; x_wconf 87' lang='lat' dir='ltr'><strong>remisit.</strong></span> <span class='ocrx_word' id='word_1_402' title='bbox 1229 4022 1350 4079; x_wconf 87' lang='lat' dir='ltr'><strong>Filii</strong></span> <span class='ocrx_word' id='word_1_403' title='bbox 1402 4036 1580 4085; x_wconf 90' lang='lat' dir='ltr'><strong>autem</strong></span> <span class='ocrx_word' id='word_1_404' title='bbox 1621 4006 1765 4101; x_wconf 69' lang='lat' dir='ltr'><strong>ejus,</strong></span> <span class='ocrx_word' id='word_1_405' title='bbox 1805 4006 2015 4096; x_wconf 80' lang='lat' dir='ltr'><strong>scilicet</strong></span> 
     </span>
    </p>
   </div>
   <div class='ocr_carea' id='block_1_57' title="bbox 410 4106 2013 4201">
    <p class='ocr_par' dir='ltr' id='par_1_57' title="bbox 410 4106 2013 4201">
     <span class='ocr_line' id='line_1_59' title="bbox 410 4106 2013 4201; baseline 0.023 -46"><span class='ocrx_word' id='word_1_406' title='bbox 410 4106 671 4160; x_wconf 87' lang='lat' dir='ltr'><strong>monachi</strong></span> <span class='ocrx_word' id='word_1_407' title='bbox 717 4107 1114 4180; x_wconf 80' lang='lat' dir='ltr'><strong>Molismenses,</strong></span> <span class='ocrx_word' id='word_1_408' title='bbox 1156 4134 1383 4189; x_wconf 90' lang='lat' dir='ltr'><strong>quorum</strong></span> <span class='ocrx_word' id='word_1_409' title='bbox 1422 4139 1584 4182; x_wconf 91' lang='lat' dir='ltr'><strong>omne</strong></span> <span class='ocrx_word' id='word_1_410' title='bbox 1641 4133 1904 4201; x_wconf 81' lang='lat' dir='ltr'><strong>gaudium</strong></span> <span class='ocrx_word' id='word_1_411' title='bbox 1957 4137 2013 4192; x_wconf 92' lang='lat' dir='ltr'><strong>in</strong></span> 
     </span>
    </p>
   </div>
   <div class='ocr_carea' id='block_1_58' title="bbox 411 4188 2012 4290">
    <p class='ocr_par' dir='ltr' id='par_1_58' title="bbox 411 4188 2012 4290">
     <span class='ocr_line' id='line_1_60' title="bbox 411 4188 2012 4290; baseline 0.024 -46"><span class='ocrx_word' id='word_1_412' title='bbox 411 4188 537 4261; x_wconf 90' lang='lat' dir='ltr'><strong>ipso</strong></span> <span class='ocrx_word' id='word_1_413' title='bbox 566 4202 690 4249; x_wconf 88' lang='lat' dir='ltr'><strong>erat</strong></span> <span class='ocrx_word' id='word_1_414' title='bbox 714 4206 877 4268; x_wconf 90' lang='lat' dir='ltr'><strong>atque</strong></span> <span class='ocrx_word' id='word_1_415' title='bbox 913 4188 1186 4271; x_wconf 75' lang='lat' dir='ltr'><strong>solatium,</strong></span> <span class='ocrx_word' id='word_1_416' title='bbox 1227 4212 1576 4272; x_wconf 89' lang='lat' dir='ltr'><strong>amarissime</strong></span> <span class='ocrx_word' id='word_1_417' title='bbox 1604 4221 1818 4290; x_wconf 81' lang='lat' dir='ltr'><strong>ﬂentes,</strong></span> <span class='ocrx_word' id='word_1_418' title='bbox 1852 4241 2012 4282; x_wconf 86' lang='lat' dir='ltr'><strong>reve-</strong></span> 
     </span>
    </p>
   </div>
   <div class='ocr_carea' id='block_1_59' title="bbox 410 4282 2004 4385">
    <p class='ocr_par' dir='ltr' id='par_1_59' title="bbox 410 4282 2004 4385">
     <span class='ocr_line' id='line_1_61' title="bbox 410 4282 2004 4385; baseline 0.024 -51"><span class='ocrx_word' id='word_1_419' title='bbox 410 4282 572 4336; x_wconf 85' lang='lat' dir='ltr'><strong>reudi</strong></span> <span class='ocrx_word' id='word_1_420' title='bbox 614 4285 784 4342; x_wconf 87' lang='lat' dir='ltr'><strong>Patris</strong></span> <span class='ocrx_word' id='word_1_421' title='bbox 825 4294 1101 4366; x_wconf 83' lang='lat' dir='ltr'><strong>exsequiis</strong></span> <span class='ocrx_word' id='word_1_422' title='bbox 1155 4299 1440 4358; x_wconf 85' lang='lat' dir='ltr'><strong>ardentius</strong></span> <span class='ocrx_word' id='word_1_423' title='bbox 1499 4282 1850 4368; x_wconf 79' lang='lat' dir='ltr'><strong>insistebant.</strong></span> <span class='ocrx_word' id='word_1_424' title='bbox 1900 4314 2004 4385; x_wconf 86' lang='lat' dir='ltr'><strong>Qui</strong></span> 
     </span>
    </p>
   </div>
   <div class='ocr_carea' id='block_1_60' title="bbox 407 4376 1994 4470">
    <p class='ocr_par' dir='ltr' id='par_1_60' title="bbox 407 4376 1994 4470">
     <span class='ocr_line' id='line_1_62' title="bbox 407 4376 1994 4470; baseline 0.023 -38"><span class='ocrx_word' id='word_1_425' title='bbox 407 4376 536 4434; x_wconf 85' lang='lat' dir='ltr'><strong>licet</strong></span> <span class='ocrx_word' id='word_1_426' title='bbox 563 4380 634 4437; x_wconf 91' lang='lat' dir='ltr'><strong>de</strong></span> <span class='ocrx_word' id='word_1_427' title='bbox 662 4400 895 4456; x_wconf 85' lang='lat' dir='ltr'><strong>superna</strong></span> <span class='ocrx_word' id='word_1_428' title='bbox 944 4392 1262 4451; x_wconf 89' lang='lat' dir='ltr'><strong>meritorum</strong></span> <span class='ocrx_word' id='word_1_429' title='bbox 1293 4400 1414 4470; x_wconf 85' lang='lat' dir='ltr'><strong>ejus</strong></span> <span class='ocrx_word' id='word_1_430' title='bbox 1446 4405 1799 4466; x_wconf 85' lang='lat' dir='ltr'><strong>retributione</strong></span> <span class='ocrx_word' id='word_1_431' title='bbox 1827 4413 1994 4468; x_wconf 86' lang='lat' dir='ltr'><strong>mini-</strong></span> 
     </span>
    </p>
   </div>
   <div class='ocr_carea' id='block_1_61' title="bbox 409 4470 2008 4563">
    <p class='ocr_par' dir='ltr' id='par_1_61' title="bbox 409 4470 2008 4563">
     <span class='ocr_line' id='line_1_63' title="bbox 409 4470 2008 4563; baseline 0.023 -41"><span class='ocrx_word' id='word_1_432' title='bbox 409 4484 499 4525; x_wconf 89' lang='lat' dir='ltr'><strong>me</strong></span> <span class='ocrx_word' id='word_1_433' title='bbox 527 4470 929 4543; x_wconf 89' lang='lat' dir='ltr'><strong>dubitarent,et</strong></span> <span class='ocrx_word' id='word_1_434' title='bbox 949 4480 1227 4557; x_wconf 76' lang='lat' dir='ltr'><strong>suffragiis</strong></span> <span class='ocrx_word' id='word_1_435' title='bbox 1256 4489 1359 4544; x_wconf 90' lang='lat' dir='ltr'><strong>sibi</strong></span> <span class='ocrx_word' id='word_1_436' title='bbox 1388 4507 1490 4561; x_wconf 89' lang='lat' dir='ltr'><strong>per</strong></span> <span class='ocrx_word' id='word_1_437' title='bbox 1504 4493 1625 4563; x_wconf 89' lang='lat' dir='ltr'><strong>ejus</strong></span> <span class='ocrx_word' id='word_1_438' title='bbox 1643 4499 1846 4554; x_wconf 89' lang='lat' dir='ltr'><strong>merita</strong></span> <span class='ocrx_word' id='word_1_439' title='bbox 1867 4518 2008 4557; x_wconf 89' lang='lat' dir='ltr'><strong>con-</strong></span> 
     </span>
    </p>
   </div>
   <div class='ocr_carea' id='block_1_62' title="bbox 411 4557 1266 4633">
    <p class='ocr_par' dir='ltr' id='par_1_62' title="bbox 411 4557 1266 4633">
     <span class='ocr_line' id='line_1_64' title="bbox 411 4557 1266 4633; baseline 0.022 -20"><span class='ocrx_word' id='word_1_440' title='bbox 411 4557 700 4633; x_wconf 86' lang='lat' dir='ltr'><strong>ferendis;</strong></span> <span class='ocrx_word' id='word_1_441' title='bbox 732 4566 802 4620; x_wconf 92' lang='lat' dir='ltr'><strong>de</strong></span> <span class='ocrx_word' id='word_1_442' title='bbox 861 4568 1035 4625; x_wconf 84' lang='lat' dir='ltr'><strong>Patris</strong></span> <span class='ocrx_word' id='word_1_443' title='bbox 1089 4580 1266 4631; x_wconf 90' lang='lat' dir='ltr'><strong>tamen</strong></span> 
     </span>
    </p>
   </div>
   <div class='ocr_carea' id='block_1_63' title="bbox 402 4642 2007 4753">
    <p class='ocr_par' dir='ltr' id='par_1_63' title="bbox 402 4642 2007 4753">
     <span class='ocr_line' id='line_1_65' title="bbox 402 4642 2007 4753; baseline 0.022 -49"><span class='ocrx_word' id='word_1_444' title='bbox 402 4642 525 4705; x_wconf 89' lang='lat' dir='ltr'><strong>luce</strong></span> <span class='ocrx_word' id='word_1_445' title='bbox 565 4651 841 4711; x_wconf 89' lang='lat' dir='ltr'><strong>subtracta</strong></span> <span class='ocrx_word' id='word_1_446' title='bbox 905 4660 1279 4721; x_wconf 88' lang='lat' dir='ltr'><strong>vehementius</strong></span> <span class='ocrx_word' id='word_1_447' title='bbox 1322 4642 1700 4742; x_wconf 69' lang='lat' dir='ltr'><strong>angebantur.</strong></span> <span class='ocrx_word' id='word_1_448' title='bbox 1763 4679 1828 4734; x_wconf 86' lang='lat' dir='ltr'><strong>Et</strong></span> <span class='ocrx_word' id='word_1_449' title='bbox 1880 4683 2007 4753; x_wconf 87' lang='lat' dir='ltr'><strong>quia</strong></span> 
     </span>
    </p>
   </div>
   <div class='ocr_carea' id='block_1_64' title="bbox 402 4745 2002 4843">
    <p class='ocr_par' dir='ltr' id='par_1_64' title="bbox 402 4745 2002 4843">
     <span class='ocr_line' id='line_1_66' title="bbox 402 4745 2002 4843; baseline 0.023 -43"><span class='ocrx_word' id='word_1_450' title='bbox 402 4745 544 4803; x_wconf 90' lang='lat' dir='ltr'><strong>lucis</strong></span> <span class='ocrx_word' id='word_1_451' title='bbox 583 4750 750 4806; x_wconf 80' lang='lat' dir='ltr'><strong>tilium</strong></span> <span class='ocrx_word' id='word_1_452' title='bbox 792 4770 852 4809; x_wconf 87' lang='lat' dir='ltr'><strong>se</strong></span> <span class='ocrx_word' id='word_1_453' title='bbox 892 4755 1081 4825; x_wconf 88' lang='lat' dir='ltr'><strong>fuisse,</strong></span> <span class='ocrx_word' id='word_1_454' title='bbox 1123 4761 1252 4818; x_wconf 90' lang='lat' dir='ltr'><strong>dum</strong></span> <span class='ocrx_word' id='word_1_455' title='bbox 1306 4767 1486 4826; x_wconf 89' lang='lat' dir='ltr'><strong>adhuc</strong></span> <span class='ocrx_word' id='word_1_456' title='bbox 1547 4782 1692 4829; x_wconf 90' lang='lat' dir='ltr'><strong>esset</strong></span> <span class='ocrx_word' id='word_1_457' title='bbox 1747 4776 1800 4831; x_wconf 90' lang='lat' dir='ltr'><strong>in</strong></span> <span class='ocrx_word' id='word_1_458' title='bbox 1833 4745 2002 4843; x_wconf 73' lang='lat' dir='ltr'><strong>terra.</strong></span> 
     </span>
    </p>
   </div>
   <div class='ocr_carea' id='block_1_65' title="bbox 395 4834 2005 4939">
    <p class='ocr_par' dir='ltr' id='par_1_65' title="bbox 395 4834 2005 4939">
     <span class='ocr_line' id='line_1_67' title="bbox 395 4834 2005 4939; baseline 0.022 -50"><span class='ocrx_word' id='word_1_459' title='bbox 395 4834 561 4905; x_wconf 88' lang='lat' dir='ltr'><strong>justis</strong></span> <span class='ocrx_word' id='word_1_460' title='bbox 616 4843 879 4911; x_wconf 88' lang='lat' dir='ltr'><strong>operibus</strong></span> <span class='ocrx_word' id='word_1_461' title='bbox 933 4852 1331 4921; x_wconf 87' lang='lat' dir='ltr'><strong>comprobavit,</strong></span> <span class='ocrx_word' id='word_1_462' title='bbox 1374 4860 1562 4929; x_wconf 92' lang='lat' dir='ltr'><strong>quanti</strong></span> <span class='ocrx_word' id='word_1_463' title='bbox 1600 4864 1744 4934; x_wconf 87' lang='lat' dir='ltr'><strong>apud</strong></span> <span class='ocrx_word' id='word_1_464' title='bbox 1826 4834 2005 4939; x_wconf 78' lang='lat' dir='ltr'><strong>ipsum</strong></span> 
     </span>
    </p>
   </div>
   <div class='ocr_carea' id='block_1_66' title="bbox 402 4931 1817 5011">
    <p class='ocr_par' dir='ltr' id='par_1_66' title="bbox 402 4931 1817 5011">
     <span class='ocr_line' id='line_1_68' title="bbox 402 4931 1817 5011; baseline 0.021 -31"><span class='ocrx_word' id='word_1_465' title='bbox 402 4937 548 4982; x_wconf 85' lang='lat' dir='ltr'><strong>esset</strong></span> <span class='ocrx_word' id='word_1_466' title='bbox 577 4931 775 4998; x_wconf 89' lang='lat' dir='ltr'><strong>meriti,</strong></span> <span class='ocrx_word' id='word_1_467' title='bbox 809 4934 957 4991; x_wconf 89' lang='lat' dir='ltr'><strong>Deus</strong></span> <span class='ocrx_word' id='word_1_468' title='bbox 985 4938 1040 4993; x_wconf 90' lang='lat' dir='ltr'><strong>in</strong></span> <span class='ocrx_word' id='word_1_469' title='bbox 1072 4941 1193 5011; x_wconf 90' lang='lat' dir='ltr'><strong>ejus</strong></span> <span class='ocrx_word' id='word_1_470' title='bbox 1225 4946 1451 5002; x_wconf 86' lang='lat' dir='ltr'><strong>transitu</strong></span> <span class='ocrx_word' id='word_1_471' title='bbox 1483 4931 1817 5011; x_wconf 79' lang='lat' dir='ltr'><strong>declaravit.</strong></span> 
     </span>
    </p>
   </div>
   <div class='ocr_carea' id='block_1_67' title="bbox 473 5028 2000 5122">
    <p class='ocr_par' dir='ltr' id='par_1_67' title="bbox 473 5028 2000 5122">
     <span class='ocr_line' id='line_1_69' title="bbox 473 5028 2000 5122; baseline 0.022 -40"><span class='ocrx_word' id='word_1_472' title='bbox 473 5028 560 5085; x_wconf 76' lang='lat' dir='ltr'><strong>i3.</strong></span> <span class='ocrx_word' id='word_1_473' title='bbox 595 5030 733 5086; x_wconf 87' lang='lat' dir='ltr'><strong>Nam</strong></span> <span class='ocrx_word' id='word_1_474' title='bbox 764 5048 931 5105; x_wconf 82' lang='lat' dir='ltr'><strong>super</strong></span> <span class='ocrx_word' id='word_1_475' title='bbox 960 5037 1352 5113; x_wconf 89' lang='lat' dir='ltr'><strong>habitaculum,</strong></span> <span class='ocrx_word' id='word_1_476' title='bbox 1410 5046 1466 5101; x_wconf 91' lang='lat' dir='ltr'><strong>in</strong></span> <span class='ocrx_word' id='word_1_477' title='bbox 1509 5065 1620 5122; x_wconf 90' lang='lat' dir='ltr'><strong>quo</strong></span> <span class='ocrx_word' id='word_1_478' title='bbox 1673 5053 1738 5108; x_wconf 91' lang='lat' dir='ltr'><strong>B.</strong></span> <span class='ocrx_word' id='word_1_479' title='bbox 1780 5056 2000 5114; x_wconf 82' lang='lat' dir='ltr'><strong>Roberti</strong></span> 
     </span>
    </p>
   </div>
   <div class='ocr_carea' id='block_1_68' title="bbox 399 5121 2002 5215">
    <p class='ocr_par' dir='ltr' id='par_1_68' title="bbox 399 5121 2002 5215">
     <span class='ocr_line' id='line_1_70' title="bbox 399 5121 2002 5215; baseline 0.021 -45"><span class='ocrx_word' id='word_1_480' title='bbox 399 5127 602 5190; x_wconf 86' lang='lat' dir='ltr'><strong>corpus</strong></span> <span class='ocrx_word' id='word_1_481' title='bbox 651 5121 867 5189; x_wconf 86' lang='lat' dir='ltr'><strong>jacebat</strong></span> <span class='ocrx_word' id='word_1_482' title='bbox 921 5128 1191 5197; x_wconf 81' lang='lat' dir='ltr'><strong>examine,</strong></span> <span class='ocrx_word' id='word_1_483' title='bbox 1233 5133 1414 5202; x_wconf 89' lang='lat' dir='ltr'><strong>primo</strong></span> <span class='ocrx_word' id='word_1_484' title='bbox 1450 5121 1627 5195; x_wconf 90' lang='lat' dir='ltr'><strong>noctis</strong></span> <span class='ocrx_word' id='word_1_485' title='bbox 1680 5147 2002 5215; x_wconf 89' lang='lat' dir='ltr'><strong>crepusculo</strong></span> 
     </span>
    </p>
   </div>
   <div class='ocr_carea' id='block_1_69' title="bbox 397 5201 2001 5305">
    <p class='ocr_par' dir='ltr' id='par_1_69' title="bbox 397 5201 2001 5305">
     <span class='ocr_line' id='line_1_71' title="bbox 397 5201 2001 5305; baseline 0.021 -46"><span class='ocrx_word' id='word_1_486' title='bbox 397 5201 506 5261; x_wconf 88' lang='lat' dir='ltr'><strong>duo</strong></span> <span class='ocrx_word' id='word_1_487' title='bbox 562 5207 885 5267; x_wconf 86' lang='lat' dir='ltr'><strong>lueidissimi</strong></span> <span class='ocrx_word' id='word_1_488' title='bbox 915 5222 969 5269; x_wconf 89' lang='lat' dir='ltr'><strong>et</strong></span> <span class='ocrx_word' id='word_1_489' title='bbox 996 5215 1202 5274; x_wconf 88' lang='lat' dir='ltr'><strong>diversi</strong></span> <span class='ocrx_word' id='word_1_490' title='bbox 1235 5201 1448 5279; x_wconf 78' lang='lat' dir='ltr'><strong>coloris</strong></span> <span class='ocrx_word' id='word_1_491' title='bbox 1502 5244 1663 5285; x_wconf 91' lang='lat' dir='ltr'><strong>arcus</strong></span> <span class='ocrx_word' id='word_1_492' title='bbox 1725 5248 2001 5305; x_wconf 85' lang='lat' dir='ltr'><strong>apparue-</strong></span> 
     </span>
    </p>
   </div>
   <div class='ocr_carea' id='block_1_70' title="bbox 393 5299 2001 5391">
    <p class='ocr_par' dir='ltr' id='par_1_70' title="bbox 393 5299 2001 5391">
     <span class='ocr_line' id='line_1_72' title="bbox 393 5299 2001 5391; baseline 0.02 -40"><span class='ocrx_word' id='word_1_493' title='bbox 393 5305 538 5367; x_wconf 87' lang='lat' dir='ltr'><strong>runt,</strong></span> <span class='ocrx_word' id='word_1_494' title='bbox 580 5299 673 5373; x_wconf 89' lang='lat' dir='ltr'><strong>qui</strong></span> <span class='ocrx_word' id='word_1_495' title='bbox 708 5302 779 5357; x_wconf 88' lang='lat' dir='ltr'><strong>ad</strong></span> <span class='ocrx_word' id='word_1_496' title='bbox 816 5304 1230 5376; x_wconf 89' lang='lat' dir='ltr'><strong>amplitudinem</strong></span> <span class='ocrx_word' id='word_1_497' title='bbox 1281 5329 1499 5388; x_wconf 68' lang='lat' dir='ltr'><strong>magnas</strong></span> <span class='ocrx_word' id='word_1_498' title='bbox 1553 5299 1835 5391; x_wconf 36' lang='lat' dir='ltr'><strong>plateae—se</strong></span> <span class='ocrx_word' id='word_1_499' title='bbox 1863 5325 2001 5383; x_wconf 86' lang='lat' dir='ltr'><strong>dila-</strong></span> 
     </span>
    </p>
   </div>
   <div class='ocr_carea' id='block_1_71' title="bbox 414 5580 1998 5667">
    <p class='ocr_par' dir='ltr' id='par_1_71' title="bbox 414 5580 1998 5667">
     <span class='ocr_line' id='line_1_73' title="bbox 414 5580 1998 5667; baseline 0.011 -19"><span class='ocrx_word' id='word_1_500' title='bbox 414 5580 579 5667; x_wconf 54' lang='lat'><strong>:_(93)</strong></span> <span class='ocrx_word' id='word_1_501' title='bbox 610 5584 927 5667; x_wconf 73' lang='lat' dir='ltr'><strong>Barrumad</strong></span> <span class='ocrx_word' id='word_1_502' title='bbox 950 5588 1256 5667; x_wconf 72' lang='lat' dir='ltr'><strong>Sequanam</strong></span> <span class='ocrx_word' id='word_1_503' title='bbox 1289 5597 1419 5666; x_wconf 89' lang='lat' dir='ltr'><strong>(hoc</strong></span> <span class='ocrx_word' id='word_1_504' title='bbox 1448 5600 1591 5658; x_wconf 91' lang='lat' dir='ltr'><strong>enim</strong></span> <span class='ocrx_word' id='word_1_505' title='bbox 1646 5605 1831 5664; x_wconf 85' lang='lat' dir='ltr'><strong>addito</strong></span> <span class='ocrx_word' id='word_1_506' title='bbox 1876 5610 1998 5667; x_wconf 88' lang='lat' dir='ltr'><strong>dis-</strong></span> 
     </span>
    </p>
   </div>
   <div class='ocr_carea' id='block_1_72' title="bbox 390 5648 2000 5738">
    <p class='ocr_par' dir='ltr' id='par_1_72' title="bbox 390 5648 2000 5738">
     <span class='ocr_line' id='line_1_74' title="bbox 390 5648 2000 5738; baseline 0.025 -40"><span class='ocrx_word' id='word_1_507' title='bbox 390 5648 657 5738; x_wconf 62' lang='lat' dir='ltr'><strong>tinguitur</strong></span> <span class='ocrx_word' id='word_1_508' title='bbox 687 5659 757 5738; x_wconf 82' lang='lat' dir='ltr'><strong>ab</strong></span> <span class='ocrx_word' id='word_1_509' title='bbox 787 5659 962 5738; x_wconf 78' lang='lat' dir='ltr'><strong>altero</strong></span> <span class='ocrx_word' id='word_1_510' title='bbox 991 5648 1161 5738; x_wconf 55' lang='lat' dir='ltr'><strong>barro</strong></span> 
     </span>
    </p>
   </div>
   <div class='ocr_carea' id='block_1_73' title="bbox 391 5724 1997 5809">
    <p class='ocr_par' dir='ltr' id='par_1_73' title="bbox 391 5724 1997 5809">
     <span class='ocr_line' id='line_1_75' title="bbox 391 5724 1997 5809; baseline 0.025 -40"><span class='ocrx_word' id='word_1_511' title='bbox 391 5725 580 5809; x_wconf 47' lang='grc' dir='ltr'><strong>ἕξω-ψη</strong></span> <span class='ocrx_word' id='word_1_512' title='bbox 598 5724 913 5809; x_wconf 44' lang='lat' dir='ltr'><strong>“intervallo</strong></span> <span class='ocrx_word' id='word_1_513' title='bbox 943 5733 1154 5809; x_wconf 78' lang='lat' dir='ltr'><strong>udja_eet</strong></span> <span class='ocrx_word' id='word_1_514' title='bbox 1184 5724 1543 5807; x_wconf 43' lang='lat' dir='ltr'><strong>MolismoZad</strong></span> 
     </span>
    </p>
   </div>
   <div class='ocr_carea' id='block_1_74' title="bbox 391 5780 1997 5912">
    <p class='ocr_par' dir='ltr' id='par_1_74' title="bbox 391 5780 1997 5912">
     <span class='ocr_line' id='line_1_76' title="bbox 417 5780 1997 5809; baseline 0.025 -40"><span class='ocrx_word' id='word_1_515' title='bbox 417 5781 428 5793; x_wconf 52' lang='lat'>.</span> <span class='ocrx_word' id='word_1_516' title='bbox 892 5780 903 5781; x_wconf 32' lang='grc' dir='ltr'><em>γ</em></span> <span class='ocrx_word' id='word_1_517' title='bbox 947 5780 1154 5800; x_wconf 39' lang='grc' dir='ltr'><strong>νγδμν..-</strong></span> <span class='ocrx_word' id='word_1_518' title='bbox 1184 5780 1456 5807; x_wconf 74' lang='grc' dir='ltr'><strong>...νιιιιιι-υ,</strong></span> <span class='ocrx_word' id='word_1_519' title='bbox 1475 5780 1543 5799; x_wconf 81' lang='lat' dir='ltr'><strong>uu</strong></span> <span class='ocrx_word' id='word_1_520' title='bbox 1574 5780 1772 5804; x_wconf 80' lang='lat' dir='ltr'><strong>uauutu</strong></span> <span class='ocrx_word' id='word_1_521' title='bbox 1808 5780 1997 5809; x_wconf 82' lang='grc' dir='ltr'><strong>ιιυνιυ·</strong></span> 
     </span>
     <span class='ocr_line' id='line_1_77' title="bbox 391 5780 1997 5912; baseline 0.026 -73"><span class='ocrx_word' id='word_1_522' title='bbox 391 5780 461 5907; x_wconf 49' lang='grc' dir='ltr'><strong>ἕρ</strong></span> <span class='ocrx_word' id='word_1_523' title='bbox 503 5790 910 5912; x_wconf 54' lang='grc' dir='ltr'><strong>ἱὲἱιεειιυθηωη</strong></span> <span class='ocrx_word' id='word_1_524' title='bbox 985 5803 1282 5877; x_wconf 79' lang='lat' dir='ltr'><strong>influentis,</strong></span> <span class='ocrx_word' id='word_1_525' title='bbox 1337 5812 1424 5867; x_wconf 86' lang='lat' dir='ltr'><strong>cui</strong></span> <span class='ocrx_word' id='word_1_526' title='bbox 1462 5820 1850 5877; x_wconf 82' lang='lat' dir='ltr'><strong>monasterium</strong></span> <span class='ocrx_word' id='word_1_527' title='bbox 1908 5824 1997 5880; x_wconf 86' lang='lat' dir='ltr'><strong>in-</strong></span> 
     </span>
     <span class='ocr_line' id='line_1_78' title="bbox 468 5873 621 5912; baseline 0.013 -2"><span class='ocrx_word' id='word_1_528' title='bbox 468 5873 519 5911; x_wconf 89' lang='lat' dir='ltr'><strong>m</strong></span> <span class='ocrx_word' id='word_1_529' title='bbox 607 5899 621 5912; x_wconf 93' lang='lat'><strong>.</strong></span> 
     </span>
    </p>
   </div>
   <div class='ocr_carea' id='block_1_75' title="bbox 468 5873 621 5914">
    <p class='ocr_par' dir='ltr' id='par_1_75' title="bbox 468 5873 621 5914">
     <span class='ocr_line' id='line_1_79' title="bbox 468 5873 621 5914; baseline 0.02 -3"><span class='ocrx_word' id='word_1_530' title='bbox 468 5873 621 5914; x_wconf 79' lang='grc' dir='ltr'><strong>ηωιι.</strong></span> 
     </span>
    </p>
   </div>
   <div class='ocr_carea' id='block_1_76' title="bbox 2149 2002 3748 2082">
    <p class='ocr_par' dir='ltr' id='par_1_76' title="bbox 2149 2002 3748 2082">
     <span class='ocr_line' id='line_1_80' title="bbox 2149 2002 3748 2082; baseline 0.011 -25"><span class='ocrx_word' id='word_1_531' title='bbox 2149 2002 2268 2059; x_wconf 91' lang='lat' dir='ltr'><strong>Nec</strong></span> <span class='ocrx_word' id='word_1_532' title='bbox 2297 2004 2675 2078; x_wconf 86' lang='lat' dir='ltr'><strong>dubitandum,</strong></span> <span class='ocrx_word' id='word_1_533' title='bbox 2718 2011 2849 2082; x_wconf 91' lang='lat' dir='ltr'><strong>quin</strong></span> <span class='ocrx_word' id='word_1_534' title='bbox 2887 2012 2955 2067; x_wconf 84' lang='lat' dir='ltr'><strong>ad</strong></span> <span class='ocrx_word' id='word_1_535' title='bbox 3007 2014 3399 2074; x_wconf 86' lang='lat' dir='ltr'><strong>declarandum</strong></span> <span class='ocrx_word' id='word_1_536' title='bbox 3436 2019 3748 2076; x_wconf 88' lang='lat' dir='ltr'><strong>sanctitatis</strong></span> 
     </span>
    </p>
   </div>
   <div class='ocr_carea' id='block_1_77' title="bbox 2150 2101 3745 2176">
    <p class='ocr_par' dir='ltr' id='par_1_77' title="bbox 2150 2101 3745 2176">
     <span class='ocr_line' id='line_1_81' title="bbox 2150 2101 3745 2176; baseline 0.013 -21"><span class='ocrx_word' id='word_1_537' title='bbox 2150 2101 2268 2170; x_wconf 87' lang='lat' dir='ltr'><strong>ejus</strong></span> <span class='ocrx_word' id='word_1_538' title='bbox 2297 2105 2568 2171; x_wconf 87' lang='lat' dir='ltr'><strong>meritum,</strong></span> <span class='ocrx_word' id='word_1_539' title='bbox 2610 2108 2796 2165; x_wconf 89' lang='lat' dir='ltr'><strong>lumen</strong></span> <span class='ocrx_word' id='word_1_540' title='bbox 2824 2127 2948 2167; x_wconf 92' lang='lat' dir='ltr'><strong>cum</strong></span> <span class='ocrx_word' id='word_1_541' title='bbox 2973 2115 3230 2172; x_wconf 89' lang='lat' dir='ltr'><strong>crucibus</strong></span> <span class='ocrx_word' id='word_1_542' title='bbox 3262 2117 3469 2174; x_wconf 61' lang='lat' dir='ltr'><strong>celitus</strong></span> <span class='ocrx_word' id='word_1_543' title='bbox 3484 2118 3552 2174; x_wconf 89' lang='lat' dir='ltr'><strong>sit</strong></span> <span class='ocrx_word' id='word_1_544' title='bbox 3580 2121 3745 2176; x_wconf 86' lang='lat' dir='ltr'><strong>emis-</strong></span> 
     </span>
    </p>
   </div>
   <div class='ocr_carea' id='block_1_78' title="bbox 2148 2198 3739 2281">
    <p class='ocr_par' dir='ltr' id='par_1_78' title="bbox 2148 2198 3739 2281">
     <span class='ocr_line' id='line_1_82' title="bbox 2148 2198 3739 2281; baseline 0.012 -35"><span class='ocrx_word' id='word_1_545' title='bbox 2148 2207 2289 2260; x_wconf 88' lang='lat' dir='ltr'><strong>sum,</strong></span> <span class='ocrx_word' id='word_1_546' title='bbox 2331 2201 2388 2248; x_wconf 92' lang='lat' dir='ltr'><strong>ut</strong></span> <span class='ocrx_word' id='word_1_547' title='bbox 2418 2211 2516 2265; x_wconf 89' lang='lat' dir='ltr'><strong>per</strong></span> <span class='ocrx_word' id='word_1_548' title='bbox 2551 2198 2656 2254; x_wconf 88' lang='lat' dir='ltr'><strong>hoc</strong></span> <span class='ocrx_word' id='word_1_549' title='bbox 2685 2198 2909 2255; x_wconf 82' lang='lat' dir='ltr'><strong>daretur</strong></span> <span class='ocrx_word' id='word_1_550' title='bbox 2936 2201 3167 2276; x_wconf 78' lang='lat' dir='ltr'><strong>intelligi</strong></span> <span class='ocrx_word' id='word_1_551' title='bbox 3199 2207 3344 2278; x_wconf 92' lang='lat' dir='ltr'><strong>quod</strong></span> <span class='ocrx_word' id='word_1_552' title='bbox 3373 2215 3584 2263; x_wconf 89' lang='lat' dir='ltr'><strong>sanctus</strong></span> <span class='ocrx_word' id='word_1_553' title='bbox 3615 2210 3739 2281; x_wconf 90' lang='lat' dir='ltr'><strong>Dei,</strong></span> 
     </span>
    </p>
   </div>
   <div class='ocr_carea' id='block_1_79' title="bbox 2147 2280 3743 2357">
    <p class='ocr_par' dir='ltr' id='par_1_79' title="bbox 2147 2280 3743 2357">
     <span class='ocr_line' id='line_1_83' title="bbox 2147 2280 3743 2357; baseline 0.013 -22"><span class='ocrx_word' id='word_1_554' title='bbox 2147 2280 2363 2354; x_wconf 75' lang='lat' dir='ltr'><strong>fugiens</strong></span> <span class='ocrx_word' id='word_1_555' title='bbox 2393 2300 2559 2355; x_wconf 83' lang='lat' dir='ltr'><strong>Opera</strong></span> <span class='ocrx_word' id='word_1_556' title='bbox 2591 2288 2958 2357; x_wconf 90' lang='lat' dir='ltr'><strong>tenebrarum,</strong></span> <span class='ocrx_word' id='word_1_557' title='bbox 2989 2308 3211 2350; x_wconf 88' lang='lat' dir='ltr'><strong>carnem</strong></span> <span class='ocrx_word' id='word_1_558' title='bbox 3242 2312 3397 2351; x_wconf 88' lang='lat' dir='ltr'><strong>suam</strong></span> <span class='ocrx_word' id='word_1_559' title='bbox 3427 2298 3743 2356; x_wconf 83' lang='lat' dir='ltr'><strong>crucifixis-</strong></span> 
     </span>
    </p>
   </div>
   <div class='ocr_carea' id='block_1_80' title="bbox 2147 2383 3743 2469">
    <p class='ocr_par' dir='ltr' id='par_1_80' title="bbox 2147 2383 3743 2469">
     <span class='ocr_line' id='line_1_84' title="bbox 2147 2383 3743 2469; baseline 0.013 -35"><span class='ocrx_word' id='word_1_560' title='bbox 2147 2387 2231 2434; x_wconf 86' lang='lat' dir='ltr'><strong>set</strong></span> <span class='ocrx_word' id='word_1_561' title='bbox 2256 2396 2377 2437; x_wconf 90' lang='lat' dir='ltr'><strong>cum</strong></span> <span class='ocrx_word' id='word_1_562' title='bbox 2410 2383 2552 2439; x_wconf 87' lang='lat' dir='ltr'><strong>vitiis</strong></span> <span class='ocrx_word' id='word_1_563' title='bbox 2591 2394 2645 2442; x_wconf 88' lang='lat' dir='ltr'><strong>et</strong></span> <span class='ocrx_word' id='word_1_564' title='bbox 2683 2390 3142 2461; x_wconf 88' lang='lat' dir='ltr'><strong>concupiscentiis</strong></span> <span class='ocrx_word' id='word_1_565' title='bbox 3176 2411 3189 2448; x_wconf 92' lang='lat'>:</span> <span class='ocrx_word' id='word_1_566' title='bbox 3224 2411 3343 2466; x_wconf 68' lang='lat' dir='ltr'><strong>quin</strong></span> <span class='ocrx_word' id='word_1_567' title='bbox 3385 2395 3585 2453; x_wconf 90' lang='lat' dir='ltr'><strong>idcirco</strong></span> <span class='ocrx_word' id='word_1_568' title='bbox 3617 2399 3743 2469; x_wconf 87' lang='lat' dir='ltr'><strong>plu-</strong></span> 
     </span>
    </p>
   </div>
   <div class='ocr_carea' id='block_1_81' title="bbox 2144 2487 3738 2565">
    <p class='ocr_par' dir='ltr' id='par_1_81' title="bbox 2144 2487 3738 2565">
     <span class='ocr_line' id='line_1_85' title="bbox 2144 2487 3738 2565; baseline 0.011 -33"><span class='ocrx_word' id='word_1_569' title='bbox 2144 2494 2236 2532; x_wconf 81' lang='lat' dir='ltr'><strong>res</strong></span> <span class='ocrx_word' id='word_1_570' title='bbox 2275 2491 2639 2551; x_wconf 84' lang='lat' dir='ltr'><strong>apparuerunt</strong></span> <span class='ocrx_word' id='word_1_571' title='bbox 2681 2492 2739 2539; x_wconf 92' lang='lat' dir='ltr'><strong>ut</strong></span> <span class='ocrx_word' id='word_1_572' title='bbox 2777 2487 3061 2544; x_wconf 82' lang='lat' dir='ltr'><strong>manifeste</strong></span> <span class='ocrx_word' id='word_1_573' title='bbox 3126 2490 3365 2549; x_wconf 89' lang='lat' dir='ltr'><strong>clareret</strong></span> <span class='ocrx_word' id='word_1_574' title='bbox 3394 2494 3537 2565; x_wconf 90' lang='lat' dir='ltr'><strong>quod</strong></span> <span class='ocrx_word' id='word_1_575' title='bbox 3569 2493 3738 2551; x_wconf 89' lang='lat' dir='ltr'><strong>futuri</strong></span> 
     </span>
    </p>
   </div>
   <div class='ocr_carea' id='block_1_82' title="bbox 2143 2570 3738 2654">
    <p class='ocr_par' dir='ltr' id='par_1_82' title="bbox 2143 2570 3738 2654">
     <span class='ocr_line' id='line_1_86' title="bbox 2143 2570 3738 2654; baseline 0.011 -33"><span class='ocrx_word' id='word_1_576' title='bbox 2143 2576 2329 2623; x_wconf 86' lang='lat' dir='ltr'><strong>essent</strong></span> <span class='ocrx_word' id='word_1_577' title='bbox 2385 2570 2687 2628; x_wconf 89' lang='lat' dir='ltr'><strong>imitatores</strong></span> <span class='ocrx_word' id='word_1_578' title='bbox 2743 2575 2864 2644; x_wconf 88' lang='lat' dir='ltr'><strong>ejus</strong></span> <span class='ocrx_word' id='word_1_579' title='bbox 2928 2577 3169 2647; x_wconf 89' lang='lat' dir='ltr'><strong>plurimi,</strong></span> <span class='ocrx_word' id='word_1_580' title='bbox 3212 2580 3351 2637; x_wconf 88' lang='lat' dir='ltr'><strong>sicut</strong></span> <span class='ocrx_word' id='word_1_581' title='bbox 3389 2591 3443 2638; x_wconf 90' lang='lat' dir='ltr'><strong>et</strong></span> <span class='ocrx_word' id='word_1_582' title='bbox 3480 2583 3596 2654; x_wconf 91' lang='lat' dir='ltr'><strong>ipse</strong></span> <span class='ocrx_word' id='word_1_583' title='bbox 3636 2583 3738 2639; x_wconf 88' lang='lat' dir='ltr'><strong>fuit</strong></span> 
     </span>
    </p>
   </div>
   <div class='ocr_carea' id='block_1_83' title="bbox 2143 2657 3735 2744">
    <p class='ocr_par' dir='ltr' id='par_1_83' title="bbox 2143 2657 3735 2744">
     <span class='ocr_line' id='line_1_87' title="bbox 2143 2657 3735 2744; baseline 0.011 -32"><span class='ocrx_word' id='word_1_584' title='bbox 2143 2657 2367 2714; x_wconf 87' lang='lat' dir='ltr'><strong>Christi.</strong></span> <span class='ocrx_word' id='word_1_585' title='bbox 2415 2659 2552 2729; x_wconf 87' lang='lat' dir='ltr'><strong>Quid</strong></span> <span class='ocrx_word' id='word_1_586' title='bbox 2587 2679 2718 2718; x_wconf 87' lang='lat' dir='ltr'><strong>vero</strong></span> <span class='ocrx_word' id='word_1_587' title='bbox 2746 2664 2815 2719; x_wconf 92' lang='lat' dir='ltr'><strong>de</strong></span> <span class='ocrx_word' id='word_1_588' title='bbox 2850 2668 3084 2722; x_wconf 80' lang='lat' dir='ltr'><strong>arcubus</strong></span> <span class='ocrx_word' id='word_1_589' title='bbox 3113 2669 3315 2735; x_wconf 87' lang='lat' dir='ltr'><strong>dicam,</strong></span> <span class='ocrx_word' id='word_1_590' title='bbox 3341 2671 3442 2726; x_wconf 90' lang='lat' dir='ltr'><strong>nisi</strong></span> <span class='ocrx_word' id='word_1_591' title='bbox 3477 2674 3618 2744; x_wconf 90' lang='lat' dir='ltr'><strong>quod</strong></span> <span class='ocrx_word' id='word_1_592' title='bbox 3651 2673 3735 2728; x_wconf 92' lang='lat' dir='ltr'><strong>si-</strong></span> 
     </span>
    </p>
   </div>
   <div class='ocr_carea' id='block_1_84' title="bbox 2141 2749 3734 2827">
    <p class='ocr_par' dir='ltr' id='par_1_84' title="bbox 2141 2749 3734 2827">
     <span class='ocr_line' id='line_1_88' title="bbox 2141 2749 3734 2827; baseline 0.013 -30"><span class='ocrx_word' id='word_1_593' title='bbox 2141 2762 2252 2815; x_wconf 84' lang='lat' dir='ltr'><strong>gna</strong></span> <span class='ocrx_word' id='word_1_594' title='bbox 2291 2759 2443 2804; x_wconf 85' lang='lat' dir='ltr'><strong>erant</strong></span> <span class='ocrx_word' id='word_1_595' title='bbox 2483 2749 2704 2806; x_wconf 52' lang='lat' dir='ltr'><strong>{uideris</strong></span> <span class='ocrx_word' id='word_1_596' title='bbox 2744 2753 2888 2811; x_wconf 85' lang='lat' dir='ltr'><strong>inter</strong></span> <span class='ocrx_word' id='word_1_597' title='bbox 2927 2756 3098 2812; x_wconf 89' lang='lat' dir='ltr'><strong>Deum</strong></span> <span class='ocrx_word' id='word_1_598' title='bbox 3142 2766 3197 2814; x_wconf 88' lang='lat' dir='ltr'><strong>et</strong></span> <span class='ocrx_word' id='word_1_599' title='bbox 3240 2760 3531 2827; x_wconf 85' lang='lat' dir='ltr'><strong>hominem,</strong></span> <span class='ocrx_word' id='word_1_600' title='bbox 3589 2763 3734 2819; x_wconf 89' lang='lat' dir='ltr'><strong>inter</strong></span> 
     </span>
    </p>
   </div>
   <div class='ocr_carea' id='block_1_85' title="bbox 2140 2847 3731 2928">
    <p class='ocr_par' dir='ltr' id='par_1_85' title="bbox 2140 2847 3731 2928">
     <span class='ocr_line' id='line_1_89' title="bbox 2140 2847 3731 2928; baseline 0.011 -31"><span class='ocrx_word' id='word_1_601' title='bbox 2140 2851 2457 2898; x_wconf 82' lang='lat' dir='ltr'><strong>creaturam</strong></span> <span class='ocrx_word' id='word_1_602' title='bbox 2490 2854 2541 2900; x_wconf 89' lang='lat' dir='ltr'><strong>et</strong></span> <span class='ocrx_word' id='word_1_603' title='bbox 2575 2847 2889 2904; x_wconf 84' lang='lat' dir='ltr'><strong>Creatorem</strong></span> <span class='ocrx_word' id='word_1_604' title='bbox 2924 2869 2938 2906; x_wconf 92' lang='lat'><strong>:</strong></span> <span class='ocrx_word' id='word_1_605' title='bbox 2981 2860 3036 2906; x_wconf 91' lang='lat' dir='ltr'><strong>ut</strong></span> <span class='ocrx_word' id='word_1_606' title='bbox 3069 2854 3219 2908; x_wconf 90' lang='lat' dir='ltr'><strong>enim</strong></span> <span class='ocrx_word' id='word_1_607' title='bbox 3249 2855 3453 2928; x_wconf 88' lang='lat' dir='ltr'><strong>aliquid</strong></span> <span class='ocrx_word' id='word_1_608' title='bbox 3476 2858 3544 2913; x_wconf 92' lang='lat' dir='ltr'><strong>de</strong></span> <span class='ocrx_word' id='word_1_609' title='bbox 3561 2859 3731 2914; x_wconf 89' lang='lat' dir='ltr'><strong>veteri</strong></span> 
     </span>
    </p>
   </div>
   <div class='ocr_carea' id='block_1_86' title="bbox 2137 2933 3726 3016">
    <p class='ocr_par' dir='ltr' id='par_1_86' title="bbox 2137 2933 3726 3016">
     <span class='ocr_line' id='line_1_90' title="bbox 2137 2933 3726 3016; baseline 0.013 -32"><span class='ocrx_word' id='word_1_610' title='bbox 2137 2937 2353 3003; x_wconf 79' lang='lat' dir='ltr'><strong>tangam</strong></span> <span class='ocrx_word' id='word_1_611' title='bbox 2386 2933 2632 3001; x_wconf 80' lang='lat' dir='ltr'><strong>historia,</strong></span> <span class='ocrx_word' id='word_1_612' title='bbox 2664 2953 2787 2992; x_wconf 90' lang='lat' dir='ltr'><strong>cum</strong></span> <span class='ocrx_word' id='word_1_613' title='bbox 2815 2939 2883 2993; x_wconf 88' lang='lat' dir='ltr'><strong>de</strong></span> <span class='ocrx_word' id='word_1_614' title='bbox 2913 2941 3087 2997; x_wconf 89' lang='lat' dir='ltr'><strong>sancti</strong></span> <span class='ocrx_word' id='word_1_615' title='bbox 3117 2942 3235 2999; x_wconf 89' lang='lat' dir='ltr'><strong>Noe</strong></span> <span class='ocrx_word' id='word_1_616' title='bbox 3266 2946 3587 3016; x_wconf 61' lang='lat' dir='ltr'><strong>patriarcha</strong></span> <span class='ocrx_word' id='word_1_617' title='bbox 3618 2948 3726 3004; x_wconf 88' lang='lat' dir='ltr'><strong>ob-</strong></span> 
     </span>
    </p>
   </div>
   <div class='ocr_carea' id='block_1_87' title="bbox 2136 3020 3734 3092">
    <p class='ocr_par' dir='ltr' id='par_1_87' title="bbox 2136 3020 3734 3092">
     <span class='ocr_line' id='line_1_91' title="bbox 2136 3020 3734 3092; baseline 0.011 -17"><span class='ocrx_word' id='word_1_618' title='bbox 2136 3020 2431 3078; x_wconf 84' lang='lat' dir='ltr'><strong>lationibus</strong></span> <span class='ocrx_word' id='word_1_619' title='bbox 2470 3026 2726 3081; x_wconf 86' lang='lat' dir='ltr'><strong>odoratus</strong></span> <span class='ocrx_word' id='word_1_620' title='bbox 2769 3037 2915 3084; x_wconf 87' lang='lat' dir='ltr'><strong>esset</strong></span> <span class='ocrx_word' id='word_1_621' title='bbox 2971 3031 3238 3087; x_wconf 90' lang='lat' dir='ltr'><strong>Dominus</strong></span> <span class='ocrx_word' id='word_1_622' title='bbox 3296 3034 3515 3091; x_wconf 89' lang='lat' dir='ltr'><strong>odorem</strong></span> <span class='ocrx_word' id='word_1_623' title='bbox 3547 3037 3734 3092; x_wconf 83' lang='lat' dir='ltr'><strong>suavi-</strong></span> 
     </span>
    </p>
   </div>
   <div class='ocr_carea' id='block_1_88' title="bbox 2134 3110 3729 3192">
    <p class='ocr_par' dir='ltr' id='par_1_88' title="bbox 2134 3110 3729 3192">
     <span class='ocr_line' id='line_1_92' title="bbox 2134 3110 3729 3192; baseline 0.011 -28"><span class='ocrx_word' id='word_1_624' title='bbox 2134 3110 2261 3164; x_wconf 85' lang='lat' dir='ltr'><strong>tatis</strong></span> <span class='ocrx_word' id='word_1_625' title='bbox 2292 3111 2462 3181; x_wconf 78' lang='lat' dir='ltr'><strong>(Gen.</strong></span> <span class='ocrx_word' id='word_1_626' title='bbox 2488 3120 2603 3182; x_wconf 87' lang='lat' dir='ltr'><strong>vm)</strong></span> <span class='ocrx_word' id='word_1_627' title='bbox 2640 3134 2651 3171; x_wconf 92' lang='lat'><strong>:</strong></span> <span class='ocrx_word' id='word_1_628' title='bbox 2684 3137 2705 3167; x_wconf 77' lang='grc' dir='ltr'>ι</span> <span class='ocrx_word' id='word_1_629' title='bbox 2743 3118 2969 3181; x_wconf 82' lang='lat' dir='ltr'><strong>Ponam,</strong></span> <span class='ocrx_word' id='word_1_630' title='bbox 3003 3120 3203 3192; x_wconf 87' lang='lat' dir='ltr'><strong>inquit,</strong></span> <span class='ocrx_word' id='word_1_631' title='bbox 3246 3139 3429 3179; x_wconf 90' lang='lat' dir='ltr'><strong>arcum</strong></span> <span class='ocrx_word' id='word_1_632' title='bbox 3462 3142 3640 3181; x_wconf 89' lang='lat' dir='ltr'><strong>meum</strong></span> <span class='ocrx_word' id='word_1_633' title='bbox 3670 3127 3729 3182; x_wconf 88' lang='lat' dir='ltr'><strong>in</strong></span> 
     </span>
    </p>
   </div>
   <div class='ocr_carea' id='block_1_89' title="bbox 2136 3210 3731 3299">
    <p class='ocr_par' dir='ltr' id='par_1_89' title="bbox 2136 3210 3731 3299">
     <span class='ocr_line' id='line_1_93' title="bbox 2136 3210 3731 3299; baseline 0.012 -36"><span class='ocrx_word' id='word_1_634' title='bbox 2136 3210 2352 3267; x_wconf 88' lang='lat' dir='ltr'><strong>nubilus</strong></span> <span class='ocrx_word' id='word_1_635' title='bbox 2382 3214 2537 3292; x_wconf 62' lang='lat' dir='ltr'><strong>caeli,</strong></span> <span class='ocrx_word' id='word_1_636' title='bbox 2562 3224 2614 3271; x_wconf 93' lang='lat' dir='ltr'><strong>et</strong></span> <span class='ocrx_word' id='word_1_637' title='bbox 2635 3217 2971 3274; x_wconf 76' lang='lat' dir='ltr'><strong>re30rdabor</strong></span> <span class='ocrx_word' id='word_1_638' title='bbox 3000 3220 3223 3277; x_wconf 62' lang='lat' dir='ltr'><strong>ftederis</strong></span> <span class='ocrx_word' id='word_1_639' title='bbox 3236 3224 3363 3290; x_wconf 90' lang='lat' dir='ltr'><strong>mei,</strong></span> <span class='ocrx_word' id='word_1_640' title='bbox 3382 3226 3523 3297; x_wconf 89' lang='lat' dir='ltr'><strong>quod</strong></span> <span class='ocrx_word' id='word_1_641' title='bbox 3545 3226 3731 3299; x_wconf 81' lang='lat' dir='ltr'><strong>pepigi</strong></span> 
     </span>
    </p>
   </div>
   <div class='ocr_carea' id='block_1_90' title="bbox 2146 3303 3731 3383">
    <p class='ocr_par' dir='ltr' id='par_1_90' title="bbox 2146 3303 3731 3383">
     <span class='ocr_line' id='line_1_94' title="bbox 2146 3303 3731 3383; baseline 0.013 -29"><span class='ocrx_word' id='word_1_642' title='bbox 2146 3307 2325 3357; x_wconf 86' lang='lat' dir='ltr'><strong>tecum</strong></span> <span class='ocrx_word' id='word_1_643' title='bbox 2357 3303 2524 3371; x_wconf 78' lang='lat' dir='ltr'><strong>(Gen.</strong></span> <span class='ocrx_word' id='word_1_644' title='bbox 2560 3307 2657 3371; x_wconf 81' lang='lat' dir='ltr'><strong>ix).</strong></span> <span class='ocrx_word' id='word_1_645' title='bbox 2697 3329 2719 3354; x_wconf 74' lang='grc' dir='ltr'><strong><em>η</em></strong></span> <span class='ocrx_word' id='word_1_646' title='bbox 2744 3306 2905 3376; x_wconf 87' lang='lat' dir='ltr'><strong>Quod</strong></span> <span class='ocrx_word' id='word_1_647' title='bbox 2956 3310 3209 3367; x_wconf 91' lang='lat' dir='ltr'><strong>nimirum</strong></span> <span class='ocrx_word' id='word_1_648' title='bbox 3239 3313 3529 3383; x_wconf 73' lang='lat' dir='ltr'><strong>Scriptura:</strong></span> <span class='ocrx_word' id='word_1_649' title='bbox 3557 3331 3731 3373; x_wconf 57' lang='lat' dir='ltr'><strong>sacrae</strong></span> 
     </span>
    </p>
   </div>
   <div class='ocr_carea' id='block_1_91' title="bbox 2145 3391 3725 3476">
    <p class='ocr_par' dir='ltr' id='par_1_91' title="bbox 2145 3391 3725 3476">
     <span class='ocr_line' id='line_1_95' title="bbox 2145 3391 3725 3476; baseline 0.011 -31"><span class='ocrx_word' id='word_1_650' title='bbox 2145 3391 2512 3448; x_wconf 88' lang='lat' dir='ltr'><strong>testimonium</strong></span> <span class='ocrx_word' id='word_1_651' title='bbox 2541 3396 2673 3450; x_wconf 91' lang='lat' dir='ltr'><strong>mihi</strong></span> <span class='ocrx_word' id='word_1_652' title='bbox 2705 3412 2814 3453; x_wconf 89' lang='lat' dir='ltr'><strong>non</strong></span> <span class='ocrx_word' id='word_1_653' title='bbox 2853 3399 3154 3473; x_wconf 81' lang='lat' dir='ltr'><strong>incongrue</strong></span> <span class='ocrx_word' id='word_1_654' title='bbox 3184 3403 3376 3458; x_wconf 88' lang='lat' dir='ltr'><strong>videor</strong></span> <span class='ocrx_word' id='word_1_655' title='bbox 3402 3407 3725 3476; x_wconf 78' lang='lat' dir='ltr'><strong>assumpsis-</strong></span> 
     </span>
    </p>
   </div>
   <div class='ocr_carea' id='block_1_92' title="bbox 2138 3481 3727 3567">
    <p class='ocr_par' dir='ltr' id='par_1_92' title="bbox 2138 3481 3727 3567">
     <span class='ocr_line' id='line_1_96' title="bbox 2138 3481 3727 3567; baseline 0.011 -32"><span class='ocrx_word' id='word_1_656' title='bbox 2138 3496 2219 3547; x_wconf 90' lang='lat' dir='ltr'><strong>se,</strong></span> <span class='ocrx_word' id='word_1_657' title='bbox 2263 3481 2389 3537; x_wconf 89' lang='lat' dir='ltr'><strong>licet</strong></span> <span class='ocrx_word' id='word_1_658' title='bbox 2418 3486 2597 3556; x_wconf 81' lang='lat' dir='ltr'><strong>magis</strong></span> <span class='ocrx_word' id='word_1_659' title='bbox 2626 3486 2697 3541; x_wconf 90' lang='lat' dir='ltr'><strong>sit</strong></span> <span class='ocrx_word' id='word_1_660' title='bbox 2724 3487 2793 3542; x_wconf 90' lang='lat' dir='ltr'><strong>ad</strong></span> <span class='ocrx_word' id='word_1_661' title='bbox 2825 3489 3152 3560; x_wconf 87' lang='lat' dir='ltr'><strong>mysterium</strong></span> <span class='ocrx_word' id='word_1_662' title='bbox 3182 3491 3564 3559; x_wconf 88' lang='lat' dir='ltr'><strong>referendum;</strong></span> <span class='ocrx_word' id='word_1_663' title='bbox 3599 3497 3727 3567; x_wconf 87' lang='lat' dir='ltr'><strong>quia</strong></span> 
     </span>
    </p>
   </div>
   <div class='ocr_carea' id='block_1_93' title="bbox 2135 3580 3723 3662">
    <p class='ocr_par' dir='ltr' id='par_1_93' title="bbox 2135 3580 3723 3662">
     <span class='ocr_line' id='line_1_97' title="bbox 2135 3580 3723 3662; baseline 0.012 -34"><span class='ocrx_word' id='word_1_664' title='bbox 2135 3594 2375 3649; x_wconf 77' lang='lat' dir='ltr'><strong>pergens</strong></span> <span class='ocrx_word' id='word_1_665' title='bbox 2405 3580 2460 3633; x_wconf 87' lang='lat' dir='ltr'><strong>in</strong></span> <span class='ocrx_word' id='word_1_666' title='bbox 2492 3581 2666 3635; x_wconf 80' lang='lat' dir='ltr'><strong>Deum</strong></span> <span class='ocrx_word' id='word_1_667' title='bbox 2695 3581 2919 3652; x_wconf 89' lang='lat' dir='ltr'><strong>spiritus</strong></span> <span class='ocrx_word' id='word_1_668' title='bbox 2949 3586 3049 3640; x_wconf 90' lang='lat' dir='ltr'><strong>viri</strong></span> <span class='ocrx_word' id='word_1_669' title='bbox 3071 3589 3263 3652; x_wconf 85' lang='lat' dir='ltr'><strong>sancti.</strong></span> <span class='ocrx_word' id='word_1_670' title='bbox 3299 3590 3452 3661; x_wconf 89' lang='lat' dir='ltr'><strong>quasi</strong></span> <span class='ocrx_word' id='word_1_671' title='bbox 3476 3592 3723 3662; x_wconf 74' lang='lat' dir='ltr'><strong>quaedam</strong></span> 
     </span>
    </p>
   </div>
   <div class='ocr_carea' id='block_1_94' title="bbox 2135 3665 3723 3752">
    <p class='ocr_par' dir='ltr' id='par_1_94' title="bbox 2135 3665 3723 3752">
     <span class='ocr_line' id='line_1_98' title="bbox 2135 3665 3723 3752; baseline 0.009 -31"><span class='ocrx_word' id='word_1_672' title='bbox 2135 3665 2229 3721; x_wconf 89' lang='lat' dir='ltr'><strong>fuit</strong></span> <span class='ocrx_word' id='word_1_673' title='bbox 2259 3668 2516 3725; x_wconf 90' lang='lat' dir='ltr'><strong>delibatio</strong></span> <span class='ocrx_word' id='word_1_674' title='bbox 2549 3670 2828 3737; x_wconf 83' lang='lat' dir='ltr'><strong>sacrificii,</strong></span> <span class='ocrx_word' id='word_1_675' title='bbox 2865 3683 2916 3728; x_wconf 89' lang='lat' dir='ltr'><strong>et</strong></span> <span class='ocrx_word' id='word_1_676' title='bbox 2947 3676 3105 3746; x_wconf 87' lang='lat' dir='ltr'><strong>quasi</strong></span> <span class='ocrx_word' id='word_1_677' title='bbox 3133 3677 3351 3748; x_wconf 90' lang='lat' dir='ltr'><strong>quidam</strong></span> <span class='ocrx_word' id='word_1_678' title='bbox 3380 3688 3570 3752; x_wconf 78' lang='lat' dir='ltr'><strong>gustus</strong></span> <span class='ocrx_word' id='word_1_679' title='bbox 3600 3681 3723 3736; x_wconf 88' lang='lat' dir='ltr'><strong>odo-</strong></span> 
     </span>
    </p>
   </div>
   <div class='ocr_carea' id='block_1_95' title="bbox 2130 3756 3716 3839">
    <p class='ocr_par' dir='ltr' id='par_1_95' title="bbox 2130 3756 3716 3839">
     <span class='ocr_line' id='line_1_99' title="bbox 2130 3756 3716 3839; baseline 0.01 -30"><span class='ocrx_word' id='word_1_680' title='bbox 2130 3756 2207 3810; x_wconf 87' lang='lat' dir='ltr'><strong>ris</strong></span> <span class='ocrx_word' id='word_1_681' title='bbox 2239 3758 2573 3814; x_wconf 86' lang='lat' dir='ltr'><strong>suavissimi.</strong></span> <span class='ocrx_word' id='word_1_682' title='bbox 2614 3761 2680 3816; x_wconf 87' lang='lat' dir='ltr'><strong>Et</strong></span> <span class='ocrx_word' id='word_1_683' title='bbox 2719 3776 2842 3816; x_wconf 91' lang='lat' dir='ltr'><strong>cum</strong></span> <span class='ocrx_word' id='word_1_684' title='bbox 2882 3763 3068 3819; x_wconf 89' lang='lat' dir='ltr'><strong>nullus</strong></span> <span class='ocrx_word' id='word_1_685' title='bbox 3108 3766 3316 3822; x_wconf 89' lang='lat' dir='ltr'><strong>dubitet</strong></span> <span class='ocrx_word' id='word_1_686' title='bbox 3364 3785 3462 3839; x_wconf 88' lang='lat' dir='ltr'><strong>per</strong></span> <span class='ocrx_word' id='word_1_687' title='bbox 3491 3779 3716 3825; x_wconf 84' lang='lat' dir='ltr'><strong>sancto-</strong></span> 
     </span>
    </p>
   </div>
   <div class='ocr_carea' id='block_1_96' title="bbox 2129 3858 3719 3928">
    <p class='ocr_par' dir='ltr' id='par_1_96' title="bbox 2129 3858 3719 3928">
     <span class='ocr_line' id='line_1_100' title="bbox 2129 3858 3719 3928; baseline 0.009 -20"><span class='ocrx_word' id='word_1_688' title='bbox 2129 3871 2243 3909; x_wconf 87' lang='lat' dir='ltr'><strong>rum</strong></span> <span class='ocrx_word' id='word_1_689' title='bbox 2294 3858 2485 3911; x_wconf 85' lang='lat' dir='ltr'><strong>merita</strong></span> <span class='ocrx_word' id='word_1_690' title='bbox 2524 3864 2670 3913; x_wconf 86' lang='lat' dir='ltr'><strong>stare</strong></span> <span class='ocrx_word' id='word_1_691' title='bbox 2701 3860 2980 3928; x_wconf 88' lang='lat' dir='ltr'><strong>mundum,</strong></span> <span class='ocrx_word' id='word_1_692' title='bbox 3033 3865 3365 3921; x_wconf 91' lang='lat' dir='ltr'><strong>credendum</strong></span> <span class='ocrx_word' id='word_1_693' title='bbox 3398 3876 3482 3923; x_wconf 90' lang='lat' dir='ltr'><strong>est</strong></span> <span class='ocrx_word' id='word_1_694' title='bbox 3511 3868 3719 3923; x_wconf 90' lang='lat' dir='ltr'><strong>indubi-</strong></span> 
     </span>
    </p>
   </div>
   <div class='ocr_carea' id='block_1_97' title="bbox 2125 3946 3719 4019">
    <p class='ocr_par' dir='ltr' id='par_1_97' title="bbox 2125 3946 3719 4019">
     <span class='ocr_line' id='line_1_101' title="bbox 2125 3946 3719 4019; baseline 0.009 -21"><span class='ocrx_word' id='word_1_695' title='bbox 2125 3950 2303 3999; x_wconf 85' lang='lat' dir='ltr'><strong>tantes</strong></span> <span class='ocrx_word' id='word_1_696' title='bbox 2341 3946 2519 4001; x_wconf 91' lang='lat' dir='ltr'><strong>virum</strong></span> <span class='ocrx_word' id='word_1_697' title='bbox 2552 3956 2802 4004; x_wconf 85' lang='lat' dir='ltr'><strong>sanctum</strong></span> <span class='ocrx_word' id='word_1_698' title='bbox 2825 3952 2936 4019; x_wconf 89' lang='lat' dir='ltr'><strong>jam</strong></span> <span class='ocrx_word' id='word_1_699' title='bbox 2989 3968 3154 4010; x_wconf 87' lang='lat' dir='ltr'><strong>carne</strong></span> <span class='ocrx_word' id='word_1_700' title='bbox 3199 3955 3430 4010; x_wconf 90' lang='lat' dir='ltr'><strong>solutum</strong></span> <span class='ocrx_word' id='word_1_701' title='bbox 3472 3957 3575 4011; x_wconf 92' lang='lat' dir='ltr'><strong>sibi</strong></span> <span class='ocrx_word' id='word_1_702' title='bbox 3625 3957 3719 4013; x_wconf 86' lang='lat' dir='ltr'><strong>de-</strong></span> 
     </span>
    </p>
   </div>
   <div class='ocr_carea' id='block_1_98' title="bbox 2123 4033 3715 4119">
    <p class='ocr_par' dir='ltr' id='par_1_98' title="bbox 2123 4033 3715 4119">
     <span class='ocr_line' id='line_1_102' title="bbox 2123 4033 3715 4119; baseline 0.01 -32"><span class='ocrx_word' id='word_1_703' title='bbox 2123 4033 2265 4088; x_wconf 91' lang='lat' dir='ltr'><strong>votis</strong></span> <span class='ocrx_word' id='word_1_704' title='bbox 2322 4035 2535 4090; x_wconf 90' lang='lat' dir='ltr'><strong>veniam</strong></span> <span class='ocrx_word' id='word_1_705' title='bbox 2594 4037 2843 4095; x_wconf 87' lang='lat' dir='ltr'><strong>obtinere</strong></span> <span class='ocrx_word' id='word_1_706' title='bbox 2882 4043 3277 4112; x_wconf 90' lang='lat' dir='ltr'><strong>peccaminum,</strong></span> <span class='ocrx_word' id='word_1_707' title='bbox 3329 4052 3383 4101; x_wconf 81' lang='lat' dir='ltr'><strong>et</strong></span> <span class='ocrx_word' id='word_1_708' title='bbox 3419 4045 3715 4119; x_wconf 84' lang='lat' dir='ltr'><strong>gratiarum</strong></span> 
     </span>
    </p>
   </div>
   <div class='ocr_carea' id='block_1_99' title="bbox 2121 4124 3204 4205">
    <p class='ocr_par' dir='ltr' id='par_1_99' title="bbox 2121 4124 3204 4205">
     <span class='ocr_line' id='line_1_103' title="bbox 2121 4124 3204 4205; baseline 0.011 -28"><span class='ocrx_word' id='word_1_709' title='bbox 2121 4138 2352 4179; x_wconf 88' lang='lat' dir='ltr'><strong>munera</strong></span> <span class='ocrx_word' id='word_1_710' title='bbox 2383 4124 2718 4198; x_wconf 82' lang='lat' dir='ltr'><strong>frequentius</strong></span> <span class='ocrx_word' id='word_1_711' title='bbox 2747 4128 3040 4200; x_wconf 85' lang='lat' dir='ltr'><strong>impetrare</strong></span> <span class='ocrx_word' id='word_1_712' title='bbox 3068 4135 3204 4205; x_wconf 69' lang='grc'>(24).</span> 
     </span>
    </p>
   </div>
   <div class='ocr_carea' id='block_1_100' title="bbox 2199 4222 3715 4296">
    <p class='ocr_par' dir='ltr' id='par_1_100' title="bbox 2199 4222 3715 4296">
     <span class='ocr_line' id='line_1_104' title="bbox 2199 4222 3715 4296; baseline 0.012 -20"><span class='ocrx_word' id='word_1_713' title='bbox 2199 4222 2288 4277; x_wconf 78' lang='grc'><strong>14.</strong></span> <span class='ocrx_word' id='word_1_714' title='bbox 2326 4224 2413 4278; x_wconf 86' lang='lat' dir='ltr'><strong>Ad</strong></span> <span class='ocrx_word' id='word_1_715' title='bbox 2454 4226 2614 4296; x_wconf 89' lang='lat' dir='ltr'><strong>cujus</strong></span> <span class='ocrx_word' id='word_1_716' title='bbox 2652 4230 2995 4286; x_wconf 87' lang='lat' dir='ltr'><strong>sanctitatem</strong></span> <span class='ocrx_word' id='word_1_717' title='bbox 3034 4232 3283 4289; x_wconf 89' lang='lat' dir='ltr'><strong>humanis</strong></span> <span class='ocrx_word' id='word_1_718' title='bbox 3320 4237 3588 4293; x_wconf 89' lang='lat' dir='ltr'><strong>mentibus</strong></span> <span class='ocrx_word' id='word_1_719' title='bbox 3634 4239 3715 4294; x_wconf 88' lang='lat' dir='ltr'><strong>al-</strong></span> 
     </span>
    </p>
   </div>
   <div class='ocr_carea' id='block_1_101' title="bbox 2121 4310 3714 4398">
    <p class='ocr_par' dir='ltr' id='par_1_101' title="bbox 2121 4310 3714 4398">
     <span class='ocr_line' id='line_1_105' title="bbox 2121 4310 3714 4398; baseline 0.012 -34"><span class='ocrx_word' id='word_1_720' title='bbox 2121 4310 2228 4365; x_wconf 90' lang='lat' dir='ltr'><strong>tius</strong></span> <span class='ocrx_word' id='word_1_721' title='bbox 2262 4311 2709 4383; x_wconf 87' lang='lat' dir='ltr'><strong>imprimendam,</strong></span> <span class='ocrx_word' id='word_1_722' title='bbox 2743 4318 2906 4374; x_wconf 89' lang='lat' dir='ltr'><strong>etiam</strong></span> <span class='ocrx_word' id='word_1_723' title='bbox 2938 4321 3076 4377; x_wconf 88' lang='lat' dir='ltr'><strong>circa</strong></span> <span class='ocrx_word' id='word_1_724' title='bbox 3108 4322 3438 4397; x_wconf 87' lang='lat' dir='ltr'><strong>languentes</strong></span> <span class='ocrx_word' id='word_1_725' title='bbox 3457 4337 3714 4398; x_wconf 88' lang='lat' dir='ltr'><strong>operatus</strong></span> 
     </span>
    </p>
   </div>
   <div class='ocr_carea' id='block_1_102' title="bbox 2119 4402 3711 4485">
    <p class='ocr_par' dir='ltr' id='par_1_102' title="bbox 2119 4402 3711 4485">
     <span class='ocr_line' id='line_1_106' title="bbox 2119 4402 3711 4485; baseline 0.011 -30"><span class='ocrx_word' id='word_1_726' title='bbox 2119 4409 2205 4455; x_wconf 86' lang='lat' dir='ltr'><strong>est</strong></span> <span class='ocrx_word' id='word_1_727' title='bbox 2233 4402 2461 4458; x_wconf 88' lang='lat' dir='ltr'><strong>salutem</strong></span> <span class='ocrx_word' id='word_1_728' title='bbox 2494 4405 2867 4463; x_wconf 87' lang='lat' dir='ltr'><strong>universitatis</strong></span> <span class='ocrx_word' id='word_1_729' title='bbox 2925 4411 3206 4478; x_wconf 89' lang='lat' dir='ltr'><strong>Conditor,</strong></span> <span class='ocrx_word' id='word_1_730' title='bbox 3254 4414 3347 4485; x_wconf 94' lang='lat' dir='ltr'><strong>qui</strong></span> <span class='ocrx_word' id='word_1_731' title='bbox 3377 4415 3575 4472; x_wconf 84' lang='lat' dir='ltr'><strong>devote</strong></span> <span class='ocrx_word' id='word_1_732' title='bbox 3614 4418 3711 4473; x_wconf 89' lang='lat' dir='ltr'><strong>viri</strong></span> 
     </span>
    </p>
   </div>
   <div class='ocr_carea' id='block_1_103' title="bbox 2118 4490 3709 4574">
    <p class='ocr_par' dir='ltr' id='par_1_103' title="bbox 2118 4490 3709 4574">
     <span class='ocr_line' id='line_1_107' title="bbox 2118 4490 3709 4574; baseline 0.013 -32"><span class='ocrx_word' id='word_1_733' title='bbox 2118 4490 2294 4545; x_wconf 88' lang='lat' dir='ltr'><strong>sancti</strong></span> <span class='ocrx_word' id='word_1_734' title='bbox 2334 4494 2606 4565; x_wconf 89' lang='lat' dir='ltr'><strong>exsequiis</strong></span> <span class='ocrx_word' id='word_1_735' title='bbox 2644 4496 2992 4562; x_wconf 88' lang='lat' dir='ltr'><strong>assistebant,</strong></span> <span class='ocrx_word' id='word_1_736' title='bbox 3036 4502 3206 4571; x_wconf 90' lang='lat' dir='ltr'><strong>quod,</strong></span> <span class='ocrx_word' id='word_1_737' title='bbox 3246 4503 3538 4574; x_wconf 88' lang='lat' dir='ltr'><strong>adjuvante</strong></span> <span class='ocrx_word' id='word_1_738' title='bbox 3593 4506 3709 4562; x_wconf 85' lang='lat' dir='ltr'><strong>Do-</strong></span> 
     </span>
    </p>
   </div>
   <div class='ocr_carea' id='block_1_104' title="bbox 1322 4585 3711 4672">
    <p class='ocr_par' dir='ltr' id='par_1_104' title="bbox 1322 4585 3711 4672">
     <span class='ocr_line' id='line_1_108' title="bbox 1322 4585 3711 4672; baseline 0.012 -41"><span class='ocrx_word' id='word_1_739' title='bbox 1322 4585 1620 4651; x_wconf 68' lang='lat' dir='ltr'><strong>praasentia</strong></span> <span class='ocrx_word' id='word_1_740' title='bbox 1650 4587 1754 4643; x_wconf 75' lang='lat' dir='ltr'><strong>sibi</strong></span> <span class='ocrx_word' id='word_1_741' title='bbox 1793 4590 1865 4645; x_wconf 74' lang='lat' dir='ltr'><strong>ab</strong></span> <span class='ocrx_word' id='word_1_742' title='bbox 1904 4594 2007 4649; x_wconf 76' lang='lat' dir='ltr'><strong>hac</strong></span> <span class='ocrx_word' id='word_1_743' title='bbox 2030 4607 2086 4670; x_wconf 83' lang='lat' dir='ltr'><strong>D</strong></span> <span class='ocrx_word' id='word_1_744' title='bbox 2118 4587 2286 4653; x_wconf 89' lang='lat' dir='ltr'><strong>mino,</strong></span> <span class='ocrx_word' id='word_1_745' title='bbox 2321 4606 2560 4659; x_wconf 89' lang='lat' dir='ltr'><strong>sequens</strong></span> <span class='ocrx_word' id='word_1_746' title='bbox 2588 4592 2749 4650; x_wconf 87' lang='lat' dir='ltr'><strong>lectio</strong></span> <span class='ocrx_word' id='word_1_747' title='bbox 2801 4594 3127 4654; x_wconf 86' lang='lat' dir='ltr'><strong>declarabit.</strong></span> <span class='ocrx_word' id='word_1_748' title='bbox 3168 4600 3289 4655; x_wconf 94' lang='lat' dir='ltr'><strong>Duo</strong></span> <span class='ocrx_word' id='word_1_749' title='bbox 3318 4602 3451 4672; x_wconf 73' lang='lat' dir='ltr'><strong>aegri</strong></span> <span class='ocrx_word' id='word_1_750' title='bbox 3480 4601 3586 4659; x_wconf 84' lang='lat' dir='ltr'><strong>fide</strong></span> <span class='ocrx_word' id='word_1_751' title='bbox 3613 4602 3711 4660; x_wconf 76' lang='lat' dir='ltr'><strong>fer~</strong></span> 
     </span>
    </p>
   </div>
   <div class='ocr_carea' id='block_1_105' title="bbox 2118 4676 3707 4764">
    <p class='ocr_par' dir='ltr' id='par_1_105' title="bbox 2118 4676 3707 4764">
     <span class='ocr_line' id='line_1_109' title="bbox 2118 4676 3707 4764; baseline 0.01 -31"><span class='ocrx_word' id='word_1_752' title='bbox 2118 4676 2225 4733; x_wconf 91' lang='lat' dir='ltr'><strong>vidi</strong></span> <span class='ocrx_word' id='word_1_753' title='bbox 2255 4679 2323 4732; x_wconf 92' lang='lat' dir='ltr'><strong>ad</strong></span> <span class='ocrx_word' id='word_1_754' title='bbox 2355 4679 2555 4747; x_wconf 89' lang='lat' dir='ltr'><strong>locum,</strong></span> <span class='ocrx_word' id='word_1_755' title='bbox 2596 4682 2649 4736; x_wconf 90' lang='lat' dir='ltr'><strong>in</strong></span> <span class='ocrx_word' id='word_1_756' title='bbox 2690 4700 2797 4754; x_wconf 89' lang='lat' dir='ltr'><strong>quo</strong></span> <span class='ocrx_word' id='word_1_757' title='bbox 2836 4687 3011 4742; x_wconf 87' lang='lat' dir='ltr'><strong>sancti</strong></span> <span class='ocrx_word' id='word_1_758' title='bbox 3048 4689 3298 4759; x_wconf 79' lang='lat' dir='ltr'><strong>corporis</strong></span> <span class='ocrx_word' id='word_1_759' title='bbox 3361 4691 3521 4764; x_wconf 81' lang='lat' dir='ltr'><strong>gleba</strong></span> <span class='ocrx_word' id='word_1_760' title='bbox 3558 4692 3707 4749; x_wconf 86' lang='lat' dir='ltr'><strong>vitali</strong></span> 
     </span>
    </p>
   </div>
   <div class='ocr_carea' id='block_1_106' title="bbox 2115 4772 3708 4861">
    <p class='ocr_par' dir='ltr' id='par_1_106' title="bbox 2115 4772 3708 4861">
     <span class='ocr_line' id='line_1_110' title="bbox 2115 4772 3708 4861; baseline 0.012 -35"><span class='ocrx_word' id='word_1_761' title='bbox 2115 4772 2309 4842; x_wconf 84' lang='lat' dir='ltr'><strong>spiritu</strong></span> <span class='ocrx_word' id='word_1_762' title='bbox 2342 4787 2568 4831; x_wconf 85' lang='lat' dir='ltr'><strong>vacuata</strong></span> <span class='ocrx_word' id='word_1_763' title='bbox 2596 4780 2833 4848; x_wconf 85' lang='lat' dir='ltr'><strong>jacebat.</strong></span> <span class='ocrx_word' id='word_1_764' title='bbox 2866 4784 3194 4840; x_wconf 88' lang='lat' dir='ltr'><strong>accedentes</strong></span> <span class='ocrx_word' id='word_1_765' title='bbox 3222 4806 3235 4852; x_wconf 88' lang='lat'><strong>;</strong></span> <span class='ocrx_word' id='word_1_766' title='bbox 3267 4795 3557 4859; x_wconf 85' lang='lat' dir='ltr'><strong>postquam</strong></span> <span class='ocrx_word' id='word_1_767' title='bbox 3587 4806 3708 4861; x_wconf 89' lang='lat' dir='ltr'><strong>sup-</strong></span> 
     </span>
    </p>
   </div>
   <div class='ocr_carea' id='block_1_107' title="bbox 2114 4861 3703 4949">
    <p class='ocr_par' dir='ltr' id='par_1_107' title="bbox 2114 4861 3703 4949">
     <span class='ocr_line' id='line_1_111' title="bbox 2114 4861 3703 4949; baseline 0.012 -33"><span class='ocrx_word' id='word_1_768' title='bbox 2114 4861 2244 4932; x_wconf 88' lang='lat' dir='ltr'><strong>poni</strong></span> <span class='ocrx_word' id='word_1_769' title='bbox 2276 4862 2475 4920; x_wconf 77' lang='lat' dir='ltr'><strong>feretro</strong></span> <span class='ocrx_word' id='word_1_770' title='bbox 2505 4866 2736 4940; x_wconf 81' lang='lat' dir='ltr'><strong>ejusque</strong></span> <span class='ocrx_word' id='word_1_771' title='bbox 2775 4871 3061 4927; x_wconf 87' lang='lat' dir='ltr'><strong>sudarium</strong></span> <span class='ocrx_word' id='word_1_772' title='bbox 3121 4876 3445 4949; x_wconf 86' lang='lat' dir='ltr'><strong>contingere</strong></span> <span class='ocrx_word' id='word_1_773' title='bbox 3482 4894 3703 4935; x_wconf 90' lang='lat' dir='ltr'><strong>merue-</strong></span> 
     </span>
    </p>
   </div>
   <div class='ocr_carea' id='block_1_108' title="bbox 2014 4954 3703 5038">
    <p class='ocr_par' dir='ltr' id='par_1_108' title="bbox 2014 4954 3703 5038">
     <span class='ocr_line' id='line_1_112' title="bbox 2014 4954 3703 5038; baseline 0.012 -35"><span class='ocrx_word' id='word_1_774' title='bbox 2014 4994 2017 4995; x_wconf 41' lang='grc' dir='ltr'><em>ν</em></span> <span class='ocrx_word' id='word_1_775' title='bbox 2114 4960 2262 5021; x_wconf 86' lang='lat' dir='ltr'><strong>runt,</strong></span> <span class='ocrx_word' id='word_1_776' title='bbox 2296 4954 2479 5010; x_wconf 90' lang='lat' dir='ltr'><strong>statim</strong></span> <span class='ocrx_word' id='word_1_777' title='bbox 2512 4967 2841 5029; x_wconf 89' lang='lat' dir='ltr'><strong>receperunt</strong></span> <span class='ocrx_word' id='word_1_778' title='bbox 2870 4961 3152 5030; x_wconf 88' lang='lat' dir='ltr'><strong>pristinam</strong></span> <span class='ocrx_word' id='word_1_779' title='bbox 3177 4964 3470 5021; x_wconf 88' lang='lat' dir='ltr'><strong>sanitatem</strong></span> <span class='ocrx_word' id='word_1_780' title='bbox 3502 4984 3518 5036; x_wconf 89' lang='lat'><strong>;</strong></span> <span class='ocrx_word' id='word_1_781' title='bbox 3551 4967 3703 5038; x_wconf 87' lang='lat' dir='ltr'><strong>plan-</strong></span> 
     </span>
    </p>
   </div>
   <div class='ocr_carea' id='block_1_109' title="bbox 2113 5052 3700 5135">
    <p class='ocr_par' dir='ltr' id='par_1_109' title="bbox 2113 5052 3700 5135">
     <span class='ocr_line' id='line_1_113' title="bbox 2113 5052 3700 5135; baseline 0.01 -30"><span class='ocrx_word' id='word_1_782' title='bbox 2113 5056 2369 5122; x_wconf 85' lang='lat' dir='ltr'><strong>ctumque</strong></span> <span class='ocrx_word' id='word_1_783' title='bbox 2429 5052 2659 5109; x_wconf 82' lang='lat' dir='ltr'><strong>fratrum</strong></span> <span class='ocrx_word' id='word_1_784' title='bbox 2689 5058 3033 5114; x_wconf 67' lang='lat' dir='ltr'><strong>maerentium</strong></span> <span class='ocrx_word' id='word_1_785' title='bbox 3083 5060 3137 5115; x_wconf 91' lang='lat' dir='ltr'><strong>in</strong></span> <span class='ocrx_word' id='word_1_786' title='bbox 3168 5062 3418 5119; x_wconf 88' lang='lat' dir='ltr'><strong>solemne</strong></span> <span class='ocrx_word' id='word_1_787' title='bbox 3446 5065 3700 5135; x_wconf 85' lang='lat' dir='ltr'><strong>gaudium</strong></span> 
     </span>
    </p>
   </div>
   <div class='ocr_carea' id='block_1_110' title="bbox 2112 5156 3692 5222">
    <p class='ocr_par' dir='ltr' id='par_1_110' title="bbox 2112 5156 3692 5222">
     <span class='ocr_line' id='line_1_114' title="bbox 2112 5156 3692 5222; baseline 0.011 -21"><span class='ocrx_word' id='word_1_788' title='bbox 2112 5164 2213 5218; x_wconf 91' lang='lat' dir='ltr'><strong>pro</strong></span> <span class='ocrx_word' id='word_1_789' title='bbox 2242 5157 2455 5219; x_wconf 87' lang='lat' dir='ltr'><strong>patrato</strong></span> <span class='ocrx_word' id='word_1_790' title='bbox 2485 5168 2585 5222; x_wconf 88' lang='lat' dir='ltr'><strong>per</strong></span> <span class='ocrx_word' id='word_1_791' title='bbox 2615 5170 2830 5209; x_wconf 90' lang='lat' dir='ltr'><strong>servum</strong></span> <span class='ocrx_word' id='word_1_792' title='bbox 2864 5156 2962 5211; x_wconf 89' lang='lat' dir='ltr'><strong>Dei</strong></span> <span class='ocrx_word' id='word_1_793' title='bbox 2993 5157 3257 5215; x_wconf 87' lang='lat' dir='ltr'><strong>miraculo</strong></span> <span class='ocrx_word' id='word_1_794' title='bbox 3283 5170 3692 5219; x_wconf 85' lang='lat' dir='ltr'><strong>converterunt.</strong></span> 
     </span>
    </p>
   </div>
   <div class='ocr_carea' id='block_1_111' title="bbox 2114 5237 3700 5321">
    <p class='ocr_par' dir='ltr' id='par_1_111' title="bbox 2114 5237 3700 5321">
     <span class='ocr_line' id='line_1_115' title="bbox 2114 5237 3700 5321; baseline 0.011 -30"><span class='ocrx_word' id='word_1_795' title='bbox 2114 5237 2219 5291; x_wconf 87' lang='lat' dir='ltr'><strong>Sed</strong></span> <span class='ocrx_word' id='word_1_796' title='bbox 2252 5247 2306 5293; x_wconf 87' lang='lat' dir='ltr'><strong>et</strong></span> <span class='ocrx_word' id='word_1_797' title='bbox 2334 5239 2473 5295; x_wconf 86' lang='lat' dir='ltr'><strong>sicut</strong></span> <span class='ocrx_word' id='word_1_798' title='bbox 2504 5242 2777 5312; x_wconf 88' lang='lat' dir='ltr'><strong>quondam</strong></span> <span class='ocrx_word' id='word_1_799' title='bbox 2821 5261 2918 5314; x_wconf 90' lang='lat' dir='ltr'><strong>per</strong></span> <span class='ocrx_word' id='word_1_800' title='bbox 2946 5247 3181 5317; x_wconf 90' lang='lat' dir='ltr'><strong>puellam</strong></span> <span class='ocrx_word' id='word_1_801' title='bbox 3213 5249 3478 5321; x_wconf 86' lang='lat' dir='ltr'><strong>captivam</strong></span> <span class='ocrx_word' id='word_1_802' title='bbox 3527 5251 3700 5308; x_wconf 88' lang='lat' dir='ltr'><strong>virtus</strong></span> 
     </span>
    </p>
   </div>
   <div class='ocr_carea' id='block_1_112' title="bbox 2112 5324 3703 5413">
    <p class='ocr_par' dir='ltr' id='par_1_112' title="bbox 2112 5324 3703 5413">
     <span class='ocr_line' id='line_1_116' title="bbox 2112 5324 3703 5413; baseline 0.011 -33"><span class='ocrx_word' id='word_1_803' title='bbox 2112 5324 2299 5383; x_wconf 68' lang='lat' dir='ltr'><strong>Elismi</strong></span> <span class='ocrx_word' id='word_1_804' title='bbox 2329 5330 2615 5402; x_wconf 71' lang='lat' dir='ltr'><strong>prOphetze</strong></span> <span class='ocrx_word' id='word_1_805' title='bbox 2644 5332 2877 5390; x_wconf 90' lang='lat' dir='ltr'><strong>innotuit</strong></span> <span class='ocrx_word' id='word_1_806' title='bbox 2907 5335 3023 5409; x_wconf 83' lang='lat' dir='ltr'><strong>regi</strong></span> <span class='ocrx_word' id='word_1_807' title='bbox 3049 5336 3239 5409; x_wconf 70' lang='lat' dir='ltr'><strong>Syriae,</strong></span> <span class='ocrx_word' id='word_1_808' title='bbox 3288 5339 3368 5396; x_wconf 90' lang='lat' dir='ltr'><strong>sic</strong></span> <span class='ocrx_word' id='word_1_809' title='bbox 3397 5340 3557 5395; x_wconf 90' lang='lat' dir='ltr'><strong>etiam</strong></span> <span class='ocrx_word' id='word_1_810' title='bbox 3604 5358 3703 5413; x_wconf 89' lang='lat' dir='ltr'><strong>per</strong></span> 
     </span>
    </p>
   </div>
   <div class='ocr_carea' id='block_1_113' title="bbox 2181 5613 3696 5709">
    <p class='ocr_par' dir='ltr' id='par_1_113' title="bbox 2181 5613 3696 5709">
     <span class='ocr_line' id='line_1_117' title="bbox 2181 5613 3696 5709; baseline 0.011 -41"><span class='ocrx_word' id='word_1_811' title='bbox 2181 5614 2293 5683; x_wconf 76' lang='grc'><strong>(23)</strong></span> <span class='ocrx_word' id='word_1_812' title='bbox 2324 5613 2531 5709; x_wconf 67' lang='lat' dir='ltr'><strong>Sui-ius,</strong></span> <span class='ocrx_word' id='word_1_813' title='bbox 2566 5626 2718 5709; x_wconf 69' lang='lat' dir='ltr'><strong>ratus</strong></span> <span class='ocrx_word' id='word_1_814' title='bbox 2777 5635 3023 5706; x_wconf 78' lang='lat' dir='ltr'><strong>errorem</strong></span> <span class='ocrx_word' id='word_1_815' title='bbox 3053 5622 3470 5709; x_wconf 36' lang='lat' dir='ltr'><strong>Obrepsisse-in</strong></span> <span class='ocrx_word' id='word_1_816' title='bbox 3500 5642 3696 5709; x_wconf 84' lang='lat' dir='ltr'><strong>nume-</strong></span> 
     </span>
    </p>
   </div>
   <div class='ocr_carea' id='block_1_114' title="bbox 2109 5686 3695 5768">
    <p class='ocr_par' dir='ltr' id='par_1_114' title="bbox 2109 5686 3695 5768">
     <span class='ocr_line' id='line_1_118' title="bbox 2109 5686 3695 5768; baseline 0.013 -31"><span class='ocrx_word' id='word_1_817' title='bbox 2109 5700 2219 5768; x_wconf 76' lang='lat' dir='ltr'><strong>ros,</strong></span> <span class='ocrx_word' id='word_1_818' title='bbox 2255 5686 2622 5768; x_wconf 59' lang='lat' dir='ltr'><strong>erravitsipse,</strong></span> <span class='ocrx_word' id='word_1_819' title='bbox 2686 5691 2816 5746; x_wconf 89' lang='lat' dir='ltr'><strong>dum</strong></span> <span class='ocrx_word' id='word_1_820' title='bbox 2875 5695 3164 5768; x_wconf 72' lang='lat' dir='ltr'><strong>corrigens</strong></span> <span class='ocrx_word' id='word_1_821' title='bbox 3188 5686 3433 5768; x_wconf 78' lang='lat' dir='ltr'><strong>scripsit,</strong></span> <span class='ocrx_word' id='word_1_822' title='bbox 3480 5721 3503 5746; x_wconf 74' lang='grc' dir='ltr'>α</span> <span class='ocrx_word' id='word_1_823' title='bbox 3538 5704 3695 5757; x_wconf 86' lang='lat' dir='ltr'><strong>tertio</strong></span> 
     </span>
    </p>
   </div>
   <div class='ocr_carea' id='block_1_115' title="bbox 2106 5756 3135 5836">
    <p class='ocr_par' dir='ltr' id='par_1_115' title="bbox 2106 5756 3135 5836">
     <span class='ocr_line' id='line_1_119' title="bbox 2106 5756 3135 5836; baseline -0.03 -24"><span class='ocrx_word' id='word_1_824' title='bbox 2106 5756 2405 5836; x_wconf 56' lang='lat' dir='ltr'><strong>Kalendas.</strong></span> <span class='ocrx_word' id='word_1_825' title='bbox 2443 5756 2475 5806; x_wconf 74' lang='grc' dir='ltr'><em>η’</em></span> <span class='ocrx_word' id='word_1_826' title='bbox 2507 5756 2516 5758; x_wconf 16' lang='grc' dir='ltr'>ή</span> 
     </span>
    </p>
   </div>
   <div class='ocr_carea' id='block_1_116' title="bbox 2179 5827 3694 5908">
    <p class='ocr_par' dir='ltr' id='par_1_116' title="bbox 2179 5827 3694 5908">
     <span class='ocr_line' id='line_1_120' title="bbox 2179 5827 3694 5908; baseline 0.011 -27"><span class='ocrx_word' id='word_1_827' title='bbox 2179 5827 2571 5908; x_wconf 74' lang='lat' dir='ltr'><strong>(2t)Sequens</strong></span> <span class='ocrx_word' id='word_1_828' title='bbox 2634 5842 2783 5892; x_wconf 86' lang='lat' dir='ltr'><strong>totus</strong></span> <span class='ocrx_word' id='word_1_829' title='bbox 2823 5827 3253 5907; x_wconf 56' lang='lat' dir='ltr'><strong>apud-&#39;Surium</strong></span> <span class='ocrx_word' id='word_1_830' title='bbox 3299 5838 3356 5894; x_wconf 87' lang='lat' dir='ltr'><strong>in</strong></span> <span class='ocrx_word' id='word_1_831' title='bbox 3401 5836 3507 5897; x_wconf 84' lang='lat' dir='ltr'><strong>ﬁne</strong></span> <span class='ocrx_word' id='word_1_832' title='bbox 3564 5839 3694 5898; x_wconf 73' lang='lat' dir='ltr'><strong>Vita</strong></span> 
     </span>
    </p>
   </div>
   <div class='ocr_carea' id='block_1_117' title="bbox 2107 5894 2405 5955">
    <p class='ocr_par' dir='ltr' id='par_1_117' title="bbox 2107 5894 2405 5955">
     <span class='ocr_line' id='line_1_121' title="bbox 2107 5894 2405 5955; baseline 0.013 -4"><span class='ocrx_word' id='word_1_833' title='bbox 2107 5894 2405 5955; x_wconf 66' lang='lat' dir='ltr'><strong>invenitur:</strong></span> 
     </span>
    </p>
   </div>
  </div>
