3972 6392
287 433 416 485 1281

1835 419 2018 479 VITA.

3440 413 3577 484 iis?

282 570 480 610 sexum
524 553 847 608 muliebrem
903 551 1045 622 apud
1104 549 1475 622 Franeigenas
1533 549 1875 603 innotescere
1907 553 1961 609 Α
1994 547 2128 602 visio
2150 543 2505 617 corporalis;
2549 544 2589 598 si
2624 542 2840 614 quando
2871 548 3053 600 essent
3107 548 3158 602 in
3208 546 3305 604 Dei
3360 553 3580 608 servitio

283 644 461 697 voluit
490 659 708 696 servum
741 641 859 696 Dei.
893 641 1249 695 Nivernensis
1281 643 1391 706 (εὸ)
1423 638 1565 692 enim
1596 638 1874 691 comitissa

285 748 407 788 cum
439 732 494 784 in
525 731 758 800 quodam
789 730 988 800 Oppido
1023 744 1146 784 cum
1188 728 1488 798 puellarum
1541 728 1874 797 militumque

287 828 596 898 frequentia
625 835 930 881 moraretur
962 840 974 890 ;
1004 841 1126 880 cum
1167 824 1498 878 lirmaculum
1531 824 1874 877 aureumha—

286 917 442 970 beret
471 915 536 970 ad
572 915 769 970 collum
802 931 977 980 suum,
1011 923 1116 966 tam
1150 913 1266 967 auri
1325 912 1546 966 materia
1594 927 1755 982 quam
1794 910 1876 964 in-

288 1013 499 1068 cisione
529 1011 770 1083 lapidum
804 1012 1122 1079 pretiosum,
1182 1009 1426 1080 contigit,
1471 1009 1542 1062 ud
1595 1007 1663 1062 ad
1719 1009 1877 1062 deco-

288 1118 408 1157 rem
432 1102 556 1170 ejus
587 1101 986 1155 ostendendum
1015 1109 1067 1154 et
1097 1099 1353 1169 pretium,
1406 1099 1583 1168 ipsum
1639 1098 1876 1151 ablatum

291 1201 361 1254 de
392 1200 535 1254 collo
557 1217 655 1254 suo
703 1206 917 1252 teneret
959 1197 1013 1250 in
1071 1197 1320 1250 manibus
1353 1195 1582 1267 aliisque
1639 1196 1879 1250 traderet

285 1287 680 1357 bajulandum.
720 1286 823 1354 Qui
848 1302 1146 1356 cumsuper
1165 1285 1452 1349 firmaculi,
1484 1283 1880 1353 pulchritudine

289 1386 652 1449 mirarentur,
685 1385 973 1455 ipsumque
1004 1384 1238 1438 vicissim
1282 1383 1558 1436 traderent
1613 1391 1880 1436 contuen-

287 1476 444 1542 dum,
487 1474 711 1544 contigit
769 1482 842 1536 ut,
896 1489 1017 1528 cum
1077 1473 1144 1525 de
1201 1472 1364 1525 rebus
1418 1472 1538 1525 aliis
1595 1472 1883 1524 miscerent

286 1563 583 1632 colloquia,
617 1562 1064 1616 obliviscerentur
1081 1560 1364 1624 firmaculi,
1401 1559 1543 1631 quod
1593 1565 1872 1614 tenebant.

288 1651 582 1708 Comitissa
609 1665 744 1705 vero
800 1664 1019 1704 manum
1074 1664 1227 1702 suam
1277 1649 1496 1702 mittens
1553 1648 1624 1701 ad
1682 1646 1880 1702 collum

287 1765 476 1813 suum,
509 1755 699 1818 postea
729 1763 894 1818 quam
925 1745 1055 1800 illud
1095 1745 1356 1816 comperit
1409 1753 1730 1810 reseratum,
1773 1745 1884 1799 sol-

289 1837 443 1893 licite
471 1836 633 1907 erupit
663 1836 958 1907 inquirere,
994 1831 1208 1889 cuinam
1241 1835 1520 1904 prrefatum
1546 1833 1884 1888 firmaeulum

290 1934 612 1989 tradidisset
649 1949 660 1986 :
695 1948 926 2003 cumque
957 1931 1233 2002 sigillatim
1267 1931 1508 1998 rcquisiti
1531 1929 1661 1983 illud
1717 1947 1776 1984 se
1807 1930 1884 1985 di-

288 2030 489 2081 cerent
523 2039 630 2077 non
669 2021 897 2087 habere,
928 2019 1094 2090 coepit
1121 2027 1362 2073 matrona
1378 2019 1594 2073 nobillis
1621 2019 1795 2089 magis
1825 2035 1890 2075 ac

286 2116 476 2185 magis
506 2114 687 2170 animo
716 2113 1050 2170 conturbari.
1124 2111 1250 2166 Erat
1283 2120 1461 2166 autem
1493 2111 1718 2165 multum
1742 2121 1888 2166 stra-

284 2205 458 2261 minis
489 2205 543 2258 in
578 2205 717 2268 loco,
762 2203 913 2274 quod
944 2201 1199 2272 prtecepit
1236 2201 1429 2256 eadem
1478 2201 1672 2256 mulier
1708 2201 1890 2256 venti-

283 2294 419 2361 lari,
451 2293 726 2348 lucernam
749 2291 1076 2355 accendens,
1114 2298 1164 2345 et
1198 2289 1522 2360 inquirendo
1557 2298 1724 2343 totam
1786 2290 1893 2345 do-

288 2399 431 2438 mun
461 2390 734 2438 evertens.
777 2380 884 2436 Sed
915 2396 1038 2435 cum
1069 2379 1198 2433 illud
1234 2378 1376 2448 quod
1410 2380 1702 2448 qurerebat,
1735 2377 1892 2434 inve-

291 2471 421 2527 nire
469 2486 577 2526 non
609 2477 814 2540 posset,
874 2468 1060 2538 puella
1091 2467 1359 2538 qumdam,
1394 2483 1514 2536 qua:
1545 2467 1598 2520 in
1627 2467 1745 2536 ejus
1801 2469 1895 2522 ob-

295 2567 494 2639 sequio
525 2574 661 2631 erat,
695 2565 929 2620 accessit
959 2564 1029 2619 ad
1063 2564 1236 2629 illam,
1261 2563 1699 2618 constantissime
1747 2579 1896 2619 asse-

295 2673 436 2713 rens
479 2655 625 2728 quod
666 2655 711 2709 si
763 2654 980 2708 beatum
1019 2654 1314 2709 Robertum
1353 2651 1582 2707 ﬁdeliter
1631 2652 1896 2722 implora-

298 2755 404 2815 ret,
429 2745 570 2800 idem
602 2753 823 2799 sanctus
871 2744 920 2798 ei
953 2745 1070 2798 sine
1100 2743 1265 2797 dubio
1321 2743 1581 2796 redderet
1638 2740 1896 2799 firmaeu-

297 2836 420 2890 lum
451 2851 633 2889 suum.
667 2833 834 2902 Cujus
864 2831 1096 2888 consilio
1127 2831 1402 2887 comitissa
1426 2830 1654 2885 ﬁdeliter
1682 2832 1898 2902 acquie-

300 2948 490 3001 scens,
523 2947 742 2987 cereum
791 2932 845 2984 in
902 2931 1166 2985 honorem
1226 2928 1363 2983 beati
1421 2928 1639 2982 Robcrti
1687 2929 1899 2983 abbatis

299 3021 536 3077 accendi
561 3019 752 3091 jussit.
786 3017 949 3086 Quod
981 3033 1101 3074 cum
1144 3017 1342 3072 factum
1373 3017 1581 3080 fuisset,
1603 3017 1784 3071 statim
1807 3033 1900 3073 co-

308 3127 437 3165 ram
467 3125 669 3181 magna
701 3108 879 3179 plebis
915 3107 1255 3161 multitudine
1285 3104 1622 3162 ﬁrmaculum
1662 3107 1732 3161 de
1775 3123 1900 3177 gre-

298 3195 418 3248 mio
441 3194 558 3261 ejus
586 3192 860 3246 inventum
895 3198 995 3244 est.
1030 3192 1413 3245 Conveneruut
1452 3199 1560 3244 tam
1597 3191 1697 3245 viri
1729 3207 1896 3261 quam

299 3289 585 3354 mulieres,
615 3303 718 3358 pro
748 3296 895 3341 tanto
933 3287 1196 3342 miraculo
1225 3288 1396 3341 Deum
1419 3285 1812 3358 gloriﬁcantes,
1845 3295 1898 3343 et

298 3379 486 3450 ipsum
517 3379 586 3432 de
616 3378 676 3430 B.
712 3377 946 3433 Roberto
976 3376 1176 3430 famulo
1207 3391 1302 3431 suo
1340 3376 1644 3430 mirabilem
1695 3377 1898 3448 praedi-

299 3475 514 3524 cantes.
549 3467 665 3521 lloc
693 3474 872 3520 autem
908 3464 1230 3520 miraculum
1272 3473 1382 3518 tam
1425 3464 1639 3520 celebre
1699 3467 1897 3521 factum

299 3573 406 3631 est,
457 3569 520 3618 ut
567 3562 873 3634 quicunque
925 3561 982 3616 in
1030 3569 1140 3616 tota
1177 3561 1400 3633 regione
1456 3562 1548 3616 illa
1602 3563 1900 3636 quidquam

299 3652 571 3722 amiserit,
617 3651 684 3706 ad
728 3651 834 3704 viri
877 3651 976 3706 Dei
1007 3650 1262 3705 auxilium
1293 3650 1590 3723 confugere
1620 3668 1728 3707 non
1785 3668 1901 3708 mo-

298 3749 479 3808 retur,
521 3749 576 3796 et
605 3740 684 3795 sic
711 3754 849 3806 rem,
891 3755 1053 3810 quam
1090 3739 1243 3809 prius
1273 3739 1548 3808 amiserat,
1599 3740 1716 3797 sine
1756 3741 1899 3796 dila-

299 3839 455 3895 tione
483 3837 734 3908 recipiat.
773 3837 890 3891 Nec
919 3836 1109 3890 mirum
1142 3837 1186 3890 si
1217 3837 1300 3891 vir
1327 3845 1543 3892 sanctus
1574 3837 1629 3891 in
1683 3847 1900 3894 restau-

301 3928 520 3984 ratione
549 3942 729 3981 rerum
786 3926 1108 3980 amissarum
1166 3927 1430 3996 accepita
1472 3927 1701 3982 Domino
1766 3945 1898 4000 gra-

301 4017 435 4072 tiam
461 4015 819 4087 singularem,
853 4029 976 4069 cum
1007 4014 1126 4085 ipse
1155 4013 1374 4069 lucerna
1414 4015 1481 4068 sit
1513 4016 1564 4069 in
1596 4017 1760 4072 domo
1790 4019 1900 4072 Do-

299 4113 439 4169 mini
459 4113 661 4168 ardens
689 4119 742 4166 et
770 4111 980 4177 lucens,
1013 4119 1071 4165 ut
1101 4113 1301 4183 quique
1340 4112 1408 4166 ad
1437 4111 1589 4166 illum
1643 4128 1899 4170 accesse-

300 4203 398 4269 rit,
432 4200 787 4266 illuminetur,
818 4206 870 4254 et
899 4215 999 4269 per
1028 4198 1175 4254 illum
1205 4200 1464 4254 drachma
1493 4200 1706 4271 perdita
1735 4218 1898 4273 repa-

298 4309 452 4355 ratur
481 4297 544 4371 [/‘.
581 4295 881 4368 reperiatur
923 4315 938 4364 ;
972 4297 1086 4365 sin,
1119 4296 1448 4369 reparetur].

376 4399 466 4452 l5.
498 4393 743 4467 Expletis
766 4402 951 4450 autem
981 4411 1057 4450 ex
1089 4409 1240 4450 more
1278 4395 1429 4452 circa
1465 4395 1609 4452 beati
1638 4396 1743 4453 viri
1774 4413 1898 4454 cor-

299 4515 411 4570 pus
445 4496 745 4568 exsequiis,
780 4496 943 4569 gleba
972 4495 1060 4551 illa
1097 4496 1490 4553 sanctissimaa
1518 4498 1710 4556 vicinis
1737 4501 1900 4556 abba-

302 4587 477 4654 tibus,
510 4585 737 4658 aliisque
767 4585 1086 4640 reverendis
1117 4584 1363 4656 personis
1421 4587 1490 4642 ad
1547 4586 1655 4644 hoc
1713 4589 1890 4659 ipsum

300 4675 710 4747 congregratis,
743 4673 1125 4730 venerabiliter
1155 4682 1237 4729 est
1263 4675 1452 4730 tradita
1485 4677 1780 4747 sepulturae
1805 4698 1819 4746 ;
1847 4689 1900 4736 et

303 4764 364 4819 in
395 4762 625 4819 ecclesia
653 4763 714 4817 Β.
748 4763 1013 4834 Virginis,
1047 4778 1210 4834 quam
1242 4763 1360 4834 ipse
1392 4765 1446 4818 in
1477 4765 1746 4822 honorem
1788 4770 1907 4838 ejus

307 4860 648 4928 fundaverat,
681 4859 981 4916 honoriﬁce
1012 4861 1297 4916 tumulata.
1336 4862 1482 4917 Deus
1539 4873 1727 4920 autem
1783 4883 1908 4922 om-

307 4951 586 5022 nipotens,
646 4958 702 5004 ut
752 4958 874 5020 post
921 4949 1103 5006 carnis
1172 4950 1572 5020 depositionem
1648 4954 1910 5012 famulum

311 5057 470 5096 suum
504 5041 562 5096 B.
595 5039 888 5094 Robertum
919 5038 1101 5094 vivere
1155 5041 1558 5110 comprobaret,
1611 5045 1908 5100 multorum

311 5139 457 5194 enim
486 5136 869 5193 miraculorum
900 5135 1078 5209 gloria
1126 5136 1419 5193 decoravit.
1483 5139 1633 5194 Idem
1692 5157 1910 5214 quoque

311 5235 403 5292 vir
432 5242 667 5302 sanctus,
691 5237 750 5290 ut
783 5251 843 5290 se
863 5234 1178 5290 ostenderet
1200 5249 1386 5291 curam
1417 5253 1616 5309 gerere
1647 5239 1906 5309 ﬁliorum,

313 5333 478 5390 etiam
515 5340 804 5406 postquam
826 5332 1104 5388 subtracta
1133 5340 1217 5388 est
1242 5333 1313 5388 ab
1353 5349 1540 5390 eorum
1569 5335 1762 5405 oculis,
1784 5337 1908 5410 ejus

389 5537 505 5607 (25)
533 5535 716 5610 Fuerit
747 5535 862 5610 haec
904 5549 1044 5610 uxor
1073 5533 1360 5610 Guillelmi
1390 5537 1483 5610 ΙΙΙ,
1516 5538 1606 5610 qui
1630 5538 1788 5608 hujus
1810 5555 1910 5596 co-

316 5605 539 5680 mitatus
569 5608 709 5662 inter
755 5605 1121 5680 Burgundiam
1153 5623 1216 5662 ac
1255 5609 1493 5680 Ligerim
1534 5605 1650 5674 'siti,
1685 5605 1737 5666 et
1766 5626 1912 5668 nunc

318 5677 373 5731 in
396 5680 650 5734 ducatum
684 5677 955 5743 conversi,
989 5679 1196 5732 titulum
1229 5677 1399 5732 tenuit
1427 5679 1496 5733 ab
1544 5696 1688 5735 anno
1745 5683 1909 5737 circi-

321 5757 406 5802 ter
437 5751 575 5804 1100
605 5750 674 5803 ad
711 5749 863 5816 1148,
897 5764 1002 5820 quo
1033 5750 1361 5820 grandzevus
1390 5759 1441 5803 et
1489 5753 1631 5820 apud
1675 5751 1908 5807 Carthn-

322 5821 508 5901 sianos
539 5835 840 5901 conversus
891 5817 1024 5899 obiit
1045 5817 1077 5901 ς
1113 5817 1537 5901 uxorisdnomen'
1573 5822 1898 5901 ignoratur.

320 5890 441 5948 Nisi
473 5893 613 5949 forte
651 5890 826 5946 serius
844 5888 1158 5944 miraculum
1191 5889 1419 5962 contigit
1445 5888 1738 5949 comitissa:
1767 5893 1899 5962 Ida,

1981 637 2341 707 negligentes,
2373 643 2463 687 aut
2493 632 2562 688 ad
2593 635 2878 688 Mututinas
2921 637 3134 692 tardius
3185 641 3576 710 surrexissent,

1983 733 2254 787 multoties
2287 731 2563 787 consuevit
2596 733 2830 786 excitare
2862 733 3160 801 sacristam,
3198 752 3436 809 arguens
3469 755 3573 792 ne-

1984 822 2257 894 gligentes
2290 831 2342 875 et
2371 824 2591 874 hortans
2627 821 2692 874 ad
2745 821 2963 876 meliora
3002 823 3253 879 devotos.
3321 827 3449 882 Hice
3478 843 3578 879 au-

1985 926 2093 975 tem
2124 910 2190 964 de
2222 910 2327 966 vita
2358 917 2410 963 et
2441 909 2682 963 moribus
2706 909 2844 963 beati
2877 910 2975 964 viri
3009 912 3146 983 stylo
3179 913 3298 967 rudi
3330 915 3431 968 sub
3457 915 3580 970 bre-

1988 1007 2152 1060 vitate
2183 1005 2622 1072 transcurrimus,
2664 1005 2738 1058 ita
2787 1015 3037 1061 curantes
3082 1008 3298 1064 devotis
3354 1012 3583 1066 satista-

1986 1109 2132 1159 cere,
2190 1110 2256 1148 ne
2292 1093 2599 1147 fastidiosos
2653 1094 2945 1148 verborum
2978 1097 3138 1165 copia
3186 1114 3570 1168 gravaremus.

1989 1183 2181 1237 Omnia
2259 1198 2392 1235 vero
2447 1181 2751 1236 sanctitatis
2807 1183 2923 1250 ejus
2973 1196 3320 1240 monumenta
3396 1187 3599 1244 nullus:

1989 1272 2221 1324 aestimet
2249 1270 2487 1340 potuisse
2509 1269 2781 1325 conscribi
2827 1273 2963 1338 ;sed
3013 1274 3139 1326 mihi
3194 1275 3404 1330 noverit
3459 1293 3586 1331 eve-

1991 1364 2158 1419 nisse,
2201 1359 2344 1429 quod
2404 1361 2580 1428 poetis
2636 1362 2902 1416 inertibus
2963 1363 3210 1418 accidere
3276 1366 3586 1431 consuevit,

1990 1458 2046 1504 ut
2076 1465 2195 1504 cum
2225 1455 2504 1503 materiam
2555 1449 2698 1505 vires
2749 1468 2874 1504 suas
2932 1453 3279 1506 excedentem
3323 1470 3589 1523 praesum-

1991 1537 2218 1609 pserint,
2290 1537 2535 1606 ejusdem
2593 1539 2741 1593 mole
2788 1539 3061 1606 depressi,
3120 1556 3228 1595 non
3306 1540 3583 1610 perficiant

1993 1627 2137 1698 quod
2203 1635 2487 1696 cmperunt
2546 1643 2559 1680 :
2627 1627 2816 1698 sicque
2872 1643 2982 1682 non
3014 1628 3188 1683 solum
3233 1629 3426 1696 Judaei,
3486 1647 3587 1686 ve-

1992 1731 2108 1770 rum
2137 1715 2297 1769 etiam
2346 1714 2629 1769 Christiani
2668 1716 2840 1770 nostri
2891 1717 3158 1786 temporis
3213 1717 3367 1788 signa
3427 1735 3582 1790 qua:-

1992 1812 2136 1870 runt,
2179 1820 2301 1858 cum
2333 1819 2442 1858 non
2499 1803 2564 1857 sit
2619 1804 2882 1858 sanctitas
2946 1804 3002 1858 in
3042 1805 3431 1861 miraculorum
3488 1823 3579 1862 os-

1912 1901 2266 1968 Btensione,
2324 1902 2420 1957 sed
2469 1901 2645 1972 potius
2702 1903 2756 1956 in
2831 1904 3145 1974 operatione
3205 1903 3440 1960 virtutis.
3503 1907 3586 1962 Ad

1998 1989 2442 2045 satisfaciendum
2499 1991 2742 2062 utrisque
2791 2007 2963 2061 pauca
3017 1992 3084 2047 de
3134 1992 3400 2062 pluribus,
3453 2012 3580 2066 quas

1997 2103 2095 2158 per
2114 2087 2261 2140 illum
2277 2096 2533 2158 operatus
2554 2095 2636 2141 est
2654 2089 2936 2154 Dominus,
2959 2089 3197 2144 breviter
3212 2091 3546 2163 attingemus
3560 2133 3574 2148 .

2073 2176 2166 2230 16.
2204 2177 2490 2247 Postquam
2523 2185 2701 2231 autem
2747 2176 2828 2232 vir
2880 2186 3101 2233 sanctus
3161 2178 3304 2235 felici
3356 2181 3584 2236 transitu

1997 2275 2254 2346 migravit
2283 2279 2353 2329 ad
2383 2276 2672 2343 Christum,
2714 2275 2877 2346 cmpit
2908 2277 3164 2332 virtutum
3222 2279 3338 2346 ejus
3389 2279 3578 2350 opinio

1999 2363 2163 2435 longe
2201 2363 2416 2434 lateque
2444 2363 2689 2429 diffundi,
2733 2373 2786 2418 et
2816 2381 2990 2436 prope
3020 2375 3136 2420 erat
3179 2368 3444 2422 Dnminus
3496 2369 3589 2422 in-

2005 2452 2318 2507 vocantibus
2343 2468 2537 2507 nomen
2569 2453 2766 2507 sancti.
2806 2453 2969 2508 Beata
3000 2470 3216 2525 quoque
3271 2455 3369 2510 Dei
3416 2457 3586 2528 geni-

1999 2548 2120 2613 trix,
2164 2566 2283 2620 quae
2313 2549 2416 2602 sibi
2446 2550 2876 2620 desponsaverat
2903 2551 3073 2605 virum
3110 2551 3226 2617 Dei,
3248 2552 3381 2607 dum
3406 2554 3586 2609 adhuc

2001 2637 2138 2692 uteri
2168 2637 2397 2692 materni
2429 2637 2771 2693 clauderetur
2790 2640 3079 2710 angustiis,
3117 2642 3366 2710 gratiam,
3424 2657 3588 2714 quam

2004 2736 2354 2809 singulariter
2409 2737 2618 2808 accepit
2650 2738 2963 2803 aDomino,
3021 2738 3426 2794 communicare
3481 2756 3592 2795 non

2005 2826 2218 2880 desistit
2247 2841 2410 2881 servo
2441 2841 2558 2880 suo.
2618 2827 2756 2880 Nam
2789 2842 2821 2880 a
2851 2826 2938 2880 die
2969 2826 3148 2881 exitus
3181 2827 3322 2882 beati
3369 2828 3595 2884 Roberti

2005 2932 2289 2993 coeperunt
2345 2923 2602 2978 miracula
2677 2923 3003 2979 creberrime
3067 2922 3184 2980 ﬁeri
3235 2925 3292 2979 in
3360 2926 3594 2981 ecclesia

2005 3011 2358 3077 Molismcnsi,
2391 3027 2554 3082 quam
2594 3012 2734 3066 idem
2793 3013 2873 3066 vir
2925 3022 3145 3068 sanctus
3200 3022 3594 3081 construxerat,

2005 3105 2058 3160 in
2090 3108 2352 3161 honorem
2386 3105 2633 3174 ejusdem
2666 3106 2922 3176 Virginis,
2956 3106 3096 3161 cuia
3127 3107 3387 3177 primmva
3439 3115 3596 3162 atate

2006 3209 2174 3256 totum
2196 3217 2254 3256 se
2285 3201 2528 3268 dederat,
2571 3209 2622 3256 et
2660 3202 2951 3257 devotione
3008 3204 3279 3258 servierat
3347 3203 3596 3274 speciali.

2008 3289 2211 3346 Divina:
2276 3289 2444 3361 igitur
2500 3290 2925 3360 dispensationis
2983 3291 3162 3362 gratia
3245 3293 3299 3345 in
3372 3308 3593 3347 omnem

2005 3395 2204 3442 terram
2261 3386 2637 3458 promulgante
2714 3386 3000 3457 miracula,
3069 3405 3189 3459 quae
3263 3389 3408 3444 Deus
3467 3405 3592 3444 om-

2005 3476 2255 3546 nipotens
2309 3476 2565 3546 precibus
2619 3492 2731 3531 suae
2787 3475 2977 3530 matris
3035 3485 3086 3531 et
3151 3477 3295 3532 beati
3372 3477 3599 3534 ltoberti

2006 3573 2214 3627 meritis
2269 3571 2486 3642 operari
2539 3571 2792 3643 dignatus
2849 3575 2931 3627 est
2989 3573 3042 3626 in
3104 3572 3350 3628 Ecclesia
3405 3573 3599 3629 Molis-

2005 3656 2201 3726 mensi,
2236 3655 2398 3728 erepit
2440 3655 2799 3728 undequaque
2847 3657 3086 3727 gentium
3147 3658 3420 3714 conﬂuere
3465 3658 3595 3714 mul-

2007 3746 2197 3801 titudo.

2080 3847 2166 3900 17.
2199 3843 2418 3900 Accidit
2447 3851 2625 3900 autem
2655 3844 2801 3917 quod
2831 3843 3082 3917 quaedam
3123 3845 3314 3902 mulier
3367 3863 3599 3919 pauper-

2005 3933 2147 4000 cula,
2182 3934 2388 3989 caduco
2446 3933 2696 3989 laborans
2753 3934 3118 4002 incommodo,
3170 3937 3239 3990 ad
3297 3937 3590 3991 ecclesiam

2005 4032 2408 4087 Molismensem
2453 4031 2642 4086 venire
2698 4032 3026 4102 disponeret,
3061 4033 3319 4086 auxilium
3351 4048 3385 4087 a
3433 4035 3600 4090 Matre

2006 4120 2223 4175 Domini
2253 4128 2305 4175 et
2347 4119 2508 4175 beato
2566 4119 2810 4175 Roberto
2855 4124 2972 4189 ejus
3027 4121 3234 4176 famulo
3267 4123 3590 4192 quaesitura.

2007 4209 2310 4280 Assumptis
2337 4207 2506 4280 igitur
2549 4224 2734 4264 secum
2783 4209 2996 4264 duobus
3047 4209 3306 4280 puerulis,
3366 4227 3596 4283 quorum

2005 4299 2140 4353 alter
2166 4298 2234 4352 ad
2265 4297 2386 4367 ejus
2417 4296 2690 4369 pendebat
2719 4298 2911 4366 ubera,
2935 4298 3074 4354 alter
3104 4315 3237 4355 vero
3263 4316 3488 4371 gaessus
3509 4301 3601 4357 de-

2003 4395 2100 4451 bili
2127 4394 2317 4450 matris
2347 4395 2580 4467 vestigia
2602 4397 2952 4467 sequebatur,
2988 4396 3090 4452 iter
3129 4397 3483 4470 prosequitur
3502 4399 3605 4455 de-

2006 4485 2292 4540 stinatum.
2331 4483 2595 4539 Inclinata
2619 4492 2800 4540 autem
2826 4485 2939 4554 jam
2969 4486 3077 4552 die,
3112 4488 3260 4541 venit
3289 4488 3357 4542 ad
3409 4503 3606 4542 mona-

1929 4613 1981 4673 D
2012 4583 2238 4638 sterium
2269 4582 2498 4651 Quineei
2529 4583 2664 4652 (’26),
2701 4583 2992 4653 hospitium
3023 4584 3337 4639 mendicans
3368 4599 3401 4638 a
3428 4599 3613 4640 mona-

2009 4673 2174 4738 chis;
2219 4673 2316 4726 sed
2367 4673 2499 4743 quia
2553 4672 2775 4727 illorum
2834 4672 3053 4726 traditio
3099 4672 3238 4726 intra
3289 4673 3430 4729 ﬁnes
3477 4689 3608 4730 suos

2015 4785 2206 4824 sexum
2234 4769 2560 4824 muliebrem
2589 4785 2697 4824 non
2733 4768 2982 4835 admittit,
3050 4769 3328 4839 compulsa
3377 4779 3461 4825 est
3510 4770 3609 4825 mi-

2017 4883 2143 4923 sera
2171 4867 2364 4922 mulier
2392 4867 2518 4923 inde
2559 4867 2827 4922 recedens
2885 4866 2940 4920 in
2984 4881 3204 4921 nemore
3258 4877 3609 4938 pernoctare.

2017 4958 2181 5012 Porro
2212 4972 2343 5012 casu
2374 4956 2590 5011 fortuito
2628 4955 2808 5012 focum
2839 4955 3062 5025 reperit,
3123 4972 3280 5026 quem
3321 4956 3391 5012 de
3422 4957 3608 5028 sapite

2017 5056 2200 5112 cinere
2233 5055 2626 5119 reaceendens,
2658 5069 2779 5109 cum
2801 5053 3013 5108 duobus
3050 5053 3292 5124 parvulis
3332 5053 3407 5109 ibi
3456 5071 3611 5110 man-

2016 5153 2111 5207 sit.
2135 5153 2314 5207 Media
2333 5160 2518 5208 autem
2543 5159 2703 5207 nocte
2732 5150 2893 5222 lupus
2919 5149 3160 5218 advenit,
3185 5158 3237 5207 et
3258 5167 3380 5208 eum
3405 5152 3604 5209 mulier

2017 5257 2082 5297 ex
2121 5256 2230 5296 una
2266 5240 2410 5314 ignis
2441 5247 2596 5312 parte
2625 5239 2858 5307 sederet,
2902 5239 3136 5296 crudelis
3167 5240 3342 5296 bestia
3363 5240 3416 5296 in
3431 5242 3602 5298 altera

2017 5339 2287 5396 recubuit.
2327 5339 2447 5408 Quo
2476 5339 2614 5407 viso,
2647 5337 2843 5392 muleir
2869 5336 3029 5394 fronti
3059 5353 3171 5394 sua:
3211 5337 3429 5411 signum
3480 5355 3609 5396 cru-

2018 5536 2174 5592 uxori
2205 5536 2479 5593 Guillelmi
2535 5536 2628 5604 IV,
2685 5533 2975 5590 nominata:
3021 5533 3078 5589 in
3130 5534 3362 5607 quadam
3412 5535 3608 5594 charta

2021 5609 2419 5665 Pontiniacensi
2451 5624 2595 5663 anno
2638 5609 2801 5661 H56.

2092 5683 2202 5750 (26)
2243 5682 2302 5734 In
2332 5681 2555 5735 dimcesi
2596 5677 2923 5749 Lingonensi
2957 5676 3277 5746 Quinceium
3335 5687 3608 5736 monaste-

2019 5751 2181 5815 rium,
2217 5752 2382 5823 vulgo
2417 5753 2652 5822 Quincy,
2687 5750 2973 5804 fundatum
3005 5765 3147 5823 anno
3194 5754 3340 5823 71133
3401 5751 3607 5805 ordinis

2018 5830 2102 5876 est
2131 5818 2511 5877 Cistei-eieiisis
2546 5841 2558 5887 ;
2592 5818 2866 5876 diversum
2921 5836 2951 5874 a
3011 5818 3329 5888 Quineiaeo,
3388 5828 3608 5881 vetusto

2016 5891 2177 5963 plane
2215 5893 2362 5965 apud
2393 5893 2642 5951 Pictavos
2671 5891 2942 5964 coenobio,
2975 5893 3144 5964 vulgo
3177 5892 3442 5963 Quincay.
