3972 6402
365 370 499 427 1283

1287 370 1351 425 8.
1392 368 1695 427 ROBERTI
1732 370 1904 429 0RD.
1953 371 2268 430 CISTERC.
2315 375 2762 435 FUNDATORIS

3534 381 3668 437 1284

363 494 443 548 eis
490 493 840 565 imprimens,
875 511 935 550 se
991 501 1045 552 et
1098 510 1300 567 pueros
1361 497 1478 551 Deo
1544 504 1599 552 et
1648 498 1714 552 B.
1780 497 1962 555 Maria:
1989 497 2048 560 A
2076 500 2406 557 arridentem
2440 521 2455 569 ς
2488 512 2542 559 et
2562 503 2835 561 cunabulo
2864 520 2988 562 cum
3016 503 3324 577 panniculis
3346 504 3660 572 iucinerato,

362 583 573 655 Virgini
613 586 754 639 etB.
805 584 1045 640 Roberto
1108 584 1467 641 devotissime
1525 587 1957 644 commendavit.

362 678 571 735 Interea
601 697 1034 755 euergumenam
1091 698 1246 736 suam
1303 682 1506 738 invasit
1553 682 1861 754 infirmitas,
1912 692 1968 739 et

360 778 487 832 dum
516 794 714 849 corpus
770 780 1023 834 exanime
1076 778 1332 851 palpitat,
1385 779 1569 851 lupus,
1614 780 1763 836 velut
1791 780 1859 836 de
1889 781 1967 837 in-

359 866 576 921 dustria
606 876 1001 937 exspectasset,
1062 868 1333 925 minorem
1391 885 1622 941 puerum
1689 870 1962 942 praedatus

360 955 1020 1027 aufugit.,Evanescente
1059 966 1246 1014 autem
1285 967 1443 1029 peste
1498 958 1700 1026 morbi,
1768 959 1965 1016 mulier

360 1053 514 1124 quasi
550 1070 842 1126 resurgens
874 1071 906 1110 a
935 1056 1186 1122 mortuis,
1217 1056 1361 1111 inter
1400 1056 1628 1113 brachia
1659 1058 1860 1129 quierit
1880 1059 1963 1112 iu-

361 1144 648 1209 fantulum,
683 1160 846 1215 quem
886 1144 1048 1216 paulo
1077 1153 1208 1201 ante
1238 1154 1508 1217 tenuerat,
1541 1154 1596 1202 et
1624 1163 1803 1202 senon
1825 1147 1962 1203 alias

361 1232 634 1287 dimisisse
663 1232 888 1288 sciebat.
921 1234 1172 1289 Liberari
1203 1251 1264 1290 se
1282 1236 1488 1308 gaudet
1539 1235 1735 1291 mulier
1782 1252 1813 1290 a
1861 1236 1959 1291 do-

360 1321 491 1385 lore,
534 1322 632 1376 sed
665 1322 789 1378 huic
821 1323 1069 1379 succedit
1098 1323 1259 1379 dolor
1286 1323 1429 1379 forte
1460 1324 1764 1389 crudelior,
1816 1324 1961 1397 quod

358 1410 617 1478 majorem
655 1409 825 1466 ﬁlium
855 1412 1169 1479 consulens,
1207 1414 1276 1467 de
1317 1413 1530 1469 minore
1575 1413 1651 1469 rei
1704 1423 1959 1470 eventum

356 1499 722 1555 miserabilem
750 1516 978 1572 prorsus
1020 1502 1266 1574 agnovit.
1328 1501 1476 1572 Quid
1507 1502 1720 1559 faceret
1757 1503 1964 1559 misera

355 1598 551 1654 mulier
572 1597 602 1654 ?
633 1615 739 1670 quo
780 1616 844 1656 se
874 1609 1131 1667 verteret,
1165 1600 1467 1661 nesciebat.
1498 1601 1620 1657 Non
1644 1601 1789 1658 enim
1810 1611 1963 1673 pote-

355 1688 420 1742 rit
442 1688 549 1743 vim
581 1688 718 1743 tanti
747 1688 957 1745 doloris
997 1689 1324 1760 exprimere,
1383 1689 1495 1745 nisi
1534 1689 1656 1760 quis
1710 1700 1961 1748 materna

354 1777 567 1844 viscera
607 1777 860 1844 induens,
899 1778 1276 1850 experimento
1317 1779 1569 1841 didicerit
1622 1780 1707 1838 sic
1736 1780 1947 1837 dolere.

2076 590 2133 644 in
2160 591 2278 647 solo
2308 609 2478 663 puero
2509 594 2701 650 saevire
2728 595 2902 651 nescit
2930 594 3265 650 incendium.
3305 596 3449 651 Ecce
3470 594 3517 649 si
3541 596 3663 667 quis

2075 680 2203 735 velit
2229 683 2535 752 exprimere
2564 683 2989 749 similitudinem,
3026 688 3082 739 et
3110 684 3394 755 praesentia
3445 699 3662 757 aequare

2074 770 2384 838 praeteritis,
2419 772 2489 825 ad
2522 772 2744 827 laudem
2775 788 2889 828 suae
2918 772 3104 828 Matris
3127 780 3184 828 et
3212 773 3387 829 sancti
3437 770 3661 829 Roberti

2073 866 2269 922 merita
2293 867 2636 937 declaranda,
2669 869 2837 925 Filius
2867 869 2969 926 Dei
3025 869 3201 925 Patris
3246 868 3521 940 antiquum
3569 884 3659 923 re-

2072 971 2276 1012 novare
2305 957 2564 1029 dignatus
2579 968 2663 1015 est
2692 959 3010 1015 miraculum
3041 959 3349 1032 Babylonis,
3382 974 3505 1013 nam
3539 973 3659 1013 cum

2071 1045 2246 1100 tribus
2269 1045 2376 1101 illis
2404 1048 2591 1118 pueris
2622 1049 2724 1103 iste
2756 1056 2984 1121 quartus
3027 1052 3216 1120 posset
3280 1047 3572 1113 numerari,
3606 1046 3654 1102 si

2071 1133 2293 1190 ﬂamma
2323 1137 2699 1194 tantummodo
2723 1138 3030 1209 panniculis
3050 1136 3406 1209 pepercisset.
3431 1138 3511 1192 Eo
3529 1151 3657 1191 vero

2069 1222 2231 1279 allato
2260 1239 2293 1279 a
2320 1226 2642 1296 parentibus
2694 1235 2747 1281 et
2778 1227 3033 1283 ecclesia:
3076 1233 3420 1298 praesentato,
3454 1240 3650 1281 conve-

2069 1340 2265 1386 nerunt
2316 1331 2541 1404 plurimi
2590 1333 2885 1390 Dominum
2958 1333 3372 1401 callaudantes;
3431 1347 3659 1404 quorum

2070 1430 2321 1500 consilio,
2350 1447 2418 1486 ne
2437 1448 2583 1505 resa
2639 1432 2904 1488 memoria
2956 1433 3257 1501 tolleretur,
3309 1430 3458 1486 ﬁdeli
3512 1445 3665 1487 com-

2070 1520 2363 1575 mandatur
2391 1521 2654 1577 custodite
2681 1522 3013 1579 litterarum.

2674 1612 2900 1668 CAPUT
2957 1612 3050 1667 IV.

2148 1707 2298 1764 Varii
2325 1708 2507 1765 morbi
2535 1709 2750 1778 curati,
2783 1724 2967 1766 caecus
2983 1710 3355 1766 illuminatus
3401 1713 3588 1765 erecta

2319 1808 2664 1880 paralytica,
2718 1825 3114 1881 energumena:
3144 1810 3413 1865 liberatae.

353 1866 555 1920 Tamen
587 1866 730 1921 inter
759 1866 1074 1935 ejulationis
1105 1869 1297 1935 verba,
1329 1867 1436 1923 ista
1493 1877 1609 1924 erat
1664 1870 1956 1926 verborum
1985 1863 2040 1924 Β
2139 1900 2227 1953 ,9.
2247 1863 2367 1952 18;"
2399 1863 2531 1954 vel;
2558 1897 2606 1952 si
2638 1863 3205 1970 linive—,EZquaéwpﬂ.
3225 1863 3461 1954 ﬁse’rviurm
3501 1913 3657 1952 suum

353 1955 604 2025 repetitio
648 1970 661 2010 :
700 1978 721 2004 (ι
754 1956 967 2025 Redde,
1004 1957 1179 2012 redde
1230 1957 1560 2029 depositum,
1612 1958 1671 2012 B.
1730 1960 1897 2015 Maria
1939 1980 1952 2017 :

353 2043 524 2098 redde
574 2043 907 2115 depositum,
944 2046 1103 2100 Pater
1133 2045 1529 2101 Molismensis.
1586 2070 1606 2094 ιι
1638 2047 1790 2102 Mara
1816 2066 1907 2104 res
1942 2050 1956 2104 l

351 2131 478 2187 dum
507 2131 625 2189 haec
646 2133 823 2188 verba
850 2133 1061 2203 repetit,
1113 2136 1259 2190 etB.
1319 2135 1549 2190 Mariam
1602 2144 1959 2209 sanctumque

351 2221 659 2277 Robertum
691 2221 893 2293 saepius
930 2222 1274 2278 inclamando
1298 2223 1406 2279 vim
1435 2222 1710 2279 doroloris
1728 2242 1958 2298 exagge-

351 2318 455 2376 rat,
489 2326 623 2366 ecce
655 2310 835 2367 bellua
884 2327 999 2366 sua:
1052 2311 1283 2366 feritatis
1331 2311 1498 2367 oblita
1536 2313 1647 2383 (cui
1676 2317 1955 2385 proprium

352 2407 433 2453 est
463 2413 569 2453 non
600 2414 854 2470 parcere,
897 2399 996 2454 sed
1024 2403 1267 2469 vorare),
1305 2399 1373 2455 de
1401 2400 1537 2456 silva
1586 2402 1847 2473 prodiens
1904 2413 1957 2460 et

351 2511 448 2551 ore
475 2506 759 2552 mansueto
815 2513 1046 2567 puerum
1103 2497 1379 2565 deferens,
1438 2514 1570 2554 eum
1618 2499 1955 2558 incolumem

350 2584 587 2639 reddidit
625 2583 785 2640 matri
814 2602 945 2651 sua),
980 2602 1101 2658 qvae
1123 2586 1477 2659 subsequenti
1506 2586 1688 2643 laetitia
1716 2606 1955 2647 maerore

349 2691 699 2751 consumpto,
731 2692 926 2754 coeptae
957 2684 1420 2755 peregrinationis
1480 2684 1585 2741 iter
1640 2686 1954 2759 perﬁciens,

349 2771 407 2824 in
438 2771 728 2826 multorum
760 2772 1052 2843 praesentia
1079 2772 1154 2827 rei
1189 2774 1390 2829 seriem
1447 2776 1724 2831 enarravit
1769 2791 1784 2847 ;
1818 2787 1871 2833 et
1900 2779 1955 2834 in

355 2860 521 2915 dorso
552 2861 716 2915 etiam
745 2860 899 2931 pueri
939 2862 1278 2932 apparebant
1308 2862 1541 2935 vestigia
1560 2863 1822 2937 dentium,
1873 2866 1954 2923 rei

348 2958 525 3023 gestze
557 2948 872 3005 familiarius
900 2959 1312 3022 argumentum.

416 3035 507 3092 18.
548 3036 762 3105 Quanta
792 3038 860 3092 ad
907 3038 1130 3095 laudem
1161 3056 1276 3097 sua:
1308 3042 1499 3099 Matris
1531 3051 1582 3100 et
1620 3045 1681 3100 B.
1722 3044 1953 3102 Roberti

343 3134 536 3189 merita
576 3134 905 3191 declaranda
971 3136 1072 3192 Dei
1122 3138 1287 3194 Filius
1330 3149 1591 3213 operetur
1610 3142 1667 3197 in
1705 3143 1951 3200 Ecclesia

340 3231 698 3299 Molismensi,
752 3241 809 3288 et
848 3242 997 3305 patet
1025 3249 1099 3289 ex
1119 3237 1421 3307 prmmissis
1443 3246 1496 3295 et
1522 3256 1596 3296 ex
1617 3240 1950 3314 subsequen-
1977 3214 2028 3280 C

341 3321 483 3375 tibus
513 3321 855 3380 declaratur.
897 3320 960 3377 In
989 3323 1118 3379 villa
1162 3342 1284 3398 quae
1332 3336 1557 3385 vocatur
1606 3330 1953 3389 Novallavies

338 3409 470 3481 (2'7),
506 3410 668 3466 homo
706 3410 929 3484 quidam
966 3411 1023 3467 in
1043 3415 1409 3472 exterioribus
1439 3418 1676 3491 negotiis
1706 3435 1953 3492 occupa-

339 3514 424 3560 tus
448 3523 571 3562 cum
603 3523 773 3564 uxore
804 3524 922 3578 sua,
956 3510 1119 3565 domo
1150 3527 1251 3566 sua
1291 3513 1546 3570 obserata
1602 3516 1776 3572 solum
1831 3518 1953 3574 reli-

336 3605 527 3666 querat
566 3596 888 3653 infantulum
915 3598 1272 3656 incunabulis
1297 3602 1688 3661 dormientem.
1723 3608 1952 3665 Interea

334 3690 480 3763 ignis
508 3693 795 3750 inveniens
828 3711 943 3751 suae
1000 3698 1443 3769 consumptionis
1473 3701 1782 3772 materiem,
1814 3721 1950 3777 pau-

333 3780 481 3836 latim
519 3784 821 3839 crescendo
876 3801 999 3841 sese
1039 3787 1275 3843 exterius
1331 3789 1666 3846 manifestat.
1706 3793 1948 3850 Flamma

324 3869 439 3937 jam
469 3871 525 3925 in
551 3877 680 3928 tecti
711 3872 1057 3944 superﬁciem
1089 3875 1493 3947 dcbacehante,
1537 3882 1780 3938 cucurrit
1827 3882 1943 3957 [po-

329 3958 510 4032 pulus]
542 3962 655 4032 (28)
696 3960 776 4015 illi
832 3961 1165 4020 detrimento
1222 3967 1413 4022 volens
1470 3984 1783 4039 sucurrere,
1844 3973 1946 4029 sed

330 4046 604 4104 incassum
629 4067 643 4103 :
699 4065 827 4106 nam
859 4066 1145 4108 accessum
1172 4055 1429 4125 prohibet
1455 4056 1690 4116 ﬂamma:
1715 4077 1941 4135 vorago,

329 4137 755 4211 circumquaque
818 4138 1040 4198 diﬁusa.
1077 4142 1323 4198 Tandem
1380 4155 1641 4216 parentes
1678 4148 1943 4207 immatu-

327 4225 443 4281 rius
469 4235 825 4284 accurreutes
857 4247 871 4295 ;
905 4238 959 4286 et
987 4231 1145 4301 pueri
1170 4247 1372 4288 nomen
1400 4236 1602 4307 saepius
1640 4237 1944 4296 inclaman-

326 4322 430 4381 tes,
462 4316 693 4372 tendunt
721 4325 966 4388 pectora,
996 4330 1253 4392 rumpunt
1283 4323 1490 4392 crines,
1524 4333 1579 4381 et
1602 4326 1800 4385 domus
1828 4346 1939 4387 non

324 4411 486 4466 sentit
536 4413 853 4471 incendium
908 4425 1206 4486 parentum
1266 4419 1512 4489 dilectio,
1571 4423 1642 4479 de
1692 4427 1938 4496 periculo

318 4500 479 4570 pueri
510 4502 714 4557 saevius
735 4504 1019 4560 acerbata.
1054 4507 1110 4562 Si
1141 4508 1364 4579 quando
1394 4517 1578 4567 autem
1598 4523 1830 4570 matrem
1852 4518 1935 4573 vis

325 4589 533 4646 doloris
566 4591 834 4663 respirare
870 4578 1309 4665 permittit,ihaac
1360 4599 1526 4655 verba
1580 4602 1884 4675 ingeminat
1917 4624 1929 4662 :
1961 4578 2016 4641 D

331 4711 352 4736 «
387 4689 511 4774 Tibi
542 4692 871 4749 commendo
901 4691 1071 4749 ﬁlium
1104 4711 1312 4765 meum,
1343 4705 1399 4752 tu
1424 4707 1543 4755 esto
1565 4700 1792 4773 clypeus
1817 4706 1934 4774 ejus

319 4788 349 4825 a
382 4772 520 4832 facie
550 4776 694 4847 igois
723 4776 1046 4834 devorantis
1076 4779 1129 4834 in
1162 4796 1328 4853 gyro,
1367 4782 1491 4838 fons
1540 4772 1935 4849 misericordia,

320 4862 544 4919 domina
574 4864 953 4921 Molismensis.
994 4891 1018 4917 ιι
1050 4869 1139 4924 Ad
1168 4869 1415 4927 ultimum
1445 4881 1700 4943 parentes
1729 4894 1933 4937 accur-

321 4969 462 5025 runt,
493 4970 742 5030 orantes,
774 4971 834 5019 ut
863 4965 931 5020 de
962 4980 1195 5038 corpore
1222 4968 1508 5025 inveniant
1538 4973 1733 5030 saltem
1786 4977 1929 5036 sine.

318 5064 436 5106 rem
465 5059 517 5106 et
546 5050 784 5109 favillas.
816 5052 955 5122 Quis
982 5070 1093 5110 non
1124 5056 1358 5113 miretur
1392 5057 1423 5115 ‘P
1470 5064 1783 5135 Attendaut,
1833 5069 1926 5140 qui

318 5148 562 5217 audiunt,
594 5159 644 5205 et
674 5152 808 5207 tanti
840 5152 1094 5211 miraculi
1123 5153 1425 5213 novitatem
1458 5159 1687 5218 miretur
1713 5171 1766 5220 et
1812 5174 1926 5222 stu-

314 5247 441 5306 peat
485 5244 632 5295 totus
658 5240 1140 5301 orbis.Inveniunt
1199 5243 1528 5305 infantulum
1584 5252 1921 5312 carbonibus

381 5418 495 5539 s27)
524 5419 736 5486 Surius,
770 5420 1129 5479 Novallames
1169 5440 1189 5479 :
1211 5432 1407 5480 neutra
1434 5427 1661 5499 scriptio
1691 5432 1871 5502 placet
1897 5455 1912 5492 :

381 5508 385 5539 1
434 5506 617 5539 Veram
650 5506 756 5539 non
788 5500 871 5539 est.
922 5494 1082 5539 facile
1141 5496 1362 5539 ιικςρηιιί
1403 5497 1698 5539 Λὶνὶηηιπιη
1781 5505 1912 5539 An...

311 5494 617 5569 seqvi-ram
650 5506 756 5545 non
788 5500 871 5569 est
922 5494 1082 5569 facile
1141 5496 1366 5566 assequi
1403 5494 1719 5569 divinando,
1781 5505 1914 5562 dum

308 5560 897 5647 nullumleirncumcirca
925 5564 1106 5647 locum
1124 5560 1457 5647 “exhibens
1482 5560 1718 5647 tabulas;
1758 5560 1912 5647 cujus

305 5631 596 5709 appellatio
622 5635 727 5687 huc
785 5637 1059 5691 accedat:
1120 5637 1222 5691 Ms.
1286 5631 1705 5711 Ultrajectinuni
1760 5631 1912 5706 caret

308 5712 554 5753 nomine.

376 5773 489 5839 αδ)
527 5773 724 5852 Vocem
753 5774 912 5841 hanc,
974 5775 1029 5852 i_n
1079 5781 1369 5852 _ecgraplio
1410 5792 1597 5841 nostro
1649 5788 1909 5851 deﬁcien-

301 5839 434 5907 tem,
463 5840 845 5912 supplevimus
871 5862 941 5902 ex
971 5845 1149 5904 Surio.

2065 1987 2333 2043 Dominus
2363 1995 2641 2057 operatur,
2674 1989 2915 2045 scribere
2947 1997 3247 2055 tentavero,
3306 2003 3417 2042 non
3465 1994 3655 2058 potero

2065 2075 2243 2131 labori
2284 2074 2553 2142 sufﬁcere,
2612 2076 2869 2149 quoniam
2915 2086 3040 2133 ante
3094 2093 3184 2133 me
3236 2086 3448 2147 tempus
3487 2092 3652 2148 quam

2060 2166 2217 2237 copia
2246 2164 2608 2239 derelinquat.
2643 2164 2900 2236 Quotidie
2931 2167 3132 2239 quippe
3163 2168 3215 2222 in
3246 2166 3506 2223 Ecclesia
3541 2166 3655 2222 Mo-

2065 2255 2393 2311 lismensiB.
2432 2256 2658 2312 Roberti
2709 2256 2972 2311 auxilium
3030 2256 3443 2327 implorantibus
3498 2255 3655 2311 adest

2064 2344 2445 2400 misericordia
2470 2346 2766 2402 Salvatoris
2809 2363 2823 2401 :
2858 2362 2982 2401 nam
3014 2347 3132 2416 ejus
3178 2344 3658 2402 intervenientibus

2063 2434 2274 2491 meritis
2329 2434 2401 2490 ad
2452 2435 2759 2506 sepulcrum
2813 2435 3184 2490 illuminantur
3240 2435 3393 2501 caeci,
3452 2434 3657 2490 debiles

2064 2540 2319 2596 gressum
2348 2524 2636 2596 recipiunt,
2678 2525 2816 2591 aegri
2854 2532 3137 2587 sanantur,
3169 2523 3395 2596 maligni
3436 2523 3656 2595 spiritus

2063 2624 2181 2690 ejus
2210 2625 2556 2694 praesentiam
2581 2639 2691 2679 non
2720 2622 2961 2679 ferentes
2981 2623 3050 2678 ab
3063 2622 3305 2679 obsessis
3336 2621 3674 2693 corporibus.

2062 2712 2435 2784 expelluntur.
2468 2712 2626 2783 Quod
2664 2730 2733 2769 ne
2759 2712 2899 2769 forte
2923 2711 3088 2768 alicui
3116 2709 3437 2768 incredibile
3475 2709 3658 2766 videa-

2060 2818 2166 2877 tur,
2198 2827 2370 2883 pauca
2401 2812 2594 2868 saltem
2632 2827 2665 2867 e
2715 2811 2962 2882 pluribus
3021 2809 3392 2866 transmittere
3420 2808 3642 2865 curavi-

2061 2916 2182 2955 mus
2201 2900 2269 2955 ad
2291 2900 2540 2956 notitiam
2568 2908 2937 2972 posterorum.
2976 2898 3239 2970 Quamvis
3259 2898 3404 2954 enim
3455 2897 3653 2969 linguae

2062 2984 2115 3039 in
2149 2984 2365 3055 signum
2394 2986 2505 3040 sint
2532 3001 2645 3042 non
2667 2982 2942 3052 ﬁdelibus,
2973 2985 3073 3040 sed
3099 2981 3429 3049 inﬁdelibus,
3476 2990 3650 3039 tamen

2061 3081 2190 3152 quia
2219 3080 2421 3137 nostris
2451 3080 2621 3138 etiam
2649 3080 2991 3152 temporibus
3019 3096 3248 3137 necesse
3262 3078 3429 3134 habet
3484 3075 3652 3150 rigari

2057 3164 2198 3222 ﬁdes
2226 3166 2494 3235 marcida,
2528 3164 2637 3222 ﬁde
2661 3181 2831 3240 aegra,
2857 3165 2972 3237 jam
3004 3165 3073 3221 ad
3102 3163 3454 3231 solvendum,
3503 3161 3648 3234 quod

2060 3266 2443 3339 promisimus,
2471 3267 2825 3339 accingamur
2848 3268 2988 3337 (29).
3038 3265 3135 3320 Vir
3165 3263 3387 3336 quidam
3444 3260 3643 3319 nobilis

2060 3357 2129 3414 de
2160 3355 2524 3429 Lotharingia:
2539 3355 2804 3427 partibus,
2836 3354 3066 3411 terrenis
3103 3353 3319 3427 quidem
3368 3351 3651 3407 abundans

2062 3447 2280 3518 opibus,
2304 3445 2402 3501 sed
2431 3445 2623 3501 salutis
2659 3444 2840 3516 inops,
2870 3444 3040 3516 longo
3058 3443 3278 3501 vivendi
3323 3459 3427 3498 usu
3483 3448 3543 3498 et
3570 3442 3651 3496 in-

2060 3544 2334 3601 ﬁrmitatis
2382 3542 2637 3600 molestia
2704 3549 3103 3615 praegravatus,
3162 3541 3344 3597 lumen
3390 3539 3676 3603 amiserat,

2058 3635 2342 3692 oculorum
2375 3653 2390 3701 ;
2433 3634 2527 3706 qui
2557 3632 2749 3689 salutis
2776 3630 3014 3704 propriae
3039 3624 3290 3703 cupidus,
3316 3646 3441 3693 cum
3462 3629 3531 3685 ad
3558 3628 3652 3684 im-

2056 3732 2324 3806 ploranda
2352 3731 2599 3788 sanitatis
2626 3730 2868 3788 remedia
2896 3730 3193 3799 multorum
3228 3728 3509 3786 circuisset
3525 3727 3651 3784 loca

2056 3831 2391 3889 sanctorum,
2423 3820 2715 3891 impetrare
2771 3836 2883 3876 non
2911 3819 3104 3892 potuit,
3154 3818 3298 3890 quod
3345 3816 3640 3890 quaerebat.

2055 3908 2193 3978 Quia
2217 3907 2476 3963 nimirum
2505 3905 2702 3972 sancti,
2733 3906 2791 3960 Β.
2843 3905 3143 3962 Robertum
3194 3919 3296 3959 suo
3350 3901 3648 3974 gaudentes

2053 3996 2291 4068 collegio
2348 3985 2634 4060 sociatum,
2693 3993 2905 4050 meritis
2951 3992 3067 4063 ejus
3131 3988 3482 4046 reservabant
3517 3987 3648 4043 tanti

2052 4086 2303 4142 miraculi
2332 4086 2654 4152 novitatem,
2686 4091 2745 4140 ut
2800 4099 2901 4154 per
2956 4082 3133 4138 virum
3189 4076 3428 4134 nobilem
3474 4077 3639 4132 etiam

2052 4177 2197 4248 apud
2238 4184 2452 4232 exteras
2509 4173 2757 4229 nationes
2809 4172 3177 4227 innotesceret
3232 4183 3431 4224 nomen
3488 4166 3634 4236 ejus.

2050 4266 2201 4320 Idem
2232 4280 2368 4320 vero
2397 4263 2481 4319 vir
2510 4278 2632 4318 cum
2675 4261 2909 4316 ﬁliorum
2968 4268 3022 4315 et
3081 4256 3429 4314 servientium
3485 4254 3639 4309 turba

2049 4355 2119 4410 ad
2150 4353 2208 4410 Ξ.
2242 4352 2509 4409 Jacobum
2558 4350 2659 4406 iter
2711 4349 2959 4422 arripuit,
3016 4357 3362 4420 peccatorum
3414 4358 3636 4399 suorum

2046 4443 2263 4503 veniam
2297 4441 2627 4515 quaesiturus
2655 4454 2669 4495 ε
2701 4439 2804 4495 iter
2845 4446 3030 4495 autem
3064 4436 3397 4493 destinatum
3449 4446 3639 4504 prose-

2044 4548 2218 4605 quens
2260 4531 2393 4604 (30),
2454 4530 2659 4585 famam
2711 4526 2919 4585 audivit
2973 4524 3376 4590 miraculorum,
3434 4520 3633 4594 quibus

2041 4621 2307 4679 Dominus
2339 4624 2481 4677 servi
2502 4617 2725 4675 Roberti
2754 4615 3063 4673 declararet
3095 4613 3464 4670 sanctitatem.
3521 4608 3633 4664 Viri

2042 4721 2245 4779 autem,
2279 4710 2372 4784 qui
2402 4709 2823 4775 comitabantur,
2857 4721 2982 4762 cum
3004 4720 3091 4773 eo,
3145 4702 3438 4759 monebant
3481 4698 3633 4753 illum

2043 4810 2098 4859 et
2131 4800 2425 4857 instantius
2456 4799 2840 4864 hortabantur,
2872 4804 2929 4851 ut
2960 4809 3170 4866 ponens
3193 4792 3248 4847 in
3268 4788 3499 4846 Domino
3520 4789 3633 4844 Deo

2043 4908 2198 4963 spem
2228 4907 2401 4959 suam,
2435 4889 2506 4944 ad
2545 4886 2857 4958 sepulcrum
2883 4884 2987 4939 viri
3012 4882 3111 4939 Dei
3142 4882 3372 4937 devotus
3411 4876 3635 4934 accede-

2039 4988 2153 5038 ret.
2193 4982 2438 5049 Quorum
2471 4975 2949 5034 exhortationibus
3014 4971 3370 5043 acquiescens
3424 4967 3495 5022 ad
3545 4981 3632 5022 se-

2036 5077 2284 5151 pulcrum
2306 5072 2544 5131 hominis
2572 5070 2673 5127 Dei
2702 5067 2937 5142 pervigil
2994 5083 3092 5122 exc
3104 5060 3626 5159 eumn—Audiens

2033 5176 2218 5224 autem
2258 5165 2470 5224 circum
2520 5161 2815 5235 plurimam
2868 5155 3267 5213 multitudinem
3338 5153 3511 5207 Deum
3566 5153 3624 5203 in

2032 5266 2221 5315 sancto
2236 5270 2338 5313 suo
2357 5254 2783 5318 collaudantem,
2814 5256 2869 5305 et
2893 5262 2996 5321 pro
3025 5254 3248 5316 recepta
3274 5240 3500 5298 sanitate
3528 5253 3628 5310 per

2098 5442 2213 5512 (29)
2250 5438 2698 5512 Hicsequuntur
2754 5433 2810 5487 in
2867 5429 3047 5512 S‘u-rion
3081 5444 3202 5512 quae
3250 5425 3384 5512 jam‘
3422 5420 3621 5512 habet:

2027 5495 2665 5584 miiscapite:s11periori
2695 5522 2845 5562 num.
2891 5505 2973 5557 14.
3009 5495 3213 5555 Caetera
3243 5495 3385 5568 apud
3444 5495 3619 5566 ipsum

2024 5586 2440 5729 dezgtgtlltique
2466 5651 2551 5729 via
2583 5657 2734 5729 recta
2758 5642 3207 5729 ex_Lot_haringia
3236 5655 3336 5729 per
3354 5719 3369 5729 Δ
3387 5640 3620 5729 camps:

2020 5709 2591 5797 niamxBurg'undiam
2625 5731 2677 5797 et
2708 5717 3044 5797 Aquitaniam
3078 5709 3249 5797 :quae
3280 5719 3463 5797 autem
3528 5709 3616 5797 hic

2019 5806 2313 5855 narrantur
2333 5792 2601 5852 miracula
2643 5794 2713 5849 de
2773 5792 2920 5848 caeco
2978 5796 3030 5844 et
3074 5792 3371 5853 contracta,
3422 5794 3611 5840 eorum

2032 5878 2178 5930 teste
2200 5868 2423 5942 juratos
2453 5867 2597 5927 infra
2621 5868 2832 5926 videbis
2860 5876 3013 5917 num.
3048 5865 3143 5919 27.
