3972 6406
321 392 462 447 1285

1876 380 2040 439 VITA

3469 389 3609 449 1286

319 512 438 581 ejus
485 513 676 568 merita
721 512 922 585 gratias
966 512 1307 578 referentem,
1352 509 1671 565 anxiabatur
1724 508 1911 577 spiritu
1937 506 1995 567 Α
2094 508 2185 563 2i.
2218 507 2353 563 Cum
2385 515 2563 564 autem
2594 510 2863 566 venissent
2891 511 2959 566 ad
2989 512 3183 582 locum,
3231 514 3286 568 in
3337 532 3441 585 quo
3496 525 3611 573 erat

319 610 544 672 peccata
582 617 680 656 sua
726 601 1005 665 conﬁtens,
1040 609 1093 657 et
1146 599 1427 671 pra-teritis
1499 599 1627 654 vitae
1679 597 1917 652 maculas

318 690 531 744 ﬂuentis
561 690 786 744 abluens
819 691 1193 760 lacrymarum.
1247 688 1349 757 Qui
1396 704 1515 742 cum
1567 686 1767 741 ibidem
1819 703 1917 755 per

316 786 719 841 hebdomadam
758 803 880 842 cum
926 787 1074 841 omni
1120 786 1373 849 comitatu
1419 800 1515 839 suo
1561 800 1769 839 moram
1829 783 1909 838 fe-

315 875 494 941 cisset,
519 891 620 929 nec
643 874 924 930 exauditus
964 875 1168 942 fuisset,
1200 874 1437 929 clamans
1484 872 1552 927 ad
1599 872 1910 939 Dominum,

311 979 500 1019 rursus
530 980 562 1019 a
592 964 775 1017 liberis
805 971 856 1018 et
902 963 1109 1029 familia
1146 980 1243 1017 sua
1288 962 1645 1018 commonitus
1687 961 1914 1031 parabat

314 1059 442 1114 inde
481 1060 735 1115 recedere
770 1079 782 1115 :
837 1062 1104 1116 trahentes
1148 1068 1324 1115 autem
1367 1059 1518 1113 illum
1575 1058 1644 1113 ad
1698 1074 1906 1122 manus,

309 1165 482 1219 usque
513 1149 582 1203 ad
633 1149 874 1203 ecclesiae
919 1149 1143 1218 januam
1192 1148 1571 1220 perduxerunt.
1623 1148 1909 1217 Comperto

310 1253 441 1292 vero
486 1236 632 1306 quod
660 1237 717 1291 in
746 1237 951 1291 foribus
997 1245 1135 1291 esset
1184 1237 1441 1304 ecclesiae,
1490 1236 1574 1291 vir
1622 1234 1907 1290 devotione

308 1333 512 1404 plenus
544 1341 599 1387 et
625 1332 729 1387 ﬁde
761 1333 1017 1401 fervidus,
1067 1333 1330 1389 convertit
1384 1332 1576 1388 faciem
1632 1348 1783 1387 suam
1839 1330 1909 1387 ad

307 1422 613 1492 sepulcrum
646 1422 782 1475 ﬂens
810 1429 863 1476 et
891 1423 1118 1491 ejulans,
1150 1438 1349 1477 nomen
1386 1422 1555 1476 sancti
1603 1421 1909 1491 frequenter

306 1509 629 1565 inclamans.
665 1509 769 1579 Qui
798 1510 964 1565 multa
992 1511 1021 1563 ε)
1050 1510 1222 1564 Deum
1253 1517 1547 1581 prostratus
1576 1510 1723 1564 humi
1747 1509 1907 1580 jace-

304 1615 405 1675 ret,
440 1607 633 1662 faciem
657 1608 906 1678 lacrymis
935 1608 1136 1678 rigans,
1169 1615 1221 1662 et
1266 1607 1439 1662 Deum
1487 1622 1647 1661 orans
1693 1614 1752 1661 ut
1797 1622 1905 1660 non

302 1695 594 1767 respiceret
624 1704 847 1765 peccata
875 1713 995 1763 sua,
1027 1695 1121 1750 sed
1150 1712 1247 1764 per
1274 1695 1418 1750 beati
1448 1694 1666 1751 Roberti
1714 1694 1905 1749 merita

303 1784 728 1845 misericordiam
758 1784 961 1839 taceret
1004 1784 1294 1852 postulanti
1328 1800 1339 1835 :
1390 1784 1565 1838 subito
1615 1790 1902 1852 eruperunt

302 1880 375 1936 ab
403 1881 571 1937 oculis
598 1880 715 1950 ejus
754 1882 1019 1953 pelliculze
1067 1881 1122 1935 in
1168 1881 1390 1935 modum
1438 1881 1893 1946 membranarum,

303 1987 472 2039 usque
500 1971 558 2024 in
588 1970 783 2025 faciem
812 1970 930 2039 ejus
957 1969 1369 2025 descendentes.
1425 1969 1583 2037 Quod
1630 1970 1719 2024 ille
1766 1985 1896 2023 sen—

307 2058 442 2113 tiens
470 2074 690 2113 manum
719 2059 988 2129 apposuit,
1023 2067 1075 2113 et
1100 2058 1322 2112 detersis
1349 2058 1517 2113 oculis
1558 2059 1739 2112 lumen
1794 2057 1899 2112 sibi

305 2154 574 2210 redditum
604 2154 876 2238 admirans
903 2154 1177 2227 gaudebat
1206 2169 1220 2222 ;
1252 2155 1395 2209 unde
1423 2154 1513 2224 qui
1544 2154 1690 2225 prius
1735 2154 1897 2208 luxe-

305 2251 388 2297 rat
418 2258 529 2314 praa
557 2242 764 2309 dolore,
797 2243 961 2313 coepit
988 2243 1331 2312 postmodum
1358 2244 1486 2298 ﬂere
1526 2258 1638 2313 pra:
1673 2242 1894 2314 gaudio,

305 2332 594 2387 ostendens
634 2332 904 2398 omnibus,
953 2331 1045 2401 qui
1098 2348 1221 2387 eum
1277 2332 1607 2388 conabantur
1649 2331 1894 2400 educere,

303 2429 410 2484 sibi
437 2429 704 2484 redditam
733 2429 958 2484 luminis
985 2429 1321 2494 claritatem;
1366 2429 1458 2498 qui
1504 2444 1603 2497 pro
1652 2435 1798 2483 tanto
1845 2436 1898 2484 et

301 2518 583 2589 inepinato
616 2519 874 2573 miraculo
904 2518 1195 2574 Dominum
1224 2517 1608 2583 collaudantes,
1629 2518 1696 2572 ad
1717 2517 1897 2573 eccle-

302 2607 440 2662 siam
470 2614 595 2661 sunt
619 2606 840 2675 reversi,
871 2607 988 2662 Deo
1015 2606 1217 2678 gratias
1256 2606 1566 2674 referentes,
1614 2613 1668 2660 et
1710 2604 1898 2676 sepul—

305 2720 457 2759 crum
490 2702 590 2758 viri
618 2703 718 2757 Dei
741 2703 1053 2758 muneribus
1079 2703 1428 2758 honorantes.
1460 2702 1592 2759 Inde
1636 2718 1765 2758 vero
1808 2702 1896 2756 di-

307 2792 477 2862 gressi
508 2808 630 2847 cum
660 2792 883 2864 gaudio,
938 2792 1450 2863 peregrinationem,
1501 2807 1662 2861 quam
1709 2806 1896 2863 cmpe-

306 2888 447 2948 rant,
480 2880 727 2936 alacriter
753 2888 1097 2952 peregerunt.

373 3008 463 3061 20.
497 3003 580 3059 Ad
625 3004 727 3059 hoc
774 3010 951 3058 autem
1001 3003 1319 3059 miraculum
1368 3002 1578 3075 plenius
1630 3002 1896 3059 roboran-

301 3092 452 3157 dum,
486 3092 631 3147 aliud
663 3092 883 3147 accessit
914 3091 1050 3147 forte
1079 3108 1187 3148 non
1216 3093 1410 3163 impar.
1459 3094 1591 3148 Cum
1638 3092 1781 3146 enim
1830 3108 1898 3146 ex

302 3181 403 3235 Dei
432 3179 694 3235 beneﬁcio
725 3196 832 3236 non
875 3181 1218 3236 mediocriter
1261 3180 1544 3236 confortati
1598 3196 1699 3249 per
1752 3180 1894 3236 viam
1925 3201 1975 3264 α

300 3293 455 3333 suam
485 3278 784 3350 gaudentes
813 3276 968 3344 irent,
1002 3278 1227 3350 contigit
1277 3278 1397 3333 illos
1440 3278 1650 3350 ingredi
1699 3277 1895 3333 civita-

301 3372 432 3434 tem,
464 3368 549 3423 cui
576 3367 799 3422 Tudella
829 3367 942 3438 (31)
970 3367 1292 3423 vocabulum
1322 3374 1420 3422 est.
1474 3367 1639 3421 Porro
1694 3382 1726 3421 a
1779 3366 1894 3423 viro

297 3456 536 3525 quodam
565 3463 786 3525 potente
816 3456 945 3509 satis
975 3456 1364 3511 honorabiliter
1390 3455 1621 3524 hospitio
1647 3463 1769 3510 sunt
1810 3472 1895 3510 re-

295 3553 463 3622 cepti.
504 3553 748 3623 Cumque
801 3553 962 3607 simul
1010 3552 1366 3608 amicabiliter
1406 3553 1765 3622 loquerentur,
1813 3552 1897 3607 vir

294 3641 493 3697 nobilis
525 3658 622 3712 per
649 3640 793 3696 beati
822 3641 1048 3697 Roberti
1091 3641 1284 3697 merita
1322 3641 1421 3696 Dei
1473 3640 1894 3696 misericordiam

294 3730 580 3786 referebat.
613 3730 853 3787 Audiens
882 3738 1062 3785 autem
1092 3731 1176 3787 vir
1201 3730 1345 3802 apud
1367 3745 1526 3799 quem
1551 3729 1895 3800 hospitaban-

298 3835 399 3894 tur,
441 3844 566 3898 qua:
617 3828 760 3883 facta
822 3828 1056 3894 fuerant,
1128 3829 1286 3883 altius
1348 3828 1708 3900 ingemiscens
1770 3828 1888 3884 ait:

303 3917 518 3982 «Ecce,
561 3915 753 3986 inquit,
793 3931 932 3972 uxor
968 3932 1090 3971 mea
1143 3931 1176 3971 a
1244 3915 1464 3971 renibus
1527 3923 1581 3970 et
1642 3915 1893 3970 deorsum

298 4004 445 4061 omni
477 4004 845 4060 membrorum
878 4003 1057 4060 ofﬁcio
1088 4003 1341 4060 destituta
1368 4004 1486 4060 loco
1532 4003 1738 4060 moveri
1784 4019 1893 4059 non

298 4109 492 4174 potest,
522 4101 623 4156 nisi
656 4116 936 4156 servorum
968 4109 1060 4156 aut
1086 4101 1403 4157 ancillarum
1434 4101 1684 4157 manibus
1726 4101 1889 4171 baju-

298 4190 434 4245 letur
466 4209 479 4245 :
512 4189 608 4245 sed
639 4206 739 4245 nec
766 4206 956 4245 recens
986 4198 1066 4246 est
1094 4190 1257 4263 plaga
1287 4190 1405 4259 ista,
1438 4189 1550 4245 imo
1594 4189 1710 4259 jam
1757 4190 1893 4261 lapsi

297 4286 420 4333 sunt
446 4278 634 4333 decem
667 4286 720 4333 et
749 4287 957 4347 septem
989 4279 1136 4347 anni,
1169 4296 1236 4334 ex
1268 4278 1414 4350 quod
1442 4280 1546 4334 hoc
1574 4278 1625 4333 ei
1652 4278 1844 4334 accidit
1874 4297 1887 4333 :

296 4381 671 4432 verumtamen
703 4373 748 4429 si
778 4374 909 4429 tanti
940 4374 1114 4429 meriti
1163 4383 1243 4430 est
1297 4383 1510 4430 sanctus
1562 4375 1672 4443 ille,
1731 4391 1892 4444 quem

297 4463 491 4529 dicitis,
523 4461 736 4518 conﬁdo
766 4464 820 4516 in
856 4463 1113 4530 Domino,
1146 4462 1289 4534 quod
1326 4480 1465 4519 uxor
1495 4479 1618 4519 mea
1646 4464 1896 4535 precibus

297 4552 466 4622 ipsius
504 4551 832 4606 restituenda
877 4551 943 4605 sit
989 4552 1221 4607 sanitati.
1257 4575 1280 4600 ι»

296 4649 553 4717 referens,
582 4665 691 4704 non
731 4650 904 4705 solum
932 4649 1076 4721 quod
1104 4649 1160 4703 in
1185 4664 1245 4704 se
1273 4655 1526 4720 expertus
1556 4648 1746 4715 fuerat,
1797 4648 1893 4703 sed

299 4738 461 4793 etiam
492 4754 613 4807 qua:
640 4738 696 4791 in
723 4737 844 4793 aliis
902 4739 1113 4794 viderat
1166 4737 1372 4792 meritis
1427 4736 1570 4792 beati
1626 4736 1890 4801 Roberti;

298 4827 566 4898 hospitem
596 4843 773 4896 suum,
809 4825 877 4882 ad
906 4826 1177 4898 poscenda
1220 4824 1483 4881 beneﬁcia
1537 4826 1655 4893 Dei,
1716 4842 1893 4896 quan-

298 4930 409 4977 tum
442 4930 669 4993 poterat,
702 4923 977 4978 animabat
1010 4942 1021 4978 :
1054 4923 1207 4994 cujus
1248 4922 1403 4976 dictis
1445 4921 1588 4976 idem
1619 4922 1701 4976 vir
1730 4922 1893 4977 ﬁdem

299 5010 583 5079 adhibens,
615 5012 719 5067 lioc
749 5011 926 5081 ipsum
960 5012 1116 5068 uxori
1145 5028 1256 5065 sua:
1287 5008 1574 5065 efﬁcaciter
1600 5011 1885 5081 persuasit.

296 5098 592 5169 Postquam
624 5115 754 5155 vero
810 5107 1085 5155 nocturnas
1142 5099 1380 5154 tenebrae
1434 5106 1782 5166 recesserunt,
1840 5105 1893 5153 et

297 5195 560 5251 Phoebaea
588 5195 799 5267 lampas
833 5194 1022 5251 orbem
1064 5202 1325 5250 terrarum
1370 5195 1480 5250 suis
1524 5194 1690 5251 radiis
1735 5194 1891 5249 illus-

298 5292 515 5350 trasset,
544 5283 922 5340 recedentibus
961 5284 1261 5357 peregrinis
1304 5283 1390 5338 vir
1440 5283 1613 5339 ﬁdelis
1665 5298 1891 5339 uxorem

300 5389 453 5428 suam
480 5373 765 5444 imponens
793 5372 1014 5440 lecticae,
1046 5389 1169 5429 cum
1199 5380 1461 5444 apparatu
1503 5387 1706 5445 magno
1753 5371 1888 5427 Gala

300 5465 401 5523 lias
429 5467 579 5536 adiit,
612 5466 784 5523 labori
812 5483 908 5522 suo
936 5464 1100 5522 finem
1131 5482 1239 5522 non
1287 5466 1508 5536 faciens,
1560 5467 1734 5524 donec
1786 5483 1888 5522 ve-

299 5556 437 5611 niret
462 5556 531 5611 ad
560 5556 760 5624 locum,
791 5556 848 5609 in
878 5571 984 5624 quo
1015 5562 1129 5611 erat
1154 5554 1299 5610 beati
1327 5555 1432 5613 viri
1479 5572 1674 5627 corpus
1715 5572 1888 5614 vene-

298 5645 539 5701 rabiliter
568 5644 904 5698 tumulatum.

371 5770 482 5851 (3t)
537 5769 619 5823 Ita
671 5765 1015 5851 correximus,
1072 5768 1196 5851 licet
1246 5766 1321 5851 _in
1377 5771 1651 5851 aegrapho
1697 5775 1885 5851 .nostre

301 5836 559 5914 scriptum
588 5844 728 5895 esset
758 5836 991 5894 Cudella
1021 5856 1036 5894 :
1069 5845 1149 5895 est
1171 5843 1349 5893 autem
1392 5836 1582 5895 Tutela
1634 5836 1761 5895 urbs
1816 5837 1887 5893 ad

1341 4552 1662 4624 Peregrinus
1717 4559 1893 4607 autem
1920 4561 1975 4621 D

2023 596 2269 663 quaedam
2309 598 2590 667 congeries
2628 598 2883 667 lapidum,
2955 617 3075 670 qua:
3139 610 3360 657 vocatur
3420 606 3606 661 Mons-

2023 684 2376 753 Gaudii-Dei,
2411 686 2552 740 beati
2586 687 2800 742 Roberti
2833 688 3091 744 auxilium
3132 692 3380 761 petitura,
3430 694 3606 748 statim

2021 796 2054 835 a
2083 782 2438 837 servientibus
2465 784 2574 837 suis
2630 784 2892 853 deposita,
2953 787 3068 841 solo
3126 789 3495 858 prosternitur,
3554 799 3608 847 et

2023 876 2131 924 tota
2161 869 2328 925 effusa
2354 871 2411 924 in
2441 871 2702 942 lacrymas
2729 873 2953 927 salutem
2983 874 3084 929 sibi
3113 876 3314 930 restitui
3363 878 3603 933 devotis-

2020 958 2157 1012 sime
2185 959 2479 1031 ﬂagitabat.
2514 961 2794 1016 Multitudo
2837 970 3013 1017 autem
3063 962 3451 1034 languentium,
3490 983 3604 1022 cae-

2018 1070 2223 1125 corum,
2256 1056 2557 1125 surdorum,
2588 1057 2883 1123 aridorum,
2916 1059 3006 1129 qui
3035 1076 3132 1129 per
3159 1061 3329 1117 virum
3353 1063 3451 1118 Dei
3479 1081 3602 1120 cum

2016 1144 2217 1214 gaudio
2241 1154 2543 1201 remeantes
2572 1147 2638 1201 ad
2668 1148 2907 1218 propria,
2939 1164 3059 1203 cum
3089 1150 3310 1206 muliere
3331 1151 3399 1207 de
3417 1152 3603 1210 lectica

2015 1231 2261 1302 deposita
2291 1233 2657 1303 substiterunt,
2688 1251 2877 1304 preces
2920 1254 3045 1291 suas
3089 1238 3230 1293 illius
3270 1240 3603 1298 orationibus

2016 1328 2374 1400 adjungentes
2408 1346 2421 1399 ;
2455 1338 2508 1385 et
2530 1348 2651 1401 qum
2678 1332 2733 1385 in
2773 1334 3073 1405 semetipsis
3118 1337 3323 1405 experti
3369 1338 3597 1406 fuerant,

2016 1416 2070 1470 in
2110 1417 2229 1471 aliis
2266 1434 2480 1489 quoque
2537 1419 2780 1476 viderant
2843 1428 2895 1476 et
2959 1422 3236 1479 audierant
3296 1426 3599 1497 referendo,

2016 1514 2251 1559 mentem
2285 1507 2402 1576 ejus
2438 1506 2506 1561 ad
2553 1509 2933 1579 postulandum
2978 1510 3258 1567 instantius
3302 1513 3603 1572 inﬂamma-

2010 1601 2160 1657 bant.
2190 1603 2304 1657 Nec
2333 1619 2484 1659 mora
2517 1618 2529 1671 ;
2561 1606 2709 1659 nervi
2740 1605 3004 1661 femorum
3035 1609 3168 1678 ejus,
3192 1625 3326 1679 quos
3339 1612 3601 1683 aegritudo

2010 1690 2175 1761 longa
2204 1699 2556 1760 contraxerat,
2610 1694 2868 1762 paulatim
2922 1706 3200 1765 cmperunt
3253 1700 3498 1772 extendi,
3548 1708 3602 1756 et

2012 1780 2287 1849 proprium
2318 1779 2484 1835 robur
2513 1796 2631 1835 ossa
2659 1782 2920 1851 recipere.
2951 1785 3142 1839 Mulier
3170 1803 3382 1856 quoque
3424 1788 3595 1855 virtu:

1925 1857 1978 1918 Β
2011 1884 2115 1931 tem
2146 1877 2245 1932 Dei
2283 1877 2340 1932 in
2388 1895 2444 1932 se
2473 1880 2707 1935 sentiens
2734 1889 3065 1950 operantem,
3100 1883 3426 1953 pedetentim
3483 1887 3595 1942 eri-

2006 1964 2169 2037 gitur,
2203 1974 2256 2020 et
2293 1966 2407 2021 sine
2436 1968 2663 2037 alicujus
2692 1970 2890 2025 auxilio
2920 1969 2974 2024 in
3004 1971 3168 2041 pedes
3196 1974 3403 2044 prosilit
3433 1990 3447 2042 ;
3482 1977 3596 2032 Deo

2007 2061 2061 2108 et
2089 2054 2248 2109 beato
2271 2055 2504 2111 Roberto
2534 2056 2734 2127 gratias
2765 2074 2951 2130 agens,
2983 2067 3036 2113 et
3062 2060 3237 2116 subito
3278 2062 3332 2116 in
3379 2063 3593 2119 laudem

2003 2151 2104 2207 Dei
2134 2159 2186 2209 et
2243 2153 2412 2209 sancti
2468 2153 2688 2210 Roberti
2737 2156 3000 2225 omnium,
3057 2158 3146 2226 qui
3200 2158 3440 2229 aderant,
3500 2177 3597 2219 ora

2008 2240 2273 2306 laxantur,
2307 2249 2360 2295 et
2387 2257 2493 2297 vox
2524 2243 2893 2298 exsultationis
2929 2244 3326 2302 diffundebatur
3372 2251 3585 2318 procul.

2005 2328 2201 2383 Mulier
2226 2345 2439 2400 quoque
2476 2346 2598 2386 cum
2621 2347 2654 2386 a
2680 2331 2797 2387 viro
2826 2348 2922 2388 suo
2968 2343 3250 2405 rogaretur
3295 2343 3352 2391 ut
3402 2338 3594 2393 iterum
3624 2407 3629 2411 ψ

2004 2422 2247 2478 lecticam
2320 2424 2703 2481 conscenderet
2775 2426 2843 2481 ad
2911 2428 3192 2484 ecclesiam
3270 2432 3594 2503 profectura,

2006 2511 2178 2567 noluit
2206 2512 2564 2582 acquiescere,
2596 2514 2690 2568 sed
2720 2523 2845 2571 ante
2875 2515 3009 2571 alios
3054 2516 3169 2573 ibat
3212 2519 3495 2576 ambulans
3544 2532 3598 2579 et

2005 2599 2276 2668 exsiliens,
2311 2600 2535 2656 laudans
2562 2603 2755 2669 Deum,
2786 2611 2845 2658 ut
2866 2603 3023 2673 juxta
3060 2605 3289 2662 litteram
3328 2609 3598 2670 videretur

2004 2695 2061 2751 in
2091 2713 2157 2751 ea
2186 2696 2467 2767 impletum
2516 2715 2633 2755 esse
2676 2699 2807 2754 illud
2838 2700 2991 2757 Isaiae
3021 2702 3311 2759 vaticinum
3346 2724 3358 2760 :
3389 2729 3410 2755 «
3444 2708 3594 2765 Tunc

2006 2784 2228 2840 claudus
2273 2786 2426 2840 saliet
2460 2787 2595 2842 sicut
2648 2804 2855 2855 cervus,
2915 2796 2968 2845 et
3020 2798 3206 2862 aperta
3259 2794 3360 2849 erit
3411 2795 3597 2869 lingua

2006 2880 2280 2928 mutorum
2311 2875 2441 2942 (Ira.
2474 2877 2665 2947 xxxv),
2701 2899 2723 2926 υ
2771 2893 2892 2947 quae
2937 2878 3081 2933 enim
3130 2882 3278 2951 prius
3327 2883 3596 2957 impotens

2006 2975 2140 3034 erat,
2171 2984 2295 3023 ecce
2325 2978 2447 3025 ante
2477 2971 2611 3026 alios
2639 2971 2753 3028 ibat
2782 2987 2795 3039 ;
2829 2981 2883 3028 et
2909 2974 2993 3029 cui
3041 2975 3188 3046 prius
3230 2994 3345 3047 pra:
3397 2982 3593 3037 confu-

2004 3056 2158 3112 sione
2188 3072 2295 3113 non
2325 3066 2437 3114 erat
2464 3075 2527 3114 os
2554 3061 2782 3131 aperire,
2817 3069 2924 3117 tota
2953 3062 3009 3118 in
3062 3064 3162 3119 Dei
3216 3066 3463 3124 laudibus
3516 3070 3595 3125 ef-

2004 3144 2229 3201 ﬂuebat.
2269 3147 2500 3202 Veniens
2527 3156 2706 3204 autem
2736 3149 2806 3205 ad
2860 3150 3163 3220 ecclesiam,
3220 3154 3273 3208 in
3334 3172 3440 3226 qua
3492 3158 3595 3215 viri

2004 3242 2102 3296 Dei
2130 3258 2321 3314 corpus
2344 3244 2561 3314 jacebat
2590 3248 2889 3315 humatum,
2921 3265 3040 3318 quae
3070 3249 3183 3305 fere
3206 3250 3416 3307 duobus
3461 3256 3592 3310 mil-

2002 3329 2224 3385 liaribus
2252 3331 2483 3387 distabat
2510 3351 2542 3389 a
2573 3334 2709 3401 loco,
2742 3335 2797 3389 in
2828 3352 2934 3406 quo
2963 3338 3155 3393 mulier
3181 3348 3367 3396 sanata
3386 3341 3588 3415 fuerat;

2003 3419 2205 3491 gratias
2234 3420 2347 3492 egit
2377 3421 2496 3477 Deo
2530 3430 2583 3477 et
2630 3422 2792 3478 beato
2848 3424 3103 3492 Roberto,
3162 3428 3317 3497 cujus
3370 3446 3428 3485 se
3481 3448 3591 3488 non

2003 3515 2284 3572 dubitabat
2310 3518 2531 3588 meritis,
2564 3519 2633 3574 ab
2662 3520 2773 3585 illa,
2807 3538 2912 3593 qua
2939 3520 3153 3578 detenta
3185 3523 3375 3593 fuerat,
3424 3530 3591 3601 aegri-

2005 3604 2187 3661 tudine
2218 3605 2518 3662 liberatam.
2551 3608 2712 3663 Humi
2740 3625 2870 3667 vero
2923 3619 3186 3681 prostrata
3241 3622 3362 3670 ante
3413 3619 3594 3687 sepul-

2003 3709 2153 3749 crum
2182 3695 2373 3761 sancti,
2421 3703 2635 3763 terram,
2694 3697 2750 3751 in
2805 3715 2911 3769 qua
2959 3698 3178 3770 jacebat
3231 3718 3425 3774 corpus
3475 3705 3594 3776 ejus

2003 3789 2345 3847 devotissime
2375 3791 2709 3863 deosculans,
2742 3795 2945 3850 cunctis
2990 3796 3080 3866 qui
3127 3797 3349 3854 aderant
3395 3802 3590 3857 minis-

2005 3879 2179 3934 trabat
2216 3881 2497 3935 materiam
2535 3882 2707 3937 Deum
2747 3884 2802 3938 in
2866 3893 3048 3940 sancto
3114 3903 3211 3942 suo
3276 3889 3592 3947 mirabiliter

2004 3967 2357 4038 praedicandi.
2431 3968 2687 4026 Oratione
2750 3988 2877 4027 vero
2943 3974 3229 4045 completa,
3307 3979 3594 4049 multisque

2004 4064 2318 4119 muneribus
2347 4066 2661 4122 honorando
2719 4068 2819 4123 viri
2873 4069 2972 4124 Dei
3032 4071 3276 4142 sepulcro
3332 4074 3587 4147 [oblatis],

2004 4168 2125 4208 cum
2156 4153 2356 4225 gaudio
2386 4162 2630 4210 remeant
2655 4155 2724 4210 ad
2781 4158 3017 4229 propria,
3076 4158 3317 4215 lecticam
3374 4162 3429 4216 in
3485 4181 3591 4235 qua

2004 4240 2178 4295 fuerat
2206 4242 2485 4312 deportata
2518 4243 2573 4297 in
2622 4244 2982 4300 testimonium
3037 4263 3149 4303 suae
3192 4248 3591 4308 deliberationis

2003 4338 2380 4408 derelinquens
2421 4354 2434 4409 ;
2469 4340 2610 4410 quod
2638 4341 2975 4413 miraculum,
3038 4350 3096 4397 ut
3147 4344 3309 4399 etiam
3350 4356 3591 4418 posteros

2002 4442 2112 4481 non
2142 4426 2347 4492 lateret,
2382 4427 2572 4482 eadem
2604 4428 2793 4484 lectica
2823 4438 2945 4487 ante
2975 4431 3119 4487 fores
3157 4433 3396 4492 basilicae
3423 4437 3591 4510 longo

2007 4522 2249 4585 tempore
2278 4516 2550 4586 pependit.

2071 4641 2168 4693 22.
2208 4636 2473 4705 Quantam
2502 4637 2601 4693 iste
2630 4647 2843 4695 sanctus
2868 4640 2922 4695 in
2953 4639 3252 4714 effugandis
3298 4645 3591 4705 immundis

2000 4724 2274 4797 spiritibus
2303 4726 2570 4797 acceperit
2601 4742 2633 4781 a
2662 4727 2895 4784 Domino
2931 4737 3269 4799 potestatem,
3310 4735 3379 4789 ad
3424 4736 3591 4808 ipsius

2000 4814 2397 4870 invocationem
2451 4815 2710 4871 miracula
2766 4816 2907 4872 facta
2960 4817 3252 4875 declarant.
3310 4824 3451 4879 Nam
3534 4836 3593 4882 ut

2001 4920 2196 4968 cratera
2224 4912 2410 4967 sileam
2463 4913 2657 4967 mulier
2674 4913 2920 4983 quaedam
2950 4930 3070 4969 cum
3118 4916 3360 4988 ingressa
3406 4921 3592 4981 fuisset

1999 5016 2163 5056 causa
2198 5000 2454 5056 orationis
2490 5002 2772 5057 ecclesiam
2817 5004 3237 5076 Molismensem,
3300 5018 3354 5064 et
3403 5028 3589 5070 coram

1999 5089 2153 5145 altari
2182 5089 2463 5156 assisteret,
2498 5091 2708 5146 occulto
2738 5090 2836 5146 Dei
2872 5090 3078 5161 judicio
3123 5105 3336 5167 arrepta
3382 5115 3415 5154 a
3469 5101 3587 5158 dae-

1998 5202 2161 5243 mone
2189 5187 2565 5243 miserabiliter
2591 5188 2910 5245 vexabatur.
2943 5191 3030 5245 Ad
3078 5193 3360 5250 consilium
3408 5205 3587 5256 autem

1996 5276 2249 5332 monachi
2272 5275 2516 5345 senioris,
2548 5277 2635 5347 qui
2668 5277 2869 5347 aderat,
2912 5280 3135 5336 maritus
3180 5284 3437 5353 mulieris,
3496 5288 3587 5358 qui

1995 5380 2120 5421 cum
2149 5363 2242 5420 illa
2268 5372 2508 5432 venerat,
2538 5364 2686 5420 illam
2716 5366 2958 5439 alligavit
2985 5369 3053 5424 ad
3095 5372 3399 5443 sepulcrum
3441 5374 3588 5432 beati

1996 5460 2242 5517 Roberti.
2278 5459 2472 5515 Misera
2501 5476 2628 5516 vero
2658 5462 2852 5519 mulier
2877 5470 2982 5519 tam
3003 5465 3290 5522 crudeliter
3305 5471 3583 5543 seviebat,

1994 5557 2055 5605 ut
2106 5564 2311 5612 omnes,
2370 5548 2461 5617 qui
2525 5551 2959 5622 apprOpinquare
3006 5556 3223 5626 vellent,
3306 5568 3589 5616 conaretur

1994 5637 2245 5694 dentibus
2274 5642 2574 5704 attrectare,
2606 5639 2824 5694 tandem
2853 5657 2887 5696 a
2922 5643 3038 5698 viro
3085 5661 3181 5701 suo
3236 5650 3581 5721 commonita,

1995 5768 2209 5824 Iberum
2238 5762 2462 5817 ﬂuvium
2492 5763 2789 5835 nominata,
2842 5783 2909 5821 ex
2966 5768 3143 5826 Gallia
3197 5772 3253 5828 in
3302 5776 3583 5835 Galliciam

1994 5835 2243 5895 euntibus
2270 5833 2578 5903 commoda,
2611 5835 2754 5891 haud
2782 5839 2972 5908 procul
3000 5840 3301 5915 Calagurri.
