3972 6480
445 402 587 470 rae-1

1365 401 1422 469 Ξ.
1465 403 1766 471 ROBERTI
1807 406 1976 472 ΟΜ).
2025 409 2333 472 CISTERC.
2375 415 2820 475 FUNDATORIS

3605 427 3754 478 i288

431 537 576 594 beati
605 539 832 596 Roberti
891 555 1091 596 nomen
1147 538 1421 607 inclamat,
1479 537 1711 595 dicens:
1778 563 1802 588 α
1839 539 2114 604 SancteA
2141 547 2199 596 ut
2225 540 2430 612 aliquid
2457 541 2608 597 daret
2635 543 2842 615 egenis,
2886 558 3203 616 responsum
3259 545 3466 616 accepit
3517 545 3588 601 ab
3644 562 3751 613 eo,

436 627 692 696 Roberte,
724 645 860 702 roga
907 629 1122 686 beatam
1177 628 1478 701 Virginem,
1534 635 1595 684 ut
1646 629 1763 700 ipsa
1817 628 1951 684 mihi
2005 646 2038 686 a

431 715 575 772 Filio
605 733 704 772 suo
735 717 987 789 impetret
1005 717 1401 773 liberationem.
1438 740 1462 766 ιι
1495 716 1616 786 Quo
1654 717 1818 787 dicto,
1855 719 2035 774 statim

428 805 625 864 mulier
654 822 836 862 coram
866 807 1120 864 omnibus
1161 807 1406 873 liberata,
1466 805 1670 879 gratias
1721 807 1833 880 egit
1885 807 2028 864 Deo.

427 894 611 962 Altera
641 911 854 968 quoque
883 897 1082 953 mulier
1108 896 1176 952 de
1203 895 1346 963 vico,
1390 895 1476 951 cui
1525 910 1726 951 nomen
1770 904 1850 952 est
1905 897 2034 952 Bai-

426 1009 604 1067 gnous
631 995 762 1066 (32),
793 1011 918 1052 cum
950 995 1004 1050 in
1035 993 1286 1051 cubiculo
1334 993 1648 1065 peperisset,
1697 994 1880 1050 nescio
1926 1009 2034 1064 quo

427 1082 524 1138 Dei
548 1081 756 1154 judicio
789 1082 846 1139 in
874 1084 1140 1140 insaniam
1169 1099 1346 1151 versa,
1377 1082 1554 1139 virum
1602 1098 1757 1137 suum
1804 1083 2036 1155 Evonga

425 1171 685 1244 percussit
713 1179 767 1229 et
794 1173 1041 1242 occidit;
1092 1189 1213 1243 quae
1257 1171 1544 1227 constricta
1590 1171 1808 1226 funibus
1857 1179 1911 1228 et
1965 1170 2034 1226 ad

425 1260 710 1316 ecclesiam
739 1261 1142 1318 Molismensem
1174 1261 1450 1332 perducta,
1484 1276 1646 1331 quam
1697 1260 1801 1316 cito
1843 1260 2034 1330 sepul-

424 1367 576 1406 crum
607 1349 752 1406 beati
810 1350 912 1406 viri
960 1351 1275 1423 contingere
1331 1349 1526 1422 potuit,
1585 1349 1810 1404 liberata
1867 1357 1947 1404 est
1999 1365 2033 1405 a

422 1445 691 1515 daemone,
725 1448 858 1504 nihil
890 1447 1148 1518 deinceps
1177 1447 1281 1502 tale
1329 1463 1610 1518 perpessa.
1678 1447 1738 1501 In
1789 1463 1847 1502 se
1901 1463 2032 1504 vero

418 1553 661 1607 reversa,
691 1554 815 1594 cum
847 1555 904 1593 se
935 1537 1146 1593 videret
1169 1535 1389 1592 funibus
1435 1535 1800 1606 constrictam,
1847 1535 2032 1591 mirari

419 1627 620 1698 erepit;
651 1635 704 1682 et
731 1627 972 1694 demum,
1006 1626 1192 1698 agnito
1224 1625 1462 1681 facinore
1492 1625 1636 1696 quod
1688 1632 1882 1697 patrat,
1932 1641 2030 1697 pro

417 1730 584 1771 causa
637 1715 842 1788 duplici
902 1715 1029 1770 ﬂere
1085 1713 1294 1786 cmpit:
1356 1713 1480 1770 hinc
1533 1721 1812 1786 peccatum
1873 1731 2030 1768 suum

419 1803 759 1860 amarissime
786 1803 1010 1872 deﬂens,
1042 1804 1169 1860 hinc
1223 1817 1352 1859 vero
1406 1817 1505 1873 pro
1560 1801 1878 1858 liberatione
1933 1819 2032 1858 sua

2143 654 2315 708 panes
2341 639 2554 710 penitus
2583 639 2640 694 in
2678 642 3006 698 monasterio
3063 658 3172 698 non
3224 642 3429 698 haberi.
3491 665 3516 694 α
3573 642 3756 702 Unde

2143 743 2295 800 ergo,
2329 727 2405 783 ait
2433 737 2666 799 sanctus,
2723 730 2884 786 hodie
2938 729 3180 787 reficient
3235 731 3421 788 fratres
3447 733 3476 786 ?
3533 755 3555 781 ι
3619 734 3746 789 Re-

2141 817 2360 888 spondit
2390 836 2403 873 :
2443 840 2466 867 «
2495 819 2710 874 Nescio.
2746 842 2769 868 ι»
2802 819 2916 876 Nec
2963 836 3117 876 mora
3150 839 3163 876 :
3212 821 3358 877 venit
3414 822 3563 892 hora,
3626 839 3744 894 qua

2143 905 2352 976 fratres,
2384 907 2616 978 peractis
2640 924 2713 964 ex
2742 924 2892 965 more
2921 909 3204 966 missarum
3232 911 3523 980 solemniis,
3563 928 3744 984 para-

2142 993 2275 1050 bant
2329 997 2655 1068 appropiare
2707 998 2926 1054 mensis.
2982 999 3117 1056 Cum
3172 999 3404 1056 sonitum
3473 1001 3737 1072 cymbali,

2141 1093 2277 1148 sicut
2305 1093 2398 1149 illa
2425 1095 2560 1150 hora
2587 1096 2754 1152 moris
2797 1103 2896 1166 est,
2953 1097 3038 1154 vir
3088 1106 3304 1154 sanctus
3353 1098 3601 1169 audisset,
3661 1099 3740 1156 ab

2140 1184 2737 1256 teconomo'requisivit
2760 1187 2902 1241 unde
2933 1203 3102 1259 panes
3149 1187 3388 1254 haberet,
3436 1205 3568 1260 quos
3612 1189 3732 1245 fra-

2143 1271 2312 1326 tribus
2338 1272 2617 1328 refeeturis
2643 1283 2964 1346 apponeret.
3029 1299 3052 1324 ι
3112 1275 3236 1350 Ego
3291 1277 3478 1348 inquit,
3532 1293 3744 1350 paucos

2138 1362 2432 1427 reservavi,
2465 1378 2779 1432 procurans,
2827 1372 2886 1420 ut
2935 1364 3244 1422 refectionis
3298 1367 3429 1422 hora
3483 1367 3744 1423 fratribus

2139 1449 2341 1506 cibaria
2372 1467 2480 1506 non
2509 1451 2778 1508 deessent.
2813 1475 2835 1502 ιο
2871 1453 3022 1509 Tunc
3048 1454 3133 1511 vir
3176 1454 3276 1510 Dei
3314 1455 3429 1510 zelo
3464 1455 3738 1526 incensus,

2139 1547 2376 1604 fremens
2404 1556 2458 1604 et
2484 1548 2795 1622 indignans,
2827 1550 2971 1622 quod
3003 1551 3056 1606 in
3085 1567 3254 1624 grege
3300 1551 3402 1608 sibi
3447 1553 3743 1611 commisso

2131 1644 2404 1708 repertum
2437 1637 2630 1694 fuisset
2657 1638 3040 1697 inobedientie
3085 1640 3271 1696 lolium
3321 1648 3375 1696 et
3416 1641 3738 1699 difﬁdentia;

2134 1725 2356 1796 zizania,
2387 1725 2662 1800 ingressus
2687 1728 3030 1784 refectorium
3078 1745 3248 1800 panes
3292 1731 3490 1787 mensis
3533 1747 3736 1802 super-

2135 1815 2337 1886 positos
2389 1815 2446 1870 in
2489 1824 2674 1886 sporta
2720 1817 2973 1888 suscepit,
3035 1818 3288 1891 ipsosque
3353 1819 3420 1876 de
3495 1819 3733 1892 quodam

419 1902 625 1975 gratias
653 1919 824 1974 agens
851 1903 988 1958 Deo.
1020 1903 1150 1958 Haec
1197 1907 1376 1956 autem
1426 1907 1480 1955 et
1521 1899 1605 1956 his
1648 1899 1848 1956 similia
1885 1916 2024 1970 ope-
2053 1905 2109 1970 B
2137 1905 2384 1960 colliculo
2414 1905 2594 1962 vicino
2625 1907 2889 1975 ecclesiae,
2911 1907 2966 1962 in
2988 1923 3130 1979 aqua
3158 1909 3293 1980 (33),
3343 1925 3462 1980 qua:
3511 1909 3734 1966 subter-

416 1991 522 2047 rari
554 2008 664 2047 non
693 1991 891 2047 desinit
916 1990 1084 2048 virtus
1134 1989 1350 2059 Christi,
1407 2005 1504 2061 per
1556 1989 1747 2044 merita
1801 1991 1861 2044 Β.
1918 1991 2027 2046 Ro-

419 2080 578 2151 berti,
609 2081 678 2136 ad
707 2080 923 2136 laudem
955 2087 1006 2136 et
1033 2079 1264 2153 gloriam
1296 2077 1532 2134 nominis
1557 2077 1659 2147 sui,
1682 2077 1768 2134 cui
1797 2085 1876 2134 est
1903 2094 2026 2134 cum

423 2171 579 2226 Patre
609 2178 664 2225 et
693 2170 898 2242 Spiritu
925 2177 1112 2226 sancto
1163 2169 1340 2224 honor
1375 2175 1429 2222 et
1475 2167 1675 2240 gloria,
1729 2167 1786 2222 in
1831 2168 2026 2225 saecula

420 2259 762 2316 saeculorum.
794 2262 986 2316 Amen.

487 2361 586 2414 23.
633 2358 758 2413 Non
813 2356 914 2412 abs
968 2373 1028 2412 re
1087 2356 1322 2414 arbitror
1376 2357 1575 2414 omissa
1641 2363 1905 2429 repetere,
1973 2362 2028 2410 et

419 2463 584 2520 quam
624 2446 884 2504 modesta;
941 2445 1241 2503 severitatis
1302 2446 1359 2502 in
1423 2447 1686 2515 subditos,
1753 2460 2026 2517 quamque

419 2535 662 2592 liberalis
697 2535 754 2590 in
815 2551 1082 2608 pauperes
1144 2535 1337 2591 beatus
1402 2535 1669 2590 Robertus
1737 2533 2020 2603 exstiterit,

417 2625 664 2696 apicibus
702 2624 986 2680 adnotare.
1051 2625 1186 2680 Cum
1252 2625 1398 2680 enim
1463 2624 1698 2695 quodam
1763 2622 1851 2678 die
1914 2623 2022 2678 duo

419 2715 599 2770 clerici
629 2714 804 2770 virum
829 2713 930 2769 Dei
960 2729 1058 2786 pro
1091 2713 1298 2769 foribus
1353 2713 1594 2769 ecclesiae
1647 2711 1973 2783 reperissent
2004 2725 2020 2780 ;

421 2818 704 2881 coeperunt
731 2811 801 2866 ab
830 2826 896 2866 eo
926 2810 1186 2866 instanter
1213 2810 1528 2866 alimoniam
1586 2807 1876 2882 postulare.
1928 2809 2025 2864 Vir

419 2907 600 2956 autem
628 2899 749 2967 Dei,
781 2899 918 2956 sicut
947 2907 1086 2955 totus
1140 2899 1526 2955 misericordia:
1579 2897 1876 2956 visceribus
1929 2897 2020 2954 af-

419 2989 641 3058 ﬂuebat,
685 2989 898 3045 illorum
937 2988 1162 3060 cupiens
1216 2988 1417 3060 inepiaa
1471 2987 1781 3056 subvenire,
1839 2987 2018 3044 statim

414 3077 706 3150 quemdam
735 3095 765 3133 e
801 3077 1068 3148 fratribus,
1105 3077 1258 3148 cujus
1287 3085 1400 3133 erat
1433 3077 1673 3134 officium
1717 3077 2018 3132 ministrare

417 3167 641 3236 mensis,
683 3167 932 3225 accersiri
985 3167 1263 3240 praecepit.
1324 3167 1421 3224 Cui
1475 3183 1600 3223 cum
1651 3166 2014 3240 praecepisset,

487 3340 604 3414 (32)
654 3341 827 3414 Vulgo
875 3338 1478 3413 Baigncux-lcs-Jui/s,
1535 3339 1592 3395 id
1639 3347 1718 3414 est
1771 3338 2015 3395 Balniola

412 3409 1033 3484 Judanrumfoppiduin
1083 3409 1413 3484 Burgundiaa'
1444 3429 1612 3484 prope
1669 3413 2004 3484 Sequanam.

415 3483 495 3538 Ita
523 3491 738 3540 notatur
763 3482 828 3539 in
848 3482 1150 3554 Mphabeto
1194 3482 1462 3540 Francicd
1496 3482 1561 3538 ΡΙ
1598 3483 1791 3544 Duval,
1851 3482 2012 3537 vide-

415 3561 604 3626 turque
635 3556 778 3612 idem
807 3571 925 3611 esse
955 3556 1098 3626 quod
1130 3555 1184 3610 in
1213 3555 1438 3626 ,Tabula
1484 3554 1707 3610 ducatus
1760 3555 2014 3626 Burgun-

413 3624 531 3697 dici
548 3626 799 3682 scribitur
838 3624 1046 3697 absque
1099 3625 1285 3682 addito
1344 3629 1642 3697 Bagaeum,
1699 3641 1806 3680 una
1859 3624 2015 3681 leuca

412 3695 616 3767 distans
644 3714 677 3753 a
717 3695 985 3764 Molismo,
1044 3697 1114 3752 ad
1171 3713 1294 3753 eum
1350 3695 1584 3752 rivulum
1641 3697 1734 3767 qui
1785 3713 1902 3752 sese
1957 3697 2015 3752 in

410 3765 724 3839 Sequanam
756 3776 1015 3825 exonerat
1044 3767 1186 3823 infra
1213 3770 1436 3824 Burrum
1469 3765 1804 3839 praedictum.

483 3838 599 3913 (33')
661 3841 892 3896 Michael
945 3840 1210 3896 Antonius
1264 3838 1572 3908 Baudrand,
1633 3839 1724 3910 qui
1779 3838 2017 3895 Lexicon

2135 1991 2338 2049 ﬂuebat
2366 1994 2669 2066 praecipites
2695 1995 2880 2052 dedit:
2911 1997 3102 2052 nolens
3127 1997 3183 2052 in
3209 1997 3333 2053 filiis
3373 1998 3471 2054 Dei
3507 1999 3734 2071 culpam

2135 2091 2517 2148 inobedientia:
2544 2093 2790 2164 reperiri.
2823 2096 2892 2150 At
2919 2110 3048 2151 vero
3077 2095 3252 2151 zelum
3291 2096 3458 2168 ipsius
3484 2097 3630 2152 Deus
3662 2112 3736 2152 ex

2135 2181 2245 2237 alto
2274 2182 2630 2254 prospiciens,
2657 2182 2774 2254 jam
2803 2183 3125 2254 quibusdam
3169 2185 3378 2242 devotis
3419 2185 3737 2242 mulieribus

2133 2269 2204 2326 de
2233 2271 2556 2327 Castellione
2584 2272 2702 2343 (34)
2733 2272 3108 2342 inspiraverat,
3139 2281 3198 2329 ut
3243 2291 3410 2346 panes
3462 2275 3738 2330 deferrent

2133 2358 2389 2415 fratribus
2415 2360 2720 2416 refecturis.
2763 2361 2854 2416 Vir
2871 2361 3016 2416 enim
3049 2361 3149 2419 Dei
3179 2363 3239 2418 Β.
3291 2363 3551 2420 Robertus
3603 2363 3732 2418 inde

2131 2447 2467 2520 regrediens,
2515 2447 2586 2504 ad
2642 2456 2854 2521 portam
2911 2450 3222 2507 monasterii
3280 2459 3385 2508 tres
3435 2451 3732 2525 quadrigas

2132 2544 2341 2600 invenit
2367 2546 2603 2616 panibus
2631 2556 2902 2617 oneratas,
2936 2565 3070 2620 quas
3123 2549 3191 2605 de
3247 2549 3562 2606 Castellione
3609 2549 3731 2620 jam

2131 2633 2289 2690 dicta:
2321 2635 2574 2692 mulieres
2602 2636 2672 2692 ad
2716 2636 3066 2695 refectionem
3093 2639 3316 2695 fratrum
3373 2639 3723 2696 adduxerant.

2131 2723 2282 2778 Tunc
2310 2724 2394 2779 vir
2422 2724 2542 2794 Dei,
2595 2724 2848 2782 fratribus
2899 2727 3226 2798 convocatis,
3285 2726 3616 2783 diffidentem
3672 2733 3727 2782 et

2129 2811 2529 2869 inobedientem
2561 2813 2780 2870 fratrem
2809 2831 2992 2872 coram
3020 2817 3225 2872 cunctis
3259 2816 3549 2890 redarguit,
3593 2832 3724 2872 cun-

2128 2909 2351 2972 ctosque
2392 2901 2598 2970 fratres,
2659 2903 2728 2958 ad
2784 2905 3218 2976 prtesumendum
3278 2905 3346 2961 de
3399 2905 3496 2960 Dei
3551 2904 3721 2960 mise-

2127 2989 2360 3045 ricordia
2388 2991 2445 3045 in
2494 2991 2901 3048 necessitatibus
2956 2993 3175 3050 monitis
3229 2994 3547 3050 salutaribus
3596 2993 3718 3049 ani-

2126 3079 2297 3137 mavit
2325 3079 2462 3154 (35).

2119 3337 2802 3422 geographicumjferrarii
2831 3338 3070 3422 dimidia_
3084 3347 3234 3422 parte
3277 3338 3480 3422 auctius
3532 3354 3709 3413 nuper

2121 3410 2397 3484 vulgavit,
2417 3410 2485 3484 de
2514 3412 2762 3484 Molismo
2804 3410 3191 3484 agens.rsitum
3247 3413 3323 3468 ait
3381 3411 3450 3468 ad
3503 3410 3713 3468 amnem

2121 3481 2328 3556 Lcigne
2353 3481 2560 3556 (Latine
2593 3481 2812 3538 Leniam
2841 3481 2938 3538 seu
2960 3483 3184 3556 Lineam
3205 3484 3426 3556 dixeris)
3463 3483 3552 3540 hic
3585 3500 3714 3541 vero

2121 3554 2299 3628 supra
2313 3555 2511 3628 Barum
2521 3554 2795 3628 ASequana;
2823 3571 2939 3610 sese
2965 3555 3183 3628 ingerit.

2195 3625 2311 3696 (34)
2343 3625 2593 3698 Castellio
2618 3624 2884 3698 oppidum
2908 3624 2985 3698 ad
3031 3624 3368 3698 Sequanam,
3427 3625 3592 3682 tribus
3645 3625 3712 3682 ad

2123 3695 2385 3754 orientem
2418 3695 2584 3752 leucis
2614 3697 2858 3753 Molismo
2890 3696 3112 3752 distans.

2193 3768 2311 3840 (35)
2364 3768 2529 3823 Totus
2585 3767 2674 3823 hic
2728 3771 3099 3841 paragraphus
3153 3769 3380 3826 habetur
3430 3768 3488 3824 in
3558 3765 3710 3826 Surio

2124 3847 2248 3912 post
2274 3855 2558 3894 numerum
2587 3845 2828 3895 nostrum
2861 3843 2948 3895 11.

1113 4157 1849 4265 PROCESSUS
1960 4157 3025 4266 CANONIZATIONIS

471 4663 562 4718 24.
593 4660 880 4717 Processus
925 4657 1016 4717 hic
1070 4655 1492 4716 canonizationis
1545 4672 1655 4712 una
1708 4671 1832 4713 cum
1888 4653 2004 4714 ori-
2035 4655 2086 4722 C
2115 4655 2472 4730 Lingonensis
2492 4655 2651 4730 Hugo
2680 4657 2756 4712 II.
2813 4664 2868 4714 et
2914 4656 3224 4715 Valentinus
3277 4656 3546 4714 Girondus
3593 4656 3696 4715 sive

401 4749 621 4824 ginibus
691 4748 896 4805 ordinis
969 4747 1336 4804 Cisterciensis
1401 4753 1574 4802 exstat
1637 4745 1692 4801 in
1760 4752 1909 4802 torno
1983 4747 2007 4800 Ι

401 4840 752 4897 Βὼιὶοιιιθοω
781 4855 911 4894 mss.
943 4853 976 4894 a
1006 4837 1254 4910 Philippo
1302 4835 1486 4892 Labbe
1533 4835 1730 4892 editus.
1795 4835 2006 4891 Conve-

402 4937 595 4986 nerunt
623 4928 829 4985 scilicet
856 4941 1000 4983 anno
1032 4926 1167 4983 1221
1205 4924 1584 4982 Cistercienses
1603 4924 1672 4979 ad
1708 4922 2003 4994 capitulum

399 5029 674 5103 generale,
733 5027 791 5084 in
846 5042 1021 5098 eoque
1075 5033 1391 5092 statuerunt,
1467 5031 1528 5079 ut
1593 5023 2006 5079 intercessiones

398 5118 607 5186 ﬁerent,
641 5116 917 5188 libellique
956 5115 1230 5186 supplices
1265 5111 1585 5170 offerrentur
1631 5111 1870 5168 Honorio
1924 5110 2002 5167 III

398 5205 662 5280 pontifici,
694 5214 754 5261 ut
781 5205 828 5261 is
885 5203 1181 5260 Robertum
1238 5203 1488 5274 catalogo
1535 5209 1843 5256 sanctorum
1897 5200 2004 5255 ad-

398 5298 676 5354 scriberet.
706 5294 951 5352 Accessit
992 5291 1416 5350 Molismensium
1474 5306 1688 5362 quoque
1742 5288 2000 5360 studium,

395 5395 601 5452 meritis
652 5391 958 5450 communis
1042 5389 1214 5446 Patris
1287 5390 1521 5445 honores
1594 5387 2000 5458 querentium;

389 5483 699 5556 junctisque
726 5481 842 5538 sive
863 5479 1054 5538 litteris
1071 5480 1186 5536 sive
1202 5478 1395 5552 legatis
1414 5477 1467 5534 id
1508 5476 1653 5550 apud
1689 5475 1999 5549 pontificem

394 5574 686 5631 effecerunt
714 5572 946 5642 utrique,
987 5577 1046 5626 ut
1097 5586 1313 5641 aequum
1369 5584 1597 5624 censeas
1645 5565 1790 5636 quod
1845 5573 1997 5638 pete-

393 5658 570 5730 batur,
605 5669 894 5731 antequam
927 5659 984 5716 S.
1032 5659 1268 5714 Roberto
1314 5658 1593 5728 publicum
1639 5657 1840 5711 cultum
1893 5655 1997 5711 de-

392 5765 653 5824 cerneret,
691 5756 762 5810 ad
790 5755 1181 5828 explorandam
1237 5755 1363 5812 vitae
1413 5755 1530 5825 ejus
1581 5753 1992 5810 sanctimoniam

393 5857 457 5900 ac
509 5843 772 5898 miracula
816 5845 1216 5916 cognoscenda,
1275 5850 1335 5898 ut
1391 5859 1512 5899 mos
1565 5841 1821 5898 Ecclesia:
1887 5849 1988 5912 est,

393 5937 568 5986 certos
587 5928 914 5999 idoneosque
935 5930 1080 5988 viros
1101 5930 1381 6004 delegarit.
1415 5929 1584 5987 Fuere
1623 5927 1658 5985 ii
1707 5928 1994 6002 episcopus

2119 4746 2393 4813 Giraldus,
2427 4763 2495 4802 ex
2523 4746 2856 4802 Molismensi
2887 4763 2950 4803 ac
2977 4746 3104 4803 dein
3131 4746 3468 4804 Cluniacensi
3513 4747 3696 4804 abbate

2115 4835 2222 4892 huc
2275 4844 2574 4908 promotus,
2632 4835 2910 4906 abbasque
2969 4836 3332 4892 Cluniacensis
3389 4835 3691 4892 Rolandus:

2116 4925 2185 4982 ad
2213 4940 2350 4996 quos
2397 4925 2641 4996 pontifex
2695 4941 2858 4998 super
2907 4924 3155 4981 faciendo
3209 4923 3516 4995 hujusmodi
3569 4940 3692 4980 exa-

2113 5025 2260 5080 mine
2291 5032 2578 5095 sequentes
2606 5024 2809 5081 litteras
2855 5023 3047 5082 dedit:
3106 5046 3130 5074 α
3180 5023 3448 5080 Honorius
3491 5024 3690 5096 episco-

2113 5130 2236 5185 pus,
2267 5129 2458 5170 servus
2488 5129 2770 5170 servorum
2827 5113 2948 5183 Dei,
3002 5112 3398 5170 venerabilibus
3454 5112 3691 5170 fratribus

2111 5203 2442 5276 Lingonensi
2473 5210 2526 5259 et
2555 5203 2838 5260 Valentino
2891 5202 3178 5274 episcopis,
3243 5209 3297 5258 et
3349 5202 3541 5258 dilecto
3589 5201 3687 5258 filio

2111 5291 2295 5349 abbati
2324 5291 2683 5360 Cluniacensi,
2730 5292 3135 5348 Matisconensis
3169 5289 3434 5360 dimcesis,
3475 5290 3685 5347 salutem

2109 5397 2164 5445 et
2193 5389 2544 5462 apostolicam
2565 5388 3021 5446 benedictionem.
3046 5387 3358 5446 Gaudemus
3370 5388 3426 5443 in
3443 5387 3683 5454 Domino,

2107 5486 2162 5534 et
2189 5478 2244 5534 in
2275 5477 2394 5548 ejus
2435 5478 2685 5535 laudibus
2738 5477 3088 5546 delectamur,
3137 5476 3281 5549 quod
3335 5477 3468 5532 sicut
3521 5475 3686 5533 dilecti

2105 5565 2202 5621 ﬁlii
2252 5567 2486 5623 universi
2533 5566 2759 5623 abbates
2795 5565 3158 5623 Cisterciensis
3200 5564 3403 5622 ordinis
3445 5564 3500 5620 in
3545 5564 3682 5637 capi-

2105 5656 2216 5712 tulo
2247 5654 2489 5729 generali
2517 5655 2854 5730 congregati,
2885 5673 2984 5712 nec
3012 5670 3121 5712 non
3163 5662 3214 5710 et
3257 5653 3427 5711 abbas
3457 5671 3682 5711 conven-

2105 5761 2188 5809 tus
2241 5755 2601 5810 Molismensis
2665 5754 2776 5810 suis
2850 5753 3010 5809 nobis
3082 5753 3269 5808 litteris
3342 5753 3678 5819 insinuarunt,

2101 5841 2274 5898 felicis
2300 5843 2686 5899 recordationis
2729 5841 2993 5899 Bobertus
3045 5841 3159 5915 (qui
3216 5841 3420 5915 primus
3473 5855 3678 5920 monas-

2103 5932 2219 5988 terii
2293 5932 2654 5990 Molismensis
2727 5932 2827 5988 fuit
2899 5931 3071 5989 abbas
3096 5972 3110 6001 ,
3187 5933 3496 6004 primusque
3561 5929 3679 6001 jecit
