3972 6416
243 391 382 445 1289

1653 373 2152 438 CANONIZATIO.

3399 375 3534 428 1290

243 510 626 568 Cisterciensis
681 507 906 563 Ordinis
963 503 1394 565 fundamentum,
1455 501 1603 572 quod
1649 500 1832 556 divina
1866 505 1920 564 Α
1953 500 2179 570 recepit.
2210 499 2345 555 Huic
2377 498 2519 553 facto
2578 496 2820 552 interfuit
2876 496 3022 552 idem
3077 497 3246 552 abbas
3289 503 3343 554 et
3370 496 3527 551 vidit.

147 624 154 628 ν
243 601 464 657 favente
496 597 674 669 gratia
702 596 878 652 crevit
927 596 981 648 in
1036 593 1292 662 templum
1351 599 1596 647 sanctum
1637 591 1688 643 in
1721 590 1836 645 Do-

244 692 417 759 mino)
449 688 712 760 religiose
731 687 937 749 vivens,
963 690 1110 738 tanta
1129 681 1272 735 fulsit
1294 681 1470 752 gratia
1492 681 1833 747 meritorum,

247 790 396 864 quod
430 788 690 842 Dominus
727 792 851 838 tunc
883 780 1050 835 multa
1103 789 1151 833 et
1207 793 1406 848 magna
1448 776 1711 832 miracula
1743 792 1840 846 per

247 863 372 936 eum
404 884 680 948 operatus,
729 872 904 926 adhuc
955 876 1078 942 post
1125 869 1247 935 ejus
1293 867 1505 921 felicem
1537 866 1739 920 obitum
1772 863 1841 918 ad

250 976 571 1048 sepulcrum
601 971 790 1043 ipsius,
841 967 910 1022 ad
957 964 1328 1022 ostensionem
1360 962 1657 1018 sanctitatis
1686 962 1840 1030 ejus-

251 1075 399 1139 dem,
431 1071 690 1143 dignatur
717 1063 935 1137 operari
981 1062 1211 1130 majora,
1246 1069 1300 1114 ut
1329 1074 1492 1130 quem
1523 1057 1696 1112 virtus
1726 1073 1844 1112 mo-

253 1179 376 1219 rum
407 1157 713 1214 bouestavit
764 1155 822 1207 in
879 1152 983 1216 via,
1043 1149 1432 1204 miraculorum
1485 1145 1657 1218 gloria
1688 1146 1845 1200 nobis

254 1251 494 1308 insinuet
542 1247 597 1300 in
653 1241 829 1315 patria
883 1237 1162 1296 honorari.
1229 1237 1407 1305 Quare
1465 1236 1628 1289 iidem
1688 1235 1846 1289 nobis

257 1347 630 1420 supplicamnt
655 1343 918 1396 instanter
952 1355 965 1401 ;
999 1344 1056 1391 ut
1086 1351 1213 1390 cum
1243 1333 1366 1390 luce
1414 1333 1616 1389 clarius
1645 1340 1846 1403 pateat,

260 1441 441 1510 ipsum
480 1434 536 1488 in
567 1431 759 1488 ordine
817 1426 1198 1484 confessorum
1260 1437 1492 1495 regnare
1535 1422 1589 1475 in
1617 1421 1850 1476 ecclesia

259 1525 642 1596 triumphante,
675 1520 835 1574 etiam
866 1517 918 1570 in
951 1515 1213 1569 militante
1252 1520 1562 1567 sanctorum
1595 1510 1851 1581 catalogo

259 1622 535 1680 ascribere
565 1617 906 1672 deberemus.
945 1613 1168 1674 Verum,
1203 1607 1332 1680 quia
1361 1607 1414 1662 in
1446 1614 1594 1662 tanto
1631 1605 1851 1676 negotio

263 1728 372 1768 non
403 1717 486 1765 est
512 1707 615 1762 nisi
645 1720 768 1761 cum
799 1701 1066 1774 gravitate
1125 1696 1360 1768 plurima
1416 1695 1849 1766 procedendum,

263 1817 368 1857 nos
398 1800 467 1854 de
497 1796 604 1852 ﬁde
641 1809 705 1850 ac
736 1790 1068 1847 discretione
1102 1796 1281 1842 vestra
1308 1785 1523 1856 plenam
1553 1784 1603 1838 in
1621 1782 1854 1838 Domino

266 1897 521 1952 fiduciam
551 1892 879 1947 obtinentes,
911 1884 1226 1941 discretioni
1279 1890 1474 1936 vestrae
1503 1896 1600 1951 per
1628 1887 1852 1950 aposto-

265 1986 368 2042 lica
400 1983 602 2053 scripta
630 1981 978 2040 mandamus,
1014 1984 1279 2045 quatenus
1329 1979 1433 2024 tam
1462 1971 1529 2024 de
1563 1969 1675 2022 vita
1699 1983 1863 2040 quam

268 2084 337 2138 de
369 2078 650 2136 miraculis
683 2073 853 2129 sancti
902 2070 1157 2143 praedicti
1201 2067 1576 2139 perquirentes
1609 2065 1860 2127 sollicite,

269 2179 577 2240 veritatem,
639 2187 801 2245 quam
867 2167 1204 2230 inveneritis,
1263 2181 1362 2235 per
1418 2173 1635 2217 vestras
1709 2162 1864 2216 nobis

271 2269 483 2324 litteras
514 2263 747 2318 ﬁdeliter
778 2258 1053 2322 intimetis,
1091 2265 1146 2310 ut
1175 2271 1238 2309 ex
1273 2260 1446 2307 vestra
1469 2253 1728 2307 relatione
1759 2249 1867 2304 suf-

272 2365 522 2422 ﬁcientur
551 2358 824 2417 instructi.
848 2357 1210 2428 procedamus
1241 2352 1453 2419 exinde,
1481 2359 1641 2422 prout
1673 2364 1866 2404 secun-

274 2465 404 2521 dum
452 2462 625 2516 Deum
670 2455 967 2510 viderimus
1010 2450 1438 2524 procedendum.
1491 2446 1649 2515 Quod
1681 2445 1865 2499 sinon

274 2575 466 2617 omnes
498 2557 582 2610 his
614 2550 981 2623 exsequendis
1011 2547 1256 2618 poteritis
1306 2545 1593 2610 interesse,
1634 2543 1741 2597 duo
1774 2557 1865 2595 ve-

274 2658 446 2706 strum
480 2662 547 2702 ea
577 2642 924 2698 nihilominus
957 2644 1346 2708 exsequantur.
1380 2634 1573 2687 Datum
1618 2630 1869 2685 Laterani

274 2757 468 2804 octavo
499 2742 770 2798 Kalendas
805 2735 1100 2800 Februarii,
1151 2731 1496 2804 pontificatus
1527 2729 1697 2786 nostri
1725 2743 1868 2783 anno

277 2837 487 2910 quinto.
527 2856 549 2880 ιι

349 2978 444 3030 25.
484 2973 758 3027 Hactenus
789 2967 1036 3040 pontifex
1092 2965 1160 3020 de
1206 2964 1350 3020 dicto
1398 2961 1652 3016 examine
1703 2958 1871 3031 (quod

278 3074 506 3135 uterque
535 3061 844 3132 episcopus,
877 3057 1073 3112 abbate
1095 3051 1457 3119 Cluniacensi,
1488 3050 1608 3104 aliis
1640 3049 1871 3119 negotiis

281 3152 560 3224 impedito,
591 3149 735 3220 apud
768 3147 1072 3202 Molismum
1103 3143 1354 3211 instituit)
1385 3140 1699 3210 Manriquez
1727 3138 1870 3193 scri-

283 3256 357 3309 bit
385 3251 530 3325 quod
561 3252 618 3305 S.
650 3249 887 3304 Roberto
941 3252 1063 3298 ante
1107 3249 1321 3299 centum
1380 3254 1555 3294 annos
1601 3237 1813 3292 sublato

284 3343 439 3405 vivis,
475 3355 598 3394 cum
627 3337 758 3392 nulli
813 3353 879 3390 ex
937 3333 1238 3405 aequalibus
1295 3328 1610 3399 superstites
1667 3332 1873 3390 essent,

285 3433 378 3504 qui
425 3430 494 3485 de
537 3425 817 3483 miraculis
869 3439 901 3478 a
958 3423 1172 3477 vivente
1231 3417 1456 3490 patratis
1506 3415 1874 3471 testimonium

284 3527 546 3590 dicerent,
606 3519 1018 3577 examinatores
1075 3513 1312 3572 contenti
1358 3511 1604 3576 historia,
1658 3525 1779 3580 qua)
1807 3508 1876 3563 de

285 3617 400 3672 vita
429 3613 709 3684 signisque
742 3609 858 3678 ejus
892 3607 1100 3676 scripta
1149 3603 1400 3658 exstabat
1431 3615 1552 3656 eam
1583 3599 1651 3653 ad
1683 3599 1875 3652 Hono-

286 3715 423 3771 rium
453 3709 793 3773 destinarint,
845 3721 1060 3776 unaque
1090 3720 1228 3767 eam,
1263 3717 1422 3772 quam
1474 3697 1878 3771 subiungimus,

287 3826 514 3884 quaeque
583 3804 1004 3864 canonizationis
1078 3815 1392 3871 processum
1475 3795 1877 3868 complectitur,

289 3883 595 3973 epistolam.
655 3895 789 3950 Vitae
848 3902 1125 3947 auctorem
1191 3890 1327 3959 ipse,
1399 3895 1636 3956 emptum
1706 3883 1880 3939 semel

290 4004 534 4047 errorem
566 3999 924 4057 prosequens,
983 3980 1232 4036 Odonem
1293 3975 1533 4032 nominat
1565 3993 1580 4042 ;
1623 3990 1744 4030 cum
1777 3974 1881 4028 hoc

291 4085 456 4142 fuerit
485 4097 688 4136 nomen
727 4077 960 4143 abbatis,
1018 4075 1176 4144 cujus
1228 4073 1386 4144 jussu
1436 4087 1507 4126 ea
1543 4070 1750 4140 scripta
1780 4075 1881 4137 est,

289 4191 398 4231 non
426 4166 683 4228 auctoris.
715 4166 960 4238 Epistola
990 4164 1110 4234 ipsa
1168 4171 1249 4218 est
1299 4161 1643 4230 bujusmodi;
1685 4182 1706 4207 α
1741 4158 1883 4214 San-

290 4276 534 4338 ctissimo
565 4271 709 4328 Patri
753 4286 815 4326 ac
862 4268 1084 4323 domino
1115 4265 1378 4329 Honorio,
1413 4262 1513 4318 Dei
1553 4263 1730 4334 gratia
1761 4280 1886 4318 san-

289 4377 389 4426 ctae
418 4375 471 4422 et
500 4360 813 4434 apostolicae
851 4357 998 4412 sedis
1027 4369 1239 4410 summo
1272 4359 1326 4410 et
1355 4352 1680 4408 universalis
1702 4354 1884 4423 ponti-

289 4465 396 4532 fici,
429 4464 496 4518 H.
529 4461 724 4517 eadem
778 4457 962 4530 gratia
1017 4451 1375 4526 Lingonensis
1419 4459 1473 4505 et
1526 4449 1596 4505 G.
1641 4451 1887 4506 Valenti-

1948 589 2090 642 Vidit
2142 588 2303 643 etiam
2355 587 2497 641 idem
2558 585 2747 649 abbas,
2827 593 3074 657 tempore
3147 584 3534 648 dedicationis,

1951 677 2206 734 Ecclesiae
2235 675 2616 742 Molismensis,
2650 682 2940 746 postquam
2973 674 3214 729 habitum
3245 673 3537 730 monacha-

1949 775 2054 828 lem
2111 782 2160 828 et
2215 773 2464 828 ordinem
2515 771 2916 827 sacerdotalem
2977 779 3340 842 susceperat;
3393 768 3539 842 quod

1951 879 2070 918 cum
2103 863 2372 932 sepulcra,
2408 869 2633 932 prepter
2664 858 3028 916 reverentiam
3056 859 3436 924 dedicationis,
3471 859 3542 913 ab

1953 951 2180 1007 ecclesia
2215 950 2548 1013 tollerentur,
2582 957 2636 1004 et
2664 957 2880 1004 ventum
2941 956 3084 1003 esset
3131 948 3199 1002 ad
3229 948 3542 1019 sepulcrum

1955 1051 2199 1118 ejusdem
2259 1047 2585 1104 venerabilis
2643 1049 2869 1115 Patris;
2929 1047 2995 1101 ad
3049 1052 3256 1102 motum
3305 1043 3544 1116 sepulcri

1955 1140 2204 1211 proprios
2235 1137 2423 1194 oculos
2453 1139 2520 1193 de
2551 1144 2694 1192 terra
2741 1135 2957 1204 liniens,
2990 1135 3196 1208 recepit
3234 1133 3308 1189 ibi
3339 1132 3543 1190 mulier

1957 1228 2204 1300 quaedam
2237 1227 2430 1283 visum.

2028 1383 2122 1433 26.
2160 1401 2181 1428 (ι
2225 1378 2404 1433 Altera
2432 1376 2500 1432 de
2530 1375 2723 1432 eadem
2770 1383 2916 1432 terra
2957 1375 3278 1442 comedens,
3311 1389 3548 1448 recupe-

1961 1467 2098 1522 ravit
2134 1466 2434 1538 loquelam,
2493 1481 2615 1522 cum
2671 1481 2770 1536 per
2820 1463 3112 1520 triennium
3159 1471 3306 1518 muta
3337 1462 3547 1527 fuisset,

1961 1556 2099 1611 sicut
2127 1556 2350 1610 maritus
2379 1554 2496 1624 ejus
2527 1560 2584 1608 et
2613 1553 2734 1624 ipsa
2764 1552 2992 1607 firmiter
3017 1552 3363 1608 asserebant.
3400 1551 3548 1608 Acci-

1963 1654 2039 1709 dit
2069 1661 2278 1725 postea,
2298 1653 2538 1708 nondum
2571 1667 2603 1707 a
2633 1651 2888 1724 praesenti
2918 1650 3136 1707 testium
3154 1649 3554 1708 examinatione

1963 1743 2176 1798 duobus
2205 1741 2360 1797 annis
2389 1741 2611 1812 elapsis,
2671 1740 2814 1813 quod
2872 1739 3118 1812 quedam
3151 1753 3326 1796 vacca
3352 1739 3555 1795 vulne-

1886 1858 1936 1916 Β
1968 1840 2082 1886 rata
2113 1831 2208 1886 fuit
2235 1846 2268 1884 a
2298 1830 2449 1901 lupo,
2499 1829 2645 1900 quod
2701 1829 2939 1885 sentiens
2993 1829 3190 1884 mulier
3235 1828 3389 1898 cujus
3418 1835 3554 1891 erat,

1975 1930 2167 1984 vulnus
2221 1943 2363 1999 aqua
2411 1927 2696 1983 benedicta
2752 1925 3006 1996 repersit,
3066 1925 3358 1998 statimque
3383 1925 3560 1996 ipsam

1975 2018 2166 2088 capitis
2195 2026 2248 2071 et
2277 2015 2479 2070 brachii
2511 2025 2717 2071 tremor
2744 2015 3032 2071 continuus
3081 2021 3134 2070 et
3184 2013 3421 2070 enormis
3468 2012 3560 2068 in-

1977 2106 2146 2167 vasit;
2181 2122 2302 2177 quz'e
2330 2105 2445 2175 ipsa
2477 2104 2568 2159 die
2597 2104 2668 2158 ad
2715 2111 3072 2159 memoratum
3128 2101 3440 2174 sepulcrum
3468 2117 3561 2158 re-

1973 2204 2151 2269 diens,
2211 2202 2391 2256 statim
2439 2209 2625 2257 curata
2676 2209 2730 2256 et
2774 2200 2988 2271 penitus
3045 2207 3128 2255 est
3181 2206 3390 2255 sanata.
3448 2199 3566 2255 Hoc

1975 2293 2106 2347 vidit
2136 2291 2279 2346 idem
2303 2291 2422 2346 Odo
2440 2290 2777 2361 temporibus
2797 2289 2936 2355 istis,
2961 2289 3078 2358 jam
3108 2288 3277 2344 abbas
3297 2287 3354 2342 in
3372 2287 3567 2344 eadem

1975 2381 2218 2436 Ecclesia
2249 2379 2598 2436 constitutus.
2637 2377 2784 2434 Vidit
2816 2385 3084 2448 praeterea
3115 2377 3414 2449 quemdam
3439 2392 3576 2432 mo-.

1975 2470 2211 2525 nachum
2275 2467 2610 2539 Ragnerium
2683 2465 2924 2534 nomine,
3006 2465 3097 2537 qui
3161 2465 3336 2521 factus
3393 2463 3571 2520 fuerat

1978 2567 2234 2630 furiosus,
2269 2566 2337 2620 ad
2367 2565 2680 2636 sepulcrum
2731 2563 2978 2633 ejusdem
3023 2561 3352 2619 venerabilis
3395 2561 3571 2618 Patris

1977 2656 2156 2726 ligari,
2199 2655 2512 2726 ibidemque
2550 2668 2883 2724 recuperare
2938 2667 3037 2723 per
3074 2651 3313 2706 divinam
3343 2649 3572 2723 gratiam

1979 2745 2290 2800 sanitatem.
2355 2742 2668 2798 Willelmus
2722 2741 3007 2812 presbyter
3062 2741 3271 2810 juratus
3325 2739 3460 2795 dixit
3503 2739 3574 2796 de

1977 2842 2225 2907 muliere,
2259 2857 2381 2912 qua:
2412 2839 2582 2896 visum
2607 2846 2890 2910 receperat
2919 2845 3168 2909 tempore
3189 2835 3570 2904 dedicationis,

1979 2932 2124 2986 idem
2155 2945 2292 3002 quos
2323 2929 2489 2984 abbas
2531 2945 2544 2982 :
2573 2927 2642 2984 de
2672 2927 2898 2982 muliere
2945 2943 3100 2994 vero,
3139 2941 3261 2997 quas
3291 2924 3572 2998 loquelam

1981 3025 2424 3090 recuperaverat,
2457 3016 2734 3072 audivisse
2763 3031 2822 3071 se
2853 3015 3076 3086 saepius,
3097 3014 3197 3070 sed
3216 3029 3324 3069 non
3348 3013 3574 3069 vidisse.

1983 3119 2059 3172 De
2092 3116 2336 3180 muliere,
2393 3130 2516 3186 quae
2571 3121 2863 3168 tremorem
2921 3111 3112 3183 capitis
3149 3119 3200 3167 et
3230 3109 3438 3167 brachii
3465 3124 3566 3182 pa-

1846 3251 1875 3291 e
1903 3217 1953 3278 ί]
1982 3205 2236 3270 tiebatur,
2269 3202 2412 3258 idem
2443 3201 2588 3272 quod
2617 3199 2817 3255 abbas.
2886 3199 3029 3291 Vjidit
3085 3207 3350 3291 praeterea
3378 3212 3574 3271 quam-

1981 3295 2109 3349 dam
2141 3291 2442 3356 mulierem,
2471 3306 2591 3362 quae
2625 3297 2868 3360 tempore
2901 3287 3093 3344 festivo
3126 3286 3296 3342 fuerat
3323 3294 3575 3360 cperata,

1983 3399 2208 3463 prepter
2237 3387 2380 3460 quod
2412 3387 2527 3458 ipsa
2558 3385 2664 3452 die,
2692 3383 3116 3449 sicutcreditur,
3150 3382 3207 3438 in
3251 3398 3416 3438 manu
3443 3397 3580 3454 per-

1986 3494 2167 3543 cussa,
2187 3486 2239 3533 et
2258 3493 2432 3549 usque
2459 3474 2598 3530 adeo
2619 3474 2749 3530 orba
2781 3473 2879 3528 fuit
2917 3488 3101 3538 manu,
3139 3475 3198 3526 ut
3243 3471 3577 3542 desperare-

1985 3585 2072 3630 tur
2101 3575 2277 3645 ipsam
2310 3588 2469 3643 posse
2520 3570 2743 3636 sanari;
2789 3568 2888 3624 sed
2931 3584 3030 3639 per
3073 3567 3311 3624 divinam
3338 3565 3580 3623 clemen-

1986 3664 2116 3718 tiam
2146 3671 2198 3718 et
2229 3661 2400 3718 sancti
2431 3660 2643 3725 merita,
2677 3658 2746 3713 ad
2778 3656 3097 3727 sepulcrum
3128 3656 3250 3725 ejus
3280 3655 3572 3723 accedens,

1985 3753 2163 3807 statim
2189 3758 2380 3806 sanata
2410 3757 2514 3804 est.
2541 3747 2859 3820 Viditetiam
2890 3745 2965 3800 ibi
3002 3744 3294 3818 quemdam
3314 3743 3577 3800 furiosum

1987 3849 2191 3904 sanari.
2251 3846 2535 3904 Albericus
2591 3845 2896 3901 monachus
2952 3851 3006 3898 et
3060 3842 3347 3914 presbyter
3369 3842 3578 3913 juratus

1987 3938 2139 4000 dixit,
2171 3937 2240 3992 de
2271 3935 2547 3991 miraculis
2580 3934 2734 3990 factis
2761 3933 2813 3988 in
2845 3931 3209 3998 dedicatione,
3257 3931 3402 3987 idem
3434 3930 3580 4003 quod

1989 4027 2159 4081 abbas
2188 4040 2200 4080 :
2235 4025 2305 4081 de
2336 4023 2566 4079 muliere
2597 4040 2717 4096 quae
2747 4021 3088 4095 recuperavit
3130 4019 3412 4076 sanitatem
3456 4034 3579 4074 ma-

1989 4133 2114 4184 nus,
2143 4115 2287 4169 idem
2310 4112 2456 4186 quod
2486 4112 2826 4167 Willelmus.

2061 4271 2156 4324 27.
2202 4290 2223 4313 α
2271 4263 2508 4320 Jacobus
2570 4263 2870 4318 monachus
2921 4269 2973 4316 et
3023 4258 3312 4332 presbyter
3367 4259 3582 4329 juratus

1993 4356 2145 4421 dixit,
2179 4353 2323 4427 quod
2363 4351 2578 4424 quidem
2627 4351 2798 4406 frater
2859 4351 2976 4418 ejus
3032 4349 3292 4416 carnalis,
3342 4348 3397 4404 in
3427 4355 3584 4406 aetate

1995 4444 2189 4516 puerili
2217 4441 2561 4507 constitutus,
2619 4440 2691 4494 ita
2747 4438 3048 4494 enormiter
3092 4437 3256 4494 laesus
3283 4436 3464 4492 fuitin
3487 4452 3586 4494 ca-

290 4561 497 4618 niensis
553 4556 815 4628 episcopi,
873 4569 996 4610 cum
1055 4551 1252 4622 pedum
1300 4547 1488 4604 osculo
1539 4547 1772 4602 salutem
1834 4556 1885 4604 et
1915 4572 1965 4632 D
1996 4543 2126 4614 pite,
2159 4541 2302 4613 quod
2348 4537 2538 4632 oculus
2567 4540 2633 4632 de
2667 4536 2898 4632 proprio
2944 4543 3145 4632 erutus
3178 4536 3298 4632 tceo
3350 4535 3420 4591 ab
3451 4534 3580 4632 ejus

290 4650 486 4707 debita:
514 4645 838 4702 reverentia:
870 4641 1208 4698 famulatum.
1246 4637 1552 4692 Mandatum
1585 4637 1886 4692 sanctitatis

292 4756 488 4805 vestrae
513 4744 830 4814 accepimus
887 4740 987 4795 sub
1031 4739 1137 4793 hac
1193 4736 1389 4804 forma,
1440 4735 1727 4792 Honorius
1774 4737 1891 4808 epi-

293 4853 510 4909 scopus,
544 4841 655 4890 etc.
695 4831 864 4898 Hujus
916 4827 1084 4902 igitur
1141 4824 1464 4881 auctoritate
1513 4825 1774 4889 mandati,
1825 4825 1891 4879 ad

292 4927 474 4982 locum
544 4919 906 4994 personaliter
979 4915 1300 4972 accedentes
1371 4914 1624 4983 (Domino
1693 4914 1892 4970 abbate

295 5011 638 5072 Cluniacensi
687 5008 903 5079 collega
931 5013 1144 5074 nostro,
1192 5003 1351 5059 nobis
1395 5003 1660 5073 episcopo
1694 5003 1892 5059 Valen-

295 5110 511 5168 tiniensi
541 5107 910 5166 eommittente
948 5104 1095 5160 vices
1152 5102 1302 5171 suas)
1340 5109 1509 5156 testes
1565 5101 1890 5172 recepimus,

296 5216 529 5274 quorum
585 5195 956 5267 depositiones
1013 5191 1081 5247 de
1137 5195 1308 5246 verbo
1348 5189 1418 5245 ad
1472 5189 1699 5245 verbum
1731 5191 1898 5246 scribi

297 5290 524 5347 fecimus
555 5286 610 5342 in
639 5285 784 5341 hunc
813 5282 1062 5338 modum.
1127 5279 1287 5335 Oddo
1315 5278 1684 5335 Molismensis
1721 5279 1896 5334 abbas

294 5390 505 5460 juratus
559 5383 718 5450 dixit,
783 5397 886 5453 quo
942 5395 1067 5435 cum
1119 5385 1263 5434 esset
1310 5377 1364 5432 in
1411 5376 1600 5432 habitu
1649 5377 1897 5434 saeculari

298 5489 355 5544 in
399 5484 638 5559 pueritia
667 5481 1013 5547 constitutus,
1071 5478 1206 5536 vidit
1271 5477 1564 5550 quamdam
1612 5477 1896 5533 mulierem

299 5590 499 5636 caecam
555 5589 586 5628 a
643 5570 944 5638 nativitate,
990 5567 1286 5623 habentem
1341 5563 1527 5634 ﬁliam,
1590 5566 1728 5622 sicut
1782 5565 1899 5638 ipsa

300 5683 472 5733 mater
527 5670 759 5727 firmiter
801 5666 1105 5736 asserebat,
1149 5681 1318 5738 quam
1342 5665 1458 5735 ipse
1477 5664 1544 5719 ad
1574 5663 1900 5721 venerabilis

304 5772 483 5830 Patris
515 5767 762 5834 Roberti,
794 5768 864 5823 de
895 5779 1000 5838 quo
1024 5765 1228 5837 agitur,
1275 5761 1495 5818 adduxit
1543 5762 1850 5834 sepulcrum
1882 5781 1897 5830 ;

307 5870 361 5921 et
391 5875 513 5920 cum
543 5859 619 5915 ibi
651 5873 779 5915 cum
807 5861 979 5912 matre
1002 5853 1238 5926 quadam
1258 5858 1418 5910 nocte
1444 5850 1703 5925 vigilaret
1723 5849 1901 5907 visum

629 5955 892 6016 PATROL.
940 5947 1177 6014 CLVII.

1999 4631 2135 4688 facie
2166 4627 2536 4700 dependebat.
2575 4625 2680 4694 Qui
2727 4625 2797 4680 ad
2855 4623 3025 4695 ipsius
3054 4622 3247 4679 Jacobi
3276 4623 3589 4678 instantiam

1999 4721 2067 4777 ad
2097 4735 2244 4789 saepe
2303 4717 2503 4772 dictum
2560 4714 2826 4770 tumulum
2885 4713 3220 4784 deportatus,
3280 4711 3461 4766 statim
3490 4727 3593 4783 per

1999 4819 2237 4875 divinam
2269 4813 2610 4872 clementiam
2673 4819 2895 4867 sanatus
2960 4817 3065 4874 est,
3121 4816 3174 4865 et
3202 4809 3411 4882 absque
3441 4808 3590 4864 omni

2000 4907 2223 4964 laesione
2253 4904 2440 4962 oculus
2471 4903 2542 4958 ad
2573 4902 2746 4958 locum
2772 4899 3018 4956 debitum
3041 4906 3124 4954 est
3153 4913 3430 4954 reversus.
3463 4897 3590 4954 Haec

2002 5007 2146 5062 enim
2168 5004 2345 5060 omnia
2374 5001 2506 5056 vidit
2554 4999 2852 5056 monachus
2908 4996 3145 5053 Iacobus
3193 4996 3337 5052 circa
3365 4993 3592 5051 fratrem

2003 5111 2180 5151 suum.
2234 5093 2313 5148 De
2339 5090 2458 5147 aliis
2514 5097 2694 5145 autem
2749 5086 2964 5142 duobus
2991 5083 3291 5152 miraculis,
3349 5083 3508 5141 factis
3537 5082 3594 5139 in

2004 5189 2363 5254 dedicatione,
2391 5187 2537 5243 idem
2567 5185 2716 5257 quod
2738 5183 2855 5238 alii.
2894 5182 3044 5238 Vidit
3091 5179 3255 5237 etiam
3296 5180 3593 5252 praedictus

2003 5281 2239 5337 Iacobus
2268 5277 2556 5351 quamdam
2587 5275 2870 5330 mulierem
2900 5271 2968 5327 de
2997 5269 3312 5344 longinquis
3345 5268 3594 5342 partibus

2007 5377 2306 5451 deportari,
2370 5391 2493 5447 qua;
2545 5373 2712 5443 longo
2767 5379 3013 5441 tempore
3072 5367 3242 5422 fuerat
3268 5374 3593 5437 contracta;

2007 5469 2299 5539 statimque
2328 5465 2452 5521 viso
2481 5460 2829 5530 monasterio,
2861 5459 2916 5514 in
2965 5472 3072 5530 quo
3101 5454 3393 5527 requiescit
3422 5455 3601 5512 abbas

2009 5565 2354 5630 venerabilis,
2407 5562 2494 5619 cui
2535 5577 2594 5617 se
2624 5561 2679 5615 in
2705 5574 2803 5630 spe
2853 5553 3250 5627 recuperanda:
3281 5551 3473 5608 salutis
3499 5551 3600 5607 de—

2009 5664 2248 5721 voverat,
2281 5661 2469 5710 curata
2505 5659 2590 5707 est
2642 5657 2696 5705 et
2745 5645 2969 5703 omnino
3000 5650 3221 5699 sanata.
3277 5639 3408 5698 Milo
3435 5639 3606 5697 laicus

2006 5758 2217 5827 juratus
2244 5750 2402 5818 dixit;
2442 5750 2512 5805 de
2540 5747 2699 5804 oculo
2728 5753 2878 5800 erute
2901 5752 2954 5800 et
2983 5741 3252 5827 restituto,
3275 5738 3421 5827 idem
3456 5738 3606 5827 quod

2010 5823 2246 5900 .lacobus
2275 5857 2294 5892 :
2319 5835 2388 5894 de
2419 5830 2704 5890 miraculis
2741 5827 2902 5887 factis
2951 5828 3006 5884 in
3059 5824 3420 5892 dedicatione,
3455 5831 3509 5880 et
3533 5823 3605 5880 de

3207 5922 3282 5983 41
