3972 6400
406 350 539 407 1291

1378 354 1442 410 8.
1491 352 1794 409 BOBERTI
1831 353 2004 411 ORD.
2057 357 2500 416 FUNDATORIS
2542 358 2726 415 VITA.

3567 373 3707 428 ηπ

405 474 634 530 muliere
663 490 786 548 qua
814 480 1107 531 tremorem
1137 477 1329 549 capitis
1359 485 1412 534 et
1441 477 2004 549 brachiipatiebatur,
2042 483 2095 541 A
2126 497 2292 554 quam
2321 483 2550 552 dubitat,
2583 484 2760 554 ipsum
2791 495 3107 546 sanctorum
3149 491 3398 565 catalogo
3446 493 3708 551 miraculis

408 564 554 621 idem
592 565 736 636 quod
765 563 940 619 abbas
969 572 1023 619 et
1069 564 1183 620 alii.
1246 566 1676 622 Bartholomaus
1705 569 2010 624 monachus

407 661 462 710 et
488 653 779 726 presbyter
799 653 1018 723 juratus
1055 654 1210 723 dixit,
1245 657 1313 712 de
1344 656 1561 712 duobus
1606 657 1890 713 miraculis
1922 658 2010 714 fa-

408 752 509 809 ctis
536 752 593 806 in
627 750 968 807 dedicatione
1027 759 1080 808 et
1137 753 1368 810 muliere
1414 770 1690 827 percussa
1734 755 1789 810 in
1821 772 2004 824 manu,

400 841 548 898 idem
578 841 721 912 quod
751 839 869 896 alii.

471 995 566 1049 28.
601 1015 623 1042 α
656 994 815 1066 Hugo
843 995 1130 1068 presbyter
1161 1003 1218 1052 et
1247 997 1551 1054 monachus
1595 997 1810 1068 juratus
1841 997 2004 1077 dixit,

399 1081 543 1156 quod
579 1083 718 1138 vidit
753 1083 1042 1156 quemdam
1075 1085 1252 1142 civem
1291 1087 1588 1142 Metensem
1621 1103 1847 1155 cacum,
1899 1103 2002 1144 ve-

398 1172 641 1228 nientem
665 1189 830 1228 causa
860 1174 1165 1230 devotionis
1206 1183 1260 1230 et
1308 1192 1406 1247 spe
1462 1177 1823 1247 recuperandi
1852 1177 2002 1232 visus

396 1271 465 1326 ad
494 1287 642 1343 sape
671 1271 875 1328 dictum
918 1274 1229 1345 sepulcrum
1267 1294 1279 1330 :
1335 1275 1429 1346 qui
1487 1275 1712 1331 veniens
1751 1275 1819 1330 ad
1868 1275 2001 1330 illud

399 1362 576 1416 visum
617 1363 967 1433 recuperavit
995 1371 1050 1418 et
1075 1364 1210 1419 vidit
1239 1378 1561 1436 squammas
1611 1365 1682 1420 ab
1710 1365 1829 1433 ejus
1862 1381 2001 1422 ocu-

399 1461 466 1516 lis
487 1460 776 1518 visibiliter
802 1462 1130 1519 deﬂuentes.
1169 1462 1276 1532 Qui
1305 1462 1464 1519 citius
1493 1462 1620 1518 inde
1651 1463 1720 1518 ad
1751 1463 1811 1519 8.
1841 1465 1999 1520 Jaco-

399 1550 529 1605 bum
577 1550 951 1622 proficiscens,
1003 1552 1312 1624 hospitatus
1348 1560 1432 1608 est
1479 1553 1692 1622 itinere,
1738 1552 1793 1606 in
1833 1553 1998 1610 domo

397 1648 641 1705 mulieris
684 1651 994 1720 cujusdam,
1030 1667 1154 1722 qua
1189 1657 1468 1707 contracta
1492 1651 1718 1720 jacebat
1752 1651 1809 1705 in
1858 1651 1998 1708 lecto

397 1737 501 1793 sed
525 1737 596 1792 ad
625 1738 916 1793 consilium
946 1738 1092 1793 illius
1121 1738 1190 1794 ad
1221 1739 1533 1810 sepulcrum
1564 1738 1740 1795 sancti
1771 1755 1832 1794 se
1862 1756 2000 1811 por-

2120 582 2488 643 coaquatum.
2529 574 2792 630 Caterum
2825 577 2928 632 vita
2967 579 3137 650 ipsius
3186 581 3458 637 sanctitati
3489 592 3699 652 vestra,

2117 677 2216 732 per
2268 662 2487 718 nuntios
2542 663 2801 721 Ecclesia
2857 666 3249 736 Molismensis,
3291 671 3596 744 porrigetur
3654 673 3708 729 in

2118 759 2356 828 scriptis,
2417 778 2538 832 qua
2581 762 2712 817 satis
2769 765 3009 820 ostendit
3063 767 3245 839 ipsum
3299 768 3475 824 multis
3503 771 3710 827 meritis

2115 846 2397 904 claruisse.
2432 852 2497 904 At
2529 868 2651 922 qua
2681 852 3008 922 audivimus,
3037 871 3158 912 cum
3191 873 3410 914 summa
3437 858 3710 932 diligentia

2114 935 2347 993 fideliter
2391 939 2747 1011 inquirentes,
2789 942 3114 1000 beatitudini
3151 955 3351 1002 vestra
3380 964 3475 1019 per
3511 950 3710 1022 scripta

2115 1036 2404 1107 praesentia
2451 1039 2816 1109 declaramus,
2877 1051 2933 1097 ut
2967 1051 3157 1099 vestra
3185 1053 3374 1102 sancta
3420 1048 3710 1118 paternitas

2112 1124 2314 1191 videat,
2344 1126 2476 1198 quid
2501 1127 2697 1184 talibus
2720 1129 2790 1184 sit
2818 1133 3116 1204 agendum.
3155 1157 3178 1181 η

2179 1288 2266 1340 3ο.
2301 1285 2575 1342 Hactenus
2606 1287 2796 1345 littera
2843 1290 3227 1363 episcoporum
3255 1293 3323 1348 ad
3363 1293 3693 1365 pontificem,

2108 1380 2162 1428 et
2191 1390 2422 1430 examen
2453 1376 2521 1432 de
2545 1377 2600 1432 S.
2635 1377 2854 1434 Roberti
2876 1381 3160 1437 sanctitate
3210 1397 3277 1439 ac
3311 1383 3607 1454 miraculis,
3639 1385 3706 1441 de

2109 1463 2308 1535 quibus
2338 1473 2391 1519 et
2420 1465 2793 1522 testimonium
2824 1485 2981 1524 suum
3010 1470 3198 1542 plures
3228 1471 3285 1526 in
3316 1472 3514 1529 vicinia
3540 1473 3703 1528 abba-

2107 1569 2190 1616 tes
2215 1562 2282 1616 ad
2309 1562 2611 1619 Honorium
2643 1565 3078 1637 perscripserunt
3120 1568 3206 1622 his
3260 1569 3464 1624 verbis.
3492 1592 3513 1619 ιι
3567 1570 3705 1626 San-

2105 1646 2350 1702 ctissimo
2384 1648 2525 1703 Patri
2554 1653 2609 1704 et
2638 1650 2860 1707 domino
2893 1652 3190 1709 universali
3221 1653 3482 1724 Honorio,
3513 1653 3699 1710 divina

2106 1736 2447 1806 providentia
2479 1746 2682 1795 sancta
2704 1740 2852 1795 sedis
2885 1743 3202 1812 apostolicae
3231 1743 3490 1814 pontiﬁci,
3516 1744 3572 1800 8.
3605 1744 3704 1801 Be-

398 1827 498 1882 tari
531 1827 759 1894 faciens,
793 1835 980 1884 sanata
1008 1836 1107 1884 est.
1142 1829 1271 1884 Hac
1313 1836 1397 1884 est
1424 1836 1606 1884 autem
1644 1828 1760 1897 illa,
1794 1829 1862 1884 de
1891 1846 1995 1902 qua
2025 1855 2080 1917 B
2110 1834 2265 1906 nigni
2339 1834 2706 1908 Divionensis,
2788 1845 2842 1893 et
2918 1838 2976 1894 8.
3044 1839 3303 1912 Stephani
3368 1841 3702 1908 Rhemensis,

398 1925 647 1997 superius
705 1923 951 1997 loquitur
997 1926 1236 1982 Jacobus
1291 1929 1594 1982 monachus
1625 1934 1678 1983 et
1717 1930 1999 1994 sacerdos,

397 2015 489 2086 qui
519 2014 757 2070 Iacobus
787 2015 1042 2070 convenit
1080 2031 1203 2070 cum
1255 2016 1508 2087 Hugone,
1544 2017 1642 2072 sed
1673 2016 1742 2072 de
1781 2017 1994 2072 auditu.

396 2102 721 2158 Guillelmus
775 2102 1076 2158 monachus
1136 2111 1189 2157 et
1245 2104 1537 2175 presbyter
1580 2105 1792 2173 juratus
1841 2104 2001 2174 dixit,

393 2201 540 2272 quod
579 2200 714 2254 vidit
758 2199 1055 2270 quemdam
1106 2200 1391 2269 clericum,
1437 2200 1528 2272 qui
1565 2201 1732 2274 longo
1755 2205 2002 2273 tempore

395 2297 710 2346 contractus
738 2288 933 2358 fuerat,
995 2290 1062 2344 ad
1119 2289 1264 2346 idem
1315 2292 1628 2361 sepulcrum
1661 2291 1846 2345 sanari
1882 2309 1892 2344 :
1927 2301 1999 2355 et,

394 2380 464 2434 de
521 2379 734 2435 duabus
788 2378 1108 2434 mulieribus
1163 2379 1218 2433 in
1257 2379 1618 2447 dedicatione,
1662 2380 1811 2435 idem
1855 2381 2001 2451 quod

395 2477 515 2533 alii.
555 2477 830 2533 Lieelinus
857 2479 1158 2534 monachus
1189 2485 1242 2532 et
1263 2477 1564 2548 presbyter
1587 2478 1803 2547 juratus
1836 2478 1999 2544 dixit,

394 2568 463 2623 de
518 2566 734 2622 duobus
790 2566 1069 2622 miraculis
1122 2567 1179 2621 in
1225 2566 1593 2632 dedicatione,
1656 2567 1801 2622 idem
1851 2568 1999 2638 quod

395 2664 514 2720 alii.
555 2663 818 2719 Martinus
841 2665 1054 2734 juratus
1112 2663 1273 2729 dixit,
1333 2663 1402 2718 de
1445 2663 1726 2718 miraculis
1757 2663 1914 2719 factis
1945 2664 1998 2717 in

399 2753 768 2821 dedicatione,
826 2760 880 2808 et
937 2753 1005 2807 de
1062 2752 1290 2807 muliere
1350 2769 1470 2822 qua
1517 2760 1712 2822 sanata
1763 2753 1938 2808 fuerat
1967 2769 2001 2809 a

397 2852 624 2908 lasione
650 2866 864 2917 manus,
923 2848 1066 2905 idem
1125 2849 1272 2921 quod
1303 2849 1412 2904 alii.
1462 2850 1668 2920 Haymo
1698 2852 2000 2907 monachus

399 2949 453 2998 et
508 2939 770 2996 sacerdos
822 2938 1042 3009 jurutus
1099 2938 1259 3005 dixit,
1311 2939 1459 3010 quod
1522 2939 1655 2995 vidit
1706 2941 1999 3012 quemdam

398 3030 664 3087 furiosum
696 3028 773 3082 ibi
802 3027 1009 3083 sanari.
1039 3027 1297 3099 Magister
1323 3028 1509 3083 Simon
1540 3028 1830 3101 presbyter
1851 3029 2002 3099 jura-

397 3135 484 3184 tus
513 3127 672 3192 dixit,
706 3125 776 3180 de
806 3124 1086 3179 miraculis
1125 3125 1284 3180 factis
1337 3125 1392 3178 in
1439 3125 1803 3192 dedicatione,
1853 3127 1998 3182 idem

2115 1924 2172 1980 S.
2207 1923 2491 1979 Michaelis
2533 1925 2996 1993 Tornodorensis,
3032 1936 3085 1984 et
3131 1931 3188 1984 S.
3241 1929 3453 1984 Martini
3495 1931 3703 1986 Melun-

2111 2012 2299 2068 densis
2331 2013 2578 2083 abbates,
2619 2015 2980 2088 Lingonensis
3022 2017 3300 2086 dicecesis,
3349 2035 3472 2074 cum
3509 2018 3703 2089 pedum

2111 2110 2303 2166 osculo
2363 2112 2598 2167 salutem
2651 2121 2704 2168 et
2761 2113 2958 2171 debita
2987 2117 3313 2172 reverentia
3355 2115 3694 2172 famulatum.

2111 2199 2244 2254 Cum
2273 2200 2645 2257 Molismensis
2690 2203 2964 2271 Ecclesia,
3007 2212 3060 2260 et
3089 2204 3195 2262 illa
3225 2205 3468 2263 ecclesia
3497 2205 3554 2260 in
3581 2205 3703 2279 qui-

2111 2288 2213 2343 bus
2245 2289 2516 2345 habemus
2575 2291 2916 2360 ministrare,
2974 2295 3239 2365 proxima
3277 2295 3380 2349 sint
3436 2294 3537 2350 sibi
3566 2293 3704 2350 invi-

2111 2402 2253 2453 cem,
2289 2395 2340 2442 et
2379 2387 2517 2443 adeo
2549 2388 2761 2454 vicinae,
2787 2398 2842 2444 ut
2870 2389 2961 2444 vix
2991 2399 3084 2445 aut
3104 2390 3410 2447 nullatenus
3430 2391 3484 2446 in
3503 2391 3705 2464 aliqua-

2109 2491 2300 2531 earum
2355 2474 2563 2548 aliquid
2616 2494 2878 2550 magnum
2926 2480 3224 2553 contingat,
3279 2481 3421 2553 quod
3451 2481 3517 2536 ad
3571 2481 3706 2536 alias

2110 2563 2256 2620 fama
2277 2566 2432 2620 velox
2466 2566 2573 2621 cito
2601 2582 2709 2622 non
2739 2568 2951 2622 deferat
2985 2583 2997 2638 ;
3035 2569 3104 2624 de
3133 2569 3303 2625 sancti
3337 2570 3504 2625 Patris
3535 2570 3705 2626 nostri

2109 2663 2352 2732 Roberti,
2413 2663 2780 2720 Molismensis
2838 2665 3098 2722 Ecclesia
3154 2667 3321 2739 primi
3369 2667 3602 2733 abbatis,
3654 2675 3707 2724 et

2110 2751 2490 2807 Cisterciensis
2548 2754 2758 2809 ordinis
2816 2753 3136 2820 fundatoris,
3193 2756 3319 2822 vita,
3369 2772 3488 2829 qua
3542 2756 3706 2812 innu-

2110 2839 2273 2896 meris
2303 2841 2614 2897 veneranda
2647 2843 2932 2899 virtutibus
2961 2843 3166 2900 effulsit
3197 2865 3210 2911 ;
3240 2854 3294 2900 et
3319 2845 3386 2901 de
3411 2845 3702 2914 miraculis,

2111 2957 2234 3013 qua
2264 2941 2505 3013 quotidie
2531 2941 2602 2998 ad
2630 2941 2944 3014 sepulcrum
2991 2943 3183 3016 ipsius,
3233 2945 3418 3002 divina
3450 2953 3704 3017 operante

2110 3030 2415 3100 clementia,
2486 3029 2641 3101 ﬁunt,
2707 3032 2931 3104 dignum
3010 3033 3265 3090 duximus
3336 3035 3390 3089 in
3454 3033 3708 3106 praesenti

2108 3119 2337 3176 articulo
2393 3120 2608 3176 veritati
2669 3123 3046 3178 testimonium
3091 3124 3404 3194 perhibere.
3455 3125 3592 3180 Nam
3628 3125 3708 3178 in-

400 3217 547 3290 quod
575 3215 668 3270 alii
700 3229 715 3284 ;
748 3214 1029 3282 adjiciens,
1071 3214 1220 3285 quod
1251 3213 1475 3284 quidam
1507 3214 1677 3271 laicus
1706 3215 1854 3286 apud
1881 3217 2002 3272 Mo-
2032 3219 2078 3282 Ο
2114 3226 2392 3274 cessanter
2442 3219 2612 3275 totius
2670 3220 2913 3292 regionis
2956 3221 3198 3290 ejusdem
3238 3221 3422 3292 populi
3466 3238 3566 3278 vox
3595 3222 3708 3278 cla-

397 3307 615 3362 lismum
654 3304 891 3359 illudens
949 3303 1203 3359 convitiis
1242 3303 1618 3359 venerabilem
1678 3306 1907 3372 Patrem,
1949 3313 2004 3361 et

399 3407 516 3476 ejus
545 3403 804 3459 miracula
837 3401 1086 3470 irridens,
1122 3402 1252 3456 inde
1289 3403 1573 3469 recedens,
1624 3405 1878 3474 sequenti
1915 3405 2003 3461 die

396 3495 533 3552 infra
564 3495 700 3550 fines
731 3493 981 3564 ejusdem
1009 3491 1152 3547 villae
1182 3508 1214 3546 a
1234 3491 1453 3548 duobus
1505 3493 1763 3547 militibus
1795 3503 1878 3549 est
1903 3510 2001 3552 oc—

400 3587 571 3642 cisus.
625 3583 742 3639 Hoc
789 3581 960 3637 etiam
1015 3581 1150 3635 dixit
1197 3581 1437 3636 Jacobus
1485 3598 1546 3637 se
1592 3581 1821 3638 vidisse.
1863 3584 2005 3639 Vidit

398 3692 666 3758 praeterea
710 3679 1004 3753 quemdam
1043 3679 1275 3745 laicum,
1319 3679 1413 3752 qui
1470 3688 1782 3736 contractus
1830 3682 2005 3738 fuerat

401 3791 502 3847 per
547 3771 806 3828 undecim
845 3784 1040 3837 annos,
1094 3769 1162 3824 ad
1213 3783 1363 3840 sape
1413 3769 1621 3826 dictum
1682 3771 2001 3842 sepulcrum

405 3879 583 3921 sanari
597 3904 611 3918 .

472 4027 562 4082 29.
597 4045 621 4072 α
655 4019 820 4077 Fulco
877 4026 930 4075 et
979 4017 1237 4086 Iacobus,
1289 4018 1544 4075 monachi
1579 4026 1633 4075 et
1662 4021 2002 4089 sacerdotes,

400 4114 565 4187 jurati
593 4111 866 4176 dixerunt,
913 4107 1062 4180 quod
1090 4123 1214 4164 cum
1243 4108 1481 4180 quadam
1511 4109 1601 4165 die
1643 4119 1831 4167 essent
1853 4112 2008 4180 juxta

405 4203 673 4262 tumulum
702 4215 850 4271 saepe
891 4198 1114 4264 dictum,
1165 4205 1219 4252 et
1267 4199 1388 4254 viro
1421 4207 1613 4255 sancto
1642 4201 2008 4257 reverentiam

409 4302 732 4360 exliiberent
786 4294 968 4367 capita
1023 4295 1383 4364 inclinando;
1438 4296 1660 4368 quidam
1708 4299 2006 4354 monachus

409 4390 574 4447 astitit
604 4403 728 4444 cum
760 4384 986 4452 eisdem,
1029 4383 1086 4438 in
1112 4385 1232 4440 hac
1262 4388 1433 4440 verba
1466 4385 1601 4456 ipsis
1640 4387 2007 4456 praesentibus

409 4490 461 4538 et
519 4473 874 4535 audientibus
946 4472 1340 4529 contumeliose
1433 4489 1854 4545 prorumpens:
1938 4478 2004 4533 Ut

409 4569 540 4645 quid
575 4569 627 4624 ei
660 4564 851 4638 capita
888 4564 1193 4619 inclinatis
1225 4564 1254 4617 ?
1303 4564 1512 4619 Sciatis
1538 4581 1637 4635 pro
1663 4576 1836 4635 certo,
1857 4568 2000 4639 quod
2029 4580 2080 4641 ι)

408 4682 702 4742 nunquam
723 4666 958 4720 sanctus
978 4663 1115 4732 fuit.
1141 4661 1256 4716 Imo
1279 4660 1497 4732 quidam
1522 4662 1761 4719 rusticus
1781 4665 2005 4720 multum

410 4765 692 4831 deformis,
728 4761 1043 4834 sepulcrum
1091 4760 1232 4830 pede
1273 4761 1602 4831 percutiens,
1637 4763 1844 4818 similia
1872 4781 2006 4835 pro-

407 4865 678 4925 clamabat
701 4880 714 4916 :
737 4860 914 4916 statim
946 4865 1128 4914 autem
1158 4866 1335 4914 tumor
1361 4861 1591 4932 arripuit
1621 4862 1819 4932 pedem
1853 4863 2005 4919 illum

407 4975 506 5031 per
559 4963 730 5012 totum
783 4965 982 5020 corpus
1038 4948 1420 5005 universaliter
1475 4952 1875 5022 ascendendo;
1935 4955 2006 5008 ita

405 5057 548 5130 quod
577 5051 724 5108 infra
753 5047 1091 5122 quindenam
1114 5046 1208 5102 illa
1237 5045 1550 5103 infirmitate
1595 5058 1853 5121 gravatus
1887 5053 2002 5124 spi-

406 5148 568 5202 ritum
618 5137 918 5197 exhalavit.
964 5135 1048 5191 De
1089 5135 1302 5191 furiosis
1342 5146 1396 5192 et
1445 5137 1877 5196 febricitantibus
1909 5157 2003 5197 sa-

404 5237 545 5292 natis
575 5229 787 5287 infinita
820 5226 1110 5282 multitudo
1139 5225 1418 5282 clamabat
1439 5243 1626 5284 coram
1645 5229 1827 5297 nobis,
1863 5241 1915 5287 et
1944 5249 2004 5290 se

405 5342 526 5382 esse
557 5328 781 5378 sanatos
810 5315 1040 5371 firmiter
1059 5317 1402 5372 asserebant.
1427 5318 1505 5372 Ita
1524 5320 1670 5390 quod
1693 5322 2005 5377 communis

407 5425 590 5497 Opinio
621 5421 785 5475 totius
814 5414 1058 5487 regionis
1087 5413 1145 5468 in
1177 5422 1387 5470 tantum
1420 5417 1645 5473 invaluit
1687 5419 1840 5475 circa
1876 5421 1998 5485 ista,

407 5515 552 5587 quod
583 5509 880 5585 plurimum
932 5503 1111 5576 ipsum
1170 5511 1417 5562 tenorem
1469 5510 1872 5565 attestationum
1902 5527 2001 5566 ex-

405 5613 561 5668 tollit.
591 5611 720 5665 Hac
747 5603 952 5660 nostris
1007 5603 1350 5675 temporibus
1403 5605 1676 5663 accidisse
1723 5607 1998 5678 dicuntur,

407 5709 546 5766 sicut
595 5702 846 5776 superius
901 5706 984 5755 est
1038 5715 1373 5772 expressum.
1429 5706 1474 5758 Λ
1527 5711 1777 5777 tempore
1819 5715 2002 5763 autem

409 5796 590 5852 obitus
619 5791 808 5863 ipsius,
860 5787 1018 5856 cujus
1059 5805 1170 5844 non
1219 5798 1401 5847 exstat
1456 5794 1741 5863 memoria,
1788 5794 2001 5853 infinita

408 5880 668 5939 miracula
697 5877 1005 5933 referuntur
1036 5894 1050 5941 ;
1083 5877 1160 5932 ita
1217 5879 1364 5948 quod
1393 5887 1506 5936 tota
1554 5882 1748 5939 vicinia
1792 5900 1999 5958 nequa-

2113 3316 2226 3362 mat
2255 3308 2309 3362 in
2368 3308 2595 3363 auribus
2647 3309 2872 3375 nostris,
2923 3311 3071 3382 quod
3126 3310 3416 3367 multitudo
3470 3311 3709 3366 maxima

2112 3405 2533 3467 contractorum,
2614 3413 2908 3468 caecorum,
2985 3409 3253 3454 mutorum
3344 3409 3398 3456 et
3480 3400 3708 3456 aliorum

2113 3485 2283 3542 variis
2315 3487 2670 3560 languoribus
2719 3489 3088 3558 detentorum,
3142 3489 3379 3561 quotidie
3419 3490 3487 3544 ad
3519 3491 3706 3561 sepul-

2116 3599 2267 3640 crum
2298 3584 2430 3639 dicti
2465 3586 2637 3641 sancti
2672 3586 2730 3640 in
2762 3585 2992 3642 ecclesia
3039 3587 3372 3642 Molismensi
3427 3585 3708 3644 confluen-

2113 3672 2271 3739 tium,
2331 3673 2479 3730 facta
2539 3674 2787 3730 oratione
2844 3684 2897 3730 et
2953 3676 3128 3730 sancti
3170 3675 3390 3731 nomine
3437 3676 3705 3743 invocato,

2116 3762 2347 3833 pristina
2377 3764 2606 3819 sanitate
2634 3772 2878 3835 recepta,
2910 3763 3199 3820 incolumis
3230 3765 3450 3822 videtur
3468 3781 3707 3822 remeare

2116 3851 2186 3906 ad
2208 3852 2455 3923 propria.
2488 3854 2621 3908 Inde
2659 3861 2760 3920 est,
2798 3855 2945 3926 quod
2987 3853 3159 3926 ipsius
3187 3855 3359 3911 sancti
3399 3854 3708 3910 inﬂammati

2116 3949 2414 4019 miraculis,
2444 3951 2806 4008 sanctissima
2835 3953 3146 4024 paternitati
3192 3960 3409 4018 vestra,
3451 3953 3507 4008 in
3535 3968 3709 4025 quan-

2116 4046 2232 4094 tum
2287 4056 2600 4112 possumus,
2659 4041 2934 4097 humiliter
2977 4050 3029 4098 et
3079 4042 3274 4098 devote
3321 4041 3707 4114 supplicamus,

2119 4136 2387 4201 quatenus
2435 4145 2584 4202 sape
2627 4131 2837 4187 dictum
2884 4131 2947 4187 8.
2993 4131 3308 4200 Robertum,
3362 4149 3526 4204 quem
3567 4132 3711 4188 Deus

2116 4225 2256 4283 inter
2285 4228 2486 4285 electos
2539 4245 2669 4285 suos
2727 4230 3142 4288 coruscantibus
3191 4230 3395 4286 meritis
3423 4247 3523 4302 per
3549 4231 3710 4286 mira-

2118 4315 2243 4373 cula
2262 4316 2488 4374 miriﬁce
2518 4318 2893 4392 magniﬁcavit
2929 4319 2985 4375 in
3016 4321 3267 4392 partibus
3309 4320 3530 4388 nostris,
3554 4335 3711 4377 cano-

2118 4415 2295 4471 nizari
2326 4425 2381 4473 et
2402 4424 2723 4475 sanctorum
2751 4419 3002 4493 catalogo
3021 4418 3313 4492 aggregari
3331 4417 3654 4476 decernetis.
3683 4441 3704 4468 ιι

2116 4505 2194 4560 Ita
2221 4505 2474 4562 abbates.

2189 4676 2284 4727 3t.
2325 4673 2602 4730 Honorius
2635 4677 2721 4732 his
2784 4676 2978 4733 litteris
3035 4684 3200 4748 atque
3228 4674 3544 4731 memoratis
3570 4674 3712 4730 testi-

2118 4762 2322 4818 moniis
2369 4764 2624 4834 perlectis
2653 4808 2665 4833 ,
2699 4781 2821 4822 cum
2851 4767 2917 4821 ad
2987 4764 3358 4822 universalem
3386 4764 3586 4820 cultum
3616 4779 3710 4835 per

2115 4859 2285 4906 totam
2342 4853 2652 4909 Ecclesiam
2702 4855 2765 4911 S.
2833 4853 3075 4911 Roberto
3127 4852 3554 4918 decernendum,
3586 4868 3709 4907 san-

2115 4958 2376 5022 ctumque
2403 4969 2526 5006 eum
2558 4953 3023 5023 pronuntiandum
3044 4952 3295 5026 quaedam
3314 4951 3419 5006 alia
3439 4949 3709 5006 desidera-

2115 5046 2239 5109 ret;
2290 5048 2613 5111 potestatem
2669 5042 2890 5097 interim
2935 5041 3063 5099 fecit
3102 5039 3540 5097 Molismensibus
3586 5053 3707 5094 eum

2114 5139 2436 5207 venerandi,
2467 5144 2632 5213 atque
2662 5139 2902 5198 cilicium
2933 5141 3002 5197 de
3050 5140 3145 5196 illo
3189 5137 3526 5205 celebrandi,
3561 5135 3615 5191 in
3643 5151 3708 5193 ea

2114 5242 2321 5292 tantum
2349 5239 2603 5309 ecclesia,
2627 5240 2681 5296 in
2723 5257 2826 5312 qua
2865 5255 3019 5296 sacra
3043 5240 3165 5310 ejus
3186 5254 3314 5294 ossa
3343 5235 3710 5292 recondeban-

2113 5333 2216 5392 tur,
2251 5344 2361 5399 qua
2405 5329 2474 5384 de
2525 5346 2586 5386 re
2641 5329 2952 5399 hujusmodi
2997 5327 3267 5401 pontiﬁcis
3313 5326 3550 5397 diploma
3579 5332 3703 5380 est:

2115 5441 2137 5465 «ι
2173 5416 2449 5474 Honorius
2481 5420 2792 5491 episcopus,
2819 5435 3013 5476 servus
3038 5434 3320 5475 servorum
3357 5415 3475 5484 Dei,
3498 5413 3706 5471 dilectis

2109 5512 2236 5570 ﬁliis
2292 5516 2471 5572 abbati
2520 5526 2574 5573 et
2629 5519 2921 5576 conventui
2981 5515 3335 5582 Molismensi,
3387 5514 3610 5569 salutem
3656 5516 3717 5568 et

2107 5613 2465 5684 apostolicam
2516 5615 2972 5672 benedictionem.
3037 5616 3170 5671 Cum
3209 5611 3337 5669 olim
3377 5626 3474 5683 per
3500 5609 3704 5665 litteras

2109 5709 2164 5758 et
2200 5702 2418 5760 nuntios
2463 5713 2683 5762 vestros
2733 5703 3154 5778 supplicassetis
3199 5703 3489 5767 instanter,
3536 5697 3703 5768 adjuti

2107 5799 2432 5858 testimoniis
2446 5812 2497 5860 et
2527 5804 3011 5862 intercessionibus
3040 5802 3702 5877 plurimorum,utsancta

2108 5891 2396 5949 memoria
2424 5893 2490 5948 Β.
2530 5895 2849 5963 Robertum,
2901 5893 3054 5965 cujus
3085 5908 3287 5966 corpus
3314 5891 3372 5947 in
3399 5894 3589 5947 vestra
3618 5904 3704 5946 re-
