3972 6462
284 434 418 488 1293

1275 427 1648 483 MATHILDIS
1687 425 1920 483 COMIT.
1965 427 2122 484 VITA
2164 428 2255 484 ET
2289 425 2573 482 DIPLOM.

3438 431 3576 488 1294

279 557 572 630 quiescens
602 552 839 609 ecclesia
859 551 1044 606 multis
1067 559 1117 607 et
1139 552 1356 623 magnis
1376 551 1653 608 miraculis
1676 567 1873 607 corus-
1903 555 1956 618 Α
1984 558 2145 624 plene
2176 551 2555 622 rescripserint
2585 551 2887 619 veritatem,
2922 554 3065 623 quia,
3084 554 3215 611 licet
3245 556 3403 612 nobis
3423 573 3574 629 quaa-

279 654 462 719 cabat,
517 659 828 707 sanctorum
879 649 1130 722 catalogo
1178 649 1454 705 ascribere
1497 650 1871 718 deberemus;

278 767 404 818 nos,
438 767 509 805 ne
538 750 591 803 in
623 756 775 802 tanto
807 747 1026 816 negotio
1058 747 1373 801 videremur
1403 756 1459 801 ut
1506 747 1692 818 aliqua
1738 747 1875 800 levi-

278 849 411 904 tate,
445 848 556 893 tam
588 838 656 891 de
685 837 793 891 vita
825 837 1012 906 ipsius,
1049 851 1209 904 quam
1239 836 1306 891 de
1330 836 1623 899 miraculis,
1658 852 1756 904 per
1776 852 1871 890 ve-

278 935 561 990 nerabiles
593 932 784 987 fratres
813 939 1031 985 nostros
1076 931 1476 1001 Lingonensem
1526 938 1578 984 et
1640 931 1873 984 Valenti-

279 1039 510 1080 nensem
543 1021 855 1091 episcopos,
890 1019 1269 1073 mandavimus
1299 1019 1518 1089 inquiri,
1551 1035 1675 1074 cum
1710 1021 1780 1073 ad
1821 1019 1874 1072 id

278 1129 337 1176 ut
369 1120 565 1192 aliquis
595 1119 855 1172 habeatur
886 1125 942 1170 ut
973 1125 1190 1171 sanctus
1221 1116 1271 1169 in
1300 1117 1545 1172 Ecclesia
1586 1117 1856 1182 militanti,

279 1225 523 1266 necesse
555 1209 642 1271 sit,
688 1214 744 1260 ut
771 1214 824 1260 et
855 1222 995 1260 vera:
1027 1205 1170 1272 fidei,
1221 1222 1340 1276 quae
1387 1221 1486 1275 per
1532 1205 1875 1259 dilectionem

280 1314 559 1380 operatur,
607 1305 794 1361 merita
843 1321 965 1359 cum
1011 1304 1419 1374 perseverantia
1465 1303 1611 1357 finali
1666 1321 1874 1374 praece-

279 1398 438 1463 dant,
472 1405 523 1451 et
555 1395 702 1451 clara
733 1394 896 1448 etiam
926 1393 1180 1447 miracula
1210 1394 1609 1463 subsequantur
1639 1411 1652 1455 ;
1699 1409 1875 1464 neque

279 1486 390 1542 alia
420 1485 539 1540 sine
569 1483 690 1537 aliis
720 1483 881 1552 plene
914 1480 1187 1535 sulticiant
1216 1481 1284 1534 ad
1314 1480 1572 1535 indicium
1617 1481 1874 1536 sanctita-

280 1584 350 1640 tis
376 1602 389 1646 ;
421 1598 490 1638 eo
521 1581 665 1653 quod
695 1579 939 1634 nonnulli
976 1578 1174 1633 faciunt
1205 1593 1373 1648 opera
1405 1594 1524 1640 sua,
1557 1587 1614 1632 ut
1643 1579 1873 1633 videan-

277 1681 368 1728 tur
396 1671 468 1726 ab
496 1669 803 1725 hominibus
835 1687 847 1733 ;
883 1677 934 1722 et
980 1682 1371 1738 nonnunquam
1409 1667 1636 1740 angelus
1660 1667 1877 1723 Satanas

283 1768 681 1840 transﬁgurans
738 1783 795 1819 sc
866 1765 919 1818 in
995 1766 1254 1835 angelum
1329 1764 1485 1830 lucis,
1567 1766 1874 1819 hominibus

1982 650 2107 704 dam
2137 648 2402 703 miracula
2431 665 2555 719 quze
2582 657 2710 719 post
2737 659 2963 706 mortem
2995 650 3199 707 fecerat
3229 652 3569 720 intimarunt,

1983 746 2051 800 de
2077 745 2159 799 his
2182 753 2361 798 tamen
2383 761 2505 814 qua:
2527 743 2579 798 in
2603 745 2710 800 vita
2732 744 2928 801 fecisse
2950 746 3170 813 dicitur,
3196 746 3358 803 fidem
3379 751 3576 819 plena-

1983 834 2118 888 riam
2143 849 2247 887 non
2270 833 2517 888 fecerunt
2539 851 2552 886 :
2577 849 2679 886 nos
2696 849 2762 888 ne
2782 835 3036 904 precibus
3055 836 3248 890 vestris
3269 838 3579 894 videremur

1983 922 2204 977 omnino
2235 923 2453 986 deesse,
2487 922 2838 976 concedimus
2865 923 3041 989 vobis,
3079 931 3134 977 ut
3163 941 3286 978 eum
3317 933 3571 998 tanquam

1985 1027 2229 1074 sanctum
2263 1019 2315 1072 in
2348 1027 2527 1072 vestra
2557 1019 2797 1074 ecclesia
2844 1029 3189 1084 venerantes,
3255 1022 3371 1088 ejus
3427 1025 3574 1094 apud

1987 1110 2158 1163 Deum
2191 1106 2452 1177 suffragia
2484 1106 2801 1162 fiducialiter
2829 1107 3152 1177 imploretis.
3188 1110 3382 1164 Datum
3413 1112 3575 1167 Late-

1985 1197 2187 1262 rani,v1
2211 1195 2337 1250 Idus
2361 1195 2967 1266 Januarii,pontificatus
2989 1197 3162 1252 nostri
3186 1214 3327 1254 anno
3347 1207 3520 1254 sexto.
3551 1225 3573 1249 ι.

1985 1295 2092 1348 llas
2123 1293 2329 1348 litteras
2362 1309 2419 1347 se
2450 1309 2515 1346 ex
2553 1293 2804 1347 Vaticano
2834 1294 3116 1365 decerptas
3141 1295 3397 1351 habuisse
3419 1298 3574 1352 Man-

1985 1383 2170 1453 riquez
2201 1381 2272 1435 ait
2309 1401 2322 1444 ;
2355 1381 2634 1452 additque,
2669 1381 2772 1435 hoc
2804 1382 2997 1437 codem
3030 1398 3175 1438 anno
3204 1392 3296 1438 aut
3325 1384 3475 1440 initio
3490 1403 3575 1441 se-

1986 1471 2221 1543 quentis,
2258 1487 2377 1525 cum
2411 1470 2486 1535 id,
2523 1470 2669 1540 quod
2699 1469 2873 1540 primo
2899 1486 3159 1541 processu
3186 1473 3390 1542 deerat,
3439 1491 3575 1544 sup-

1983 1569 2186 1640 pletum
2219 1568 2426 1632 fuisset,
2461 1568 2516 1622 S.
2542 1568 2839 1623 Robertum
2865 1569 3112 1624 absolute
3134 1578 3442 1626 sanctorum
3472 1587 3572 1628 ca-

1984 1667 2111 1721 noni
2143 1665 2445 1736 ascriptum
2477 1664 2664 1729 fuisse,
2697 1665 3090 1737 decretumque
3120 1668 3174 1721 in
3203 1668 3452 1740 generali
3475 1684 3573 1725 ca-

1983 1767 2151 1838 pitulo
2182 1765 2563 1821 Cisterciensis
2593 1765 2808 1821 familia:
2862 1775 2918 1820 ut
2951 1766 3144 1822 festum
3191 1769 3307 1836 ejus
3346 1768 3569 1840 quinto-
3640 1820 3646 1827 .

281 1858 595 1930 frequenter
624 1854 818 1919 illudit,
850 1853 988 1908 sicut
1020 1853 1086 1907 de
1105 1853 1284 1923 magis
1308 1853 1508 1922 legitur
1541 1853 1870 1908 Pharaonis.
1902 1900 1954 1960 Β
1983 1861 2198 1917 decimo
2232 1860 2508 1916 Kalendas
2539 1861 2662 1916 Maii
2697 1877 2816 1916 cum
2849 1861 3028 1918 officio
3058 1861 3167 1917 duo
3187 1861 3365 1919 decim
3393 1863 3576 1921 lectio-

281 1955 424 2012 Cum
457 1955 641 2026 itaque
667 1951 1016 2023 inquisitores
1062 1950 1309 2022 praedicti
1356 1951 1512 2006 nobis
1567 1968 1734 2023 super
1791 1951 1872 2006 his

1983 1966 2110 2006 num
2141 1967 2243 2021 per
2270 1950 2584 2005 universum
2617 1951 2807 2006 orbem
2838 1951 3135 2007 solemnius
3163 1951 3560 2009 celebraretur.

1136 2292 1243 2395 S.
1366 2293 1918 2400 ROBERTI
2018 2291 2706 2396 EPISTOLfE.

767 2538 1103 2593 EPISTOLA
1171 2537 1378 2592 PRIMA
1397 2579 1409 2592 .

803 2651 878 2690 AD
907 2651 1135 2691 ODONBI
1167 2650 1376 2690 DUCEM.

355 2730 726 2788 Illustrissimo
749 2731 872 2788 duci
912 2732 1116 2797 Onom,
1160 2733 1463 2789 Roaaarus
1492 2733 1662 2786 abbas
1689 2732 1874 2786 Molis-

288 2805 497 2860 mensis
525 2803 808 2866 Ecclesiae,
842 2811 894 2858 et
925 2804 1014 2874 qui
1043 2820 1164 2858 cum
1196 2819 1261 2858 eo
1298 2804 1512 2858 Domini
1553 2804 1873 2875 obsequium

285 2876 702 2944 concupiscunt,
737 2875 966 2928 salutem
1000 2883 1051 2929 et
1080 2875 1409 2929 felicitatem.

356 2947 613 3000 Pietatem
644 2953 696 2999 et
742 2945 973 3016 gratiam
1030 2945 1286 2999 donatam
1341 2945 1500 3000 vobis
1536 2960 1590 3016 7a
1642 2945 1873 3000 Domino

279 3023 664 3097 agnoscentes,
701 3015 953 3097 nolumus
1001 3016 1208 3087 absque
1267 3015 1606 3096 beneplacito
1656 3016 1875 3096 celsitu-

282 3086 428 3142 dinis
451 3095 647 3141 vestra:
677 3087 880 3158 aliquid
926 3086 1186 3142 innovare
1219 3105 1233 3152 ;
1286 3087 1531 3158 quamvis
1592 3086 1872 3158 antiquum

283 3158 436 3213 aitet
467 3173 572 3212 non
604 3173 802 3212 novum
849 3157 900 3211 in
949 3159 1163 3213 virtutis
1209 3157 1697 3227 apprehensionem
1732 3157 1874 3212 cur-

284 3245 427 3283 rere.
460 3227 804 3298 QuaprOpter
833 3228 1113 3295 noveritis,
1146 3229 1214 3282 de
1245 3227 1547 3298 aliquorum
1598 3228 1870 3282 sociorum

282 3308 594 3370 nostrorum
627 3313 918 3368 consensu,
953 3301 1144 3370 quibus
1174 3299 1301 3353 data
1350 3306 1433 3353 est
1488 3300 1665 3370 gratia
1701 3315 1872 3370 agno-

283 3369 472 3426 scendi
503 3370 736 3439 seipsos,
766 3370 919 3436 juxta
947 3369 1302 3425 sanctissimae
1331 3369 1556 3440 Regula:
1580 3369 1869 3439 praecepta,

278 3441 336 3495 in
372 3455 501 3496 vera
530 3448 848 3510 paupertate
878 3448 929 3494 et
955 3441 1299 3496 conscientiae
1330 3441 1641 3495 sinceritate
1687 3441 1870 3495 vivere

284 3513 566 3566 statuisse.
607 3512 672 3564 Et
711 3511 834 3582 quia
869 3513 1105 3582 reliquos
1145 3511 1198 3564 in
1249 3512 1492 3565 eamdem
1542 3512 1870 3565 sententiam

282 3582 691 3653 adducerenon
720 3583 1012 3652 potuimus,
1046 3594 1096 3636 et
1128 3585 1347 3636 eosdem
1388 3591 1441 3636 et
1485 3598 1673 3636 eorum
1725 3582 1870 3653 regi-

283 3668 411 3707 men
443 3652 735 3718 dimittere,
767 3663 963 3707 etcum
996 3654 1077 3706 bis
1107 3653 1197 3722 qui
1231 3654 1460 3723 vestigia
1502 3662 1708 3716 nostra,
1761 3652 1870 3707 imo

285 3723 463 3794 potius
492 3724 660 3777 sancti
697 3723 882 3778 Patris
912 3724 1191 3777 Benedicti
1245 3725 1401 3795 sequi
1452 3724 1739 3788 voluerint,
1798 3724 1869 3795 ad

283 3810 522 3874 eremum
553 3794 794 3866 migrare
825 3795 1192 3874 decrevimus.
1226 3794 1361 3874 Quia
1393 3810 1524 3849 vero
1554 3803 1790 3850 vestrum
1813 3794 1866 3848 in

286 3879 388 3920 nos
433 3866 673 3919 animum
729 3866 1296 3936 saepissimerexperti
1354 3881 1563 3929 sumus,
1619 3875 1670 3920 et
1726 3881 1870 3921 nunc

285 3943 470 4007 contra
501 3936 852 4007 insurgentes
883 3935 1168 4006 procellas
1212 3937 1451 4006 experiri
1508 3943 1741 4006 oportet,
1801 3937 1870 3992 de

285 4005 540 4061 omnibus
571 4005 682 4060 vos?
696 4005 956 4062 certiores
1002 4007 1252 4072 fecimus,
1285 4005 1555 4061 forantes’
1581 4007 1869 4062 Dominum

285 4085 340 4149 et
368 4085 580 4149 patrem
611 4081 912 4147 gratiarum
944 4079 1086 4149 quod
1117 4093 1214 4133 vos
1263 4085 1315 4133 et
1362 4078 1578 4132 domum
1637 4086 1869 4133 vestram

287 4147 596 4204 incolumes
625 4157 934 4204 conservet.
964 4147 1153 4204 Amen.

857 4245 1188 4301 EPISTOLA
1221 4246 1295 4301 ll.

735 4357 940 4397 ODONIS
977 4357 1046 4397 AD
1088 4358 1382 4397 ROBERTUI
1391 4382 1405 4396 ο

1903 2912 1951 2974 C

1989 2537 2138 2600 sede,
2174 2535 2437 2608 quidquid
2465 2535 2744 2608 volueritis
2801 2535 3125 2607 impetrabo.
3188 2538 3389 2594 Locum
3447 2540 3573 2596 soli-

1987 2607 2204 2662 tudinis
2219 2615 2410 2662 vestrae
2441 2607 2643 2678 eligite,
2675 2615 2728 2662 et
2756 2623 2856 2677 pro
2886 2624 2973 2662 me
3002 2609 3230 2664 assidue
3281 2609 3572 2666 Dominum

1986 2688 2154 2734 orate.
2193 2682 2439 2734 Vestram
2467 2679 2832 2733 sinceritatem
2865 2679 3132 2736 Dominus
3160 2690 3468 2750 conservet,
3519 2691 3572 2738 et

1983 2766 2172 2822 puram
2203 2750 2556 2807 intentionem
2581 2756 2794 2823 augeat.

2541 2873 2882 2930 EPISTOLA
2912 2873 3010 2929 III.

2335 2997 2406 3035 AD
2455 2995 2706 3037 FRATRBS
2753 2996 3204 3038 CISTERCIENSES.

2053 3087 2353 3154 Fratribus,
2389 3087 2480 3157 qui
2519 3087 2572 3141 in
2603 3086 2878 3142 montibus
2910 3087 3150 3143 Cistercii
3199 3087 3268 3142 ad
3323 3098 3565 3145 montem

1982 3159 2339 3231 perfectionis
2369 3159 2760 3231 conscendunt,
2793 3159 3113 3231 Ronnn'ws,
3147 3174 3336 3231 eorum
3382 3176 3568 3231 quon-

1981 3229 2103 3285 dam
2135 3230 2340 3294 socius,
2371 3245 2515 3284 nunc
2544 3229 2599 3282 in
2626 3229 2828 3284 vallem
2860 3229 3208 3284 miserarium
3256 3229 3558 3296 demersus,

1981 3310 2101 3372 post
2133 3316 2420 3356 ascensum
2449 3300 2709 3371 palmam,
2742 3307 2793 3355 et
2820 3301 2900 3353 sui
2932 3299 2986 3354 in
3016 3301 3364 3357 ascendendo
3385 3317 3567 3358 recor-

1978 3375 2267 3430 (lationem.

2053 3444 2107 3498 Si
2134 3444 2319 3514 lingua
2349 3439 2556 3510 calami,
2588 3440 2852 3514 lacrymte
2882 3440 3188 3514 atramenti,
3221 3456 3318 3496 cor
3367 3444 3562 3514 papyri

1981 3515 2127 3571 vices
2160 3511 2342 3567 subire
2372 3519 2614 3582 possent,
2680 3511 2817 3567 ferte
2874 3511 3118 3568 calamus
3173 3511 3560 3578 aurea—atra-

1981 3595 2222 3640 mentum
2251 3586 2460 3649 oculos,
2504 3599 2742 3654 papyrus
2784 3582 3116 3654 affectiones,
3159 3592 3212 3638 et
3254 3583 3436 3639 omnia
3487 3585 3558 3639 si-

1979 3658 2110 3720 mul,
2143 3655 2302 3709 simul
2332 3663 2385 3709 et
2411 3653 2516 3708 vos
2538 3669 2732 3708 omnes
2774 3655 2841 3708 ad
2899 3653 3146 3709 affectum
3207 3659 3559 3711 commisera-

1980 3728 2138 3783 tionis
2189 3725 2631 3782 commovissent.
2683 3726 2980 3796 Postquam,
3037 3724 3394 3796 enimgvobis
3448 3743 3556 3785 non

1979 3797 2210 3860 adhaesi,
2251 3797 2480 3852 adhaesit
2506 3796 2694 3867 lingua
2713 3794 3091 3851 meafaucibus
3116 3794 3252 3849 meis
3277 3815 3289 3850 :
3313 3812 3436 3852 cum
3458 3813 3556 3853 vos

1979 3886 2087 3926 non
2117 3869 2366 3923 viderunt
2393 3868 2540 3922 oculi
2590 3867 2716 3933 mei,
2763 3867 2946 3921 lumen
2982 3867 3264 3922 oculorum
3309 3883 3558 3923 meorum

1979 3949 2032 3994 et
2061 3941 2236 4008 ipsum
2267 3955 2376 3993 non
2406 3946 2488 3992 est
2529 3953 2764 3994 mecum.
2813 3938 2953 3992 Dum
3000 3953 3097 3993 cor
3143 3952 3176 3992 a
3212 3937 3390 4004 vobis,
3433 3939 3480 3993 si
3526 3954 3560 3994 a

1981 4011 2134 4067 vobis
2172 4026 2411 4079 unquam
2469 4009 2686 4078 poterit,
2741 4008 2842 4064 fuit
2896 4007 3166 4076 avulsum,
3218 4008 3419 4064 factum
3476 4018 3559 4065 est

1979 4091 2234 4152 tanquam
2265 4096 2395 4152 cera
2423 4079 2731 4150 liquescens
2757 4080 2812 4134 in
2843 4079 3022 4134 medio
3051 4079 3256 4134 ventris
3276 4081 3408 4152 mei.
3449 4081 3557 4152 Sed

1979 4169 2011 4208 a
2045 4150 2198 4207 vobis
2228 4151 2418 4206 avulso
2449 4166 2560 4206 non
2589 4158 2771 4204 tamen
2799 4166 3125 4222 quemquam
3155 4167 3221 4204 ex
3252 4150 3408 4222 vobis
3455 4151 3557 4206 ista

1981 4223 2253 4294 separavit
2278 4221 2528 4294 avulsioig
2563 4236 2700 4294 quos
2729 4222 2870 4275 enim
2913 4221 3098 4292 jungit
3138 4221 3393 4294 Charitas
3422 4223 3558 4294 Jesu

1982 4292 2198 4356 Christi,
2232 4293 2431 4347 frustra
2479 4292 2725 4346 dividunt
2770 4300 3033 4346 terrarum
3087 4292 3285 4362 spatia.
3351 4293 3564 4348 Habeat

1982 4365 2262 4444 Molismus
2291 4362 2929 4444 praesentiamhcorporis,
2978 4363 3192 4444 legibus
3240 4363 3565 4444 obedientiw

359 4438 481 4496 Odo
511 4439 836 4512 Burgundiae
865 4439 990 4505 dux,
1037 4449 1168 4512 etc.,
1222 4439 1520 4512 venerabili
1568 4438 1710 4512 Patri
1757 4439 1871 4494 Bo-
1901 4425 1952 4484 D
1983 4425 2606 4512 astrictain,'d_ummodo
2635 4425 2964 4512 Cistercium
2997 4425 3195 4488 animae
3229 4433 3566 4512 desiderium

290 4525 467 4565 anno
499 4511 682 4564 abbati
718 4511 1068 4578 Molismensi,
1105 4516 1158 4566 et
1203 4511 1434 4580 reliquis
1491 4511 1580 4580 qui
1636 4526 1755 4564 cum
1813 4525 1876 4563 eo

287 4597 448 4635 unum
480 4590 602 4635 sunt
629 4582 683 4634 in
714 4582 970 4642 Domino,
1004 4598 1107 4651 pax
1139 4589 1348 4636 aeterna
1391 4582 1442 4634 in
1493 4591 1699 4636 aeterno
1744 4581 1876 4634 Deo.

362 4652 553 4706 Allata:
584 4660 708 4706 sunt
740 4652 898 4706 nobis
931 4653 1121 4707 litterae
1171 4652 1502 4706 sinceritatis
1547 4660 1740 4705 vestrae
1783 4667 1881 4720 per

288 4737 484 4777 manus
515 4723 904 4777 modestissimi
933 4723 1031 4776 viri
1063 4724 1327 4792 Stephani
1360 4723 1491 4778 socii
1526 4722 1732 4793 vestri;
1765 4721 1882 4793 qui-

291 4793 393 4848 bus
417 4793 573 4865 visis,
596 4802 650 4865 et
682 4794 1038 4865 intentionem
1070 4795 1368 4865 probamus
1399 4802 1450 4848 et
1479 4809 1643 4864 Opus.
1699 4792 1880 4865 Facite

288 4863 434 4936 quod
465 4864 697 4936 Spiritus
721 4863 911 4936 jubet,
931 4881 1042 4935 ego
1072 4863 1179 4920 non
1199 4866 1371 4919 deero
1427 4863 1599 4930 vobis,
1641 4864 1757 4936 sed
1814 4863 1882 4917 ab

290 4933 566 5006 episcopis
595 4933 1042 5004 provincialibus,
1077 4944 1131 4990 et
1160 4936 1206 4990 si
1243 4939 1545 5007 Oportuerit
1575 4950 1606 4989 a
1635 4935 1883 4990 Romana

1986 4506 2280 4579 possideat.
2311 4507 2426 4559 Hoc
2469 4504 2736 4579 disposuit
2780 4503 3310 4579 Altissimus,_cnjus
3357 4505 3568 4562 inseru-

1988 4575 2170 4632 tabilia
2197 4585 2321 4631 sunt
2352 4585 2578 4640 secreta,
2613 4582 2670 4629 ut
2706 4575 2762 4628 in
2818 4575 3037 4630 diversa
3085 4575 3401 4640 distractus,
3461 4591 3567 4632 nec

1988 4650 2165 4705 anima
2194 4664 2292 4718 per
2320 4648 2572 4717 corporis
2601 4645 3068 4700 conversationem
3096 4645 3440 4718 distrahatur,
3464 4662 3568 4718 nec

1989 4715 2538 4789 corpus'distrac'tum
2568 4725 2692 4790 tam_
2719 4715 3367 4790 sancta_conversatione
3417 4715 3569 4790 [non]

1991 4786 2195 4845 fruatur
2229 4805 2240 4844 :
2274 4806 2372 4860 pro
2399 4789 2583 4860 anima
2609 4786 2889 4860 vobiscum
2909 4787 3145 4860 degente
3165 4786 3440 4842 orationes
3456 4786 3575 4860 funi-

1991 4862 2130 4926 dite;
2161 4858 2378 4930 corpus,
2402 4859 2561 4929 cujus
2585 4858 2820 4914 animam
2842 4858 3154 4930 possidetis,
3171 4865 3424 4930 tanquam
3439 4858 3577 4930 opti-

1990 4948 2093 4987 mm
2123 4928 2291 5003 partis
2323 4948 2432 4987 suae
2462 4928 2836 5002 possessores,
2866 4945 2965 4986 vos
2996 4928 3194 4984 salutat
3223 4929 3280 4982 in
3316 4929 3571 4986 Domino.

1538 5255 1612 5297 ΔΝ
1619 5254 1691 5297 ΝΟ
1735 5253 1933 5297 DOMINI
1973 5251 2346 5296 MXLVl-HGXV

841 5405 1844 5556 MATHILDIS
1974 5402 3000 5556 COMITISS/E

1257 5633 1568 5736 VITA
1643 5635 1808 5736 ET
1883 5634 2621 5738 DlPLOMATA

841 5822 1002 5892 (Vide
1029 5819 1364 5889 Ραινοιορίω
1393 5828 1525 5878 tom.
1559 5823 1848 5893 GXLVlll,
1882 5823 1989 5880 col.
2023 5827 2148 5889 939,
2179 5822 2238 5878 in
2265 5825 2650 5883 Monumentis
2684 5825 3100 5898 Grcgoriam's.)

1585 5954 2352 5990 w—
