3956 6452
286 450 390 505 243

1187 449 1248 503 V.
1289 447 1616 504 GUIBERTI
1657 449 1946 504 ABBATIS
1984 450 2038 504 S.
2085 447 2322 502 ΜΑΒΙΑΞ
2359 446 2452 502 DE
2490 446 2876 502 NOVIGENTO

3676 442 3813 496 2H

287 582 440 645 dere,
474 581 630 652 quod
658 589 742 636 est
790 580 1105 651 intelligere
1135 594 1265 635 cum
1314 579 1509 648 faciet;
1541 586 1595 634 et
1641 592 1773 633 cum
1804 577 1975 633 intel-
2013 577 2062 632 Α
2088 577 2485 632 excellentiam
2540 576 2837 647 dignitatis
2899 575 3183 631 aestimare
3259 587 3467 645 queam
3523 572 3807 628 insinua.

291 670 531 736 lexerit,
585 668 704 738 jam
768 667 1064 723 remissius
1131 674 1282 736 aget.
1334 666 1531 734 (Vens.
1594 667 1706 736 2t.)
1753 667 1980 720 Munera

289 758 640 828 praoedunt,
671 756 765 810 sed
796 755 958 810 Iacob
984 757 1043 809 in
1070 758 1263 808 castris
1294 760 1442 808 nocte
1471 755 1570 808 illa
1599 762 1808 820 manet,
1841 752 1980 823 quia

285 846 434 902 ratio
480 845 605 900 licet
635 857 863 898 summa
900 843 1022 913 jam
1069 842 1219 896 bona
1263 842 1461 911 egerit,
1496 842 1760 912 quandiu
1805 848 1983 896 tenta-

287 932 459 989 tionis
501 931 590 987 vel
622 931 814 987 saculi
849 945 962 986 nox
993 938 1096 996 est,
1139 938 1195 985 et
1227 930 1402 984 nescit
1445 938 1642 986 utrum
1673 943 1867 986 amore
1905 943 1980 984 an

285 1020 415 1077 odio
444 1020 623 1090 digna
667 1027 768 1075 est.
823 1019 1016 1083 (Eccle.
1051 1033 1131 1086 1x,
1188 1020 1253 1086 l),
1306 1019 1459 1074 intra
1503 1017 1870 1074 continentia
1915 1031 1982 1073 ac

289 1109 508 1165 timoris
532 1115 718 1163 castra
743 1122 801 1162 se
822 1106 1128 1162 contrahit.

362 1197 532 1254 Vens.
565 1198 654 1250 22.
690 1226 757 1235 —
789 1197 1024 1263 Cumque
1061 1200 1272 1249 mature
1299 1197 1644 1261 surrexisset,
1679 1196 1805 1248 tulit
1843 1195 1982 1249 duas

289 1300 484 1340 uxores
530 1299 678 1350 suas,
719 1289 768 1337 et
813 1283 1033 1337 totidem
1077 1284 1338 1348 famulas,
1381 1299 1499 1338 cum
1544 1283 1789 1337 undecim
1829 1285 1978 1352 ﬁliis,

290 1379 341 1428 et
370 1375 628 1427 transivit
650 1372 850 1426 vadum
880 1371 1064 1425 Iacob.
1095 1372 1266 1427 Jacob
1299 1381 1489 1426 autem
1523 1373 1667 1424 lucta
1696 1371 1785 1427 vel
1816 1389 1982 1426 arena

291 1461 519 1528 dicitur,
569 1462 626 1516 in
653 1476 770 1531 quo
799 1460 1099 1516 conﬂictus
1135 1468 1188 1515 et
1217 1459 1561 1529 conﬂigendi
1596 1460 1772 1527 locus,
1804 1475 1982 1515 mun—

292 1549 402 1604 dus
431 1547 644 1603 scilicet
671 1555 726 1603 et
757 1547 993 1603 tentatio
1029 1547 1157 1616 ejus
1188 1546 1548 1616 intelligitur.
1581 1547 1682 1602 Sed
1714 1548 1853 1616 quia
1881 1561 1984 1602 ea-

293 1637 420 1692 dem
453 1649 628 1690 arena
661 1635 873 1690 vadum
895 1634 1238 1703 appellatur,
1269 1643 1582 1703 proventus
1609 1648 1681 1689 ex
1709 1635 1820 1690 Deo
1851 1649 1982 1690 cum

297 1725 606 1779 tentatione
652 1722 886 1778 futurus
923 1721 1208 1777 innuitur.
1251 1724 1464 1776 Mature
1510 1723 1697 1792 surgit
1737 1737 1869 1778 cum
1917 1723 1986 1778 de

295 1811 525 1867 levitate
591 1808 952 1880 cogitationis
1009 1809 1308 1879 gravitatis
1359 1824 1538 1866 manu
1597 1825 1656 1865 se
1707 1810 1978 1882 subrigit.

2086 667 2193 722 Cur
2223 669 2443 734 quaeris,
2478 665 2574 732 ait,
2623 680 2812 719 nomen
2849 680 3044 730 meum,
3076 663 3232 733 quod
3275 677 3380 718 nec
3421 661 3646 727 audire,
3677 674 3817 716 nec

2087 753 2133 808 si
2177 754 2378 809 audire
2410 753 2603 808 valeas
2646 767 2851 822 capere
2895 751 3121 822 possis?
3165 754 3234 805 Et
3266 751 3541 804 benedixit
3575 765 3698 804 eum
3737 751 3816 801 in

2087 842 2266 895 eodem
2313 843 2440 907 loco,
2472 841 2528 896 id
2559 849 2642 896 est
2673 842 2956 895 virtutum
3001 853 3134 894 eum
3178 835 3602 906 multiplicitate
3629 835 3818 890 dita-

2089 929 2190 995 vit,
2227 937 2685 999 perseverantem
2735 929 2786 981 in
2818 927 3132 993 charitatis,
3168 940 3300 995 qua
3324 924 3498 979 corda
3529 937 3652 978 una
3681 937 3820 978 ea-

2087 1018 2336 1087 demque
2391 1017 2544 1082 facit,
2578 1030 2710 1072 vere
2765 1016 2943 1070 solido
2981 1022 3036 1069 et
3083 1013 3272 1069 stabili
3307 1013 3444 1068 loco.
3499 1011 3815 1076 Statuisti,

2089 1106 2186 1171 ait,
2247 1106 2305 1160 in
2356 1104 2476 1160 loco
2528 1104 2776 1173 spatioso
2826 1103 2996 1172 pedes
3046 1116 3203 1156 meos
3252 1101 3421 1168 (Psal.
3477 1114 3612 1166 xxx,
3674 1100 3813 1166 10).

2091 1194 2285 1261 (Vens.
2343 1195 2458 1260 30.)
2490 1193 2668 1249 Vocat
2722 1207 2910 1245 nomen
2970 1192 3072 1244 loci
3119 1191 3268 1244 illius
3321 1187 3582 1251 Phanuel,
3629 1187 3816 1258 quod

2088 1289 2173 1336 est
2198 1282 2366 1347 facies
2402 1282 2516 1343 Dei,
2557 1280 2695 1349 quia
2728 1279 2786 1334 in
2811 1278 3110 1334 dilectione
3144 1276 3435 1347 pracipua
3459 1275 3554 1332 Dei
3578 1274 3818 1345 cogni-

2091 1371 2166 1425 tio
2197 1378 2302 1433 est,
2348 1377 2402 1425 et
2435 1369 2536 1439 qui
2585 1369 2734 1424 hanc
2781 1367 2972 1433 habet,
3026 1380 3058 1421 a
3086 1366 3218 1432 Deo,
3256 1365 3432 1435 juxta
3470 1364 3814 1434 Epistolam

2089 1459 2338 1523 Joannis,
2389 1458 2655 1526 cognitus
2701 1463 2805 1511 est.
2845 1457 2908 1510 In
2967 1454 3108 1510 facie
3141 1454 3293 1509 enim
3339 1454 3540 1508 notitia
3592 1461 3697 1520 est,
3740 1461 3818 1508 et

2093 1547 2244 1600 Deus
2277 1546 2392 1614 ipse
2443 1544 2691 1598 charitas
2736 1551 2819 1599 est
2849 1544 2898 1608 (Ι
2918 1544 3076 1597 Joan.
3127 1557 3206 1608 ιιι,
3256 1542 3359 1608 l6).
3423 1541 3549 1594 Vidi
3603 1542 3815 1595 Domi—

2091 1648 2219 1686 num
2255 1631 2381 1704 [al.,
2429 1630 2641 1703 Deum].
2682 1633 2830 1698 faeie
2880 1631 2954 1684 ad
2980 1633 3176 1697 faciem
3208 1635 3258 1684 et
3303 1631 3460 1684 salva
3505 1631 3662 1696 facta
3709 1633 3816 1682 est

2093 1723 2277 1773 anima
2295 1736 2430 1773 mea.
2453 1720 2610 1786 Quod
2626 1727 2707 1774 est
2733 1735 2745 1773 :
2771 1718 3034 1774 Intellexi
3056 1718 3380 1784 Dominum,
3409 1717 3820 1788 intelligentia

2099 1807 2441 1878 cognitionis
2482 1807 2609 1877 ejus
2639 1807 2961 1862 illustrante
2991 1806 3252 1862 notitiam
3299 1819 3508 1871 meam,
3550 1812 3606 1860 et
3651 1805 3823 1874 quia

301 1902 504 1954 Uxores
548 1898 790 1965 famulas
835 1913 956 1951 cum
1004 1897 1250 1951 undecim
1294 1899 1424 1963 filiis
1466 1898 1626 1966 tollit,
1679 1914 1811 1954 cum
1851 1871 1986 1954 con-
2025 1871 2070 1926 Β
2103 1911 2202 1966 per
2235 1895 2340 1952 hoc
2393 1896 2550 1966 quod
2579 1910 2712 1951 eum
2763 1909 2952 1963 nosco,
3004 1896 3159 1950 nosci
3191 1909 3278 1950 me
3326 1894 3400 1950 ab
3432 1893 3570 1962 ipso,
3628 1892 3684 1948 id
3713 1900 3823 1948 est

299 1987 726 2057 templationem
769 1993 824 2041 et
851 1993 1046 2040 actum
1094 2000 1226 2041 cum
1267 1985 1422 2041 vitiis
1453 1987 1803 2043 ancillariter
1847 1987 1993 2043 sub-

292 2076 649 2148 iacentibus,
701 2082 756 2131 et
815 2075 1085 2144 operibus
1137 2075 1383 2129 necdum
1440 2075 1510 2130 ad
1571 2075 1991 2130 duodenarium

301 2164 661 2235 perfectionis
707 2163 1030 2233 apostolicae
1081 2163 1535 2234 attingentibus,
1600 2163 1657 2218 in
1705 2171 1992 2234 quantum

303 2253 574 2322 pravalet
604 2265 638 2306 a
681 2251 1091 2320 temporalibus
1129 2251 1388 2316 extollit,
1436 2258 1490 2306 et
1518 2251 1718 2305 vadum
1764 2251 1992 2317 transit,

305 2339 626 2396 secundum
675 2339 886 2394 scilicet
943 2338 1098 2407 quod
1153 2338 1348 2393 multis
1402 2338 1780 2394 imbecillibus
1837 2353 1994 2394 mare

305 2422 866 2480 turbulentissimum
881 2428 983 2489 est,
1003 2422 1350 2492 contemptui
1368 2422 1584 2477 habens
1596 2437 1725 2478 cum
1743 2423 1993 2478 Idithum

305 2510 572 2566 transilit.

376 2599 550 2655 Vens.
585 2601 676 2663 23,
726 2599 816 2652 24.
851 2625 922 2637 —
970 2596 1432 2666 Transductisque
1473 2598 1717 2652 omnibus
1766 2613 1885 2667 qua
1922 2596 1996 2650 ad

305 2702 360 2741 se
384 2686 747 2756 pertinebant,
795 2687 1066 2741 remansit
1107 2686 1288 2751 solus;
1333 2691 1384 2739 et
1410 2701 1522 2739 ecce
1563 2689 1646 2738 vir
1689 2686 1999 2740 luctabatur

306 2791 432 2830 cum
460 2791 517 2828 eo
546 2791 716 2844 usque
761 2790 936 2828 mane.
965 2773 1169 2828 Omnia
1199 2788 1330 2843 qua
1360 2775 1428 2828 ad
1461 2789 1518 2830 se
1563 2775 1847 2844 pertinent
1872 2782 1996 2830 tra-

307 2863 486 2930 ducit,
538 2877 669 2916 cum
717 2861 952 2932 spiritus
1002 2868 1057 2916 et
1109 2861 1282 2916 totius
1329 2876 1448 2916 sua
1492 2862 1724 2917 virtutis
1777 2862 1998 2918 fructus

310 2957 470 3006 trans
511 2949 724 3004 vadum
773 2947 830 3003 in
880 2956 1049 3018 portu
1097 2947 1309 3003 caelesti
1359 2949 1673 3004 constituit.
1727 2950 1999 3004 Remanet

307 3039 473 3104 solus,
507 3037 665 3107 quia,
699 3037 835 3092 velit
874 3036 1033 3103 nolit,
1085 3049 1318 3105 corpore
1348 3037 1634 3092 detinetur
1675 3036 1730 3092 in
1775 3045 1998 3106 tempo-

2099 1985 2229 2054 eligi
2260 1999 2378 2039 non
2411 1983 2632 2050 dubito,
2653 1983 2854 2039 salutis
2877 1983 3086 2038 anima
3107 1982 3342 2051 spiritus
3370 1989 3583 2037 certam
3607 1989 3817 2036 teneo.

2169 2074 2337 2130 Vens.
2368 2075 2455 2126 3f.
2491 2103 2558 2111 —
2601 2073 2866 2140 Ortusque
2894 2077 2972 2126 est
2998 2074 3186 2126 statim
3217 2071 3315 2135 sol,
3343 2076 3636 2141 postquam
3663 2085 3818 2138 pro-

2101 2177 2314 2228 gressus
2342 2166 2420 2214 est
2449 2161 2706 2225 Phanuel,
2750 2159 2989 2215 incaluit
3021 2159 3281 2214 videlicet
3312 2172 3444 2214 mox
3480 2157 3652 2214 menti
3680 2157 3826 2227 jus-

2104 2248 2239 2303 titia
2288 2249 2391 2303 lux
2439 2256 2494 2303 et
2539 2249 2747 2314 fervor,
2796 2256 3103 2317 postquam
3159 2247 3257 2302 Dei
3298 2246 3561 2302 notitiam
3608 2245 3824 2316 attigit

2103 2337 2266 2392 ratio.
2315 2336 2591 2403 Phanuel,
2642 2336 2812 2392 etiam
2848 2336 3246 2405 transgressio,
3279 2342 3460 2404 potest
3489 2348 3610 2390 esse
3654 2347 3816 2402 pra-

2101 2428 2187 2477 ter
2216 2422 2539 2491 generalem
2586 2421 2686 2477 Dei
2716 2423 3098 2492 cognitionem
3147 2421 3327 2490 ipsius
3372 2420 3812 2490 contemplatio.

2102 2513 2223 2580 Ipse
2250 2527 2373 2565 vero
2429 2510 2583 2566 haud
2638 2511 2882 2566 dubium
2921 2515 3066 2564 no
3103 2510 3247 2579 quin
3282 2509 3623 2574 intellectus,
3655 2509 3817 2563 clau-

2104 2599 2323 2653 dicabat
2369 2599 2524 2668 pede,
2569 2598 2709 2668 quia
2762 2598 2878 2653 vim
2907 2599 3178 2653 amiserat
3216 2596 3530 2652 affectionis
3581 2611 3810 2666 prava.

2105 2689 2299 2759 (Vens.
2338 2690 2452 2758 32.)
2486 2689 2662 2754 Quam
2702 2689 2766 2743 ob
2797 2704 3018 2743 causam
3047 2704 3150 2742 non
3182 2687 3461 2742 comedunt
3490 2688 3600 2747 ﬁlii
3628 2688 3817 2742 Israel

2103 2793 2348 2839 nervum,
2383 2777 2437 2831 id
2467 2785 2551 2832 est
2603 2791 2718 2832 non
2761 2777 3076 2832 admittunt
3119 2776 3517 2831 obstinationis
3565 2775 3810 2842 vitium,

2106 2881 2237 2936 qua
2269 2868 2531 2919 emarcuit
2581 2865 2638 2920 in
2669 2864 3142 2934 concupiscentiis
3189 2864 3526 2930 intellectus,
3574 2864 3646 2919 ad
3696 2864 3818 2919 hoc

2107 2953 2319 3009 scilicet
2377 2962 2438 3008 ut
2467 2954 2648 3009 Deum
2695 2967 2828 3008 vere
2880 2953 3022 3006 diem
3054 2952 3272 3022 ubique
3311 2957 3624 3021 prasentem
3657 2951 3818 3007 liber

2107 3042 2428 3110 attingeret,
2471 3057 2528 3095 eo
2555 3042 2700 3110 quod
2743 3041 3091 3110 mitigaverit
3122 3041 3273 3095 Deus
3302 3040 3572 3095 duritiam
3607 3040 3819 3095 libidi-

309 3124 548 3180 ralibus.
589 3127 687 3178 Vir
715 3140 834 3178 cum
871 3140 928 3178 eo
960 3139 1126 3192 usque
1149 3139 1304 3177 mane
1335 3123 1606 3188 luctatur,
1638 3125 1778 3179 dum
1813 3125 2000 3180 virtus
2035 3148 2077 3204 ρ
2108 3142 2381 3184 nosarum
2415 3127 2902 3184 consuetudinum
2947 3127 3092 3196 ejus,
3125 3131 3174 3180 et
3216 3127 3495 3196 obstupui-1
3510 3129 3577 3192 it,
3613 3127 3668 3182 id
3721 3136 3820 3182 est

311 3227 564 3282 superna
594 3212 803 3268 volenti
836 3211 964 3282 ejus
994 3225 1280 3267 summam
1303 3213 1699 3278 conscendere,
1729 3220 1793 3269 ut
1815 3213 2000 3284 magis

309 3301 582 3356 accendat
612 3299 849 3356 rationis
895 3299 1170 3355 desiderio
1217 3299 1600 3368 dispensative
1651 3299 1994 3369 refragatur.

311 3389 566 3456 Quaesivi,
593 3389 671 3444 ait
692 3388 750 3443 in
771 3388 1022 3444 Canticis
1044 3387 1158 3455 illa,
1181 3392 1232 3440 et
1257 3403 1364 3440 non
1387 3390 1571 3442 inveni
1598 3390 1783 3455 illum;
1814 3393 2001 3444 vocavi

311 3480 361 3530 et
387 3491 493 3530 non
517 3475 816 3544 respondit.
851 3476 1037 3542 (Cant.
1070 3489 1126 3539 v,
1146 3475 1225 3542 6.)
1257 3474 1378 3528 Non
1401 3482 1593 3529 tamen
1616 3475 1716 3530 diu
1737 3474 2001 3532 differtur

312 3563 523 3618 divina
557 3562 958 3618 illustrationis
1001 3575 1190 3629 mane,
1221 3577 1353 3632 qua
1396 3576 1524 3631 spes
1568 3577 1670 3617 nos
1698 3563 1911 3620 excitat
1944 3565 2000 3618 in

313 3649 643 3705 luctamine.

385 3739 559 3795 Vens.
591 3741 680 3792 25.
730 3768 798 3778 —
841 3739 950 3803 Qui
991 3753 1110 3792 cum
1145 3737 1372 3803 videret,
1423 3737 1575 3794 Deus
1625 3739 1810 3808 plane,
1860 3741 2004 3810 quod

315 3827 628 3884 differendo
679 3833 811 3882 vota
861 3841 1118 3894 superare
1163 3841 1270 3880 non
1314 3831 1510 3894 posset,
1556 3829 1734 3894 tetigit
1781 3844 2003 3882 nervum

313 3917 536 3984 femoris
579 3914 716 3984 ejus,
751 3915 804 3970 id
834 3923 918 3970 est
960 3914 1332 3970 mansuefecit
1376 3915 1812 3972 obstinationem
1849 3917 2006 3972 lasci-

316 4005 426 4060 via
453 4002 767 4073 corporalis
817 4003 980 4072 ejus,
1031 4008 1081 4056 et
1110 4005 1296 4056 statim
1339 4015 1374 4056 a
1401 4003 1710 4072 superﬂua
1763 4005 2005 4063 humore

317 4091 668 4148 remissionis
715 4094 994 4145 emarcuit.
1055 4091 1244 4158 (Vens.
1290 4089 1402 4160 26.)
1448 4093 1687 4154 Dimitte,
1737 4093 1850 4160 ait,
1902 4110 2001 4161 me,

309 4182 430 4249 jam
477 4182 618 4234 enim
655 4179 900 4234 ascendit
947 4193 1168 4232 aurora.
1219 4181 1298 4232 Ac
1327 4179 1374 4233 si
1426 4179 1624 4234 dicat:
1658 4180 1782 4236 lam
1837 4196 2006 4238 mane

319 4269 461 4324 illud
507 4267 664 4337 quod
707 4266 1128 4336 prastolabaris
1155 4267 1351 4333 babes,
1379 4269 1499 4338 jam
1547 4269 1619 4324 ab
1652 4269 2006 4340 insequendo

319 4356 614 4426 quiescere
659 4361 834 4422 potes.
887 4355 1024 4421 Non,
1053 4353 1151 4421 ait,
1195 4354 1487 4417 dimittam,
1531 4359 1642 4410 nisi
1671 4358 2006 4412 benedimeris

2106 3217 2178 3271 ad
2211 3215 2683 3286 impassibilitatis
2713 3215 2958 3286 gratiam
2989 3214 3158 3270 etiam
3191 3215 3250 3269 in
3281 3215 3389 3271 hac
3420 3215 3536 3270 vita
3560 3214 3682 3284 jam
3715 3230 3820 3270 ve-

2107 3305 2270 3360 nerit.
2311 3304 2432 3359 Filii
2461 3312 2650 3359 autem
2691 3303 2862 3358 Israel
2895 3311 3031 3359 sunt
3065 3303 3164 3372 qui
3198 3304 3350 3358 vices
3380 3303 3476 3358 Dei
3503 3303 3608 3358 sibi
3643 3302 3816 3372 prin-

2108 3393 2348 3462 cipando
2373 3399 2601 3463 gerunt.

2685 3479 2918 3535 CAPUT
2957 3479 3219 3535 XXXIII.

2180 3569 2348 3625 Vens.
2387 3573 2439 3634 l,
2483 3571 2537 3622 2.
2569 3597 2637 3607 —
2679 3569 2887 3622 Levans
2925 3573 3105 3621 autem
3139 3567 3314 3621 oculos
3365 3567 3505 3621 vidit
3533 3569 3686 3622 Esau
3714 3583 3817 3621 ve-

2109 3659 2341 3710 nientem
2400 3661 2452 3710 et
2505 3673 2624 3711 cum
2678 3671 2736 3710 eo
2790 3655 3213 3725 quadringentos
3265 3657 3451 3724 viros;
3509 3655 3820 3724 diuisitque

2109 3748 2248 3814 ﬁlios
2297 3747 2406 3800 Lia
2451 3750 2502 3798 et
2535 3745 2748 3810 Rachel,
2798 3743 3187 3811 ambarumque
3227 3745 3584 3810 famularum,
3614 3748 3664 3796 et
3705 3761 3814 3812 po-

2109 3837 2222 3888 suit
2264 3840 2523 3902 utrasque
2565 3833 2823 3896 ancillas,
2869 3837 2919 3885 et
2956 3833 3097 3900 ﬁlios
3147 3847 3333 3885 earum
3380 3833 3438 3884 in
3483 3833 3760 3900 principio
3795 3850 3811 3897 ;

2111 3925 2266 3978 Liam
2322 3937 2446 3974 vero
2495 3931 2546 3974 et
2599 3920 2743 3990 ﬁlios
2799 3921 2912 3988 ejus
2967 3922 3024 3972 in
3077 3919 3306 3973 secundo
3360 3920 3485 3972 loco.
3543 3919 3733 3988 Erigit
3777 3934 3822 3975 a

2113 4010 2353 4066 terrenis
2408 4009 2647 4078 spiritus
2709 4007 3099 4071 intentionem,
3158 4014 3213 4062 et
3290 4006 3559 4075 prospicit
3616 4007 3823 4064 carnis

2113 4097 2380 4154 affectum
2411 4097 2500 4152 his
2545 4096 2955 4158 imminentem,
2990 4104 3045 4150 et
3087 4109 3217 4150 cum
3249 4109 3314 4150 eo
3357 4095 3532 4149 totius
3559 4095 3822 4151 sacula—

2114 4187 2299 4242 ritatis
2336 4186 2860 4256 praesumptionem.
2895 4186 2973 4240 De
3023 4183 3465 4254 quadringentis
3510 4197 3686 4253 supra
3718 4184 3821 4240 di—

2113 4274 2310 4330 ximus
2339 4273 2531 4328 latius.
2581 4273 2856 4328 Discernit
2887 4273 3034 4326 inter
3076 4286 3251 4340 opera
3282 4272 3386 4339 pia
3434 4270 3814 4340 actualitatis,

2113 4370 2168 4418 et
2197 4376 2368 4431 opera
2397 4361 2546 4416 Bala
2592 4369 2647 4416 et
2670 4360 2854 4427 Zelfa,
2887 4360 3150 4415 videlicet
3185 4359 3482 4414 vetustatis
3514 4367 3569 4414 et
3609 4359 3818 4430 gloria

317 4445 484 4506 mihi,
543 4441 656 4497 nisi
710 4440 973 4496 videlicet
1028 4441 1098 4496 ad
1150 4442 1546 4498 certitudinem
1596 4445 2004 4501 benedictionis
2042 4466 2088 4520 D
2119 4449 2306 4505 inanis
2350 4457 2405 4505 et
2434 4449 2575 4505 vitia
2601 4463 2674 4504 ex
2707 4448 2978 4518 vitiisque
3014 4447 3258 4502 orientia
3286 4447 3554 4516 qualibet
3586 4447 3640 4501 in
3674 4461 3812 4516 pro-

317 4539 545 4586 aterna
585 4543 676 4585 me
721 4529 1075 4600 perduxeris.
1111 4531 1302 4594 (Vens.
1345 4530 1460 4600 2'7.)
1509 4532 1661 4598 Quod
1689 4549 1898 4599 nomen,
1927 4533 2006 4588 in-

321 4618 466 4690 quit,
516 4623 595 4672 est
635 4618 783 4674 tibi?
836 4618 899 4672 Id
946 4625 1030 4673 est
1077 4619 1439 4675 reminiscere
1484 4619 1571 4675 tui
1603 4621 2004 4689 professionem

319 4706 608 4778 propositi.
659 4706 752 4762 Ait
778 4721 792 4761 :
823 4707 1005 4760 Iacob.
1038 4707 1122 4762 Ad
1171 4707 1623 4773 subversionem,
1677 4709 1886 4777 inquit,
1918 4709 2005 4764 vi-

316 4809 451 4852 vere
481 4795 790 4852 deliberavi
836 4795 1128 4850 vitiorum.
1183 4796 1372 4864 (Vens.
1403 4796 1516 4866 28.)
1568 4796 1693 4851 Non
1739 4796 1818 4851 ait
1850 4797 2001 4852 vitio—

315 4897 449 4940 rum
516 4883 1071 4954 supplantandorum
1121 4883 1221 4939 tibi
1297 4884 1462 4940 modo
1525 4884 1848 4940 sollicitudo
1911 4886 2006 4941 in—

318 4973 568 5041 cumbet,
619 4972 673 5026 id
705 4979 830 5038 est,
873 4987 980 5026 non
1024 4972 1188 5026 Jacob
1225 4971 1530 5036 vocaberis,
1561 4971 1656 5026 sed
1705 4974 1894 5035 Israel,
1949 4973 2006 5028 id

316 5068 402 5117 est
431 5061 694 5130 princeps
723 5075 856 5116 cum
890 5061 1024 5128 Deo,
1063 5059 1157 5115 vel
1184 5059 1426 5115 dilectus
1468 5059 1587 5126 Dei,
1620 5068 1684 5116 ut
1707 5061 1828 5131 jam
1859 5075 2002 5132 qua-

317 5149 452 5205 dam
481 5149 745 5204 eollativa
790 5148 997 5204 deitate
1036 5161 1170 5204 cum
1203 5147 1323 5216 ipso
1371 5147 1523 5202 intra
1565 5157 1616 5204 te
1665 5149 1851 5219 ipsum
1890 5150 2005 5206 Deo

317 5236 705 5307 principatum
736 5244 952 5304 teneas,
983 5245 1039 5292 et
1067 5235 1356 5304 consopito
1380 5237 1710 5304 passionum
1743 5237 2000 5306 strepitu,

313 5339 388 5382 ex
421 5325 533 5381 Deo
575 5325 645 5380 ad
676 5325 856 5381 Deum
899 5333 954 5380 te
983 5324 1220 5394 dirigas,
1251 5332 1308 5380 et
1349 5325 1564 5394 pacatis
1607 5326 1878 5382 omnibus
1915 5326 2004 5381 his

313 5413 419 5470 uni
462 5413 744 5484 intendas,
796 5412 1072 5484 quoniam
1131 5413 1178 5468 si
1225 5422 1654 5482 perseveranter
1701 5415 1774 5471 ad
1820 5415 2000 5470 Deum

315 5501 490 5558 anxie
557 5503 934 5573 quarendum
1009 5501 1615 5573 complectendumque
1680 5503 1838 5559 fortis
1901 5516 1998 5570 es,

315 5598 534 5660 quanto
562 5591 749 5662 magis
775 5597 974 5646 contra
1005 5589 1260 5645 homines
1290 5591 1648 5660 pravalebis,
1678 5599 1880 5647 contra
1897 5591 2004 5647 bu-

315 5679 608 5734 manitatis
649 5678 860 5734 scilicet
907 5677 1260 5732 tentationes.
1294 5677 1482 5744 (Vens.
1523 5679 1638 5748 29)
1685 5682 1752 5734 Et
1790 5679 1950 5734 Iacob
1985 5696 2000 5734 :

317 5768 423 5822 Dic
452 5767 591 5822 mihi
616 5781 722 5836 quo
752 5765 1050 5835 appellaris
1093 5768 1324 5832 nomine,
1361 5767 1416 5822 id
1455 5774 1538 5823 est
1563 5765 1849 5838 quomodo
1887 5774 2002 5823 tua

2115 4537 2311 4607 patulo
2359 4551 2460 4606 per
2487 4536 2898 4592 confessionem
2946 4536 3123 4603 ponit,
3171 4535 3311 4604 quia
3339 4535 3523 4602 justus
3555 4533 3611 4589 in
3645 4535 3808 4604 prin-

2113 4627 2260 4695 cipio
2312 4630 2593 4679 accusator
2623 4630 2702 4679 est
2746 4626 2835 4678 sui
2877 4623 3061 4690 (Prov.
3109 4637 3266 4687 xvm,
3319 4625 3422 4690 l7).
3462 4621 3580 4689 Lia,
3616 4622 3670 4678 id
3719 4633 3811 4680 est

2113 4714 2321 4780 activa,
2370 4727 2500 4769 cum
2538 4712 2688 4780 filiis,
2722 4711 2777 4766 id
2814 4720 2896 4767 est
2925 4711 3130 4766 studiis
3171 4711 3291 4766 suis
3319 4713 3376 4764 in
3409 4711 3636 4764 secundo
3665 4712 3807 4782 loco,

2115 4803 2290 4859 utsic
2321 4802 2472 4858 infra
2511 4801 2840 4856 deserviant
2872 4799 3152 4870 proximo,
3189 4807 3252 4855 ut
3297 4800 3566 4868 superius
3611 4799 3808 4856 inten-

2117 4890 2324 4946 tionem
2370 4890 2626 4945 deferant
2657 4889 2788 4944 Deo.
2851 4889 3058 4941 Rachel
3087 4892 3266 4941 autem
3301 4892 3352 4940 et
3393 4889 3588 4956 Ioseph
3616 4891 3807 4942 novis-

2113 4981 2274 5034 simos
2333 4977 2509 5047 ponit,
2566 4979 2706 5048 quia
2735 4977 2832 5032 Dei
2890 4975 3426 5046 contemplationem
3476 4977 3712 5032 sinceris
3750 4987 3808 5034 et

2114 5065 2379 5136 perfectis
2448 5065 2777 5127 mentibus,
2832 5078 2962 5134 qua
3023 5063 3205 5118 filium
3253 5063 3498 5132 Ioseph,
3560 5063 3613 5118 id
3670 5072 3802 5133 est,

2113 5153 2366 5210 fructum
2413 5153 2744 5222 sempiterni
2791 5151 3086 5223 augmenti
3127 5165 3349 5220 semper
3394 5159 3608 5220 spectat
3636 5154 3808 5221 perti-

2113 5256 2249 5298 nere
2278 5242 2400 5297 scit.
2437 5241 2629 5310 (Vnus.
2664 5242 2736 5308 3.)
2768 5242 2847 5296 Et
2872 5245 2989 5309 ipse
3015 5239 3366 5308 progrediens
3393 5239 3646 5294 adoravit
3673 5256 3804 5308 pro-

2110 5345 2212 5383 nus
2259 5331 2317 5383 in
2368 5335 2570 5384 terram
2619 5331 2838 5397 septies,
2884 5328 3048 5382 donec
3101 5330 3571 5396 appropinquaret
3623 5330 3804 5394 frater

2109 5418 2246 5486 ejus,
2297 5417 2598 5487 proficiens
2642 5416 2856 5471 scilicet
2886 5422 2941 5470 et
2988 5415 3106 5484 ipse
3149 5414 3220 5470 ad
3255 5415 3513 5470 eamdem
3544 5421 3797 5472 contem-

2111 5504 2440 5574 plationem,
2473 5511 2528 5559 et
2580 5504 2653 5559 ad
2686 5503 2944 5574 perfecta
2987 5503 3225 5558 visionis
3266 5511 3666 5572 augmentum.
3697 5504 3796 5558 Se-

2105 5593 2282 5660 pties;
2313 5591 2468 5660 quod
2508 5599 2592 5647 est
2630 5599 2686 5647 et
2710 5603 2972 5660 corpore,
2997 5597 3052 5646 et
3082 5591 3278 5646 anima
3309 5589 3654 5646 humiliatur
3679 5605 3797 5661 pro-

2110 5693 2221 5735 nus
2276 5680 2347 5734 ad
2401 5679 2578 5735 solam
2637 5679 2873 5734 vilitatis
2935 5680 3180 5748 propria
3239 5679 3790 5747 considerationem,

2109 5767 2372 5838 quandiu
2422 5775 2662 5825 terrena
2721 5767 3002 5838 superbia
3059 5767 3148 5824 his
3205 5767 3444 5824 affectus
3499 5767 3790 5839 imminet,
