3956 6466
72 444 180 495 245

1296 440 1661 497 MORALIUM
1704 441 1771 495 ΙΝ
1811 439 2108 496 GENESIN
2151 440 2285 496 LIB.
2328 440 2471 497 Vlll.

3514 444 3617 499 246

66 572 547 638 Quaternarium
588 573 657 628 ad
726 586 956 642 corpus,
1027 570 1342 627 ternarium
1407 570 1480 626 ad
1541 571 1794 625 animam
1834 572 1880 625 A
1910 568 2209 639 quidpiam
2241 568 2510 637 animari,
2546 570 2773 642 citoque
2802 571 3043 629 deficere
3077 573 3094 642 )
3127 588 3139 627 :
3182 573 3517 630 Grudiamur
3535 588 3618 628 si-

68 661 333 717 attinere
364 676 521 732 saepe
548 661 837 731 diximus;
872 675 1002 730 quae
1022 668 1233 730 septem
1267 667 1421 715 sunt.

145 751 345 807 Vsus.
378 753 434 806 4.
458 780 528 793 -
555 753 786 808 Currens
825 753 1011 819 itaque
1040 752 1187 804 Esau
1228 749 1444 803 obviam
1487 750 1663 814 fratri
1708 761 1804 802 suo

67 839 446 906 amplexatus
487 844 566 893 est
608 854 748 905 eum,
795 840 1175 907 stringensque
1226 838 1420 891 collum
1464 842 1515 891 et
1556 836 1803 896 osculans

66 930 245 994 ﬂevit.
282 926 561 984 Carnalis
590 927 856 983 voluntas
896 926 1107 982 fervori
1153 926 1351 982 divino
1396 939 1693 991 occursus,
1746 924 1802 980 id

67 1024 157 1071 est
214 1017 572 1073 obedientim
621 1016 1001 1073 reverentiam
1069 1015 1325 1072 exhibet.
1395 1016 1799 1085 Amplexatur,

69 1120 211 1162 cum
280 1106 588 1161 dexteram
640 1105 1032 1177 prosperitatis
1072 1105 1395 1175 laevamque
1441 1103 1803 1160 adversitatis

69 1194 417 1250 intellectus
447 1195 684 1251 arbitrio
720 1194 947 1265 ingerit.
988 1195 1194 1250 Collum
1235 1194 1484 1265 stringit,
1515 1208 1647 1250 cum
1693 1207 1800 1249 vo-

71 1297 167 1339 ces
216 1284 608 1340 consiliorum
652 1284 779 1355 ejus
832 1284 939 1340 sibi
1005 1290 1302 1353 gratanter
1351 1281 1585 1352 colligit.
1645 1280 1800 1337 Collo

68 1373 234 1428 enim
259 1387 383 1428 vox
415 1373 716 1429 emittitur.
750 1372 1077 1439 Osculatur,
1122 1386 1255 1427 cum
1299 1372 1445 1427 idem
1489 1371 1718 1441 sapiens
1746 1378 1801 1426 et

70 1461 388 1530 sapientiae
416 1461 613 1518 salivis
665 1461 810 1533 tingi
857 1476 916 1518 se
943 1462 1178 1532 patitur,
1223 1467 1280 1516 et
1325 1460 1561 1531 spiritus
1598 1459 1797 1515 suavi-

73 1555 192 1604 tate
224 1548 544 1605 imbuitur.
580 1549 703 1606 Flet
743 1563 901 1616 vero,
954 1563 1088 1606 cum
1127 1563 1162 1605 a
1190 1548 1365 1605 noxio
1403 1550 1645 1605 humore
1694 1549 1801 1619 spi-

72 1635 193 1692 ritu
223 1637 438 1694 eodem
482 1645 733 1694 torrente
801 1639 1068 1694 siccatur.
1126 1638 1304 1707 (Vnus
1351 1638 1423 1700 5.)
1481 1639 1801 1700 Levatisque

73 1726 248 1780 oculis
284 1726 432 1781 vidit
461 1728 713 1781 mulieres
735 1731 785 1782 et
809 1726 1075 1797 parvulos
1106 1742 1316 1783 earum.
1352 1726 1500 1793 Quid
1536 1729 1636 1790 ait,
1690 1727 1800 1780 sibi

70 1815 268 1868 volunt
293 1816 399 1869 isti
424 1816 542 1870 ?Et
563 1816 615 1869 si
651 1814 725 1869 ad
754 1819 803 1869 te
833 1817 1156 1884 pertinent?
1187 1814 1361 1869 Levat
1385 1814 1507 1885 jam
1557 1814 1630 1870 ab
1672 1813 1797 1871 imis

73 1902 277 1958 oculos
307 1902 520 1971 animi,
570 1910 624 1960 et
654 1902 809 1959 videt
834 1903 974 1973 quia
1010 1903 1132 1974 jam
1161 1917 1275 1959 non
1330 1902 1545 1959 invidet
1593 1903 1797 1959 fecun-

73 1991 315 2047 ditatem
398 1991 629 2062 piorum
689 1993 1131 2063 propositorum,
1214 1999 1269 2047 et
1316 1998 1539 2047 teneros
1604 1991 1799 2047 adhuc

73 2079 317 2136 effectus
393 2096 597 2136 eorum
673 2081 965 2152 disquirit,
1044 2080 1180 2150 quid
1235 2080 1416 2136 velint
1498 2094 1599 2150 per
1676 2080 1798 2136 haec

75 2168 271 2223 studia
345 2169 461 2225 sibi
514 2171 873 2240 conquirere,
933 2174 983 2222 et
1036 2171 1087 2224 si
1154 2170 1225 2224 ad
1276 2169 1528 2240 aliquem
1596 2168 1800 2225 intelli-

79 2257 289 2327 gentiae
314 2257 577 2312 fructum
615 2260 908 2327 pertinent.
943 2256 1092 2313 Solet
1122 2256 1277 2312 enim
1316 2270 1450 2312 caro
1481 2256 1794 2326 praesertim

80 2344 227 2399 inter
248 2344 487 2401 labores
517 2345 583 2401 de
611 2344 847 2416 praemio
880 2345 1191 2415 requirere.
1227 2345 1454 2398 Parvuli
1495 2349 1642 2404 sunt,
1693 2344 1791 2411 ait,

82 2448 212 2502 quos
241 2433 390 2487 mihi
419 2433 573 2487 dedit
625 2434 888 2487 Dominus
937 2448 1088 2486 servo
1130 2437 1240 2496 tuo,
1290 2432 1346 2488 id
1393 2440 1476 2488 est
1510 2432 1795 2489 virtutum

81 2522 322 2577 exordia
348 2527 510 2590 sunt,
570 2520 699 2578 licet
749 2521 999 2589 infirma,
1054 2537 1187 2592 quae
1237 2521 1378 2576 mihi
1428 2521 1582 2577 dedit
1623 2524 1790 2588 Deus,

84 2613 147 2666 ut
182 2618 237 2666 et
270 2611 376 2666 tibi
431 2610 784 2666 honestatem
840 2609 1181 2681 conquiram
1240 2609 1353 2677 hic,
1386 2618 1441 2666 et
1497 2609 1554 2665 in
1598 2610 1794 2666 futuro

88 2699 321 2768 praemia
355 2698 635 2754 servitute
664 2698 841 2769 digna
871 2699 1233 2768 conquiram.

153 2788 325 2844 Vsus.
358 2791 415 2851 6,
451 2792 504 2841 7.
539 2817 605 2826 —-
649 2788 1176 2858 ApprOpinquantes
1219 2788 1430 2842 ancillae
1467 2791 1518 2842 et
1557 2788 1671 2854 ﬁlii
1710 2804 1798 2841 ea-

90 2891 204 2928 rum
236 2879 623 2943 incurvantur,
670 2876 721 2929 id
750 2882 836 2930 est
865 2875 933 2930 de
964 2874 1317 2930 latebrarum
1360 2876 1680 2932 recessibus
1700 2876 1793 2931 vi-

89 2964 185 3032 tia,
226 2978 363 3020 cum
406 2965 530 3020 suis
564 2963 860 3020 effectibus
880 2964 953 3019 ad
998 2963 1586 3021 confessionislumen
1631 2981 1793 3022 acce-

90 3052 240 3108 denti
270 3054 386 3110 sub
436 3052 674 3109 rationis
716 3053 858 3123 jugo
907 3060 1252 3109 curvantur.
1292 3056 1396 3109 Lia
1439 3070 1558 3108 cum
1606 3056 1794 3110 liberis

90 3142 352 3199 similiter
381 3142 607 3209 adorat,
637 3141 776 3212 quia
802 3149 857 3197 et
889 3141 1074 3197 virtus
1102 3142 1311 3210 activa,
1342 3150 1395 3198 et
1415 3142 1543 3213 ejus
1581 3142 1788 3212 officia,
1832 3168 1873 3223 ο

93 3231 195 3285 sub
239 3230 486 3286 rationis
532 3230 873 3285 documento
932 3238 1054 3299 post
1091 3228 1215 3286 vitii
1264 3230 1684 3301 depressiouem
1734 3248 1793 3288 se

93 3318 382 3387 ordinant,
413 3323 466 3372 et
504 3320 732 3373 extremi
770 3319 969 3374 Rachel
1017 3323 1067 3373 et
1108 3320 1311 3388 Ioseph
1349 3320 1611 3387 adorant,
1652 3323 1791 3391 quia

96 3408 186 3463 Dei
224 3407 631 3477 contemplatio
661 3421 792 3462 cum
816 3407 1077 3476 perfectae
1103 3407 1341 3463 visionis
1368 3409 1523 3478 quod
1555 3418 1792 3479 prasto-

96 3497 244 3552 latur
274 3503 611 3567 augmento,
646 3494 808 3565 quasi
851 3495 1198 3564 supremitas
1227 3496 1599 3552 sanctitatum
1632 3512 1791 3553 sum-

96 3601 281 3643 maese
330 3584 545 3642 rationi
596 3584 924 3641 humiliant.
983 3585 1172 3652 (Vens.
1222 3584 1299 3653 8.)
1350 3590 1477 3651 Quae
1520 3591 1670 3652 sunt,
1704 3586 1787 3641 in-

98 3675 217 3744 quit
243 3674 506 3741 aﬂ‘ectus,
541 3676 658 3728 istae
687 3679 895 3740 turmae,
936 3673 989 3728 id
1015 3680 1098 3729 est
1146 3673 1430 3730 virtutum
1474 3676 1788 3745 congeries,

99 3776 240 3832 quas
262 3762 501 3828 obviam,
536 3760 747 3816 scilicet
777 3760 1016 3815 adverso
1048 3759 1276 3815 habui?
1313 3759 1452 3827 Quae
1485 3762 1585 3817 tibi
1616 3776 1793 3819 causa

99 3851 299 3921 agendi
340 3852 464 3906 haec
503 3848 809 3905 incubuit?
845 3851 910 3903 Ut
951 3851 1270 3918 invenirem,
1321 3850 1401 3905 ait
1444 3850 1788 3919 intellectus,

101 3934 151 3991 id
173 3944 272 4002 est,
298 3935 545 3993 inveniri
580 3936 819 3993 facerem
842 3935 901 3992 in
931 3944 1260 4007 conspectu,
1294 3938 1353 3992 in
1380 3938 1502 3994 acie
1529 3939 1793 3996 videlicet

100 4026 561 4083 considerationis
608 4034 723 4082 tuae
778 4040 893 4081 non
959 4024 1286 4094 avaritiam,
1344 4026 1441 4082 sed
1527 4032 1788 4095 gratiam.

100 4113 284 4183 (Vnus.
335 4116 413 4186 9.)
454 4115 635 4170 Habeo
697 4115 961 4184 plurima,
1013 4116 1194 4182 frater
1221 4116 1317 4180 mi,
1364 4113 1478 4169 sint
1525 4122 1621 4172 tua
1669 4115 1788 4171 tibi.

102 4204 175 4256 Ac
212 4203 257 4258 si
299 4203 496 4259 dicat:
558 4204 793 4259 Frustra
850 4209 1146 4273 tantopere
1190 4203 1408 4270 niteris,
1460 4219 1592 4260 cum
1651 4206 1790 4262 mihi

102 4290 274 4347 multa
296 4292 535 4348 honesta
555 4291 614 4347 in
646 4292 941 4348 voluntate
966 4299 1295 4362 suppetant,
1326 4307 1457 4363 qua:
1488 4293 1559 4348 ad
1614 4294 1789 4350 vitam

103 4378 400 4447 sufficiant,
461 4395 566 4436 nec
616 4388 692 4436 tot
739 4379 1067 4437 novitatum
1124 4381 1561 4451 ingestiouihus,
1642 4397 1792 4454 quas

1912 658 2027 710 mul
2087 658 2301 727 pariter
2362 658 2577 715 scilicet
2652 659 3091 729 contendamus,
3148 676 3342 730 eraque
3416 663 3614 722 socius.

1915 745 2116 801 amodo
2146 745 2411 801 desiderii
2441 747 2545 802 tui.
2592 748 2872 818 Appetere
2910 763 3051 805 sane
3077 750 3505 820 quodammodo
3537 753 3620 805 ire

1910 841 2011 889 est.
2037 834 2201 890 Ratio
2235 849 2366 891 vero
2396 849 2831 907 praeproperum
2890 852 3119 894 necesse
3167 847 3253 895 est
3298 847 3619 896 remoretur

1911 920 2214 992 impetum.

1988 1015 2133 1064 I30
2173 1010 2343 1068 Vnus.
2394 1015 2477 1068 13.
2532 1043 2602 1054 -
2648 1013 2827 1081 Nosti,
2884 1015 3119 1085 domine,
3169 1016 3316 1086 quod
3354 1018 3616 1087 parvulos

1909 1099 2135 1153 habeam
2175 1105 2403 1169 teneros,
2433 1107 2484 1155 et
2531 1117 2650 1156 oves
2685 1119 2748 1157 ac
2804 1103 2959 1159 boves
3000 1106 3145 1171 fetas
3194 1121 3420 1171 mecum,
3479 1121 3617 1176 quas

1906 1190 1958 1243 si
2003 1190 2061 1241 in
2110 1188 2440 1243 ambulando
2480 1193 2655 1257 fecero
2701 1192 2967 1257 laborare,
3021 1196 3322 1248 morientur
3369 1211 3481 1248 una
3528 1194 3618 1249 die

1907 1278 2087 1331 cuncti
2113 1277 2516 1345 greges.fQuod
2546 1286 2631 1335 est
2679 1279 2868 1336 dicere
2903 1297 2917 1336 :
2954 1280 3109 1337 Nosti
3156 1295 3230 1338 ex
3276 1283 3617 1352 nuperrima

1907 1365 2275 1421 conversione
2308 1366 2463 1436 quod
2491 1367 2725 1425 infirma
2765 1369 3006 1425 habeam
3048 1370 3384 1440 primordia,
3416 1376 3466 1426 et
3494 1387 3615 1427 oves

1907 1452 2362 1524 simplicitatum,
2387 1454 2647 1524 bovesque
2667 1456 3026 1514 discretionis
3064 1459 3259 1525 (boves
3299 1458 3453 1515 enim
3499 1468 3611 1517 ter-

1904 1555 2031 1597 ram
2057 1541 2400 1610 discutiunt)
2433 1543 2551 1599 solo
2593 1559 2750 1600 nunc
2790 1546 3042 1615 primum
3082 1547 3225 1603 bene
3257 1549 3467 1619 agendi
3507 1562 3614 1619 ap-

1904 1630 2085 1701 petitu
2117 1630 2390 1699 fetantur,
2421 1646 2557 1700 quas
2601 1634 2652 1686 si
2682 1635 2997 1705 plusquam
3029 1635 3183 1692 vires
3228 1636 3474 1709 exigunt
3516 1653 3611 1694 co-

1905 1731 2074 1788 egero
2101 1731 2289 1788 agere,
2320 1721 2620 1773 morientur
2649 1719 2860 1776 fastidii
2905 1722 3129 1778 defectu
3175 1739 3287 1777 una
3330 1724 3447 1790 die;
3492 1723 3613 1794 ipso

1906 1805 2118 1861 scilicet
2172 1819 2292 1861 suae
2369 1805 2767 1863 illustrationis
2814 1808 2975 1866 initio
3023 1811 3312 1867 universae
3381 1811 3611 1883 piarum

1836 1869 1877 1923 Β
1907 1894 2329 1965 cogitationum
2350 1895 2666 1966 congeries.
2688 1896 2898 1968 .(Vnns.
2930 1899 3048 1965 14.)
3097 1869 3611 1955 Ρνεοεάαίῦοηιὶ-

1903 1998 2005 2037 nus
2035 1997 2181 2038 meus
2213 1987 2339 2037 ante
2365 1998 2579 2039 servum
2622 2000 2801 2052 suum,
2848 1992 2899 2041 et
2943 2004 3038 2055 ego
3084 2003 3291 2059 sequar
3340 1990 3612 2058 paulatim

1902 2074 2139 2141 vestigia
2164 2074 2301 2141 ejus,
2333 2076 2473 2128 sicut
2497 2075 2684 2130 videro
2726 2092 2883 2146 posse
2920 2080 3180 2148 parvulos
3232 2095 3392 2146 meos,
3448 2080 3611 2135 donec

1904 2164 2118 2216 veniam
2142 2162 2217 2217 ad
2242 2162 2522 2218 dominum
2550 2180 2726 2219 meum
2756 2167 2816 2219 in
2846 2168 2985 2222 Seir.
3026 2169 3217 2225 Tuum
3256 2175 3361 2236 est,
3392 2167 3606 2240 inquit,

1906 2265 2023 2320 prae
2055 2252 2279 2307 cunctis
2307 2251 2485 2307 animi
2514 2254 2767 2311 motibus
2796 2256 2878 2311 ire
2912 2255 3175 2324 volendo,
3209 2261 3263 2311 et
3297 2272 3393 2326 ego
3422 2258 3611 2329 gravi-

1903 2338 2037 2395 tatis
2063 2353 2175 2395 usu
2204 2339 2395 2409 probae
2424 2343 2657 2408 vestigia
2689 2342 3020 2399 intentionis
3050 2345 3342 2414 operando
3388 2361 3607 2415 sequar,

1904 2427 1989 2486 uti
2019 2428 2465 2486 teneritudinem
2494 2444 2681 2486 meam
2715 2433 2830 2502 pati
2863 2447 3023 2503 posse
3067 2448 3301 2500 novero,
3345 2435 3508 2489 donec
3537 2435 3609 2490 ad

1902 2524 1974 2585 te,
2006 2517 2110 2589 qui
2153 2517 2432 2574 Deminus
2481 2520 2697 2577 sanctis
2743 2521 3038 2578 desideriis
3070 2523 3381 2592 praeeundo
3424 2538 3604 2590 mens,

1902 2614 1957 2663 et
1985 2607 2107 2662 dux
2138 2607 2255 2663 fore
2278 2606 2579 2676 debueras,
2616 2612 2833 2664 veniam
2861 2613 2920 2666 in
2949 2612 3088 2679 Seir,
3123 2610 3178 2667 id
3208 2619 3292 2668 est
3322 2612 3425 2668 tibi
3455 2626 3609 2668 una-

1902 2695 2136 2752 nimiter
2162 2695 2453 2751 consocier
2497 2696 2557 2752 in
2591 2698 2915 2767 asperitatis
2965 2707 3328 2769 peccatorum
3377 2708 3607 2756 tuorum

1904 2784 2276 2841 confessione.
2987 2837 2999 2847 ,

1975 2874 2149 2932 Vnus.
2184 2877 2265 2928 15.
2314 2903 2385 2914 -
2422 2877 2568 2929 Dicit
2613 2878 2664 2930 ei
2717 2879 2889 2932 Esau.
2944 2878 3050 2934 Oro
3110 2882 3158 2931 te
3208 2882 3266 2931 tu
3294 2877 3360 2931 de
3402 2877 3606 2947 papulo

1903 2965 2002 3033 qui
2027 2978 2231 3017 mecum
2260 2968 2357 3029 est,
2384 2965 2575 3019 saltem
2616 2968 2749 3021 socii
2790 2971 3105 3020 remaneant
3132 2968 3234 3020 viz
3275 2971 3396 3021 tuae.
3436 2965 3604 3033 Quia,

1903 3051 2118 3123 inquit,
2146 3051 2328 3107 uttibi
2348 3053 2578 3108 credam
2600 3054 2886 3124 suggeris,
2906 3054 2952 3108 si
2995 3061 3059 3109 ut
3080 3054 3181 3109 tibi
3215 3054 3603 3124 obtempercm

1905 3141 2010 3208 vis,
2038 3140 2236 3197 saltem
2282 3140 2508 3210 aliquos
2558 3139 2971 3210 cogitationum
3023 3141 3217 3198 minus
3267 3142 3601 3199 noxiarum.

1903 3236 2264 3293 operumque
2292 3223 2662 3281 saecularium
2694 3242 2837 3283 usus
2862 3229 3051 3285 studio
3082 3237 3180 3286 tuo
3203 3230 3290 3286 vel
3318 3230 3605 3287 remissio-

1903 3312 1993 3369 nis
2020 3312 2401 3382 aliquantulae
2425 3328 2603 3369 causa
2634 3316 2910 3385 permisce
2943 3356 2957 3370 .
2997 3320 3135 3385 Non,
3169 3319 3248 3374 ait
3299 3319 3463 3387 ratio,
3504 3336 3604 3375 ne-

1901 3416 2040 3456 cesse
2063 3408 2141 3455 est
2152 3419 2175 3470 ,-
2210 3401 2317 3457 hoc
2344 3410 2449 3468 est,
2500 3403 2655 3460 unde
2698 3413 2958 3461 nostrum
3001 3407 3207 3463 melius
3248 3407 3472 3464 levetur
3515 3407 3601 3464 fa-

1900 3490 2136 3547 stidium
2165 3531 2178 3544 .
2228 3492 2339 3545 Uno
2367 3491 2606 3559 indigeo,
2646 3498 2707 3547 ut
2747 3496 3023 3549 inveniam
3070 3498 3130 3549 in
3184 3501 3487 3565 conspectu,
3543 3498 3596 3553 id

1898 3588 1985 3637 est
2011 3581 2069 3636 in
2089 3588 2190 3637 tua
2208 3584 2449 3648 gratiam
2474 3582 2799 3651 provisione
2818 3583 3098 3640 divinam.
3138 3584 3330 3651 (Vnus.
3371 3588 3456 3654 l6,
3483 3586 3600 3655 17.)

1901 3670 2170 3724 Reversus
2198 3676 2276 3724 est
2312 3673 2498 3739 itaque
2534 3673 2685 3725 Esau
2723 3672 2817 3726 illo
2857 3673 2947 3726 die
2993 3675 3187 3727 itinere
3228 3690 3333 3743 quo
3382 3683 3601 3729 venerat

1900 3762 1960 3814 in
1987 3760 2126 3816 Seir.
2156 3761 2226 3814 Et
2253 3760 2417 3814 Jacob
2445 3762 2593 3815 venit
2631 3764 2687 3815 in
2724 3763 2938 3828 Socoth,
2972 3763 3086 3828 ubi,
3129 3763 3402 3831 zdiﬁcata
3444 3764 3601 3819 domo

1900 3853 1951 3903 et
1973 3848 2107 3919 ﬁwis
2136 3850 2404 3916 tentoriis,
2436 3850 2735 3919 appellavit
2760 3852 2931 3904 locum
2973 3851 3186 3919 Socoth,
3214 3852 3277 3905 id
3315 3858 3394 3906 est
3422 3853 3599 3907 taber-

1899 3939 2134 3992 macuta.
2165 3936 2426 3992 Carnalis
2473 3938 2761 4007 appetitus
2804 3937 3041 3994 luminis
3088 3938 3323 4007 superni
3357 3939 3479 4009 jam
3511 3939 3602 3995 die

1900 4025 2159 4097 fulgidus
2188 4025 2383 4081 iisdem
2413 4025 2730 4081 devotionis
2769 4025 3081 4096 gressibus,
3135 4026 3355 4096 quibus
3390 4026 3602 4082 rationi

1899 4121 2267 4181 convenerat,
2317 4113 2548 4185 singula
2582 4128 2831 4184 quaeque
2872 4121 3102 4185 peccata
3130 4122 3193 4170 ut
3237 4122 3396 4186 gesta
3441 4123 3600 4181 sunt,

1898 4216 2093 4259 secum
2125 4202 2590 4271 poenitentialiter
2635 4202 3004 4258 memorando
3049 4204 3379 4271 revertitur,
3422 4203 3603 4259 donec

1898 4290 2337 4362 superfluitatis,
2387 4291 2730 4361 asperitatis,
2774 4304 2842 4346 ac
2882 4290 3073 4347 fetoris
3123 4290 3214 4348 sui
3259 4292 3603 4364 cogitatione

1899 4387 2199 4437 mactetur.
2234 4379 2354 4435 Seir
2389 4379 2543 4435 enim
2589 4379 2804 4449 pilosus
2846 4381 2937 4436 vel
2984 4382 3166 4436 hircus
3209 4381 3441 4438 dicitur.
3491 4381 3597 4449 Ibi,

106 4481 265 4536 penes
294 4477 346 4525 te
377 4470 559 4533 video,
593 4484 813 4541 egeam.
860 4470 1008 4537 Noli,
1044 4470 1382 4538 intellectus,
1440 4472 1520 4528 ita
1577 4474 1648 4529 ab
1695 4488 1787 4530 ar-
1831 4501 1873 4555 ο
1901 4484 1970 4526 ac
1997 4468 2045 4525 si
2076 4468 2135 4523 in
2165 4469 2352 4535 domo,
2387 4476 2821 4539 perseveranter
2870 4469 3111 4534 habitat,
3163 4470 3286 4543 figit
3335 4472 3600 4537 tentoria,

106 4565 252 4626 repto
280 4558 537 4614 deiicere.
589 4558 777 4627 (Vnus.
819 4561 920 4625 10.)
968 4559 1074 4614 Sed
1119 4561 1171 4613 si
1213 4561 1397 4614 inveni
1441 4560 1563 4630 jam
1620 4565 1792 4621 semel

105 4646 158 4697 in
184 4648 365 4714 oculis,
398 4646 610 4703 scilicet
642 4647 956 4703 intentione
994 4654 1114 4714 tua,
1142 4651 1407 4720 gratiam,
1433 4658 1625 4719 patere
1673 4668 1791 4706 mu-

107 4736 389 4789 musculum
420 4736 806 4805 temperantiae
831 4736 897 4790 de
930 4737 1203 4802 manibus,
1233 4738 1386 4807 quod
1427 4747 1511 4794 est
1548 4739 1617 4795 de
1660 4755 1790 4810 ope-

110 4834 227 4878 rum
260 4838 513 4880 meorum
543 4824 815 4881 exercitio
854 4839 1101 4882 sumere.
1137 4828 1224 4882 Sic
1263 4829 1404 4881 enim
1442 4842 1575 4884 cum
1619 4828 1794 4886 intel-

111 4907 264 4967 lectui
299 4912 516 4983 pridem
556 4912 749 4969 favere
786 4914 1024 4985 cmpisti,
1064 4915 1204 4982 vidi,
1256 4915 1311 4971 id
1368 4923 1453 4972 est
1501 4925 1791 4987 acceptam

109 4997 268 5056 habui
310 5004 528 5067 faciem,
583 5003 846 5059 notitiam
874 5003 1139 5060 videlicet
1198 5011 1377 5070 tuam,
1430 5019 1550 5075 qua
1583 5020 1617 5062 a
1680 5007 1793 5062 Deo

114 5089 271 5156 nosci,
304 5089 355 5145 id
378 5099 462 5147 est
487 5091 797 5161 approbari
819 5106 1092 5162 coeperas,
1117 5095 1278 5161 quasi
1317 5094 1548 5148 viderim
1584 5097 1793 5150 vultum

114 5176 214 5241 Dei,
260 5186 322 5236 ut
368 5193 569 5235 revera
622 5180 789 5250 plane
845 5180 1220 5253 intelligerem
1283 5182 1638 5240 voluntatem
1698 5184 1794 5241 Dei

116 5261 349 5334 illapsam
375 5269 498 5324 tibi.
554 5268 668 5337 Vel,
709 5271 938 5337 vultum,
993 5270 1047 5326 id
1089 5278 1174 5326 est
1202 5271 1565 5328 severitatem
1615 5273 1713 5328 Dei
1740 5280 1794 5329 te

118 5355 453 5419 pertimuisse
480 5358 871 5427 cognoverim.

179 5439 336 5500 Vens.
378 5448 459 5513 tt,
512 5448 597 5500 1‘2.
628 5476 697 5485 —
744 5447 969 5515 Suscipe
999 5461 1137 5518 ergo
1175 5462 1291 5504 non
1341 5448 1497 5518 quod
1544 5448 1795 5505 aestimas

122 5524 522 5598 detrimentum,
563 5534 660 5589 sed
707 5534 1143 5600 benedictionem,
1202 5535 1257 5591 id
1306 5543 1390 5592 est
1440 5536 1795 5607 multiplica-

124 5614 271 5673 tionis
289 5628 687 5691 augmentum.
735 5624 844 5678 Via:
872 5624 1052 5690 fratre
1080 5625 1423 5693 compellente
1472 5627 1791 5694 suscipiens,
1838 5698 1841 5701 Α

127 5701 212 5757 vix
245 5708 445 5766 scilicet
491 5708 699 5765 rationi
750 5711 968 5775 favens,
1020 5712 1101 5765 ait
1144 5712 1515 5778 (consuetudo
1563 5720 1647 5768 est
1677 5714 1795 5769 hu-

130 5802 287 5849 manae
344 5798 657 5855 voluntatis
706 5799 817 5857 cito
873 5798 1110 5871 quidem
1166 5799 1306 5855 satis
1350 5799 1423 5855 ad
1493 5800 1793 5871 spirituale

1902 4558 2198 4615 radicatur
2227 4558 2504 4613 charitate
2532 4557 2799 4625 distenta,
2840 4565 3005 4613 vocat
3038 4557 3141 4613 loci
3168 4566 3381 4614 statum
3415 4558 3604 4615 taber-

1901 4647 2133 4713 nacula,
2165 4646 2304 4715 quia
2329 4645 2387 4702 in
2411 4646 2706 4703 charitatis
2734 4646 3145 4714 immobilitate,
3178 4648 3398 4704 multus
3419 4647 3601 4715 labor,

1904 4736 2087 4792 multa
2110 4742 2195 4791 est
2223 4735 2443 4791 militia.

1972 4826 2143 4883 Vnus.
2181 4828 2264 4880 l8.
2302 4856 2366 4863 ——
2397 4824 2536 4881 Inde
2567 4827 2769 4880 transit
2814 4827 2873 4879 in
2903 4825 3100 4889 Salem,
3132 4839 3264 4895 quae
3324 4824 3601 4896 interpre-

1902 4920 2059 4972 tatur
2082 4915 2346 4984 perfccta,
2366 4915 2554 4969 urbem
2582 4915 2964 4979 Sichimorum,
2997 4915 3154 4984 quod
3210 4922 3292 4970 est
3320 4916 3599 4981 humerus,

1901 5005 1960 5060 in
1993 5018 2111 5075 quo
2141 5003 2484 5073 intelligitur
2501 5004 2853 5073 obedientia;
2888 5004 2981 5059 cui
3021 5002 3370 5074 supponitur
3400 5003 3601 5060 hume-

1903 5107 2003 5150 rus
2041 5093 2113 5147 ad
2163 5092 2397 5148 ferenda
2434 5100 2855 5162 praeceptorum
2902 5106 3100 5160 onera,
3142 5091 3302 5147 haud
3357 5091 3601 5148 dubium

1902 5182 2046 5253 quin
2078 5182 2200 5251 ipsa
2220 5180 2511 5252 patientia,
2534 5195 2666 5252 quae
2696 5182 2839 5237 urbs
2867 5180 3079 5237 scilicet
3108 5180 3415 5236 munitioni
3440 5189 3603 5237 terna

1902 5272 2149 5327 habetur
2184 5273 2243 5324 in
2272 5272 2555 5336 Chanaan,
2591 5270 2643 5325 id
2677 5278 2762 5327 est
2792 5269 3129 5326 mutationis
3160 5274 3328 5337 terra,
3378 5269 3437 5325 in
3487 5285 3604 5341 quo

1902 5358 2242 5429 intelligitur
2266 5373 2492 5416 morum
2527 5360 2826 5416 conversio
2854 5359 3098 5430 integra.
3125 5359 3402 5415 Chanaan
3446 5372 3608 5415 nam-

1902 5462 2019 5521 que
2043 5447 2254 5503 dicitur
2277 5452 2509 5502 mutata.
2545 5447 2707 5515 Quod
2744 5455 2926 5504 totum
2957 5455 3042 5504 est
3076 5463 3089 5502 :
3124 5447 3369 5505 Profecit
3418 5463 3607 5520 usque

1902 5537 1975 5591 ad
2043 5535 2227 5591 Salem
2290 5535 2673 5591 Sichimorum
2732 5536 2936 5593 urbem
2994 5537 3054 5592 in
3114 5544 3270 5592 terra
3304 5537 3603 5601 Chanaan,

1901 5624 2073 5695 plane
2127 5624 2199 5679 ad
2249 5624 2651 5694 perfectionem
2709 5624 3051 5681 humilitatis
3124 5634 3179 5682 et
3247 5624 3604 5691 obedientiae,

1902 5729 2035 5785 quae
2065 5712 2489 5769 munimentum
2538 5714 2659 5769 sola
2707 5720 2809 5779 est,
2861 5717 3049 5769 omnis
3087 5713 3320 5770 virtutis
3368 5713 3608 5783 reliquae

1900 5810 1956 5860 et
1986 5802 2413 5858 firmamentum
2442 5815 2671 5858 morum
2714 5800 3051 5857 mutationis
3101 5801 3284 5857 factm.
3315 5803 3608 5870 Postquam
