3956 6440
327 399 427 452 ΖΕΗ

1221 401 1280 454 ν.
1322 401 1652 456 GUIBEBTI
1693 399 1987 456 ABBATIS
2023 402 2081 456 S.
2122 400 2361 456 “ARIJE
2401 402 2489 456 DE
2529 399 2924 456 NOVIGENTO
3724 402 3820 454 246

327 549 600 602 regressus
627 541 704 588 est
741 535 904 590 Jacob
936 535 1000 588 de
1035 537 1427 603 Mesopotamia
1467 537 1671 602 Syria;
1719 541 1767 589 et
1801 536 2018 589 habita-
2055 539 2096 592 A
2131 535 2396 591 tentionis
2423 535 2728 590 adimendo
2774 535 3175 591 sinceritatem.
3213 535 3460 592 Adamat
3506 536 3685 592 etiam
3733 551 3823 606 per

327 620 598 690 ritjumta
627 623 908 693 oppidum,
945 624 998 678 id
1029 633 1113 679 est
1163 625 1385 693 ubi'per
1435 625 1783 679 vocationem
1837 624 2016 679 subli-

331 723 501 774 mem,
532 709 788 765 divinam
821 711 1052 778 seilieet,
1111 712 1371 767 elevatur
1417 713 1488 767 ab
1549 713 1698 778 imis,
1730 721 1785 768 et
1833 713 1904 767 ad
1960 727 2019 768 se

330 796 567 866 spiritus
598 807 788 854 noster
815 799 1158 866 regreditur,
1193 809 1247 854 et
1285 801 1340 854 in
1389 799 1674 869 adjutorio
1721 799 2016 866 Altissimi,

330 886 432 954 qui
470 900 600 940 vere
630 887 794 942 nobis
830 902 990 956 opem
1022 888 1139 950 dat,
1173 889 1339 957 quasi
1385 889 1554 957 juxta
1589 887 1867 956 oppidum
1911 888 2019 942 ha-

331 972 473 1028 bitat
534 976 698 1039 (Psal.
755 990 848 1040 xc,
924 975 997 1044 t)
1061 977 1245 1045 (Vens.
1317 977 1432 1041 19.)
1494 977 1755 1045 Emitque
1809 982 2020 1045 partem

330 1064 475 1126 agri,
509 1062 560 1116 id
591 1071 674 1118 est
705 1071 919 1132 partem
945 1063 1263 1131 animi,qni
1306 1078 1442 1132 ager
1471 1065 1632 1118 cultu
1663 1064 1876 1130 dignus
1912 1070 2018 1128 est,

329 1149 541 1204 scilicet
571 1150 758 1218 ipsum
812 1152 1099 1205 carnalem
1146 1152 1433 1216 affectum,
1498 1152 1597 1219 qui
1655 1152 1834 1206 animi
1890 1166 2021 1221 pars

334 1236 564 1290 inferior
591 1246 693 1302 est,
723 1247 776 1292 et
811 1239 862 1292 in
889 1254 1005 1307 qua
1037 1239 1353 1306 spiritualis
1385 1238 1597 1293 militize
1649 1241 2021 1295 tabernacula

326 1323 446 1392 jam
481 1324 1071 1380 viseeraliterliverat.
1123 1329 1291 1390 Emit,
1345 1328 1604 1396 inquam,
1655 1343 1778 1382 eam
1810 1344 1844 1380 a
1888 1331 2019 1395 ﬁliis

329 1413 719 1480 Hcmorpatris
749 1415 955 1466 Sichem
997 1420 1204 1468 centum
1249 1421 1428 1480 agnis,
1461 1431 1710 1484 UXDCHSU
1761 1417 2020 1470 videlicet

328 1502 584 1555 omnium
620 1503 796 1570 pretio
826 1503 1209 1572 volnptauun,
1257 1504 1446 1570 abegit
1492 1519 1618 1558 eam
1659 1505 1729 1559 ab
1755 1505 2023 1573 operibus

326 1589 535 1655 carnis,
569 1606 701 1659 qua:
729 1590 805 1644 nil
840 1591 998 1644 aliud
1032 1606 1207 1660 quam
1241 1590 1491 1646 laborem
1526 1593 1581 1645 in
1617 1593 1776 1646 nobis
1804 1607 2024 1661 procre-

325 1678 529 1741 abant;
561 1686 837 1747 tanquam
865 1695 898 1731 a
927 1680 1059 1738 ﬁliis
1092 1681 1301 1742 llemor,
1338 1680 1491 1748 quod
1521 1688 1604 1734 est
1651 1681 1866 1746 asinus,
1915 1697 2020 1749 pa-

326 1769 425 1818 tris
455 1767 684 1828 Sichcm,
717 1767 872 1836 quod
901 1775 985 1821 est
1011 1768 1209 1833 dabor,
1248 1775 1309 1822 ut
1355 1769 1674 1822 secundum
1726 1770 1906 1823 Deum
1956 1783 2024 1823 ea

327 1861 604 1920 uteretur,
639 1868 756 1923 qua
787 1855 919 1908 oliui
947 1856 1154 1910 saeculo
1187 1869 1326 1910 usus
1375 1856 1557 1910 fuerat
1592 1871 1603 1909 :
1637 1857 1792 1924 quod
1839 1865 2016 1912 totum

325 1949 536 1996 centum
564 1945 742 2009 agnis,
769 1943 824 1997 id
845 1952 925 1998 est
951 1943 1195 2012 perfecta
1229 1944 1548 1999 humilitate
1572 1960 1636 1998 ac
1657 1945 2020 2014 simplicitate

325 2030 628 2085 emeritum
655 2038 756 2084 est.
793 2031 980 2099 (Vens.
1006 2032 1215 2098 20.)l'oi
1247 2032 1415 2099 erigit
1445 2033 1644 2097 altare,
1675 2033 1813 2102 quia
1853 2034 2019 2088 fidem

327 2119 590 2173 sublevat
621 2133 719 2188 per
748 2119 1166 2174 adminiculum
1187 2121 1532 2188 operationis
1561 2121 1754 2189 justze.
1789 2122 2022 2177 [nvocat

327 2220 491 2272 super
506 2205 644 2257 illud
659 2208 1019 2269 fortissimum
1041 2209 1203 2260 Deum
1225 2208 1414 2270 Israel,
1438 2222 1568 2260 e.un
1592 2222 1763 2274 super
1795 2208 1931 2262 illud
1957 2223 2023 2262 ac

329 2293 374 2345 si
403 2292 844 2348 fundamentum
891 2295 1161 2360 innitens,
1191 2303 1351 2348 vocat
1384 2295 1439 2347 in
1481 2310 1538 2349 se
1575 2296 1750 2349 Deum
1791 2295 2024 2350 fortissi-

331 2395 510 2444 mum,
542 2395 653 2434 non
684 2382 868 2435 solum
895 2382 999 2447 his,
1033 2383 1128 2436 sed
1159 2390 1213 2437 et
1253 2383 1379 2437 aliis
1408 2398 1537 2437 cum
1579 2385 1752 2438 datur
1785 2385 1857 2438 ab
1906 2384 2024 2452 ipso

328 2468 584 2522 eflicacia
617 2469 921 2537 principari
952 2485 1083 2524 eum
1126 2471 1238 2525 Deo
1268 2485 1440 2539 super
1467 2471 1622 2526 vitia.
1659 2472 1832 2526 Israel
1871 2473 2023 2527 enim

327 2555 582 2622 princeps
614 2569 731 2606 cum
755 2555 855 2606 Deo
886 2554 1114 2609 dicitur.

921 2677 1154 2732 CAPUT
1185 2677 1448 2734 XXXIV.

406 2780 587 2834 Vens.
625 2783 673 2832 t.
715 2809 770 2818 -—
809 2783 1039 2847 Egressi
1076 2785 1152 2833 est
1197 2787 1373 2832 autem
1426 2784 1603 2836 Dina:
1637 2785 1754 2850 ﬁ’ia
1806 2785 1933 2850 Lize,
1966 2789 2027 2838 ut

333 2867 540 2920 rideret
604 2868 851 2921 mulieres
907 2871 1142 2934 regionis
1199 2872 1364 2923 illius.
1419 2871 1567 2924 Dina
1617 2871 2028 2940 interpretatur

335 2955 598 3008 indicium
623 2957 788 3008 istud.
829 2957 893 3010 In
925 2971 1058 3026 quo,
1092 2957 1176 3010 vel
1211 2958 1265 3010 in
1309 2971 1425 3026 qua
1455 2958 1770 3028 accipimus
1809 2959 2030 3014 discre-

336 3047 569 3111 tionem,
607 3059 735 3112 qua)
768 3052 820 3098 et
862 3044 984 3114 ipsa
1039 3044 1324 3114 judicium
1375 3061 1520 3115 sa'pe
1555 3057 1810 3101 vocatur.
1871 3047 2029 3102 Istud

337 3141 529 3186 autem
585 3147 716 3187 cum
775 3134 846 3186 sit
899 3133 1434 3201 demonstrativum,
1497 3149 1616 3190 rem
1693 3144 2025 3204 przrsentem
2065 3121 2105 3174 (ἶ

336 3221 642 3289 significat,
675 3227 729 3276 et
759 3221 835 3276 nil
869 3236 1052 3291 magis
1084 3222 1138 3276 in
1175 3231 1444 3290 promptu
1475 3235 1595 3276 esse
1629 3222 1812 3284 debet,
1849 3237 2023 3292 quam

337 3309 601 3363 discretio
630 3323 855 3378 semper
883 3310 1220 3364 necessaria.
1266 3311 1397 3364 Hice
1426 3311 1738 3378 egreditur,
1792 3325 1922 3364 cum
1955 3311 2026 3364 ad

337 3396 581 3451 aliorum
614 3397 971 3452 discutienda
1015 3397 1242 3453 infirma
1283 3406 1408 3452 acta
1447 3398 1698 3452 ducitur.
1746 3400 1887 3452 Filia
1919 3401 2030 3452 Lia:

337 3484 568 3548 dicitur,
602 3484 741 3552 quia
763 3485 1007 3539 actualis
1032 3487 1147 3540 vita
1188 3500 1288 3554 per
1319 3486 1467 3539 hanc
1513 3493 1566 3539 et
1596 3494 1742 3540 recte
1786 3485 2030 3540 fecunda

339 3572 648 3627 invenitur.
708 3573 810 3627 Ubi
869 3573 1022 3627 euim
1078 3573 1154 3628 nil
1189 3573 1556 3638 discernitur,
1585 3573 1662 3628 nil
1703 3582 1786 3628 est
1833 3574 2031 3642 utique

339 3659 493 3728 quod
544 3659 758 3728 agitur.
801 3662 1048 3713 Muli-res
1094 3663 1327 3726 regionis
1375 3661 1663 3727 videntur,
1697 3675 1830 3715 eum
1863 3661 2030 3730 tepidi

337 3746 597 3816 ejusdem
663 3756 870 3802 nostra“:
935 3749 1227 3818 religionis
1300 3751 1664 3803 exsecutores
1736 3756 2028 3803 notantur.

341 3837 535 3906 (Vens.
585 3836 661 3904 2.)
707 3839 866 3894 Hanc
915 3837 1066 3892 videt
1115 3839 1324 3892 Sichem
1359 3839 1514 3906 ﬁlius
1567 3840 1759 3892 Hemor
1815 3839 2028 3905 Hermi,

341 3930 573 4001 quando
603 3929 710 3984 sibi
755 3929 900 3982 hanc
944 3927 1137 3997 allegit
1193 3926 1450 3994 affectus,
1514 3927 1570 3981 in
1628 3942 1742 3996 quo
1800 3941 2034 3996 prorsus

343 4019 639 4074 laboratur
695 4016 942 4081 invidia),
995 4015 1144 4070 asini
1190 4029 1391 4070 revera
1438 4015 1659 4084 pessimi
1719 4016 1888 4080 filius,
1960 4030 2033 4070 ex

341 4107 663 4162 carnalium
694 4105 1072 4174 cupiditatum
1123 4103 1364 4171 pessimo
1412 4103 1632 4158 fervore
1680 4105 2030 4173 progenitus.

343 4197 554 4250 Hemor
607 4195 759 4250 enim
819 4195 1036 4257 asinus;
1099 4193 1342 4246 Hevzeus
1396 4194 1661 4260 pessimus
1717 4193 1803 4246 vel
1852 4194 2032 4259 ferus;

343 4284 564 4338 Sichem
627 4283 778 4336 labor
830 4281 1059 4334 dicitur.
1106 4279 1192 4333 Ex
1253 4279 1473 4334 feritate
1530 4295 1666 4334 sane
1727 4281 2038 4349 corporalis

341 4370 834 4438 concupiscentiae,
862 4383 994 4438 qua:
1021 4367 1181 4422 asino
1209 4367 1490 4438 signatur,
1526 4369 1844 4423 innascitur
1895 4383 2036 4423 con-

343 4467 433 4516 tra
464 4459 606 4513 alios
646 4458 807 4512 labor
837 4456 1085 4522 invidiae,
1139 4471 1269 4526 qua}
1296 4470 1394 4525 pro
1447 4465 1596 4511 certo
1629 4457 1790 4512 nulla
1820 4456 2034 4512 fruitur

343 4546 555 4618 quiete.
593 4547 670 4601 De
698 4546 804 4600 hac
833 4545 987 4600 enim
1019 4545 1230 4599 dicitur
1264 4544 1418 4614 quod

412 4663 622 4716 Iustius
654 4659 868 4713 invidia
897 4659 1039 4711 nihil
1065 4663 1163 4721 est,
1197 4673 1314 4726 quae
1342 4661 1599 4726 primitus
1629 4661 1806 4728 ipsum

489 4737 771 4786 Auctorem
801 4731 968 4794 rodit,
1001 4729 1402 4798 discruciatque
1422 4745 1592 4782 suum.

351 4852 484 4902 I8!
547 4847 636 4903 Ad
681 4847 790 4901 hoc
841 4843 1007 4914 plane
1037 4843 1279 4899 scientiae
1325 4843 1570 4898 aliorum
1621 4841 1888 4912 qualitati
1944 4842 2037 4897 in-

344 4936 590 5000 hiamus,
651 4941 712 4988 ut
763 4946 896 4988 cum
937 4945 1128 4986 naevos
1161 4930 1430 4986 vitiorum
1464 4929 1521 4984 in
1563 4930 1644 4986 eis
1703 4930 2033 4998 reperimus,

343 5023 613 5078 honorem
641 5020 770 5075 inde
802 5019 964 5074 nobis
1001 5020 1246 5074 crevisse
1277 5025 1564 5086 putemus,
1610 5019 1751 5088 quia
1797 5017 2038 5073 inferius

345 5111 450 5166 hos
495 5109 774 5164 videmus.
811 5109 1064 5175 Princeps
1109 5113 1193 5161 est
1239 5108 1436 5160 Hemor
1471 5111 1624 5160 terrae
1677 5107 2037 5174 Hevaaorum,

343 5198 485 5269 quia
539 5195 766 5251 asinina
820 5202 873 5250 et
949 5194 1152 5249 stolida
1205 5195 1490 5264 cupiditas
1542 5194 1748 5249 feritati
1805 5193 2039 5249 omnino

345 5285 709 5356 principatur
775 5291 1146 5338 terrenorum.
1191 5283 1295 5349 Qui
1341 5290 1530 5336 autem
1585 5281 1845 5349 cupiunt,
1888 5282 2035 5336 invi«

344 5376 478 5430 dent
522 5371 771 5442 profecto
828 5371 957 5426 aliis
1005 5371 1159 5440 quod
1204 5370 1465 5440 cupiunt.
1509 5369 1752 5424 Adamat
1815 5369 2038 5424 Siehem

343 5463 569 5527 Dinam,
603 5461 743 5530 quia
773 5459 994 5514 affectat
1023 5459 1182 5514 labor
1215 5457 1444 5512 invidiae
1465 5456 1778 5511 distrahere
1803 5457 1875 5512 ab
1907 5457 2040 5511 ani-

345 5565 437 5606 mo
462 5549 552 5605 sui
585 5548 763 5618 ipsius
787 5548 1207 5603 discretionem.
1259 5545 1424 5612 Rapit
1456 5559 1588 5599 cum
1639 5544 1884 5600 aliorum
1930 5544 2039 5600 sibi

346 5639 491 5692 vitas
535 5637 817 5692 discutere
855 5635 1023 5694 dulce
1061 5635 1230 5702 sapit.
1291 5633 1508 5686 Dormit
1557 5646 1688 5686 eum
1721 5632 1817 5688 illa
1850 5632 1905 5689 vi
1939 5648 2037 5702 op-

346 5725 599 5797 primens
629 5724 934 5796 virginem,
979 5723 1118 5778 dum
1143 5720 1222 5776 illi
1257 5719 1604 5775 unanimiter
1634 5720 1905 5778 miscetur
1951 5721 2038 5776 in-

2128 623 2510 692 suggestionis
2570 625 3007 693 susceptionem,
3071 623 3221 693 rapit
3295 639 3398 694 per
3453 640 3819 692 consensum,
3899 663 3901 684 .

2128 712 2336 767 dormit
2368 725 2468 780 per
2495 712 2736 766 actionis
2767 711 3098 767 illationem.
3151 713 3269 768 Hoc
3295 712 3450 769 enim
3494 713 3822 783 syllogismo
3899 718 3901 722 '

2133 801 2332 856 utitur.
2361 800 2554 870 (Vens.
2597 800 2673 869 3.)
2713 800 3160 870 Conglutinatur
3199 804 3387 855 anima
3425 802 3544 870 ejus
3591 817 3716 856 cum
3745 818 3822 866 ea,

2129 888 2399 956 eumipsa
2432 887 2625 942 livoris
2656 887 2914 952 intentio,
2949 888 3104 956 quod
3153 896 3236 944 est
3278 904 3351 944 ex
3390 889 3640 945 aliorum
3690 889 3828 944 infa-

2130 976 2242 1029 mia
2272 976 2360 1029 sui
2394 975 2574 1044 ipsius
2605 987 2907 1044 pr0\L'\.'inl.
2937 991 3064 1044 qua:
3086 976 3253 1046 quasi
3284 977 3552 1046 quzedam
3593 977 3826 1032 invidiae

2129 1063 2342 1129 anima,
2381 1071 2484 1129 est,
2540 1063 2876 1118 medullitus
2918 1063 3172 1118 adhaeret
3215 1063 3542 1119 discretioni
3591 1072 3822 1119 nostrae.

2133 1153 2360 1204 Tristem
2390 1152 2672 1205 blanditiis
2721 1151 2940 1216 delinit,
2991 1166 3123 1206 cum
3163 1153 3332 1220 empti
3383 1151 3504 1206 vitii
3551 1153 3829 1221 poeniten-

2130 1247 2240 1294 tein
2275 1239 2586 1308 aliquando
2611 1254 2682 1293 ex
2719 1238 2955 1293 alterius
2985 1240 3192 1308 probro
3225 1249 3361 1293 nata
3393 1240 3498 1295 sibi
3550 1241 3724 1295 laude
3755 1255 3830 1294 so-

2131 1327 2302 1393 latur,
2333 1335 2388 1382 et
2419 1327 2604 1396 ungit.
2653 1327 2845 1396 (VERS.
2892 1328 2971 1394 4.)
3005 1329 3218 1382 Patrem
3268 1328 3480 1381 Ilemor
3525 1336 3717 1397 rogat,
3767 1337 3829 1383 ut

2130 1417 2235 1470 sibi
2260 1419 2392 1468 hanc
2415 1419 2686 1483 conjugem
2707 1416 3121 1484 aceipiat,'cum
3147 1415 3525 1484 cupiditatum
3557 1416 3830 1471 libidines

2131 1505 2414 1565 admovet.
2441 1505 2780 1558 utmiseram
2799 1504 3051 1558 animam
3068 1503 3564 1559 lenocinandosibi
3588 1505 3827 1560 vinciat.

2205 1593 2374 1648 Vicus.
2493 1620 2560 1630 —
2609 1591 2764 1656 Quod
2831 1609 2948 1644 cum
3003 1592 3245 1645 audisset
3294 1593 3456 1645 Jacob
3509 1593 3828 1646 absentibus

2131 1684 2280 1750 ﬁliis,
2313 1686 2362 1733 et
2409 1684 2464 1733 in
2503 1686 2666 1748 pastu
2708 1683 2980 1747 occupatis
3018 1696 3286 1748 pecorum,
3332 1682 3486 1734 siluit
3527 1681 3693 1734 donec
3735 1697 3829 1734 re-

2132 1771 2330 1822 dirent.
2365 1769 2529 1824 Ratio
2578 1776 2771 1822 nostra
2812 1768 2960 1823 hanc
3005 1767 3097 1823 sui
3142 1770 3567 1838 corruptionem
3618 1768 3832 1824 intelli-

2133 1858 2213 1928 git
2235 1857 2507 1926 operibus
2531 1870 2630 1926 per
2655 1858 2857 1912 inanes
2888 1856 3120 1926 glorias,
3143 1871 3274 1926 quae.
3319 1857 3558 1927 quidam
3599 1856 3832 1912 forasti-

2128 1961 2329 2000 eorum
2355 1959 2630 2000 sensuum
2665 1953 2863 2014 pastus
2899 1951 3064 2011 sunt;
3115 1944 3204 1999 his
3231 1945 3384 1999 enim
3433 1959 3706 2013 pecorum
3755 1945 3830 2000 si-

2131 2034 2290 2089 miles
2322 2048 2543 2099 sumus,
2579 2032 2794 2102 ubique
2823 2031 3131 2095 distractis,
3163 2032 3260 2087 sed
3291 2031 3514 2088 silentio
3549 2046 3582 2087 a
3612 2033 3833 2103 cupidi-

2131 2127 2314 2174 tatum
2345 2121 2587 2188 strepitu
2637 2120 2782 2174 facto
2822 2119 3083 2174 redeunt.
3125 2119 3315 2187 (Vnus.
3366 2123 3419 2186 6,
3463 2121 3543 2189 7.)
3600 2124 3832 2189 Egresso

2131 2213 2308 2260 autem
2352 2209 2545 2260 Memor
2591 2212 2749 2275 patre
2793 2207 3003 2261 Sichem
3050 2211 3109 2259 ut
3158 2208 3464 2274 loqueretur
3507 2208 3582 2261 ad
3629 2209 3828 2274 Jacob,

2131 2301 2180 2349 et
2211 2312 2324 2348 ecce
2353 2297 2458 2363 ﬁlii
2504 2296 2620 2362 ejus
2664 2295 2946 2348 veniebant
3003 2295 3068 2348 de
3115 2311 3273 2362 agro;
3336 2297 3629 2364 auditoque
3685 2298 3832 2366 quod

2131 2384 2424 2447 acciderat,
2465 2385 2597 2435 irati
2643 2389 2768 2436 sunt
2794 2383 2970 2446 valde,
3016 2398 3073 2435 eo
3109 2383 3254 2452 quod
3299 2385 3504 2449 fwdam
3552 2401 3665 2438 rem
3704 2400 3828 2453 ope-

2132 2476 2286 2524 ratus
2317 2474 2450 2524 esset
2501 2472 2558 2523 in
2597 2471 2784 2534 Israel,
2829 2476 2877 2524 et
2914 2472 3118 2524 violata
3148 2471 3271 2532 ﬁlia
3315 2473 3500 2540 Jacob,
3547 2487 3659 2526 rem
3716 2473 3828 2526 illi-

2133 2562 2296 2613 citum
2325 2559 2893 2626 perpetrasset.Facl0
2933 2559 3157 2613 silentio
3201 2559 3407 2615 Hemor
3434 2561 3731 2630 egreditur
3768 2567 3832 2617 ut

2135 2647 2206 2702 ad
2235 2647 2408 2702 Jaeob
2445 2647 2739 2715 loquatur,
2785 2647 2923 2716 quia
2973 2647 3268 2716 consopita
3299 2649 3471 2703 turba
3502 2650 3708 2704 mentis
3739 2663 3833 2704 cu-

2135 2735 2342 2804 piditas
2369 2735 2616 2789 carnalis
2659 2734 2867 2804 quietis
2915 2734 3218 2804 impatiens
3249 2735 3352 2791 diu
3398 2736 3563 2792 silere
3596 2751 3711 2792 non
3747 2751 3834 2806 pa-

2136 2823 2296 2888 titur,
2350 2823 2446 2877 sed
2521 2823 2796 2877 rationem
2863 2823 3100 2892 aggredi
3155 2823 3394 2892 cupiens
3454 2827 3830 2894 evagantium

2136 2923 2373 2978 operum
2407 2909 2593 2964 reditu
2642 2924 2708 2963 ac
2738 2910 3090 2964 rcstrictione
3123 2910 3451 2966 offenditur.
3492 2912 3652 2981 Opus
3678 2913 3833 2982 quod

2136 2997 2358 3061 accidit,
2412 2997 2680 3064 audiunt,
2731 3006 2787 3053 et
2833 2998 3186 3061 irascuntur.
3241 3014 3372 3054 cum
3425 3001 3570 3055 ratio
3615 3015 3834 3056 memor

2141 3093 2396 3139 veterum
2438 3085 2722 3150 laborum,
2767 3099 2839 3139 ex
2889 3085 3024 3153 ipsis
3057 3085 3327 3154 operibus
3373 3086 3612 3141 docetur
3639 3102 3832 3156 quan-

2137 3180 2260 3227 tum
2299 3181 2498 3227 contra
2549 3173 2854 3227 fieditatem
2906 3174 3143 3228 internae
3195 3167 3702 3243 constuprationis,
3753 3191 3834 3230 me

2138 3260 2337 3314 merita
2366 3275 2604 3329 operum
2640 3260 2855 3327 perdat,
2887 3268 2940 3314 et
2967 3260 3154 3315 dolere
3184 3260 3406 3324 debeat.
3458 3277 3590 3317 cum
3621 3263 3836 3318 discre-

2139 3348 2215 3402 tio
2247 3349 2478 3402 rationis
2513 3349 2626 3402 lilia
2658 3349 2728 3401 ad
2769 3348 2940 3402 totius
2980 3349 3191 3416 lepram
3219 3350 3443 3417 generis
3471 3351 3729 3406 vitietur.

2209 3437 2379 3492 Vens.
2413 3441 2464 3500 8,
2497 3439 2548 3489 9.
2573 3465 2641 3475 —
2673 3438 2936 3504 Loquitur
2980 3439 3165 3504 itaque
3204 3439 3397 3490 Hemor
3441 3439 3516 3491 ad
3557 3455 3642 3492 eos
3679 3457 3693 3494 :
3745 3441 3836 3494 Si—

2139 3525 2283 3577 chem
2311 3527 2416 3592 filii
2444 3528 2547 3578 mei
2584 3525 2814 3577 adhaesit
2861 3527 3046 3577 anima
3091 3527 3219 3591 ﬁlia:
3263 3532 3470 3580 vestrae.
3524 3528 3666 3580 Date
3723 3545 3837 3582 eam

2141 3614 2225 3666 illi
2273 3629 2510 3674 uxorem,
2561 3618 2610 3666 et
2648 3614 2947 3680 jungamus
2995 3615 3236 3666 vicissim
3283 3615 3568 3669 Connubia.
3627 3617 3838 3672 Hemor

2140 3700 2396 3770 loquitur
2425 3701 2498 3754 ad
2523 3700 2684 3764 filios,
2716 3714 2849 3754 cum
2904 3699 3100 3754 ﬂuxus
3148 3700 3529 3770 cupiditatum
3561 3703 3632 3758 ad
3682 3720 3840 3761 ever-

2139 3790 2336 3844 tendos
2369 3789 2538 3843 instat
2563 3796 2727 3843 actus
2758 3795 2996 3843 nostros.
3050 3789 3294 3855 Invidia,
3331 3790 3539 3859 inquit,
3589 3795 3839 3849 saecula-

2141 3879 2220 3934 ris
2251 3877 2482 3932 colizesit
2513 3877 2818 3941 subtiliter,
2869 3885 2944 3943 et,
2997 3885 3058 3931 ut
3103 3878 3182 3930 sic
3230 3878 3437 3946 dicam,
3499 3881 3842 3938 intentiona-

2141 3967 2270 4022 liter
2321 3964 2648 4020 discretioni
2684 3969 2904 4019 vestra}.
2959 3965 3075 4019 Hoc
3117 3967 3270 4020 enim
3309 3967 3674 4037 signatquod
3728 3984 3838 4024 non

2143 4069 2370 4123 corpus,
2405 4053 2498 4107 sed
2534 4054 2726 4107 anima
2756 4053 3060 4108 adhzesisse
3107 4054 3338 4109 dicitur.
3384 4055 3470 4109 Ita
3505 4057 3842 4112 medullitus

2146 4143 2346 4212 illapsa
2403 4150 2487 4196 est
2545 4150 2606 4196 ut
2667 4141 2857 4195 dirimi
2909 4155 2943 4195 a
2992 4149 3178 4197 mente
3220 4151 3496 4212 nequeat;
3559 4145 3715 4200 unde
3766 4146 3840 4201 nil

2145 4231 2298 4285 aliud
2343 4238 2534 4293 restat,
2587 4230 2695 4284 nisi
2764 4237 2823 4284 ut
2870 4230 3075 4298 copula
3127 4238 3507 4300 utrorumque
3553 4247 3842 4290 consensu

2147 4320 2261 4385 fiat,
2298 4327 2360 4374 ut
2397 4332 2522 4372 eam
2568 4332 2686 4388 qua
2724 4331 2917 4372 carere
2948 4333 3061 4372 non
3114 4320 3342 4386 potestis
3396 4319 3659 4389 excipitis
3703 4337 3841 4393 gra-

2071 4424 2115 4478 D
2149 4414 2334 4462 tanter
2387 4405 2684 4472 invidiam,
2741 4406 2910 4476 cujus
2991 4405 3186 4460 utilem
3245 4407 3627 4474 experiamini
3695 4425 3841 4478 pru—

2142 4494 2414 4551 dentiam.
2473 4495 2642 4548 Filias
2687 4500 2915 4560 vestras,
2963 4493 3016 4547 id
3057 4502 3141 4548 est
3193 4493 3236 4548 si
3295 4495 3436 4564 quid
3497 4496 3727 4554 fluxum
3787 4505 3840 4554 et

2145 4581 2343 4652 fragile
2422 4582 2580 4637 vobis
2635 4581 2799 4647 inest,
2860 4582 3061 4635 tradite
3128 4583 3278 4636 nobis
3351 4583 3408 4638 in
3460 4598 3634 4652 pecus
3688 4587 3841 4643 alen-

2145 4670 2313 4737 dum;
2345 4674 2393 4722 et
2411 4669 2556 4736 ﬁlias
2602 4674 2836 4733 nostras,
2877 4669 2923 4722 si
2956 4669 3096 4738 quid
3126 4669 3315 4724 itidem
3375 4672 3539 4726 molle
3590 4686 3625 4727 a
3676 4676 3842 4730 nobis

2147 4756 2390 4811 infertur
2441 4759 2689 4824 accipite.
2737 4757 2931 4825 (VEllS.
2971 4757 3078 4827 l0.)
3135 4759 3204 4810 Et
3247 4757 3489 4811 habitate
3529 4759 3840 4832 irrefraga-

2145 4843 2243 4898 bili
2276 4851 2468 4898 tenore
2514 4845 2807 4897 nobiscum.
2871 4847 3055 4906 Terra,
3093 4844 3146 4898 id
3199 4853 3282 4899 est
3339 4859 3549 4914 corpus
3584 4855 3842 4904 vestrum

2144 4935 2200 4985 in
2229 4936 2488 5000 potestate
2531 4931 2692 4987 liberi
2733 4932 2958 4988 arbitrii
3017 4931 3189 4987 vestri
3237 4941 3340 4998 est,
3374 4940 3610 4988 exercete
3640 4937 3713 4991 ad
3746 4951 3838 4991 vo-

2144 5019 2410 5088 luptates,
2499 5021 2850 5085 negotiamini
2933 5017 3395 5074 iucertitudinein
3449 5021 3838 5089 spiritualium

2144 5121 2248 5176 pro
2273 5106 2599 5162 visibilibus
2641 5108 2877 5175 dantes;
2927 5108 3193 5176 possidete
3223 5123 3340 5161 eam
3396 5109 3465 5163 ad
3500 5109 3730 5166 libitum
3781 5126 3839 5167 eo

2148 5202 2388 5250 utentes.
2442 5195 2634 5260 (Vens.
2693 5197 2799 5261 ll.)
2858 5195 2963 5248 Sed
3008 5201 3059 5249 ct
3105 5197 3334 5261 Sichem,
3389 5197 3442 5251 id
3472 5206 3554 5253 est
3600 5198 3836 5264 invidia,

2147 5297 2312 5336 voces
2341 5297 2474 5336 suas
2513 5283 2682 5336 habet
2718 5297 2730 5336 :
2773 5284 3049 5336 Inveniam
3091 5285 3330 5350 gratiam
3361 5299 3539 5338 coram
3591 5286 3766 5354 vobis,
3795 5291 3838 5341 et

2147 5387 2266 5440 quae
2295 5373 2597 5424 statueritis
2637 5370 2797 5436 dabo,
2834 5370 3049 5424 seiliwt
3100 5371 3260 5424 vobis
3308 5370 3536 5438 ingrata
3575 5387 3689 5428 non
3721 5390 3835 5441 ero,

2147 5459 2287 5529 quia
2318 5459 2494 5514 multo
2528 5459 2744 5528 majora
2773 5459 2932 5513 vobis
2953 5472 3130 5528 quam
3152 5459 3271 5513 ulla
3307 5460 3579 5528 patientia
3599 5472 3838 5530 praesta—

2147 5561 2208 5625 re
2239 5555 2450 5616 potero.
2476 5547 2668 5618 (Vens.
2695 5547 2804 5616 1'2.)
2851 5550 3060 5613 Augete
3091 5547 3285 5614 dotem,
3321 5549 3463 5618 quid
3514 5548 3684 5618 plane
3741 5567 3837 5622 pro

2147 5650 2272 5690 mea
2317 5635 2664 5690 admissione
2701 5633 2980 5690 commodi
3014 5636 3322 5704 capessatis
3355 5651 3600 5692 munera
3647 5650 3835 5708 postu-

2147 5721 2431 5794 late,quae
2473 5722 2748 5792 consequi
2794 5721 3146 5778 saeculariter
3195 5722 3378 5780 velitis
3407 5725 3628 5794 edicite,
3664 5730 3838 5786 satius
