3956 6440
98 430 195 482 249

1297 438 1665 497 MORALIUM
1707 442 1772 497 IN
1813 443 2108 500 GENESIN
2150 444 2282 502 LIB.
2326 446 2466 502 VIII.

3512 452 3613 503 250

97 564 409 657 vobisbac
440 568 696 626 tribuam
728 585 904 641 quam
950 573 1337 644 assequamini
1372 590 1472 647 per
1504 577 1795 650 religionis
1834 581 1878 634 Α
1908 580 2105 638 bentes
2148 584 2520 641 intentionem
2568 585 2724 655 (qua
2774 585 2943 655 quasi
2982 586 3293 641 substantia
3336 594 3438 655 est,
3473 586 3614 657 quia

94 655 436 711 socordiam.

164 742 338 799 Vens.
391 747 481 813 13,
521 746 605 801 14.
658 778 727 787 —
757 749 1177 819 Responderunt
1226 756 1332 823 filii
1376 756 1539 811 Jacob
1587 758 1800 813 Sichem

94 837 144 885 et
180 836 338 900 patri
390 836 513 901 ejus
552 839 826 892 saevientes
871 841 928 893 in
984 840 1105 895 dolo
1151 842 1216 896 ob
1246 847 1499 913 stuprum
1545 850 1794 904 sororis:

95 922 210 976 Non
247 936 543 990 possumus
584 927 766 990 facere
797 928 943 995 quod
983 932 1196 998 petitis,
1250 948 1345 987 nec
1386 934 1520 989 dare
1564 952 1798 992 sororem

95 1016 337 1064 nostram
390 1013 600 1067 homini
651 1016 1063 1084 incircumciso;
1115 1020 1262 1087 quod
1306 1022 1560 1078 illicitum
1606 1030 1657 1079 et
1697 1042 1798 1079 ne—

92 1101 301 1165 farium
349 1107 431 1155 est
463 1102 616 1171 apud
641 1118 756 1157 nos.
788 1105 953 1161 Ratio
996 1121 1067 1162 ex
1113 1111 1540 1178 praeteritarum
1581 1128 1794 1171 memo-

94 1188 177 1242 ria
225 1189 514 1245 virtutum
565 1192 716 1247 vires
749 1194 983 1264 colligit,
1035 1197 1188 1252 unde
1232 1207 1287 1253 et
1313 1199 1608 1270 Scriptura
1651 1204 1798 1260 filios

94 1277 307 1343 fecisse,
345 1277 402 1333 id
445 1288 530 1334 est
562 1294 735 1350 opera
780 1282 937 1337 dicit.
977 1285 1046 1337 In
1078 1284 1198 1339 dolo
1244 1300 1382 1357 ergo
1428 1292 1793 1360 respondent,

94 1365 231 1432 quia
279 1365 467 1421 multo
524 1368 745 1437 majora
803 1378 1004 1426 contra
1051 1372 1258 1428 vitium
1315 1374 1500 1432 facere
1552 1377 1796 1436 interius

94 1461 426 1522 proponunt
454 1468 628 1524 quam
656 1458 911 1513 exterius
940 1473 1043 1528 per
1068 1474 1240 1529 opera
1261 1463 1555 1521 exhibent.
1580 1467 1798 1525 Discre-

92 1542 322 1608 tionem,
380 1543 580 1610 aiunt,
617 1554 871 1602 nostram
920 1549 1233 1605 sinceritati
1283 1552 1548 1610 devotam
1600 1556 1796 1613 livoris

92 1630 523 1687 incontinentia
572 1634 809 1702 prodere
861 1635 1146 1692 nefarium
1182 1653 1398 1696 remur.
1448 1643 1645 1711 (Vens.
1683 1648 1792 1715 l5.)

92 1721 193 1773 Sed
241 1723 298 1773 in
350 1723 450 1775 hoc
479 1723 777 1777 valebimus
822 1724 1104 1793 faderari,
1156 1731 1209 1781 si
1254 1738 1464 1787 nostra
1510 1735 1792 1790 volueritis

92 1810 463 1876 parcimonia
512 1811 840 1881 assimilari,
888 1821 951 1869 ut
979 1829 1148 1871 omne
1181 1819 1588 1887 masculinum,
1625 1836 1794 1879 omne

90 1896 351 1952 videlicet
408 1899 761 1967 superbum,
797 1914 897 1970 per
941 1904 1096 1972 quod
1149 1904 1523 1977 singulariter
1573 1910 1792 1967 invidia

93 1984 371 2052 gignitur,
426 1986 776 2054 pracidatur
802 2002 835 2043 a
865 1990 1047 2045 vobis.
1098 1993 1163 2047 In
1196 2008 1312 2063 quo
1344 1996 1524 2053 lidelis
1562 1998 1656 2055 ille
1687 2000 1795 2056 do-

92 2071 176 2127 lus
202 2080 307 2139 est,
340 2074 486 2142 quia
516 2075 562 2130 si
592 2089 626 2129 a
656 2077 969 2146 cupiditate
994 2081 1257 2147 audacia,
1288 2098 1320 2138 a
1351 2087 1621 2156 superbia
1654 2103 1793 2158 pro-

92 2161 334 2227 pellatur
370 2163 612 2230 invidia,
644 2172 795 2220 stare
835 2174 1103 2236 poterunt
1131 2180 1378 2242 neutra;
1412 2176 1564 2244 quod
1599 2185 1791 2233 tamen

94 2249 206 2304 tieri
256 2265 374 2305 non
407 2251 580 2319 valet,
617 2254 758 2322 quia
796 2255 945 2311 sicut
974 2257 1049 2313 ab
1086 2258 1215 2329 igne
1244 2262 1401 2318 calor
1430 2279 1545 2320 non
1576 2266 1790 2322 dividi-

92 2344 183 2392 tur
212 2346 277 2393 ut
316 2339 473 2410 ignis
497 2341 588 2406 sit,
636 2342 713 2397 ita
744 2356 778 2397 a
806 2345 1120 2414 cupiditate
1149 2351 1422 2418 superbia
1454 2354 1791 2426 invidiaque

92 2426 249 2482 solita
296 2429 676 2499 prasumptio
722 2445 837 2487 non
864 2444 1188 2503 separatur,
1220 2438 1363 2507 quin
1399 2440 1456 2495 in
1503 2442 1624 2511 ipso
1654 2444 1790 2501 vitio

90 2516 177 2579 sit,
225 2524 279 2571 et
308 2516 520 2571 vitium
548 2516 639 2572 sit.
694 2519 886 2588 (Vens.
926 2525 1019 2590 16,
1055 2527 1139 2591 17,
1200 2528 1284 2594 18,
1324 2530 1434 2595 19.)
1485 2530 1665 2599 Tunc,
1701 2532 1788 2588 in-

92 2604 230 2673 quit,
288 2605 556 2675 copulari
604 2607 795 2664 debita
851 2613 1232 2669 unanimitate
1288 2616 1610 2675 valebimus
1653 2636 1785 2677 cum

94 2693 323 2763 puritati
370 2708 477 2749 vos
525 2695 738 2751 instare
785 2700 1154 2757 senserimus.
1206 2703 1304 2758 Sin
1338 2705 1522 2773 aliter,
1569 2708 1786 2766 discre-

96 2784 233 2837 tione
264 2783 500 2838 divulsa
553 2796 586 2838 a
618 2792 805 2840 vestro
858 2788 1144 2859 contagio,
1192 2790 1554 2851 dirimentur.
1601 2799 1786 2855 Placet

92 2870 293 2926 oblatio
348 2871 500 2941 patri
530 2880 585 2927 et
616 2872 754 2941 tilio,
784 2883 839 2931 et
887 2879 1081 2933 statim
1129 2880 1587 2952 circumciditur,
1644 2888 1786 2957 quia

94 2959 233 3013 vitiis
263 2959 336 3013 ad
394 2960 600 3016 horam
635 2962 862 3020 solitum
920 2974 1021 3034 est,
1059 2975 1123 3024 ut
1169 2970 1373 3027 virtuti
1420 2973 1609 3031 dolose
1639 2977 1783 3032 sub-

92 3047 312 3103 dantur.
357 3049 602 3104 Amabat
642 3054 785 3105 enim
817 3056 1058 3123 puellam
1099 3058 1277 3123 valde,
1321 3065 1371 3114 et
1413 3064 1528 3130 ipse
1556 3070 1674 3118 erat
1705 3068 1785 3120 in-

1907 685 1975 727 ac
2006 672 2051 726 si
2101 673 2543 730 fundamentum
2590 674 2830 744 substat)
2879 680 2929 729 et
2970 690 3183 744 pecora,
3242 675 3346 744 pia
3396 675 3613 733 scilicet

1905 763 2178 819 custodia
2206 778 2400 833 opera,
2432 765 2628 821 omnia
2657 765 2896 835 insuper
2924 764 3085 834 vitia,
3114 772 3216 821 aut
3260 766 3447 835 ipsum
3478 780 3611 821 cor-

1906 866 2035 921 pus,
2069 853 2226 922 quod
2259 855 2390 923 ipsa
2435 854 2686 910 rationes
2734 853 3025 923 possidere
3061 854 3357 920 videntur,
3415 862 3609 910 nostro

1906 941 2183 1010 paulatim
2216 941 2451 1011 imperio
2480 943 2841 998 addicentur.

1979 1029 2148 1086 Vens.
2201 1032 2287 1085 24.
2333 1060 2405 1070 —
2434 1034 2666 1086 Assensi
2705 1036 2832 1085 sunt
2861 1046 3039 1086 omnes
3081 1033 3415 1086 circumcisis
3467 1047 3609 1086 cun-

1903 1121 2004 1173 ctis
2047 1119 2310 1175 maribus.
2364 1120 2540 1176 Silent
2569 1120 2641 1176 ad
2682 1128 2907 1189 tempus
2953 1120 3117 1186 vitia,
3164 1121 3366 1190 sopitis
3413 1128 3609 1191 aperte

1904 1209 2368 1278 prasumptionis
2405 1209 2677 1264 motibus.
2730 1209 2924 1279 (Vens.
2957 1212 3046 1275 25,
3092 1210 3206 1279 26.)
3237 1213 3308 1265 Et
3355 1225 3469 1265 ecce
3499 1215 3607 1264 ter-

1905 1299 1979 1350 tio
2009 1298 2098 1350 die
2142 1294 2361 1365 quando
2406 1301 2767 1364 gravissimus
2812 1299 2967 1351 dolor
2995 1304 3075 1352 est
3116 1301 3421 1363 vulnerum,
3454 1314 3606 1352 arre-

1899 1388 2013 1455 ptis
2060 1386 2166 1439 duo
2194 1385 2359 1440 Jacob
2388 1388 2496 1455 ﬁlii
2543 1385 2757 1442 Simeon
2796 1390 2847 1440 et
2876 1387 3007 1440 Levi
3043 1388 3249 1452 fratres
3296 1388 3455 1441 Dina
3484 1388 3603 1455 gla-

1902 1473 2014 1527 diis
2068 1477 2303 1541 ingressi
2353 1480 2480 1529 sunt
2535 1474 2723 1528 urbem
2770 1475 3131 1543 conﬁdenter;
3195 1478 3605 1546 interfectisque

1901 1565 2107 1615 cunctis
2161 1564 2438 1626 masculis,
2500 1566 2695 1617 Hemor
2751 1568 2802 1616 et
2849 1564 3058 1618 Sichem
3112 1566 3328 1631 pariter
3377 1579 3606 1619 necave-

1902 1656 2050 1716 runt,
2083 1652 2324 1704 tollentes
2366 1654 2561 1705 Dinam
2609 1652 2675 1705 de
2704 1650 2860 1705 domo
2909 1652 3119 1705 Sichem
3160 1667 3396 1706 sororem
3424 1666 3601 1706 suam.

1904 1739 2089 1794 Prima
2126 1741 2244 1795 dies
2273 1740 2587 1809 suggestio,
2620 1740 2873 1794 secunda
2898 1739 3216 1805 delectatio,
3252 1740 3421 1795 tertia
3462 1753 3605 1795 con-

1906 1842 2110 1884 sensus
2157 1829 2389 1885 dicitur.
2444 1828 2569 1884 Dies
2606 1836 2801 1883 autem
2848 1836 2990 1884 tunc
3034 1836 3172 1884 sunt
3218 1829 3453 1898 quando
3504 1842 3605 1898 per

1908 1916 2343 1988 intelligentiam
2381 1917 2812 1973 discernuntur.
2861 1917 3172 1987 Postquam
3206 1931 3345 1987 ergo
3388 1917 3605 1988 grada-

1906 2006 2005 2061 tim
2057 2005 2266 2061 vitium
2323 2004 2521 2075 incipit
2571 2019 2894 2075 erumpere,
2952 2019 3084 2061 cum
3135 2005 3207 2060 ad
3259 2019 3601 2061 consensum

1896 2095 2016 2166 jam
2068 2093 2519 2164 deprehenditur
2583 2094 2726 2149 velle
2785 2093 3033 2163 prodire,
3091 2108 3193 2163 per
3243 2092 3600 2150 auditionem

1901 2184 2147 2240 tristitia
2198 2184 2301 2248 (sic
2327 2182 2481 2238 enim
2513 2182 2927 2252 interpretatur
2969 2181 3220 2251 Simeon)
3272 2189 3327 2237 et
3367 2196 3468 2251 per
3509 2196 3601 2238 as-

1900 2272 2286 2342 sumptionem
2332 2271 2567 2327 virtutis
2606 2270 2843 2326 interna
2877 2271 3013 2340 (nisi
3046 2271 3200 2326 enim
3229 2270 3371 2326 bene
3401 2278 3602 2326 contra

1900 2362 2039 2417 vitia
2084 2360 2512 2423 contristemur,
2549 2372 2854 2429 nunquam
2887 2373 2922 2414 a
2967 2359 3064 2413 Dei
3098 2359 3303 2427 spiritu
3345 2358 3601 2414 assumi-

1899 2452 2072 2517 mur),
2120 2448 2340 2519 gladios
2384 2448 2626 2503 interna
2655 2456 2710 2503 et
2750 2456 3005 2503 externa
3034 2447 3399 2503 discretionis
3449 2447 3599 2503 reci-

1900 2538 2107 2608 pimus.
2158 2536 2291 2592 Levi
2335 2543 2530 2593 autem
2576 2536 2788 2591 dicitur
2834 2540 3169 2605 assumptus.
3229 2536 3363 2591 Sine
3392 2535 3598 2591 auditu

1895 2640 2032 2682 vero
2063 2626 2320 2692 tristitia,
2365 2625 2419 2680 id
2469 2633 2552 2681 est
2593 2624 2715 2679 sine
2749 2625 2995 2695 propria
3049 2624 3375 2695 cognitione
3430 2625 3595 2679 mise-

1896 2716 2016 2782 ria,
2049 2730 2164 2771 non
2190 2714 2505 2784 assumptio
2538 2714 2594 2771 lit
2621 2714 2878 2784 justitia,
2911 2727 3088 2784 quam
3132 2728 3248 2768 non
3283 2721 3399 2769 tam
3426 2726 3597 2769 assu—

1894 2806 2109 2860 mimus
2138 2818 2315 2873 quam
2344 2804 2416 2858 ab
2443 2816 2511 2859 ea
2549 2802 2922 2870 assumimur,
2972 2801 3025 2857 id
3046 2808 3131 2858 est
3180 2801 3399 2857 fortiter
3437 2805 3596 2858 tene-

1896 2907 2049 2958 mur,
2102 2907 2234 2962 qua
2282 2891 2538 2961 quadam
2574 2891 2951 2962 germanitate
2994 2904 3232 2960 prorsus
3274 2888 3596 2945 necessaria

1886 2984 2225 3053 junguntur
2270 2980 2450 3049 Dina,
2498 2980 2555 3035 id
2602 2988 2686 3034 est
2732 2979 3059 3035 discretioni
3109 2987 3336 3034 nostra.
3398 2980 3594 3049 Ingre-

1893 3071 2137 3125 diuntur
2188 3070 2311 3125 hac
2342 3070 2545 3125 urbem
2592 3068 2950 3124 conscientia
2980 3076 3036 3123 et
3077 3068 3447 3138 exsurgentis
3471 3067 3593 3137 jam

92 3137 252 3227 clytus
282 3140 341 3227 in
385 3140 536 3191 omni
562 3139 717 3193 domo
747 3144 925 3209 patris
968 3147 1075 3198 sui.
1107 3145 1285 3203 Valde
1316 3152 1556 3217 puellam
1603 3162 1778 3221 amat,
1824 3164 1865 3219 c
1895 3160 2152 3215 audacia
2212 3159 2568 3227 consumptis
2616 3157 2866 3212 motibus
2916 3137 3291 3226 cupiditatem
3347 3164 3403 3212 et
3451 3157 3596 3212 invi-

94 3225 222 3293 quia
266 3225 538 3282 diabolus
568 3242 667 3297 per
697 3228 992 3296 invidiam,
1041 3233 1529 3301 pulchritudinem
1572 3240 1783 3296 discre-

92 3313 250 3368 tionis
296 3315 515 3370 foadare
561 3330 621 3370 se
659 3317 1051 3390 immergendo
1102 3324 1387 3393 pracipue
1433 3324 1681 3384 affectat.
1730 3330 1785 3385 Is

90 3401 232 3456 enim
281 3402 614 3460 invidentia
664 3414 855 3462 motus
914 3410 1170 3478 inclytus,
1226 3412 1280 3467 id
1310 3422 1393 3469 est
1451 3417 1598 3471 inter
1645 3418 1782 3473 uui-

92 3504 247 3545 versa
305 3498 451 3546 I31
499 3493 643 3549 vitia
699 3497 1087 3565 pracognitus
1138 3508 1260 3568 est,
1310 3503 1482 3558 etiam
1524 3508 1583 3559 in
1628 3507 1783 3562 domo

89 3582 257 3649 patris
289 3583 399 3648 sui,
442 3581 542 3636 illa
579 3583 790 3639 scilicet
830 3585 1000 3654 cujus
1039 3585 1174 3655 tilia,
1210 3604 1388 3659 quam
1437 3596 1782 3663 concupive-

91 3676 171 3722 rat
219 3683 340 3734 rex,
399 3684 538 3724 cum
595 3671 803 3740 populo
852 3687 956 3728 suo
1009 3675 1269 3733 oblivisci
1317 3679 1560 3749 jubetur
1611 3686 1777 3749 (Psal.

90 3770 230 3824 ων,
266 3760 351 3821 ll,
392 3757 512 3827 l2);
560 3758 738 3827 patris
781 3761 935 3815 enim
967 3762 1176 3819 diaboli
1210 3774 1294 3823 est
1326 3767 1474 3825 inter
1514 3771 1782 3843 vulgares

89 3846 230 3899 enim
262 3846 427 3902 valde
457 3848 839 3903 exsecrationi
870 3850 1134 3908 habetur.

158 3934 320 3991 Vnus.
363 3938 456 4002 20,
490 3936 581 4003 21,
627 3937 714 4002 22,
755 3940 843 3992 23.
873 3969 943 3978 -
982 3926 1332 4013 liigressique
1375 3951 1596 4015 portam
1625 3949 1779 4005 urbis

93 4022 244 4076 locuti
286 4028 416 4077 sunt
446 4024 665 4092 populo.
708 4026 830 4080 Viri
873 4028 968 4080 isti
1006 4029 1231 4099 paciﬁci
1259 4036 1425 4098 sunt;
1476 4049 1661 4105 usque
1706 4039 1778 4094 ad

95 4110 189 4165 hoc
224 4126 337 4182 quo
366 4111 529 4176 dicit,
564 4113 865 4177 efﬁciemur
898 4131 1035 4170 unus
1066 4121 1297 4188 populus
1339 4120 1464 4193 [aL.,
1496 4140 1663 4181 unum
1693 4131 1780 4195 ef-

89 4201 317 4265 ﬁciamus
371 4198 675 4272 populum].
730 4203 946 4257 Portam
993 4206 1145 4261 urbis
1193 4207 1593 4280 ingrdiuntur,
1641 4231 1776 4273 cum

91 4286 218 4342 vitia
249 4302 307 4343 se
333 4290 406 4344 ad
438 4289 802 4347 conscientia
843 4306 1084 4349 examen
1116 4296 1344 4365 adduci,
1379 4302 1544 4370 quasi
1577 4318 1775 4374 aqua-

92 4375 307 4432 nitniter
337 4377 409 4431 ad
444 4387 889 4435 monumentum
933 4381 1253 4451 patiuntur.
1289 4390 1461 4443 Porta
1489 4389 1774 4459 judicium

1894 3248 2048 3303 diam
2105 3247 2320 3317 pariter
2348 3253 2576 3311 necant,
2630 3246 2844 3301 Hemor
2881 3244 3093 3301 scilicet
3142 3253 3198 3301 et
3227 3244 3473 3313 Sichem,
3539 3252 3594 3301 et

1892 3337 1963 3392 de
1993 3350 2167 3406 pravo
2198 3334 2575 3390 contubernio
2605 3341 2822 3389 eruunt
2851 3324 3271 3389 discretionem.

1964 3426 2137 3483 Vens.
2186 3428 2274 3478 27.
2324 3453 2392 3464 —
2444 3424 2653 3488 Quibus
2700 3424 2928 3490 egressis
2968 3436 3065 3491 per
3111 3421 3351 3478 indulta
3397 3422 3505 3479 sibi
3559 3437 3593 3477 a

1893 3516 2007 3570 Deo
2039 3513 2302 3583 potentia:
2351 3512 2660 3577 licentiam,
2706 3514 2885 3567 cateri
2928 3513 3033 3581 ﬁlii
3077 3511 3242 3566 Jacob
3297 3527 3457 3581 super
3499 3527 3591 3566 oc-

1891 3607 2027 3659 cisos
2058 3604 2312 3664 irruunt,
2350 3601 2403 3657 id
2447 3608 2531 3656 est
2565 3600 2804 3669 reliqua
2834 3599 3077 3656 virtutes
3124 3600 3303 3655 animi
3351 3600 3592 3656 subacta

1891 3692 2033 3748 vitia
2059 3690 2280 3746 victrici
2310 3690 2533 3746 actione
2579 3689 2870 3758 operiunt,
2917 3694 2967 3743 et
3001 3689 3185 3743 urbem
3229 3689 3589 3746 conscientia

1890 3796 1925 3837 a
1996 3780 2241 3851 strepitu
2295 3779 2458 3835 solito
2517 3779 2857 3845 desolantes,
2922 3778 3308 3849 corruptionis
3378 3780 3592 3835 damna

1888 3873 2281 3936 compensant.
2337 3865 2523 3933 (Vsus.
2562 3866 2672 3933 28.)
2722 3866 2854 3921 Ovcs
2899 3864 3354 3933 improvidentia
3397 3872 3452 3920 et
3500 3865 3590 3921 la-

1888 3955 2130 4019 tuitatis,
2179 3959 2229 4008 et
2268 3958 2514 4007 armenta
2546 3953 2979 4019 hebetudinum,
3030 3953 3118 4008 vel
3166 3953 3587 4021 curiositatum,

1888 4043 1977 4099 bis
2008 4042 2178 4111 plane
2226 4056 2293 4098 ac
2332 4041 2379 4097 si
2427 4041 2605 4097 armis
2641 4042 3001 4111 contegimus
3048 4039 3213 4096 nobis
3256 4041 3396 4111 ipsis
3449 4040 3590 4096 vitia

1886 4138 2101 4197 nostra,
2139 4132 2425 4197 asinosque
2462 4128 2789 4194 libidinum,
2825 4136 2879 4183 et
2921 4128 3117 4183 omnia
3156 4143 3275 4197 qua
3320 4130 3378 4181 in
3412 4127 3586 4181 domi-

1888 4216 2007 4283 bus,
2038 4222 2088 4270 et
2130 4219 2190 4270 in
2218 4219 2412 4289 agris;
2466 4216 2523 4271 iu
2555 4216 2845 4271 mentibus
2900 4216 3113 4272 scilicet
3163 4225 3218 4272 ct
3266 4215 3587 4271 forensibus

1884 4304 2172 4361 exercitiis
2217 4310 2392 4361 erant.
2450 4304 2646 4373 (Vens.
2679 4308 2791 4371 29.)
2854 4306 3114 4360 Parvulos
3167 4310 3216 4359 et
3267 4320 3482 4372 umores,
3530 4305 3587 4362 id

1884 4401 1968 4447 est
2000 4402 2182 4463 capta
2206 4395 2324 4464 jam
2381 4408 2574 4463 opera,
2606 4403 2660 4449 et
2689 4409 2928 4462 operum
2976 4395 3378 4450 delectationes
3426 4402 3587 4450 utra-

88 4463 281 4555 signat,
327 4464 471 4555 quia
504 4463 560 4520 in
588 4466 773 4555 portis
815 4469 1142 4539 antiquitus
1186 4486 1277 4528 res
1305 4475 1495 4532 dubia
1526 4478 1776 4534 ventila-
1814 4498 1861 4555 ι)
1887 4496 2002 4551 que
2032 4463 2252 4538 duxere
2282 4482 2530 4551 captiva,
2579 4482 2809 4538 sublata
2849 4483 2908 4538 in
2940 4483 3165 4538 mortali
3219 4497 3451 4551 corpore
3497 4497 3587 4538 re-

91 4549 305 4607 bantur.
357 4552 642 4621 Exempla
669 4554 807 4610 satis
852 4570 1142 4628 superque
1171 4571 1507 4630 suppetunt.
1557 4567 1774 4636 Populo

89 4637 397 4707 loquuntur
426 4640 569 4711 quia
614 4643 919 4701 subdolose
965 4646 1192 4704 interim
1239 4651 1362 4719 paci
1409 4652 1775 4712 instituenda

91 4724 282 4793 lavere,
311 4736 367 4783 et
410 4730 674 4799 strepitui
707 4733 914 4788 mentis
941 4734 1195 4792 sedando
1226 4738 1518 4796 videntur.
1555 4743 1770 4812 Virilis,

90 4812 367 4883 inquiunt,
398 4824 455 4872 et
488 4817 725 4875 honesta
756 4819 876 4876 hac
905 4829 1080 4893 atque
1129 4824 1366 4894 pacifica
1396 4830 1770 4898 continentia,

91 4900 290 4959 feratur
330 4905 540 4976 degere
597 4906 872 4964 nobiscum
919 4913 979 4965 in
1009 4917 1154 4967 terra
1207 4917 1481 4986 corporis,
1538 4921 1769 4990 negotii,

90 4998 137 5044 et
176 4994 426 5049 exercitii
476 4995 570 5050 sui
619 4995 780 5052 lucra
826 5007 1071 5069 quarat,
1132 5002 1321 5071 ipsum
1358 5006 1511 5062 enim
1561 5022 1774 5078 corpus

91 5083 330 5148 spatiosa,
376 5088 427 5136 et
458 5084 574 5137 lata
616 5092 858 5152 sectans,
905 5088 1069 5145 cultu
1112 5106 1228 5161 quo
1262 5093 1384 5149 hac
1436 5097 1773 5156 recidantur

90 5176 234 5235 eget;
277 5172 440 5239 filias,
499 5172 552 5226 id
601 5180 684 5227 cst
718 5174 878 5230 ﬂuxa
916 5191 1116 5234 eorum
1147 5180 1430 5238 desideria
1468 5186 1634 5242 nobis
1662 5201 1771 5258 ap-

92 5266 361 5326 ponemus,
394 5267 451 5315 et
485 5259 755 5330 qualibet
788 5272 1118 5323 nostrarum
1167 5270 1416 5339 partium
1450 5272 1685 5329 lascivia
1715 5283 1771 5332 et

94 5343 279 5413 mollia,
312 5347 694 5405 rationalibus
722 5352 900 5407 animi
934 5355 1185 5412 motibus
1217 5361 1562 5429 ingeremus.
1594 5365 1768 5420 Unum

94 5431 279 5487 tantum
320 5434 518 5490 bonum
561 5437 724 5493 nobis
751 5449 1102 5500 eventurum
1144 5445 1421 5514 differtur,
1462 5453 1513 5504 si
1556 5452 1769 5509 scilicet

93 5519 517 5580 circumcidamus
567 5525 641 5580 ad
692 5541 946 5596 praesens
992 5535 1273 5599 masculos,
1320 5535 1370 5592 id
1402 5546 1486 5594 est
1518 5545 1768 5597 temera-

95 5605 191 5661 rios
241 5610 509 5668 incursus
536 5615 749 5669 nostros
798 5618 1109 5689 paulisper,
1171 5623 1266 5677 sed
1319 5639 1432 5680 non
1487 5626 1588 5683 diu
1621 5644 1766 5685 con-

97 5695 451 5782 stringamus;
511 5702 659 5758 ritus
691 5712 743 5759 et
800 5704 1063 5762 instituta
1102 5712 1308 5766 mentis
1363 5713 1614 5782 ipsorum
1662 5732 1766 5774 nos

99 5780 279 5841 imitari
308 5789 676 5856 simulantes,
718 5799 774 5848 et
801 5793 883 5850 sic
921 5794 1017 5850 lict
1048 5805 1113 5854 ut
1140 5799 1353 5857 sensim
1380 5780 1594 5859 animis
1638 5804 1765 5863 illa-

1885 4570 2101 4640 gnandi
2154 4572 2424 4641 potentia.
2461 4570 2655 4641 (Vens.
2708 4573 2819 4636 30.)
2866 4572 3072 4637 Quibus
3118 4574 3360 4640 patratis
3409 4572 3586 4626 auda-

1884 4664 2016 4726 cter,
2054 4658 2204 4713 dixit
2250 4658 2417 4713 Jacob
2465 4658 2541 4712 ad
2591 4658 2803 4713 Simeon
2845 4664 2895 4712 et
2941 4660 3085 4713 Levi.
3145 4659 3251 4716 Ubi
3309 4658 3587 4715 vivaciter

1886 4748 2132 4815 peccatis
2178 4747 2474 4803 obsistitur
2532 4746 2727 4811 Jacob,
2778 4746 2832 4801 id
2901 4754 2985 4802 est
3044 4747 3188 4802 ratio
3247 4747 3587 4803 humanitus

1882 4844 2028 4903 acta,
2075 4843 2130 4891 et
2160 4836 2513 4892 auditionem
2549 4835 2807 4899 tristitia,
2851 4842 2906 4890 et
2963 4835 3413 4904 assumptionem
3449 4850 3584 4906 gra-

1883 4924 1975 4980 tia
2027 4925 2195 4996 quasi
2242 4925 2298 4979 in
2344 4924 2433 4980 his
2507 4938 2876 4995 perseverare
2916 4931 3185 4993 nequeat,
3234 4923 3470 4992 coepisse
3525 4939 3584 4981 se

1882 5013 2188 5083 improbat.
2229 5014 2514 5069 Turbastis
2563 5029 2662 5080 me,
2702 5013 2757 5067 id
2788 5020 2872 5069 est
2916 5013 3144 5069 turbam
3193 5020 3396 5068 contra
3446 5013 3585 5070 vitia

1882 5104 2024 5158 mihi
2072 5103 2350 5169 movistis,
2402 5109 2451 5157 et
2482 5103 2725 5157 odiosum
2774 5118 2857 5156 me
2909 5104 3119 5169 fecistis
3164 5103 3486 5159 Chananais
3534 5108 3585 5157 et

1882 5193 2174 5269 Pberezais
2223 5192 2625 5246 habitatoribus
2679 5196 2854 5255 terra,
2906 5192 3045 5261 quia
3094 5192 3354 5247 videlicet
3403 5207 3581 5262 nego-

1880 5276 1974 5332 tiis
2001 5277 2181 5333 animi
2214 5293 2247 5334 a
2281 5287 2506 5336 terreno
2555 5293 2698 5350 pene
2728 5279 3007 5337 desiderio
3040 5294 3344 5351 nunquam
3375 5280 3579 5347 feriati,

1877 5375 1932 5422 et
1961 5367 2183 5437 stupori
2213 5368 2284 5423 ad
2310 5370 2463 5425 mala
2491 5384 2718 5440 semper
2745 5384 2938 5440 prava
2967 5371 3160 5426 carnis
3191 5370 3361 5426 tinem
3395 5371 3576 5441 posui.

1878 5456 2010 5523 Vos,
2048 5457 2309 5526 inquam,
2341 5467 2532 5514 motus
2554 5458 2887 5529 spirituales
2919 5467 3182 5515 auctores
3223 5460 3400 5529 hujus
3445 5460 3581 5516 estis

1876 5544 2013 5599 odii.
2060 5544 2424 5603 Chananaus
2454 5562 2678 5617 nempe,
2722 5551 3060 5616 negotiator;
3107 5548 3438 5605 Pheresaus
3484 5549 3578 5605 di-

1875 5633 2028 5690 citur
2051 5639 2290 5704 stupens.
2341 5636 2644 5707 Negotium
2677 5639 2828 5692 enim
2865 5637 3274 5707 peratnbulans
3304 5639 3361 5693 in
3422 5647 3576 5694 tene-

1875 5721 2012 5787 bris,
2044 5731 2099 5778 et
2155 5725 2381 5794 reprobi
2425 5740 2628 5781 sensus
2676 5726 2761 5781 vel
2809 5726 3246 5796 ponderositatis
3293 5740 3578 5795 corporea

1873 5817 2076 5880 stupor
2106 5819 2272 5868 terra
2320 5814 2563 5870 inhiant.
2622 5817 2729 5872 Nos
2765 5816 2931 5885 pauci
2959 5828 3163 5871 sumus.
3197 5815 3344 5882 Quia
3392 5815 3575 5872 virtu-
