3956 6436
335 441 431 494 251

1285 439 1348 490 V.
1389 436 1724 495 GUlBERTI
1763 436 2052 492 ABBATIS
2088 437 2144 491 S.
2190 434 2426 490 MARM‘J
2465 435 2553 490 DE
2592 433 2987 491 NOVIGENTO

3743 430 3844 484 252

335 576 460 626 tum
491 583 709 639 parvus
738 569 811 624 ad
843 568 1112 625 vitiorum
1149 567 1634 639 comparationem
1687 575 1771 623 est
1828 582 2031 623 nume-
2070 569 2113 622 Α
2142 565 2404 632 aediﬁcat,
2437 565 2578 636 quia
2606 571 2818 620 sanctae
2849 563 3162 620 voluntatis
3197 563 3256 619 in
3288 563 3469 633 ipsius
3501 560 3847 618 mutationis

337 671 458 714 rus.
491 657 617 713 Illla
655 671 793 729 ergo
844 666 1192 729 congregata
1245 673 1376 727 quae
1416 670 1754 727 expugnare
1785 657 2034 727 cippistis
2142 655 2422 723 proposito
2451 661 2641 709 statim
2692 653 2916 709 fundat.
2964 654 3204 708 Domum
3237 652 3336 707 Dei
3385 651 3661 722 appellat,
3701 647 3845 719 quia

336 744 572 812 frustra,
613 749 914 815 percutient
951 763 1032 800 me
1077 752 1126 800 et
1159 746 1370 800 delebor
1397 762 1512 814 ego,
1555 751 1606 800 et
1655 745 1844 799 domus
1894 762 2030 811 mea,

340 834 448 890 hoc
485 834 774 891 tantillum
831 835 986 906 quod
1028 835 1158 890 boni
1210 835 1488 890 habebam
1540 835 1798 890 exterius
1830 834 2036 890 delebi-

339 929 457 989 tur,
487 930 542 979 et
569 923 774 980 domus
803 924 1166 979 conscientiae
1203 923 1662 993 depopulabitur.
1713 923 1818 978 Sed
1851 924 2036 980 virtus

340 1011 794 1067 rationalitatum
856 1011 1136 1066 divinitus
1208 1018 1395 1066 erecta
1447 1010 1584 1066 dicit
1642 1011 1838 1078 (Vens.
1897 1013 2032 1082 3|):

339 1098 605 1167 Nunquid
659 1104 720 1152 ut
770 1105 944 1152 scorto
997 1099 1154 1152 abuti
1198 1099 1423 1152 deluere
1470 1114 1650 1152 sorore
1700 1103 1937 1154 nostra?
1973 1100 2035 1155 1d

339 1193 444 1253 est,
489 1186 755 1256 nunquid
813 1185 1208 1256 prostituenda
1253 1195 1336 1241 est
1391 1185 1626 1241 cuilibet
1673 1196 2034 1256 peccatorum

341 1273 493 1330 sordi
530 1273 796 1330 discretio
845 1283 1037 1329 nostra
1084 1287 1158 1328 ex
1213 1281 1414 1341 matre,
1461 1289 1594 1344 quae
1643 1290 1747 1330 nos
1801 1277 2036 1346 protulit

341 1363 561 1418 ratione
592 1362 774 1432 proles
807 1362 1059 1417 eximia?

931 1451 1163 1508 CAPUT
1203 1450 1438 1507 XXXV.

409 1537 582 1594 Vens.
617 1541 666 1592 t.
721 1567 796 1580 —
845 1541 1059 1594 Interea
1116 1539 1323 1594 mentis
1377 1537 1694 1596 certamina
1752 1543 2037 1612 decipien-

337 1633 451 1682 tem
483 1627 637 1682 Deus
667 1626 984 1697 alloquitur
1019 1627 1259 1681 interius
1287 1627 1485 1682 Jacob.
1529 1629 1719 1694 Surge,
1751 1631 1803 1680 et
1853 1641 2036 1679 ascen-

339 1714 406 1767 de
431 1715 612 1768 Bethel
654 1719 704 1768 et
750 1715 941 1768 habita
973 1715 1071 1779 ibi,
1121 1716 1323 1783 facque
1355 1716 1529 1768 altare
1577 1717 1674 1768 Deo
1722 1715 1820 1782 qui
1855 1729 2037 1782 appa-

340 1803 454 1855 ruit
500 1801 603 1855 tibi
645 1801 866 1871 quando
909 1802 1162 1870 fugiebas
1192 1805 1342 1857 Esau
1372 1804 1604 1869 fratrem
1652 1807 1822 1856 tuum.
1873 1801 2035 1868 Quod

339 1897 422 1944 est
461 1888 647 1946 dicere
677 1905 690 1944 :
730 1889 959 1961 Erigere
1001 1889 1075 1946 ab
1121 1891 1248 1946 imis
1277 1891 1622 1961 cogitatibus
1647 1899 1701 1947 et
1733 1905 2036 1960 usquequo

341 1977 446 2032 tias
473 1977 680 2034 domus
723 1978 842 2045 Dei,
875 1979 1030 2048 quod
1076 1986 1158 2035 est
1191 1979 1402 2047 Bethel,
1460 1979 1772 2049 provehere
1801 1979 2036 2034 virtuti-

341 2065 468 2132 bus,
500 2073 556 2121 et
586 2065 673 2121 {ac
709 2071 850 2121 I88
878 2069 1056 2122 altare
1089 2068 1252 2124 bonae
1297 2069 1613 2124 voluntatis
1638 2071 1768 2136 Deo,
1800 2065 1902 2136 qui
1965 2068 2032 2123 ti-

338 2153 396 2208 bi
426 2153 694 2210 inclaruit
734 2162 798 2210 ut
825 2153 1093 2211 affectum
1121 2156 1412 2212 carnalem
1463 2156 1764 2226 effugeres,
1801 2157 1858 2210 in
1920 2169 2036 2226 quo

339 2241 568 2310 piorum
614 2249 850 2298 actuum
878 2244 1162 2321 sacriﬁcia
1187 2245 1460 2300 immoles.
1496 2245 1688 2309 (Vens.
1743 2246 1822 2313 2.)
1874 2244 2036 2298 Jacob

337 2342 463 2381 vero
513 2333 807 2382 convocata
861 2331 1007 2382 omni
1057 2330 1213 2384 domo
1266 2346 1386 2397 sua,
1444 2333 1576 2384 ait:
1617 2329 1859 2400 Abjicite
1914 2331 2037 2384 deos

340 2414 564 2481 alienos,
618 2419 716 2486 qui
756 2418 816 2471 in
865 2417 1040 2471 medio
1068 2420 1237 2471 vestri
1289 2423 1434 2485 sunt,
1485 2424 1534 2472 et
1579 2419 1944 2487 mundamini,
1975 2434 2038 2472 ac

340 2507 544 2557 mutate
593 2507 912 2558 vestimenta
965 2510 1165 2561 vestra.
1246 2507 1371 2561 Post
1424 2506 1623 2561 altaris
1697 2506 2036 2562 erectionem

343 2605 520 2661 quam
553 2600 947 2661 proposuerat,
998 2593 1230 2648 domum
1281 2602 1576 2661 convocat,
1623 2593 1764 2664 quia
1811 2609 2034 2650 morum

341 2693 410 2735 ac
459 2681 634 2736 totius
684 2681 1046 2751 cogitationis
1105 2681 1482 2752 dispersiones
1533 2682 1738 2739 frenat.
1772 2682 2035 2753 Abjicite,

343 2766 552 2836 inquit,
583 2781 669 2834 ea,
703 2768 919 2838 quibus
945 2777 1221 2840 tanquam
1257 2771 1580 2826 simulacris
1624 2771 2034 2838 inserviebatis,

341 2853 484 2910 vitia
509 2869 640 2924 quae
669 2857 726 2909 in
767 2856 942 2910 medio
971 2859 1139 2911 vestri
1163 2865 1344 2913 erant.
1385 2858 1447 2914 Id
1485 2866 1588 2925 est,
1635 2860 1905 2914 thronum
1956 2874 2040 2916 re-

344 2941 444 3013 gni
469 2943 527 2998 in
556 2951 748 2998 vestra
792 2951 982 3000 mente
1012 2946 1302 3013 tenebant,
1352 2951 1402 3000 et
1429 2947 1773 3001 mundamini
1802 2947 1859 3002 in
1914 2962 2040 3003 con-

341 3031 596 3097 scientia,
629 3048 693 3086 ac
729 3037 934 3086 mutate
989 3048 1227 3102 operum
1279 3034 1698 3105 integumenta.
1738 3037 1930 3107 (Vens.
1983 3040 2034 3105 3,

341 3122 395 3174 4.
431 3122 450 3187 )
479 3121 716 3188 Surgite,
745 3123 1098 3178 ascendamus
1126 3125 1185 3176 in
1238 3125 1439 3188 Bethel,
1474 3132 1538 3180 ut
1568 3139 1746 3194 supra
1785 3125 2035 3196 positum

339 3215 440 3264 est.
493 3209 767 3264 Dederunt
808 3213 859 3264 ei
903 3211 1026 3266 deos
1073 3213 1276 3266 alienos
1325 3227 1458 3282 quos
1509 3214 1797 3280 habebant,
1847 3214 1902 3269 id
1953 3222 2034 3270 est

339 3296 483 3352 vitia
511 3297 848 3355 obtulerunt
881 3299 1089 3355 rationi
1119 3301 1534 3356 consumenda.
1570 3302 1850 3355 Dederunt
1882 3303 2034 3358 enim

341 3384 573 3452 dicitur,
623 3399 738 3440 non
795 3387 1159 3455 restiterunt;
1210 3387 1345 3444 deos
1373 3395 1564 3444 autem
1614 3387 1859 3444 crimina
1901 3390 2033 3457 dici,

341 3471 501 3527 testis
527 3478 612 3528 est
643 3472 920 3541 psalmus.
951 3474 1015 3530 Si
1040 3475 1304 3540 audieris,
1338 3475 1548 3544 inquit,
1581 3491 1663 3530 me
1689 3492 1794 3531 non
1839 3479 1942 3531 erit
1978 3479 2037 3532 in

343 3563 392 3614 te
419 3559 550 3614 deus
589 3575 768 3615 recens
821 3563 986 3628 (Psal.
1033 3577 1204 3629 LXXX,
1245 3563 1347 3633 lO).
1381 3565 1607 3620 Inaures
1660 3573 1852 3622 autem
1905 3566 2037 3621 deo-

343 3661 476 3703 rum
505 3654 642 3703 sunt
678 3647 1024 3718 obedientia,
1057 3663 1175 3720 qua
1218 3651 1463 3720 peccatis
1511 3652 2036 3722 obtemperabatur.

343 3734 422 3788 At
447 3734 540 3788 ille
591 3735 798 3798 infodit
847 3751 910 3790 ea
957 3737 1140 3791 subter
1168 3739 1546 3805 terebinthum,
1599 3754 1731 3810 quae
1779 3749 1864 3796 est
1914 3747 2040 3810 post

343 3821 548 3878 urbem
601 3821 842 3878 Sichem.
877 3825 1186 3894 Postquam
1219 3825 1462 3893 Sichem,
1499 3827 1551 3882 id
1594 3835 1676 3883 est
1709 3829 2036 3884 invidentia:

341 3908 594 3966 laborem
627 3911 1018 3980 postponimus
1037 3913 1188 3982 deos,
1221 3913 1278 3969 id
1295 3921 1377 3970 est
1399 3915 1645 3970 crimina
1664 3930 1798 3971 cum
1837 3930 2037 3971 eorum

342 3997 666 4066 inauribus,
698 3999 956 4056 videlicet
981 4001 1422 4071 obeditionibus,
1468 4003 1668 4059 subter
1707 4003 2037 4074 amplitudi-

341 4099 471 4142 nem
521 4085 1019 4159 fragrantiamque
1070 4091 1368 4147 charitatis
1415 4091 1846 4162 abscondimus;
1901 4100 2042 4148 tere-

341 4174 582 4232 binthus
599 4177 750 4232 enim
781 4178 893 4234 lata
925 4187 978 4234 et
1009 4179 1292 4235 odorifera
1321 4180 1492 4236 arbor
1509 4189 1612 4236 est.

413 4263 587 4319 Vens.
621 4266 673 4316 5.
707 4295 774 4304 —
825 4267 1062 4336 Cumque
1103 4271 1339 4338 profecti
1365 4273 1555 4336 essent,
1589 4275 1766 4326 terror
1816 4273 1911 4326 Dei
1950 4273 2038 4325 in-

343 4351 491 4402 vasit
533 4364 709 4405 omnes
759 4368 860 4420 per
890 4355 1178 4408 circuitum
1228 4357 1494 4420 civitates,
1529 4362 1580 4410 et
1611 4371 1718 4410 non
1764 4362 1891 4410 sunt
1919 4359 2043 4410 ausi

337 4439 601 4508 prosequi
647 4439 966 4496 recedentes.
1022 4441 1166 4498 Cum
1235 4443 1306 4497 ad
1371 4444 1548 4498 Deum
1625 4443 2042 4514 proﬁciscimur

345 4539 552 4582 sensus
573 4528 907 4596 exteriores,
948 4529 1164 4599 quibus
1197 4531 1374 4586 indita
1408 4539 1545 4588 sunt
1594 4531 1740 4588 livor
1766 4539 1821 4588 et
1870 4531 2040 4602 cupi-

345 4613 569 4681 ditates,
597 4615 700 4686 qui
749 4617 919 4673 etiam
966 4617 1024 4673 in
1056 4619 1235 4675 nostri
1282 4619 1528 4676 circuitu
1572 4621 1740 4692 quasi
1771 4620 2038 4690 quaedam

343 4709 480 4759 sunt
536 4703 703 4774 positi
765 4705 1042 4775 civitates,
1097 4707 1196 4764 Dei
1255 4709 1458 4764 timore
1511 4716 1876 4779 premuntur,
1935 4723 2041 4764 nec

346 4791 562 4848 audent
612 4793 728 4849 vim
788 4793 998 4852 inferre
1056 4811 1186 4852 cum
1235 4797 1565 4853 eorumdem
1616 4796 1896 4853 desideria
1944 4811 2037 4852 re-

346 4888 659 4948 spuuntur.
693 4883 884 4951 (Vens.
919 4884 999 4953 6.)
1038 4887 1192 4940 Venit
1220 4901 1345 4954 ergo
1372 4885 1540 4942 Jacob
1569 4888 1794 4950 Luzam,
1816 4901 1936 4956 qua:
1963 4889 2042 4940 est

345 4967 406 5021 in
447 4973 596 5022 terra
643 4970 906 5025 Chanaan
954 4978 1297 5041 cognomento
1347 4974 1562 5040 Bethel;
1614 4976 1732 5042 ipse
1771 4979 1822 5028 et
1869 4975 2040 5028 omnis

345 5057 580 5124 populus
651 5072 770 5111 cum
827 5075 906 5114 eo.
959 5061 1110 5116 Luza
1165 5061 1376 5118 dicitur
1424 5062 1796 5130 amygdalum.
1847 5061 2041 5118 Bethel

347 5143 538 5197 domus
583 5146 696 5198 Dei.
741 5146 1016 5203 Chanaan
1065 5153 1294 5203 mutata.
1345 5150 1512 5205 Jacob
1557 5150 1630 5205 ad
1669 5150 2042 5220 amygdalum

346 5232 513 5298 venit,
547 5245 678 5286 cum
719 5234 958 5303 spiritus
1002 5242 1192 5292 noster
1235 5249 1334 5304 per
1373 5237 1678 5306 passiones,
1729 5246 1783 5293 et
1821 5238 2041 5294 amari-

349 5316 580 5374 tudincs
607 5323 950 5392 corporales,
994 5337 1061 5379 ac
1089 5323 1136 5379 si
1187 5324 1414 5380 corticis
1458 5337 1527 5380 ac
1574 5325 1812 5382 internae
1859 5325 2044 5382 dulce-

348 5405 498 5462 dinis
525 5409 795 5467 nucleum
826 5411 1131 5484 pertingit;
1162 5413 1317 5482 quod
1354 5419 1550 5468 tamen
1578 5414 1639 5470 in
1673 5422 1842 5483 terra,
1875 5415 1929 5470 id
1959 5421 2044 5470 est

348 5493 408 5550 in
438 5499 628 5552 mente
649 5499 772 5570 jam
803 5499 1041 5556 cultibili
1077 5513 1144 5556 ac
1171 5507 1396 5556 mutata
1426 5499 1506 5568 fit,
1537 5507 1751 5557 mutata
1779 5501 2044 5558 videlicet

349 5583 422 5639 ad
453 5583 580 5653 hoc,
614 5595 680 5643 ut
727 5587 826 5644 ﬁat
853 5589 1040 5642 domus
1085 5591 1198 5644 Dei.
1230 5591 1302 5644 Et
1332 5593 1504 5645 omnis
1541 5593 1776 5660 populus
1827 5591 2041 5662 cogita-

345 5671 566 5730 tionum
598 5690 710 5731 non
764 5677 886 5747 jam
935 5684 1131 5732 contra
1187 5691 1342 5741 eum,
1373 5678 1469 5733 sed
1522 5695 1641 5733 cum
1671 5695 1750 5746 eo,
1811 5679 1869 5735 in
1918 5680 2044 5752 ejus

349 5759 563 5819 scilicet
607 5763 959 5820 adminiculo
1001 5771 1104 5820 est.
1153 5766 1347 5834 (Vens.
1391 5766 1474 5834 7.)
1527 5769 1720 5823 Altare
1769 5783 1906 5841 ergo
1961 5770 2044 5824 ibi

2076 3135 2117 3190 C

2081 4485 2124 4539 D

2141 742 2292 812 piam
2323 742 2675 798 aﬂ'ectionem
2708 741 3065 796 solummodo
3107 749 3298 810 aptam
3342 741 3415 796 ad
3447 741 3560 796 Deo
3591 752 3848 795 manen-

2140 831 2279 886 dum
2317 832 2588 897 aestimat;
2641 830 2714 886 ibi
2761 830 2935 896 enim,
2989 829 3040 884 id
3071 837 3155 884 est
3204 843 3304 899 per
3361 829 3512 884 hanc
3566 825 3851 883 inclaruit

2137 918 2318 975 eidem
2349 920 2519 984 Deus,
2553 933 2684 974 cutn
2715 918 3002 974 carnalem
3039 917 3262 973 timeret
3287 916 3576 972 allectum.

2213 1008 2382 1063 Vens.
2432 1011 2484 1062 8.
2515 1036 2586 1048 —
2621 1007 2826 1062 Eodem
2854 1012 3087 1075 tempore
3124 1010 3338 1059 mortua
3364 1011 3443 1060 est
3489 1005 3703 1059 Debora
3735 1018 3850 1056 nu-

2143 1099 2260 1150 triJ:
2293 1097 2555 1162 Rebeccae,
2584 1101 2634 1150 et
2664 1097 2876 1166 sepulta
2905 1095 2979 1149 ad
3007 1095 3222 1148 radices
3253 1095 3432 1149 Bethel
3461 1094 3646 1148 subter
3677 1108 3856 1161 quer-

2141 1201 2296 1250 cum;
2347 1190 2698 1253 vocatumque
2749 1190 2826 1238 est
2871 1200 3059 1238 nomen
3111 1185 3214 1238 loci
3259 1184 3497 1248 Quercus
3544 1185 3730 1250 ﬂetus.
3787 1181 3854 1234 In

2142 1273 2250 1328 hac
2283 1273 2404 1342 ipsa
2433 1272 2539 1343 pia:
2586 1272 2916 1328 intentionis
2965 1270 3254 1340 temperie,
3303 1270 3549 1325 moritur
3584 1267 3855 1324 carnalis

2141 1361 2431 1427 stimulus,
2463 1360 2565 1430 qui
2596 1360 2829 1431 quidem
2865 1357 3229 1414 dulcedinem
3261 1357 3485 1428 praefert
3514 1371 3668 1412 more
3713 1370 3856 1426 sug-

2143 1449 2434 1520 gestionis,
2484 1449 2580 1506 sed
2614 1448 3058 1504 amaritudinem
3103 1447 3275 1503 habet
3305 1460 3479 1516 quam
3520 1434 3855 1500 maximam

2144 1538 2201 1593 in
2230 1546 2486 1594 extremo
2534 1551 2636 1608 per
2681 1537 2947 1593 effectum
2996 1535 3274 1592 criminis.
3307 1535 3530 1591 Debora
3581 1547 3854 1603 namque

2143 1627 2354 1683 dicitur
2385 1625 2525 1696 apis,
2557 1626 2709 1681 unde
2727 1624 2956 1680 Boetius
2986 1624 3082 1696 (De
3109 1625 3364 1678 consolat.
3395 1623 3595 1693 philos.
3631 1621 3736 1677 lib.
3767 1635 3856 1685 ιιι,

2145 1723 2326 1770 metro
2357 1715 2408 1784 7)
2441 1731 2455 1768 :

2432 1801 2614 1856 Habet
2645 1801 2739 1854 hoc
2769 1801 3018 1870 voluptas
3047 1801 3240 1864 omnis,

2431 1890 2677 1945 Stimulis
2707 1888 2824 1957 agit
2851 1891 3114 1955 furentes,

2431 1980 2742 2047 Apiumque
2767 1993 2877 2046 par
2904 1978 3179 2030 volantum

2436 2067 2537 2121 Ubi
2564 2072 2725 2134 grata
2754 2066 2918 2120 mella
2939 2065 3112 2131 fudit,

2431 2153 2619 2220 Fugit,
2647 2157 2697 2206 et
2723 2155 2886 2206 nimis
2907 2154 3084 2206 tenaci

2432 2242 2577 2295 Perit
2609 2243 2717 2294 icta
2749 2240 2914 2293 corda
2944 2255 3143 2294 morsu.

2149 2333 2280 2388 Haec
2325 2328 2640 2384 stimulatio
2679 2328 2862 2384 nutrit
2904 2329 3234 2396 Rebeccam,
3267 2329 3320 2383 id
3358 2336 3442 2384 est
3478 2326 3850 2398 patientiam,

2147 2420 2288 2492 quia
2338 2418 2548 2476 talibus
2593 2417 2903 2472 exercitata
2935 2417 3215 2474 coalescit.
3268 2417 3365 2471 Ad
3415 2417 3625 2471 radices
3664 2417 3854 2471 Bethel

2147 2507 2436 2578 sspelitur,
2483 2505 2617 2576 quia
2641 2505 2750 2561 sub
2789 2505 2984 2560 divino
3018 2504 3238 2572 timore,
3273 2505 3374 2575 qui
3424 2504 3591 2560 radix
3635 2503 3851 2559 domus

2149 2597 2245 2653 Dei
2274 2603 2376 2662 est,
2429 2593 2891 2650 constabiliendze
2938 2593 3288 2650 reconditur.
3338 2593 3532 2649 Subter
3586 2607 3852 2662 quercum

2149 2685 2403 2756 ponitur,
2448 2683 2585 2738 dum
2621 2689 2899 2752 perpetua
2951 2681 3324 2753 negligentia,
3359 2688 3414 2738 et
3451 2682 3662 2750 agresti
3699 2694 3848 2751 qua-

2148 2775 2279 2830 dam
2302 2770 2750 2840 despicabilitate
2776 2770 3139 2839 deprimitur.
3169 2769 3322 2826 Talis
3343 2770 3515 2825 arbor
3544 2782 3848 2839 nusquam

2149 2861 2258 2918 nisi
2288 2875 2321 2916 a
2354 2859 2538 2930 porcis
2565 2860 2798 2928 petitur.
2841 2859 2944 2914 Sed
2970 2859 3110 2930 quia
3160 2859 3309 2914 hanc
3339 2857 3494 2914 solus
3527 2857 3847 2928 paenitudi-

2148 2951 2239 3005 nis
2296 2949 2459 3004 debet
2512 2947 2673 3002 dolor
2739 2945 3004 3014 invisere,
3062 2945 3349 3012 Quercum
3405 2945 3576 3002 ﬂetus
3624 2945 3852 3015 placuit

2149 3037 2457 3107 appellare.

2218 3125 2388 3181 Vens.
2419 3126 2472 3188 9,
2511 3126 2592 3177 lO.
2626 3150 2700 3163 —
2726 3123 3004 3191 Apparuit
3031 3127 3210 3174 autem
3243 3124 3380 3176 Deus
3410 3123 3606 3174 iterum
3644 3120 3847 3184 Jacob,

2140 3219 2431 3284 postquam
2476 3225 2722 3266 reversus
2766 3215 2844 3264 est
2897 3210 2964 3264 de
3009 3212 3398 3279 Mesopotamia
3445 3211 3645 3278 Syris,
3689 3209 3850 3262 bene-

2143 3303 2394 3371 dixitque
2435 3303 2502 3366 ei,
2536 3301 2718 3354 dicens
2761 3316 2774 3353 :
2804 3301 2919 3354 Non
2943 3299 3214 3353 vocaberis
3261 3299 3411 3352 ultra
3437 3297 3626 3364 Jacob,
3660 3301 3714 3351 et
3745 3313 3852 3365 ap-

2139 3392 2368 3462 pellavit
2396 3405 2517 3444 eum
2545 3387 2745 3458 (Israel.
2794 3390 2866 3442 De
2895 3387 3282 3454 Mesopotamia
3331 3386 3524 3452 Syria,
3559 3383 3613 3439 id
3643 3392 3730 3441 est
3780 3385 3854 3438 de

2143 3477 2460 3542 vocatione,
2485 3490 2616 3546 quae
2638 3490 2742 3531 nos
2753 3475 2826 3531 ab
2841 3475 2971 3530 imis
2989 3472 3194 3542 elevat,
3216 3481 3271 3529 et
3290 3472 3849 3538 sublimibusinfert,

2145 3566 2218 3622 ab
2248 3565 2478 3620 invidiae
2509 3563 2722 3620 finibus
2756 3563 2928 3619 habet
2958 3562 3194 3632 spiritus
3221 3569 3412 3618 noster
3435 3562 3849 3627 reversionem,

2145 3654 2246 3730 ubi
2278 3653 2484 3709 iterum
2527 3667 2625 3722 per
2669 3651 2866 3723 gratiae
2915 3650 3412 3720 ampliﬁcationem
3461 3657 3516 3706 et
3573 3663 3678 3721 per
3705 3664 3851 3705 con-

2146 3741 2530 3812 templationis
2569 3740 3007 3796 illustrationcm
3054 3740 3206 3795 Deus
3233 3739 3340 3794 sibi
3372 3745 3630 3808 apparet,
3690 3745 3758 3794 ut
3793 3738 3853 3794 in

2147 3831 2334 3902 prima
2359 3830 2718 3900 apparitione
2743 3829 3086 3898 corrigatur,
3117 3827 3172 3882 in
3195 3827 3448 3884 secunda
3479 3841 3610 3898 quae
3631 3827 3855 3882 amissa

2146 3919 2334 3974 fuerat
2364 3919 2550 3988 gratia
2591 3924 2908 3986 reparetur.
2966 3917 3104 3982 Non,
3141 3915 3352 3986 inquit,
3389 3916 3539 3969 ultra
3568 3915 3853 3971 vitiorum

2147 4006 2561 4064 luctaminibus
2601 4005 2931 4076 jactaberis,
2981 4004 3134 4074 quod
3179 4011 3282 4071 est,
3325 4005 3500 4059 Jacob
3547 4005 3854 4070 vocaberis,

2146 4096 2242 4150 sed
2268 4096 2452 4150 Israel
2474 4093 2583 4150 erit
2619 4093 2720 4149 tibi
2762 4107 2994 4158 nomen,
3025 4092 3082 4148 id
3124 4099 3210 4148 est
3248 4093 3532 4149 virtutum
3589 4093 3852 4162 potentia

2147 4197 2280 4239 cum
2305 4185 2415 4238 Deo
2445 4180 2876 4252 principaberis.
2913 4180 3107 4251 (Vens.
3151 4179 3256 4250 lt.)
3288 4181 3410 4248 Ego
3437 4183 3576 4234 Deus
3605 4184 3856 4250 omnipo-

2148 4277 2284 4338 tens,
2326 4278 2432 4326 etc.
2496 4270 2656 4336 Quod
2712 4277 2797 4326 est
2853 4268 3092 4324 dicere:
3148 4268 3202 4324 Si
3257 4267 3706 4338 omnipotentem
3755 4285 3854 4326 me

2148 4360 2350 4427 credis,
2383 4374 2452 4414 ne
2481 4359 2707 4414 difﬁdas
2738 4366 2956 4429 gentes,
2986 4366 3041 4413 et
3071 4357 3310 4426 populos
3343 4357 3644 4414 nationum
3673 4371 3750 4414 ex
3797 4365 3854 4414 te

2149 4447 2394 4505 futuros.
2427 4447 2633 4503 Gentes
2663 4446 2879 4502 scilicet
2923 4445 3218 4512 vitiorum,
3253 4453 3308 4500 et
3354 4445 3596 4516 populos
3641 4453 3852 4516 sponte

2149 4537 2442 4592 mentibus
2469 4536 2850 4602 innascentes,
2884 4549 3016 4604 quae
3059 4541 3272 4602 tamen,
3315 4534 3456 4604 quia
3485 4533 3852 4602 omnipotens

2148 4632 2264 4680 ate
2309 4624 2531 4690 credor,
2585 4623 2902 4693 superabis.
2955 4624 3147 4676 Cresce
3177 4635 3313 4693 ergo
3343 4623 3458 4691 spei
3518 4621 3848 4689 altitudine,

2149 4713 2246 4768 sed
2296 4712 2459 4782 prius
2505 4713 2870 4780 multiplicare
2914 4709 3222 4766 beneﬁciis.
3264 4711 3431 4777 Reges
3476 4709 3630 4764 enim
3663 4709 3846 4766 ratio-

2147 4799 2432 4856 nabilium
2464 4807 2724 4855 motuum
2775 4799 2840 4852 de
2867 4798 3064 4852 lumbis
3112 4799 3220 4852 tuis
3249 4797 3615 4866 egredientur,
3659 4796 3715 4852 id
3763 4806 3851 4853 est

2148 4887 2218 4944 de
2259 4896 2494 4944 tuarum
2555 4887 2729 4942 insita
2762 4886 2985 4958 origine
3029 4885 3398 4956 voluptatum
3449 4883 3848 4942 carnalitatem

2147 4975 2476 5032 excedendo
2547 4975 2854 5046 procedent
2912 4974 3109 5046 (Vens.
3172 4977 3277 5040 l2),
3335 4981 3390 5030 et
3455 4974 3846 5029 terrenitatem

2151 5070 2309 5120 tuam
2341 5064 2509 5120 sicuti
2540 5064 2789 5120 Abrahze
2817 5071 2874 5118 et
2899 5063 3079 5126 Isaac,
3100 5062 3154 5118 id
3183 5070 3268 5118 est
3291 5061 3497 5118 rationi
3528 5069 3582 5118 et
3602 5069 3849 5118 aeterno-

2148 5167 2279 5210 rum
2307 5153 2423 5223 spei
2455 5151 2660 5223 subjici
2692 5151 2878 5219 debet,
2913 5152 3016 5206 tibi
3048 5150 3373 5222 subjiciam,
3426 5156 3478 5204 et
3501 5151 3696 5205 semini
3733 5155 3847 5217 tuo,

2149 5242 2239 5298 his
2269 5242 2482 5298 scilicet
2513 5241 2614 5310 qui
2646 5248 2698 5297 te
2726 5240 3129 5296 imitabantur.
3161 5239 3355 5309 (Vens.
3390 5240 3498 5309 l3.)
3529 5241 3599 5294 Et
3628 5241 3849 5293 recessit

2149 5331 2218 5385 ab
2243 5346 2320 5397 eo,
2355 5343 2488 5386 eum
2514 5329 2730 5385 scilicet
2761 5328 2992 5400 proprio
3021 5327 3354 5384 dimittendo
3383 5326 3644 5383 arbitrio.

2224 5417 2394 5473 Vens.
2431 5417 2515 5484 14,
2551 5419 2634 5471 15.
2679 5443 2748 5457 -
2793 5417 2898 5470 Ille
2923 5430 3048 5470 vero
3076 5418 3251 5469 erexit
3299 5415 3520 5469 titulum
3565 5413 3846 5483 lapideum

2151 5507 2211 5558 in
2241 5503 2354 5558 loco
2406 5518 2510 5572 quo
2557 5505 2764 5558 locutus
2791 5504 2976 5568 fuerat
3023 5503 3074 5556 ei
3101 5504 3260 5569 Deus,
3297 5501 3476 5555 libans
3519 5514 3684 5569 super
3725 5515 3845 5554 eum

2151 5591 2436 5660 libamina,
2486 5596 2536 5646 et
2581 5589 2864 5658 effundens
2903 5590 3096 5656 oleum,
3147 5603 3449 5657 vacansque
3495 5603 3685 5642 nomen
3742 5589 3845 5642 loci

2149 5681 2298 5736 illius
2353 5680 2553 5735 Bethel.
2604 5677 2830 5734 Titulus
2875 5677 3136 5748 lapideus
3191 5677 3437 5748 erigitur
3475 5679 3534 5730 in
3584 5677 3693 5730 loco
3739 5692 3842 5746 quo

2152 5769 2306 5824 Deus
2333 5767 2621 5838 apparuit,
2670 5781 2802 5822 cum
2837 5765 3032 5823 lumen
3065 5765 3428 5834 humilitatis,
3455 5779 3576 5836 qua
3628 5764 3708 5821 nil
3760 5773 3843 5822 est
