3956 6432
29 463 140 515 253

1236 456 1604 515 MORALIUM
1654 459 1720 513 IN
1773 457 2069 514 GENESIN
2123 458 2251 512 LIB.
2282 456 2423 512 VIII.

3469 461 3572 514 254

32 597 297 666 firmius,
346 597 411 652 in
446 603 658 664 mente,
697 596 793 652 cui
834 597 985 652 Deus
1021 609 1089 651 ac
1126 594 1173 650 si
1217 593 1447 665 speciali
1487 594 1611 650 loco
1649 608 1753 649 suo
1791 593 1837 646 Α
1867 600 1932 648 ut
1978 592 2251 660 soliditas,
2309 591 2673 660 durabilitas,
2724 592 3102 663 ejusdemque
3142 595 3367 664 pondus
3407 602 3570 650 note-

31 684 338 756 infulgere
386 684 717 750 consuevit,
763 683 1061 740 solidatur.
1114 682 1416 739 Libamina
1464 691 1520 739 et
1567 682 1757 739 oleum

30 774 128 828 hic
179 773 537 841 fundimus,
595 787 727 829 cum
786 772 881 827 tali
942 771 1318 828 fundamento
1363 780 1419 827 et
1470 770 1758 828 orationes

31 860 438 931 imponimus,
484 868 539 917 et
580 860 768 917 oleum
815 859 1028 916 divinae
1072 860 1271 930 gratiae
1320 860 1484 915 nobis
1529 858 1756 915 infundi

32 948 401 1005 humilitatis
444 949 623 1019 ipsius
670 948 869 1004 merito
913 948 1255 1004 obtinemus.
1296 954 1442 1003 134
1478 948 1639 1005 Unde
1676 947 1758 1004 sic

30 1039 277 1104 vivere,
335 1038 556 1093 donum
602 1037 850 1106 profecto
894 1036 993 1093 Dei
1040 1050 1159 1093 esse
1207 1051 1528 1093 censemus.
1564 1036 1753 1106 (Vens.

41 1128 151 1189 l6.)
206 1129 487 1195 Egressus
530 1131 730 1186 autem,
771 1130 919 1179 venit
961 1142 1124 1180 verno
1170 1131 1405 1195 tempore
1437 1127 1511 1180 ad
1555 1131 1756 1180 terram

33 1232 157 1281 quae
192 1216 361 1269 ducit
402 1216 726 1285 Ephratam.
764 1214 1111 1285 Egredimur
1138 1231 1301 1269 uerno
1334 1220 1587 1285 tempore,
1622 1230 1754 1271 cum

35 1306 181 1360 ﬁnes
211 1304 638 1360 desideriorum
684 1303 878 1359 carnis
912 1302 1263 1371 excedimus,
1305 1303 1488 1359 divini
1523 1304 1759 1374 spiritus

38 1393 210 1449 nobis
264 1393 464 1449 infuso
493 1392 697 1447 calore.
735 1392 829 1446 Ad
878 1397 1078 1446 terram
1127 1408 1245 1458 qua:
1272 1393 1423 1447 ducit
1452 1394 1757 1462 Ephratum

38 1482 343 1548 venimus,
395 1482 533 1538 dum
566 1481 635 1537 ad
681 1481 1021 1537 soliditatem
1070 1482 1273 1550 animi,
1308 1495 1426 1552 qua
1456 1483 1527 1537 ad
1573 1482 1757 1553 frugi-

40 1569 227 1625 feram
273 1569 495 1625 divinae
536 1570 765 1625 venitur
795 1568 1160 1640 cognitionis,
1212 1570 1506 1641 regionem
1538 1572 1760 1641 pertin-

43 1659 259 1726 gimus.
310 1660 380 1712 In
430 1675 541 1724 qua
569 1674 688 1711 cum
730 1662 1041 1727 parturiret
1085 1659 1286 1714 Rachel
1329 1660 1527 1728 (Vens.
1565 1661 1650 1730 l7)
1694 1662 1758 1713 ob

42 1749 441 1816 difﬁcultatem
468 1752 666 1817 partus
689 1748 999 1815 periclitari
1026 1752 1201 1816 capit.
1238 1748 1447 1804 Rachel
1487 1749 1758 1818 parturit,

40 1848 174 1890 cum
215 1834 296 1889 ad
338 1847 560 1901 veram,
611 1848 744 1904 qua:
773 1835 924 1890 Deus
970 1841 1074 1899 est,
1109 1834 1332 1905 frugem
1380 1834 1568 1891 virtus
1614 1850 1758 1891 con-

42 1922 450 1992 templationis
510 1923 779 1989 inhians,
830 1937 963 1979 cum
1013 1922 1349 1980 difficultate
1403 1938 1653 1995 magna,
1703 1934 1758 1983 et

41 2011 375 2079 periculosa
434 2009 604 2066 etiam
676 2011 992 2081 aliquando
1062 2011 1467 2083 defatigatione
1536 2013 1757 2083 animi,

42 2096 284 2152 visionis
326 2097 576 2153 internae
618 2096 884 2153 effectum
927 2098 1159 2168 assequi
1199 2098 1377 2169 cupit.
1425 2100 1528 2156 Sed
1563 2101 1757 2157 obste-

46 2186 154 2239 trix
233 2200 378 2255 quae
430 2186 643 2242 nostris
702 2188 842 2243 solet
899 2187 1127 2244 obstare
1177 2189 1486 2258 periculis,
1546 2190 1759 2246 scilicet

46 2274 207 2340 ratio,
248 2280 509 2330 mentem
550 2289 620 2329 ne
670 2276 865 2331 timeat
896 2276 1179 2344 hortatur,
1211 2278 1350 2348 quia
1381 2293 1454 2335 ne
1504 2293 1538 2335 a
1574 2287 1758 2349 empto

45 2362 317 2433 refugiat,
360 2362 434 2418 de
465 2362 659 2419 aeterni
702 2364 926 2420 fructus
964 2365 1133 2435 quasi
1163 2365 1232 2422 de
1271 2366 1371 2421 ﬁlii
1403 2366 1601 2423 futura
1632 2368 1757 2423 ani-

49 2466 203 2507 mum
235 2451 285 2507 si
318 2453 777 2521 perseveraverit
808 2454 1156 2522 possessione
1184 2454 1421 2511 solatur.

118 2540 302 2595 Vens.
360 2543 448 2593 18.
500 2571 568 2579 -
598 2542 923 2607 Egrediente
967 2546 1150 2595 autem
1192 2547 1381 2597 anima
1404 2560 1521 2613 pra:
1552 2545 1752 2607 dolore,

50 2635 95 2681 et
134 2634 458 2683 imminente
490 2630 611 2697 jam
650 2635 839 2692 morte,
889 2636 1100 2685 vocavit
1146 2648 1337 2685 nomen
1385 2634 1490 2701 ﬁlii
1526 2637 1614 2686 sui
1656 2634 1755 2686 Be-

52 2721 191 2777 noni,
243 2718 307 2771 id
338 2722 425 2771 est
469 2718 616 2787 ﬁlius
656 2719 857 2772 doloris
894 2723 1018 2772 mei.
1060 2718 1202 2775 Cum
1235 2734 1341 2775 nos
1388 2720 1567 2775 Deum
1617 2734 1755 2775 con-

54 2804 367 2874 templandi
412 2805 638 2861 devotio
686 2814 872 2877 urget,
931 2821 1048 2876 prae
1095 2807 1303 2872 dolore,
1365 2808 1504 2877 quia
1548 2822 1754 2877 panem

52 2894 175 2948 vitze
205 2908 375 2949 mens
421 2894 703 2966 attingere
733 2909 848 2950 non
880 2896 1171 2965 praevalet,
1207 2897 1401 2952 anima
1430 2897 1754 2967 egreditur;

54 2996 271 3040 necesse
315 2991 406 3038 est
451 2983 605 3038 enim
638 2991 702 3038 ut
739 2983 1006 3039 animalis
1052 2999 1256 3041 sensus
1285 3000 1319 3040 a
1359 2985 1528 3041 corde
1567 3000 1756 3041 exua-

56 3078 162 3135 tur,
193 3078 250 3126 et
293 3070 496 3126 saeculi
542 3071 859 3139 desideriis,
894 3072 952 3127 in
982 3081 1267 3143 quantum
1314 3074 1607 3144 praevalet,
1641 3089 1755 3129 mo-

1866 688 1979 737 tur.
2013 682 2203 753 (Vens.
2240 682 2350 750 2i.)
2384 684 2649 750 Egressus
2676 682 2803 736 inde
2825 686 2949 752 ﬁxit
2980 683 3391 737 tabernaculum
3419 688 3572 738 trans

1869 774 2065 824 turrim
2111 775 2309 839 gregis.
2338 770 2541 826 Turris
2587 776 2771 839 gregis
2800 770 3139 826 excellentia
3176 778 3277 838 est,
3314 772 3574 828 indivisaa

1865 866 1921 914 et
1971 859 2264 915 unanimis
2312 859 2367 914 in
2400 859 2582 915 Deum
2625 859 3007 929 cogitationis.
3051 858 3400 929 Egredimur
3438 874 3573 915 vero

1866 949 2012 1009 inde,
2043 962 2177 1004 cum
2227 948 2413 1003 evicta
2464 949 2797 1017 passionum
2855 948 3106 1017 corporis
3153 947 3323 1018 quasi
3373 955 3574 1018 partus

1866 1036 2222 1104 difficultate,
2244 1036 2647 1108 progredimur
2678 1042 2831 1091 trans
2863 1042 3079 1098 turrim,
3111 1041 3292 1105 gregis
3327 1038 3576 1091 taberna’

1867 1126 2049 1179 culum
2094 1125 2286 1193 figere,
2342 1125 2394 1180 id
2437 1132 2520 1180 est
2571 1124 2726 1181 ultra
2769 1139 2995 1181 omnem
3043 1124 3468 1195 imaginariam,
3519 1132 3574 1181 et

1868 1213 2036 1283 quasi
2063 1212 2387 1283 gregariam
2419 1213 2557 1281 vim,
2592 1212 2650 1269 in
2683 1213 2870 1283 ipsum
2898 1214 3077 1269 Deum
3100 1212 3277 1269 aciem
3300 1213 3573 1283 spiritua-

1867 1301 1937 1356 lis
1970 1302 2147 1357 animi
2179 1302 2488 1372 porrigere.

1939 1390 2111 1446 Vens.
2145 1393 2235 1444 22.
2268 1419 2337 1430 —
2373 1390 2612 1456 Cumque
2643 1390 2919 1445 habitaret
2952 1394 3010 1444 in
3047 1390 3145 1444 illa
3170 1394 3407 1457 regione,
3436 1390 3574 1443 abiit

1868 1480 2075 1541 Ruben,
2106 1480 2178 1532 'et
2225 1480 2482 1533 dormivit
2528 1496 2650 1533 cum
2688 1481 2826 1534 Bala
2872 1480 3172 1534 concubina
3214 1483 3401 1548 patris
3449 1483 3573 1541 sui;

1870 1567 2017 1632 quod
2056 1568 2210 1621 illum
2260 1572 2483 1620 minime
2531 1569 2712 1621 latuit.
2767 1567 2972 1623 Ruben
3020 1566 3234 1622 dicitur
3278 1567 3469 1620 videns
3514 1570 3573 1620 in

1868 1657 2081 1717 medio;
2140 1655 2309 1721 Bala,
2369 1660 2631 1709 invetera.
2692 1654 2835 1711 Cum
2896 1655 2953 1709 in
3010 1669 3278 1724 supernae
3337 1655 3575 1712 visionis

1871 1744 2049 1799 nobili
2096 1743 2194 1799 illa
2244 1744 2479 1816 regione
2520 1757 2837 1811 moramur,
2872 1744 3153 1799 rectitudo
3188 1742 3573 1813 intelligentize

1870 1841 2099 1898 nostrae,
2156 1848 2288 1903 quas
2345 1847 2448 1889 nec
2496 1832 2568 1888 ad
2624 1832 2943 1900 dexteram,
3003 1846 3109 1887 nec
3151 1831 3224 1887 ad
3281 1831 3573 1887 sinistram

1869 1921 2109 1978 devians
2161 1922 2349 1977 media
2391 1928 2546 1978 tenet
2596 1928 2651 1977 et
2708 1920 2988 1991 providet,
3047 1934 3179 1991 quaa
3229 1934 3331 1991 per
3370 1920 3571 1977 Ruben

1869 2010 2158 2081 signatur,
2192 2022 2226 2065 a
2266 2010 2359 2080 pio
2390 2009 2654 2067 contuitu
2690 2010 2827 2078 abit,
2858 2017 2912 2065 et
2953 2008 3010 2064 in
3050 2008 3249 2079 aliqua
3288 2016 3569 2076 veterum,

1870 2097 1926 2154 id
1954 2102 2040 2154 est
2082 2098 2485 2168 temporalium
2537 2112 2731 2154 rerum
2774 2097 3071 2167 voluptate
3114 2096 3401 2166 torpescit.
3436 2098 3572 2161 Qua:

1869 2188 2168 2242 concubina
2198 2192 2379 2257 patris
2418 2187 2650 2255 dicitur,
2700 2186 2842 2257 quia
2881 2185 3062 2256 ipsius
3093 2186 3435 2252 intellectus,
3469 2186 3571 2255 qui

1868 2290 1969 2331 rex
2013 2283 2068 2332 et
2116 2284 2275 2346 pater
2306 2276 2471 2332 nobis
2507 2283 2611 2343 est,
2646 2275 2963 2332 auctoritas
2996 2288 3137 2346 erga
3166 2275 3319 2329 banc
3347 2274 3571 2329 adulte-

1869 2365 1993 2421 rine
2024 2365 2196 2421 nimis
2224 2363 2478 2421 afficitur
2506 2379 2518 2418 :
2552 2365 2655 2435 qui
2680 2372 2872 2419 tamen
2905 2364 3175 2419 incursus
3201 2363 3425 2418 Patrem
3457 2362 3572 2418 mi—

1868 2453 2022 2509 nime
2057 2453 2217 2522 latet,
2250 2454 2391 2524 quia
2422 2453 2620 2509 ﬂuxus
2662 2452 2753 2509 sui
2786 2452 3008 2508 {inditas
3036 2450 3262 2521 spiritui
3297 2450 3425 2506 luce
3452 2450 3571 2506 cla-

1868 2542 1992 2598 rius
2017 2549 2186 2612 patet,
2206 2549 2262 2598 et
2282 2549 2475 2597 tamen
2497 2556 2530 2596 a
2554 2542 2745 2612 dignte
2767 2539 3209 2596 ultionisanima
3236 2538 3573 2594 adversione

1868 2631 2015 2687 silet.
2051 2632 2245 2701 (Vens.
2290 2630 2402 2700 27.)
2450 2632 2610 2685 Venit
2657 2632 2821 2684 etiam
2865 2629 3028 2683 Jacob
3077 2629 3151 2682 ad
3178 2629 3335 2681 Isaac
3354 2631 3567 2696 patrem

1867 2735 2027 2773 suum
2072 2724 2131 2773 in
2180 2720 2439 2779 Mambre,
2481 2723 2754 2772 civitatem
2791 2718 3005 2777 Arbeae,
3049 2716 3157 2770 haec
3210 2720 3288 2769 est
3330 2716 3567 2776 Hebron,

1867 2813 1927 2862 in
1970 2825 2079 2874 qua
2123 2812 2510 2878 peregrinatus
2540 2812 2638 2868 est,
2672 2806 2956 2860 Abraham
3005 2811 3056 2859 et
3094 2807 3269 2859 Isaac.
3323 2804 3571 2873 Spiritus

1868 2906 2060 2953 noster
2112 2898 2186 2950 ad
2238 2898 2480 2951 Mambrc
2531 2900 2805 2949 civitatem
2859 2895 3053 2949 Arbez
3111 2898 3278 2954 venit,
3313 2907 3446 2949 cum
3499 2893 3569 2949 ad

1867 2987 2230 3053 divisionem,
2278 2987 2332 3041 id
2372 2994 2457 3041 est
2480 2985 2879 3041 discretionem
2908 2983 3341 3054 temporalitatis
3370 2984 3566 3054 hujus,

1868 3090 2000 3146 quae
2028 3074 2416 3145 quaternitate
2458 3074 2744 3145 signatur,
2796 3087 2927 3143 quae
2968 3086 3168 3128 revera
3214 3072 3457 3128 maximi
3488 3071 3567 3127 ci-

55 3160 250 3215 riatur.
288 3159 459 3216 Unde
490 3159 563 3215 ab
611 3160 735 3229 ipsa
783 3168 989 3228 matre,
1022 3161 1236 3217 scilicet
1283 3162 1581 3229 charitate,
1625 3178 1757 3233 quae
1795 3154 1836 3210 C
1864 3163 2014 3219 vitas
2054 3163 2392 3219 munimenti
2431 3170 2537 3228 est,
2586 3161 2834 3227 accedit;
2884 3167 2939 3215 et
2974 3159 3260 3229 quidquid
3293 3158 3569 3214 transito-

57 3248 193 3303 inter
232 3249 551 3316 virtutum,
617 3248 836 3319 quibus
889 3249 1121 3306 insudat
1177 3250 1325 3307 fetus
1378 3251 1758 3321 ingemiscens

56 3337 294 3405 parturit
343 3352 537 3407 usque
582 3337 773 3393 adhuc
804 3338 976 3407 (Rom.
1027 3353 1146 3407 VIII,
1188 3339 1301 3409 22),
1342 3346 1515 3396 tanta:
1556 3340 1757 3410 gravi-

59 3425 268 3480 tudinis
314 3425 577 3493 effectus,
627 3434 871 3482 vocatur
918 3427 1120 3481 doloris
1167 3430 1335 3497 ﬁlius,
1386 3428 1482 3483 sed
1522 3429 1758 3485 divinus

60 3513 394 3580 intellectus,
451 3514 621 3584 cujus
666 3522 947 3585 tanquam
999 3515 1121 3571 veri
1168 3516 1348 3586 patris
1393 3517 1618 3572 sincero
1665 3531 1757 3573 se-

61 3600 202 3655 mine
244 3602 503 3657 charitas
552 3600 991 3673 imprzegnatur,
1051 3604 1233 3660 tilium
1293 3604 1543 3660 dexterae
1602 3605 1757 3661 hunc

58 3689 317 3757 appellat,
348 3690 495 3759 quia
524 3690 810 3761 quidquid
853 3692 962 3748 sub
995 3691 1117 3763 ipso
1150 3708 1251 3764 per
1287 3693 1625 3749 charitatem
1654 3708 1757 3765 ge-

62 3776 220 3842 ritur,
250 3778 508 3833 dexterze
538 3779 734 3834 aeterni
768 3781 929 3851 regni
962 3781 1188 3838 militat.
1218 3782 1411 3849 (VERS.
1464 3784 1576 3851 19.)
1610 3785 1754 3836 Mor-

64 3867 151 3914 tua
192 3869 269 3916 est
310 3864 518 3918 Rachel
545 3870 595 3918 et
626 3868 841 3935 sepulta
878 3871 935 3920 in
979 3873 1070 3921 via
1099 3884 1219 3934 qua:
1248 3870 1400 3922 ducit
1428 3870 1752 3938 Ephratam.

63 3948 199 4016 Quia
228 3967 375 4022 opus
406 3961 512 4020 est,
548 3962 834 4024 quantum
865 3956 937 4011 ad
970 3956 1163 4012 saeculi
1193 3957 1478 4014 ambitum
1518 3966 1754 4027 spectat,

65 4041 198 4094 mori
231 4041 513 4107 animam,
552 4042 756 4097 visioni
796 4044 1122 4100 Conditoris
1156 4046 1453 4113 intentam,
1500 4055 1555 4102 et
1590 4061 1755 4116 sepe-

66 4126 171 4191 liri,
222 4128 277 4184 id
318 4138 404 4185 est
450 4130 723 4185 abscondi
766 4146 800 4186 a
843 4132 1050 4189 forensi
1101 4134 1364 4203 strepitu,
1408 4134 1465 4189 in
1507 4135 1753 4201 Christo,

67 4217 159 4284 qui
217 4226 297 4273 est
350 4218 473 4287 via;
532 4220 880 4289 consepultis
932 4222 1084 4277 enim
1133 4222 1181 4277 ei
1236 4222 1411 4279 datur
1466 4223 1756 4294 frugifera:

69 4304 325 4371 regionis,
380 4306 513 4376 ejus
557 4306 819 4364 videlicet
865 4309 1205 4377 divinitatis,
1253 4325 1487 4381 pascua.
1524 4313 1758 4367 Ducunt

69 4402 247 4448 autem
301 4395 373 4449 ad
423 4395 576 4450 hanc
631 4397 1046 4454 conformitatis
1104 4399 1286 4470 ipsius
1336 4402 1597 4472 vestigia,
1658 4400 1755 4456 ubi

70 4482 281 4551 proprie
327 4483 521 4539 Bethel
549 4492 653 4550 est,
703 4486 908 4543 domus
940 4488 1188 4557 profecto
1228 4489 1327 4544 Dei
1363 4503 1521 4545 vera.
1555 4490 1751 4557 (Vens.

72 4571 175 4633 20.)
206 4572 505 4638 Erexitque
531 4574 692 4627 Jacob
722 4576 939 4629 titulum
958 4576 1235 4645 lapideum
1256 4593 1421 4646 super
1448 4580 1755 4647 sepulcrum

73 4658 178 4723 ejus
213 4676 231 4712 :
262 4662 361 4713 Hic
392 4666 472 4715 est
506 4663 699 4715 titulus
730 4670 1063 4718 monumenti
1090 4665 1289 4720 Rachel
1321 4682 1493 4732 usque
1528 4672 1583 4720 in
1610 4684 1755 4736 pra-

75 4752 257 4801 smtem
286 4749 448 4803 diem.
486 4752 650 4804 Iacob
692 4754 912 4807 titulum
956 4770 1122 4823 super
1150 4757 1458 4825 sepulcrum
1494 4756 1757 4813 Rachelis

76 4835 243 4905 erigit,
259 4851 389 4892 cum
421 4837 572 4894 inter
595 4842 952 4898 moriendum
976 4842 1185 4900 saeculo
1210 4858 1332 4913 ipsa
1353 4844 1758 4913 speculationis

78 4921 259 4992 virtus,
300 4941 479 4997 quam
518 4927 685 4984 habet
716 4928 1049 4999 introrsum,
1081 4932 1252 4989 etiam
1294 4934 1551 4990 exterius
1581 4934 1757 4989 clari-

80 5015 231 5067 tatem
279 5014 627 5071 bumilitatis
664 5019 927 5075 ostendit.
983 5020 1210 5077 Titulus
1250 5029 1444 5077 autem
1476 5035 1511 5077 a
1560 5022 1755 5077 Graeco

81 5100 285 5157 nomine
315 5103 551 5169 dicitur,
594 5106 747 5175 quod
788 5116 868 5163 est
909 5108 1074 5178 titan,
1119 5109 1176 5165 id
1218 5117 1301 5165 est
1329 5112 1427 5165 sol.
1463 5111 1517 5167 Is
1562 5113 1755 5165 titulus

80 5197 382 5245 monumenti
434 5193 713 5264 pertingit
746 5212 917 5262 usque
960 5202 1015 5251 in
1057 5204 1377 5267 praesentem
1420 5200 1582 5261 diem,
1616 5201 1757 5269 quia

79 5273 347 5335 humilitas
377 5281 485 5337 ista
518 5284 923 5352 sempiternam
958 5296 1210 5343 meretur
1241 5286 1594 5355 memoriam,
1623 5303 1755 5358 quae

81 5359 128 5414 in
156 5364 243 5420 illa
283 5367 629 5425 indefectiva
660 5370 765 5436 die,
803 5388 934 5443 qua;
980 5375 1133 5429 Deu's
1161 5381 1266 5442 est,
1303 5383 1546 5439 constat,
1584 5375 1756 5445 cujus

80 5447 280 5524 diffugit
307 5471 476 5514 nemo
528 5460 909 5527 praesentiam.
946 5462 1232 5532 Lapideus
1274 5471 1465 5519 autem
1514 5464 1746 5532 dicitur,

1794 4455 1841 4511 D

1865 3251 2019 3308 rium
2078 3259 2161 3307 est
2208 3265 2441 3317 amare,
2493 3258 2708 3305 certam
2760 3248 3049 3304 miseriam
3096 3262 3219 3303 esse
3268 3246 3565 3318 intelligit;

1864 3340 2121 3396 Mambre
2178 3339 2331 3395 enim
2387 3340 2716 3399 divisiones;
2773 3337 3016 3404 Arbeze,
3076 3341 3317 3401 quatuor
3370 3342 3563 3403 sonat;

1867 3430 2099 3485 Hebron
2129 3442 2265 3484 vero
2287 3432 2646 3497 participatio
2689 3430 2928 3479 tristitiae
2966 3424 3197 3480 dicitur.
3241 3425 3308 3479 In
3341 3424 3563 3479 Hebron

1863 3531 2001 3588 ergo
2053 3516 2460 3587 peregrinatur
2506 3514 2800 3571 Abraham
2840 3521 2895 3569 et
2939 3514 3120 3578 Isaac,
3156 3512 3297 3582 quia
3326 3512 3443 3581 ipse
3474 3511 3567 3566 in-

1866 3606 2123 3662 tellectus
2160 3613 2214 3661 et
2244 3619 2373 3675 spes
2404 3604 2614 3660 interni
2653 3602 2850 3674 gaudii
2882 3616 3057 3672 quam
3093 3602 3391 3666 habemus,
3424 3600 3564 3656 dum

1866 3694 2080 3766 proprii
2148 3694 2346 3750 recolit
2412 3693 2695 3749 incolatus
2748 3706 3069 3757 aerumnam
3105 3733 3118 3758 ,
3187 3689 3451 3760 quandiu
3509 3688 3566 3744 in

1864 3798 2101 3853 corpore
2145 3782 2360 3854 agitur,
2392 3795 2699 3852 nunquam
2749 3796 2863 3837 non
2897 3780 3117 3836 habitat
3149 3780 3389 3836 tristitiae
3432 3792 3567 3849 par-

1864 3872 2274 3941 ticipationem.

1935 3960 2107 4017 Vens.
2135 3963 2224 4027 28,
2259 3961 2348 4013 29.
2399 3990 2467 3998 —
2500 3961 2568 4012 Et
2615 3959 2866 4027 completi
2912 3961 3041 4011 sunt
3092 3958 3207 4010 dies
3238 3958 3393 4009 Isaac
3442 3971 3563 4007 cen-

1865 4054 1980 4103 tum
2031 4051 2306 4117 octoginta
2349 4064 2640 4102 annorum.
2703 4031 3065 4115 Consumptus
3106 4049 3266 4099 atate
3314 4048 3563 4098 mortuus

1864 4143 1961 4199 est,
1996 4143 2046 4192 et
2092 4142 2376 4207 appositus
2413 4138 2619 4207 populo
2666 4153 2763 4189 suo
2797 4152 2963 4189 senes:
3006 4139 3054 4188 et
3097 4135 3295 4203 plenus
3326 4134 3562 4188 dierum.

1866 4229 1970 4283 Per
1994 4233 2227 4282 centum
2256 4240 2441 4281 annos
2480 4225 2775 4295 plenitudo
2806 4223 3038 4280 virtutis
3079 4221 3427 4292 exprimitur
3467 4234 3567 4290 per

1862 4315 2318 4386 octogenarium,
2356 4314 2457 4384 qui
2496 4314 2901 4384 quaternarios
2952 4312 3199 4383 praefert,
3234 4310 3566 4380 temporali-

1865 4411 1951 4459 tas
1982 4403 2284 4473 accipitur,
2334 4418 2465 4473 qua:
2496 4403 2553 4457 in
2586 4402 2675 4457 his
2713 4402 2815 4472 qui
2857 4400 3068 4458 ctnlesti
3101 4400 3308 4456 laetitiae
3341 4398 3567 4454 inhian-

1866 4502 1947 4550 tes
1976 4500 2131 4549 sunt.
2170 4494 2329 4548 Isaac
2358 4491 2673 4548 centenarii
2700 4489 2869 4561 quasi
2901 4490 3190 4546 luminum
3224 4488 3566 4559 perfectione

1863 4581 2311 4637 transcenditur.
2361 4581 2546 4635 1Etate
2595 4580 2755 4635 Isaac
2783 4579 3165 4643 consumitur,
3215 4585 3271 4633 et
3299 4578 3563 4645 moritur,

1863 4684 1995 4725 cum
2045 4668 2237 4724 carnis
2282 4667 2494 4737 gaudio
2542 4666 2614 4721 ad
2648 4666 2935 4735 integrum
2970 4664 3259 4730 demolito,
3287 4678 3417 4732 spes
3444 4678 3563 4718 om-

1863 4757 1954 4812 nis
1985 4765 2181 4812 nostra
2213 4763 2501 4825 quantum
2542 4754 2615 4809 ad
2656 4753 2933 4808 saeculum
2967 4751 3332 4807 interimitur.
3369 4752 3566 4805 Plenus

1863 4847 2076 4900 dierum
2096 4845 2303 4915 populo
2355 4860 2452 4898 suo
2495 4842 2825 4913 apponitur,
2868 4855 3001 4896 cum
3034 4839 3200 4909 plena
3252 4853 3414 4893 mens
3456 4839 3568 4893 vir-

1865 4941 2055 4990 tutum
2112 4933 2452 5000 luminibus,
2512 4931 2723 4987 caalesti
2779 4929 3028 5000 populo,
3082 4927 3404 4998 specialiter
3460 4941 3565 4982 suo

1861 5022 2277 5078 conformatur.
2326 5024 2395 5075 Et
2442 5022 2773 5089 sepelierunt
2817 5035 2937 5072 eum
2982 5020 3127 5071 Esau
3176 5022 3226 5069 et
3273 5016 3435 5069 Jaeob
3465 5017 3567 5085 ﬁlii

1861 5116 1968 5174 sui,
2005 5110 2328 5167 intellectus
2365 5109 2627 5165 videlicet
2657 5117 2711 5165 et
2758 5108 3020 5175 allectus,
3069 5120 3201 5177 quae
3242 5105 3569 5177 gignuntur

1862 5214 1934 5255 ex
1991 5207 2179 5255 mente
2241 5198 2509 5269 tripudiis
2566 5198 2782 5253 intenta
2838 5196 3194 5262 cmlestibus,
3258 5202 3561 5264 postquam

1864 5296 2070 5359 przeter
2106 5289 2287 5343 Deum
2320 5287 2399 5342 nil
2439 5300 2659 5355 sapere,
2694 5300 2811 5342 non
2843 5284 3078 5341 aliunde
3108 5283 3257 5339 attici
3291 5283 3564 5354 gaudent,

1862 5385 2110 5432 mentem
2144 5376 2347 5446 ipsam,
2384 5375 2454 5430 de
2486 5388 2606 5444 qua
2655 5374 2958 5445 prodeunt,
2993 5386 3027 5428 a
3056 5370 3252 5428 saeculi
3295 5367 3570 5425 molestiis

1860 5470 2164 5520 contutant
2194 5463 2345 5519 intra
2372 5477 2432 5518 se
2456 5470 2511 5519 et
2540 5462 2921 5519 abscondunt.

1338 5666 1644 5710 EXPLICIT
1689 5667 1883 5710 LIBER
1927 5666 2254 5711 OCTAVUS.
