3950 6414
373 417 480 469 255
1268 409 1328 465 V.
1369 410 1706 468 GUIBERTI
1753 411 2046 466 ABBATIS
2084 411 2139 465 S.
2184 409 2428 465 MARIE
2468 410 2558 467 DE
2599 409 2992 466 NOVIGENTO

3791 412 3895 464 256

1486 703 1628 754 1³⁵
1674 703 2028 776 INCIPIT
2083 702 2368 775 LIBER
2425 702 2750 776 NONUS

1143 895 1997 1001 MORALIUM
2105 896 2266 998 IN

2383 895 3102 1000 GENESIM.

453 1237 656 1293 Nonne
707 1242 999 1291 auctorem
1074 1233 1132 1288 iu
1196 1232 1618 1303 scripturarum
1673 1231 2071 1302 disquisitione
2108 1233 2152 1286 A
2184 1232 2390 1301 rigore,
2445 1231 2572 1288 talis
2617 1232 2861 1288 aviditas
2908 1240 3292 1301 comparatur.
3340 1234 3598 1287 Tunicam
3633 1235 3894 1302 polymi-

381 1324 682 1396 profiteor;
726 1323 822 1380 sed
877 1329 1209 1378 sanctorum
1264 1322 1495 1392 regulas
1551 1321 1645 1392 pia
1695 1321 1802 1377 fide
1847 1335 2076 1376 consec-

381 1421 529 1480 tans,
562 1412 609 1468 si
670 1413 811 1482 quid
859 1411 1016 1466 utile.
1050 1410 1258 1466 ibidem
1320 1410 1567 1479 reperire
1599 1409 1918 1480 contigerit,
1971 1409 2078 1479 piis

384 1499 694 1556 humilium
745 1506 800 1555 et
845 1498 1059 1554 discere
1113 1497 1428 1553 volentium
1476 1498 1771 1553 desideriis
1819 1511 1944 1552 mea
1991 1511 2075 1552 se-

382 1587 640 1644 cundum
697 1587 875 1642 Deum
953 1599 1118 1640 sensa
1191 1587 1542 1654 propinans,
1601 1585 1878 1641 disserere
1947 1599 2079 1654 quae

383 1683 713 1744 sequuntur
750 1673 1000 1729 intendo.
1057 1674 1116 1728 ld
1149 1673 1301 1728 enim
1342 1673 1620 1742 proximis
1667 1673 1860 1728 debeo.
1911 1672 2077 1728 Exsi-

2185 1325 2315 1382 tam,
2350 1320 2402 1376 id
2424 1329 2507 1376 est
2552 1320 2962 1376 multicolorem
2995 1321 3044 1374 ei
3076 1320 3222 1387 fecit,
3256 1321 3395 1390 quia
3426 1321 3601 1377 vitam
3637 1321 3897 1377 diversis

2184 1410 2468 1464 virtutum
2538 1409 2845 1479 generibus
2902 1408 3218 1463 institutam
3293 1408 3532 1478 spiritus
3591 1409 3719 1479 ipse
3785 1409 3898 1464 sibi

2184 1497 2520 1566 composuit.
2574 1497 2885 1551 Possumus
2938 1496 3110 1551 etiam
3163 1509 3262 1564 per
3305 1497 3508 1566 Ioseph
3563 1497 3899 1567 intelligere

2185 1585 2476 1654 religionis
2505 1584 2792 1650 allectum,
2827 1585 2927 1654 qui
2954 1598 3177 1653 semper
3206 1583 3410 1640 nititur
3435 1585 3506 1640 ad
3541 1585 3896 1654 profectum.

2185 1673 2380 1741 (Vnus.
2415 1672 2492 1738 4.)
2549 1674 2800 1727 Videntes
2852 1678 3030 1726 autem
3073 1674 3278 1739 fratres
3323 1673 3441 1740 ejus
3473 1674 3621 1738 quod
3650 1690 3689 1726 a
3726 1680 3902 1742 patre

385 1761 522 1816 bilet
554 1761 655 1831 qui
692 1761 817 1817 vult
847 1761 996 1816 istud
1027 1767 1082 1815 et
1123 1760 1325 1826 rideat,
1357 1767 1411 1816 et
1455 1760 1630 1816 veluti
1671 1762 1739 1815 ad
1770 1761 2078 1816 novitatem
2178 1763 2309 1831 plus
2359 1766 2563 1815 cunctis
2605 1764 2735 1830 ﬁliis
2784 1767 3082 1822 amaretur,
3125 1762 3352 1815 oderant
3391 1779 3530 1824 eum,
3587 1778 3686 1816 nec
3732 1769 3896 1832 pote-

383 1848 569 1905 Saulis
603 1848 998 1919 prophetautis
1050 1847 1304 1914 insultet,
1347 1847 1486 1902 dum
1537 1849 1702 1903 modo
1733 1849 1836 1904 uni
1879 1848 2078 1904 saltem

383 1936 616 1994 cuilibet
641 1937 946 2007 profutura
969 1944 1286 1992 cantemus.
1316 1935 1589 2005 Sequitur
1617 1950 1774 2004 ergo.

881 2080 994 2150 (l3)
1025 2078 1257 2136 CAPUT
1297 2078 1584 2135 xxxvu.

460 2204 630 2261 Vens.
663 2205 717 2258 2.
767 2235 836 2243 —
891 2204 1087 2273 Joseph
1149 2219 1268 2257 cum
1326 2204 1549 2256 sederim
1605 2208 1742 2256 esset
1789 2219 2077 2266 annormn,

379 2294 638 2362 pascebat
675 2309 890 2361 gregem
929 2308 1049 2346 cum
1090 2292 1362 2358 fratribus
1393 2295 1507 2344 suis
1551 2291 1731 2344 adhuc
1756 2307 1915 2360 puer,
1959 2307 2082 2344 cum

387 2381 518 2450 ﬁliis
560 2382 708 2435 Baiae
739 2385 788 2434 et
835 2382 996 2447 Zelfw
1053 2396 1286 2433 umorum
1332 2384 1511 2448 patris
1550 2381 1657 2432 sui.
1708 2378 1937 2446 Ioseph,
1978 2377 2080 2447 qui

389 2468 803 2538 interpretatur
831 2469 1131 2536 adaugens,
1176 2467 1438 2536 spiritum
1484 2475 1741 2521 nostrum
1774 2466 2077 2534 significat,

390 2556 490 2626 qui
549 2570 772 2625 semper
827 2556 1152 2626 augmentis
1207 2553 1605 2624 spiritualibus
1649 2555 1839 2608 instat.
1882 2554 1988 2608 Sex
2027 2563 2080 2609 et

389 2643 581 2698 decem
619 2652 702 2698 est
733 2657 1042 2710 annorum,
1087 2643 1225 2698 dum
1257 2643 1600 2697 exteriorem
1641 2640 2084 2710 interioremque

388 2730 676 2786 hominem
717 2739 881 2786 sexta
908 2729 1059 2786 enim
1101 2730 1191 2785 die
1220 2733 1402 2796 factus
1445 2733 1522 2782 est
1552 2729 1705 2782 homo
1737 2733 1792 2782 in
1844 2733 2082 2782 animam

387 2823 648 2872 viventem
700 2819 854 2884 (Gen.
911 2833 965 2885 1,
1015 2819 1112 2883 27;
1169 2833 1244 2885 ll,
1302 2818 1355 2888 7)
1412 2817 1625 2872 divina:
1683 2815 1825 2886 legis
1851 2815 2084 2870 denario

387 2907 640 2977 subjicit,
691 2906 766 2962 ob
801 2906 1217 2977 assequendam
1265 2904 1679 2975 plenitudinem
1713 2903 2084 2973 mysticorum

388 3008 697 3051 annorum.
740 2993 923 3050 Pascit
967 3011 1182 3062 gregem
1237 2993 1417 3048 adhuc
1454 3009 1598 3062 puer
1646 3008 1766 3045 cum
1811 2993 2085 3058 fratr-ibus

387 3083 522 3143 suis,
555 3081 693 3137 dum
742 3082 1140 3153 cogitationem
1184 3082 1294 3138 sub
1346 3080 1544 3137 divino
1596 3081 1794 3136 timore
1838 3080 2086 3135 constri-

389 3177 558 3238 ctam,
591 3170 648 3225 in
687 3170 885 3240 primis
929 3171 1121 3226 adhuc
1172 3169 1535 3240 provectibus
1573 3170 1790 3240 positus
1820 3183 2086 3238 superna:

388 3258 756 3329 aspirationis
800 3267 857 3314 et
900 3258 1082 3314 divini
1127 3257 1340 3328 eloquii
1388 3257 1600 3327 pabulo
1649 3257 1770 3324 alit,
1803 3270 1936 3312 cum
1963 3255 2089 3311 aliis

390 3361 462 3404 ex
489 3346 689 3402 eadem
723 3346 931 3418 genitis
959 3354 1150 3402 mente
1184 3346 1520 3412 virtutibus,
1553 3344 1640 3400 vel
1665 3361 1786 3398 cum
1815 3345 2086 3412 fratribus

387 3439 524 3502 suis,
586 3435 918 3490 carnalibus
968 3434 1177 3490 scilicet
1236 3435 1504 3500 motibus,
1565 3433 1668 3504 qui
1721 3447 1793 3489 ex
1853 3433 1989 3488 Bala
2033 3439 2089 3488 et

389 3522 561 3590 Zelfa,
595 3522 651 3578 id
690 3530 774 3578 est
823 3521 1086 3578 saeculari
1131 3529 1431 3590 vetustate,
1472 3530 1527 3578 et
1575 3521 1851 3577 instinctu
1899 3519 2090 3576 inanis

392 3610 608 3681 gloriae,
653 3609 946 3666 oriuntur.
980 3610 1058 3665 De
1107 3610 1372 3680 utrisque
1409 3624 1587 3680 supra
1617 3610 1755 3665 satis
1791 3609 2085 3677 diximus;

391 3697 515 3753 haec
550 3696 704 3753 enim
748 3697 1058 3766 praecipue,
1105 3696 1314 3752 scilicet
1364 3698 1663 3753 mundana
1702 3697 1986 3766 voluptas,
2034 3704 2090 3752 et

2185 1855 2313 1903 rant
2343 1854 2390 1902 ei
2419 1850 2720 1915 quidquam
2763 1853 3048 1918 paciﬁcum
3084 1850 3250 1914 loqui.
3297 1848 3418 1914 Quo
3456 1849 3609 1904 enim
3642 1849 3898 1918 spiritus

2186 1947 2378 1993 noster
2427 1938 2650 2008 pietatis
2691 1937 2966 1992 desiderio
3019 1944 3072 1992 et
3119 1937 3302 1992 cultui
3354 1937 3538 2007 magis
3589 1938 3894 2001 institerit,

2187 2035 2344 2082 tanto
2383 2027 2567 2096 magis
2611 2025 2932 2094 frequentia
2985 2025 3391 2080 carnalitatum
3440 2025 3607 2094 quasi
3659 2026 3721 2079 in
3767 2025 3898 2094 ejus

2185 2113 2381 2169 odium
2427 2113 2688 2183 insurgit.
2718 2112 2808 2168 Nil
2845 2117 3132 2181 paciﬁcum
3182 2112 3522 2181 loquuntur,
3565 2115 3708 2182 quia
3743 2127 3894 2167 sem-

2189 2217 2291 2272 per
2328 2210 2526 2258 contra
2558 2201 2841 2257 interioris
2873 2201 3118 2256 hominis
3141 2201 3388 2270 quietem
3425 2201 3716 2256 feruntur.

2261 2291 2431 2346 Vsus.
2479 2293 2530 2344 5.
2578 2320 2646 2328 —
2685 2289 2900 2343 Accidit
2942 2305 3154 2354 quoque
3185 2293 3244 2342 ut
3284 2291 3460 2342 visum
3499 2293 3776 2342 somnium
3812 2305 3895 2341 re-

2187 2381 2358 2446 ferret
2395 2379 2666 2444 fratribus
2697 2382 2842 2439 suis;
2879 2393 2998 2443 qua
3026 2393 3194 2430 causa
3226 2377 3452 2444 majoris
3495 2378 3609 2430 odii
3649 2382 3899 2430 semina-

2191 2473 2335 2521 rium
2363 2469 2495 2533 fuit.
2529 2468 2806 2521 Somnium
2853 2465 3024 2520 refert
3062 2465 3354 2532 fratribus,
3397 2465 3536 2520 dum
3567 2479 3655 2530 ea,
3692 2480 3834 2535 quin
3865 2477 3896 2518 a

2193 2554 2469 2610 forasticis
2498 2552 2852 2618 dormiendo,
2901 2560 2956 2608 et
3001 2552 3074 2607 ad
3105 2552 3328 2608 interna
3369 2552 3667 2622 vigilando
3717 2552 3897 2622 spiri-

2191 2643 2423 2698 tualiter
2459 2641 2659 2706 sentit,
2708 2641 2957 2696 motibus
2999 2655 3070 2696 ex
3113 2655 3219 2696 sua
3261 2641 3624 2710 corruptibili
3676 2649 3899 2696 natura

2193 2729 2609 2800 prodeuntibus
2637 2728 2859 2799 objicit;
2891 2729 3044 2784 unde
3078 2728 3291 2798 majore
3316 2742 3412 2783 eos
3441 2728 3598 2783 rabie
3628 2729 3897 2784 accendit

2193 2832 2308 2888 quo
2336 2817 2550 2872 arctius
2582 2816 2891 2887 restringit.
2933 2816 3128 2884 (Vens.
3164 2818 3245 2885 7.)
3279 2816 3547 2870 Putabam
3586 2832 3685 2870 nos
3721 2818 3897 2882 ligare

2192 2907 2499 2974 manipulos
2549 2909 2605 2957 in
2649 2921 2801 2972 agro,
2861 2909 2912 2958 et
2963 2908 3124 2970 Quasi
3174 2919 3495 2971 consurgere
3540 2906 3890 2974 manipulum

2191 3011 2401 3056 meum,
2457 3000 2508 3048 et
2548 2999 2726 3056 stare,
2774 2999 3086 3060 vestrosque
3126 2995 3435 3062 manipulos
3477 2996 3892 3048 circumstantes

2194 3084 2427 3136 adorare
2463 3084 2804 3152 manipulum
2845 3098 3044 3138 meum.
3077 3083 3158 3137 Ac
3203 3080 3246 3136 si
3279 3081 3492 3136 diceret
3524 3096 3536 3135 :
3574 3082 3693 3140 Vos
3733 3081 3893 3136 vobis

2193 3171 2371 3226 animi
2401 3171 2703 3240 imperium
2740 3171 2985 3226 indebite
3014 3170 3315 3239 arrogatis.
3349 3170 3444 3225 sed
3475 3185 3580 3239 ego
3612 3170 3894 3240 putabam

2195 3259 2348 3329 quod
2377 3267 2431 3315 et
2477 3272 2678 3315 verum
2723 3267 2826 3325 est,
2873 3273 2977 3313 nos
3027 3258 3238 3328 pariter
3289 3264 3619 3312 nostrorum
3668 3257 3894 3312 fructus

2193 3361 2432 3416 operum
2480 3346 2589 3402 sub
2643 3347 2740 3402 Dei
2787 3347 3008 3402 timoris
3051 3344 3352 3414 disciplina
3404 3345 3759 3414 restringere
3811 3344 3897 3398 de-

2196 3434 2348 3500 bere,
2400 3435 2498 3491 sed
2536 3442 2724 3490 tamen
2768 3448 2858 3490 me
2901 3433 3181 3489 rationem
3231 3431 3518 3501 opprobrii
3553 3431 3893 3502 dignitatem

2194 3523 2365 3579 oftlcii
2425 3522 2764 3592 praecellere,
2820 3529 2875 3576 et
2931 3535 3034 3588 pro
3082 3519 3243 3574 vobis
3293 3519 3624 3589 jacentibus
3679 3520 3895 3588 ubique

2195 3613 2556 3681 voluptatum
2606 3610 2912 3675 decertare,
2958 3615 3013 3662 et
3061 3622 3150 3663 me
3197 3607 3410 3676 praevia
3441 3607 3512 3663 ad
3561 3607 3715 3663 idem
3749 3621 3898 3678 prae—

2196 3699 2339 3756 lium
2383 3699 2590 3754 debere
2643 3712 2742 3753 vos
2781 3711 3105 3766 assurgere,
3153 3704 3208 3751 et
3251 3700 3453 3752 vestrae
3485 3694 3897 3752 cervicositatis

391 3785 708 3841 cenodoxia
757 3785 1186 3855 proficientibus
1235 3785 1439 3842 infesta
1463 3793 1618 3840 sunt.
1666 3784 1810 3840 Nam
1843 3793 2090 3854 utraque
2127 3811 2168 3866 ρ
2199 3787 2339 3843 mihi
2369 3786 2512 3842 colla
2561 3799 2824 3842 curvare.
2875 3785 3068 3854 (Vt-ms.
3122 3785 3198 3854 8.)
3251 3784 3542 3849 Nunquid,
3591 3783 3892 3855 inquiunt,

393 3873 572 3944 patris
633 3873 856 3936 nostri,
909 3873 1092 3943 ipsius
1145 3875 1407 3930 videlicet
1460 3873 1781 3929 intellectus
1835 3873 2087 3941 legitimo

392 3961 682 4033 conjugio,
736 3963 831 4018 sed
881 3977 994 4018 non
1057 3962 1307 4033 legitime
1366 3962 1548 4018 abusa
1607 3970 1758 4018 sunt.
1821 3963 1981 4019 Unde
2035 3970 2089 4018 et

395 4065 603 4107 uxores
625 4051 788 4108 dictae
819 4059 977 4115 sunt,
1009 4050 1158 4107 sicut
1186 4059 1242 4106 et
1273 4051 1536 4121 quinque
1578 4051 1685 4106 viri
1715 4050 2090 4106 Samaritanze

395 4138 531 4195 dicti
581 4145 736 4195 sunt.
795 4141 1197 4204 Accusavitquc
1250 4141 1454 4205 fratres
1491 4154 1618 4192 suos
1669 4139 1822 4208 apud
1873 4143 2090 4208 patrem

393 4231 616 4281 crimine
655 4232 910 4296 pessimo.
939 4226 1083 4281 Nam
1128 4241 1296 4296 penes
1324 4226 1870 4282 intellectualitatem
1901 4234 2091 4282 motus

393 4314 673 4380 carnales,
713 4314 813 4382 qui
848 4327 920 4368 ex
965 4313 1160 4368 eadem
1204 4322 1390 4370 mente
1438 4315 1782 4384 gignuntur,
1833 4313 2094 4370 criminis

395 4415 662 4472 arguere,
697 4400 995 4470 proprium
1029 4401 1284 4472 ejusdem
1315 4403 1636 4458 intellectus
1659 4410 1762 4458 est.
1795 4403 1918 4472 Ipse
1937 4403 2091 4457 enim

397 4489 470 4544 ad
510 4503 568 4544 se
632 4488 825 4544 carnis
886 4489 1157 4557 subjectae
1215 4490 1393 4545 defert
1455 4490 1822 4560 quaestiones.
1882 4489 2093 4558 Nempe

401 4577 580 4633 isdem
607 4577 851 4634 thronus
878 4585 982 4645 est,
1014 4577 1069 4633 id
1103 4586 1187 4634 est
1211 4578 1416 4648 judex,
1446 4579 1547 4648 qui
1575 4578 1838 4648 praesidet
1865 4579 2090 4633 throno.

401 4664 718 4720 Pessimum
769 4671 960 4720 autem
1034 4673 1116 4719 est
1187 4665 1342 4734 quod
1415 4664 1530 4719 Deo
1581 4663 1826 4720 scienter
1881 4664 2094 4720 adver-

400 4759 582 4809 satur.

469 4841 642 4897 Vnus.
703 4843 754 4895 3.
787 4868 858 4881 —
911 4841 1086 4894 Israel
1130 4845 1311 4894 autem
1371 4839 1631 4908 diligebat
1681 4839 1877 4909 Ioseph
1931 4855 2097 4909 super

399 4940 579 4982 omnes
607 4929 746 4998 ﬁlios
777 4943 923 4990 suos,
969 4943 1026 4982 eo
1058 4929 1204 4994 quod
1242 4932 1300 4981 in
1328 4932 1598 4981 senectute
1627 4931 1900 4995 genuisset
1938 4941 2095 4990 eum;

400 5022 636 5088 fecitque
689 5023 739 5072 ei
802 5023 1042 5074 tunicam
1089 5021 1434 5089 poli/mitam.
1493 5018 1738 5088 Spiritus
1793 5028 1984 5074 noster
2037 5017 2096 5073 in

2197 3892 2296 3930 rex
2351 3880 2533 3929 noster
2575 3879 2700 3935 eris,
2733 3878 2832 3928 aut
2876 3873 3228 3940 subjiciemur
3271 3873 3470 3925 ditioni
3515 3876 3672 3926 tuae?
3717 3871 3782 3926 Id
3817 3876 3896 3923 est

2197 3964 2482 4033 quomodo
2525 3962 2642 4016 ticri
2693 3969 2891 4030 potest,
2930 3969 2993 4015 ut
3039 3967 3116 4015 tot
3158 3959 3638 4029 concupiscentiis
3690 3971 3896 4028 corpo—

2198 4064 2309 4105 reae
2341 4048 2689 4104 necessitatis
2716 4047 3035 4112 exstinctis,
3068 4046 3224 4102 solus
3256 4048 3374 4116 ipse
3403 4045 3760 4102 domineris?

2268 4138 2440 4194 VEIts.
2475 4140 2527 4191 9.
2560 4168 2628 4176 —
2657 4136 2833 4190 Aliud
2865 4151 3077 4201 quoque
3106 4136 3246 4189 vidit
3269 4139 3556 4196 somnium,
3589 4135 3742 4200 quod
3767 4147 3896 4187 nar-

2198 4241 2328 4280 rans
2375 4224 2666 4291 fratribus,
2713 4228 2794 4277 ait
2843 4239 2855 4276 :
2911 4223 3036 4278 Vidi
3065 4239 3167 4292 per
3203 4227 3471 4276 somnium
3502 4227 3666 4288 quasi
3709 4223 3890 4278 solem,

2200 4319 2250 4367 et
2303 4315 2508 4374 lunam,
2571 4316 2622 4365 et
2671 4313 2858 4366 stellas
2905 4311 3153 4364 undecim
3204 4310 3437 4364 adorare
3490 4326 3592 4364 me.
3639 4315 3790 4364 I86
3844 4305 3892 4360 Si

2197 4402 2424 4471 Ioseph,
2487 4409 2551 4456 ut
2608 4398 3058 4469 praelibavimus,
3114 4399 3255 4454 bene
3313 4398 3521 4468 agendi
3574 4397 3891 4468 appetitum

2200 4489 2535 4559 accipimus,
2585 4489 2656 4542 ad
2706 4495 3084 4557 augmentum
3129 4486 3282 4542 enim
3328 4486 3547 4556 spirare
3593 4485 3888 4556 proprium

2199 4586 2283 4633 est
2313 4579 2471 4648 ejus;
2501 4578 2664 4630 solem
2715 4575 3084 4640 intellectum,
3134 4577 3320 4629 lunam
3352 4574 3709 4630 voluntatem
3753 4571 3890 4628 dici-

2201 4680 2362 4734 mus;
2395 4665 2534 4736 quia
2563 4666 2712 4720 sicut
2753 4663 2890 4719 luna
2918 4676 2951 4718 a
2981 4663 3116 4724 sole.
3149 4663 3230 4718 sic
3261 4662 3530 4718 voluntas
3570 4661 3890 4718 illustratur

2201 4768 2236 4809 a
2284 4753 2523 4810 ratione.
2577 4753 2832 4808 Undecim
2875 4753 3062 4805 stellas
3119 4750 3418 4806 interiores
3467 4751 3890 4816 exterioresque

2203 4849 2394 4897 motus
2442 4839 2838 4911 intelligimus,
2891 4846 2946 4895 et
2997 4841 3135 4908 quia
3181 4836 3544 4894 undenarius
3589 4852 3664 4892 ex
3720 4849 3818 4891 sex
3844 4837 3892 4886 et

2203 4927 2467 4999 quinque
2499 4935 2741 4995 constat,
2773 4925 3067 4983 senarium
3115 4926 3186 4980 ad
3221 4925 3382 4980 bonae
3431 4925 3745 4980 voluntatis
3769 4933 3892 4990 per—

2207 5017 2527 5082 fectionem,
2557 5015 2896 5085 quinarium
2943 5015 3013 5070 ad
3047 5027 3320 5070 sensuum
3372 5013 3624 5082 corporis
3669 5006 3888 5068 mobili—

403 5085 692 5179 quantum
723 5121 855 5164 cum
890 5108 1002 5164 Deo
1038 5085 1426 5176 principatur;
1459 5085 1631 5163 Israel
1661 5107 1812 5162 enim
1838 5111 2096 5176 princeps
2135 5085 2179 5140 υ
2209 5111 2380 5161 tatem
2436 5104 2806 5160 conferimus.
2849 5103 3121 5160 Senarius
3168 5102 3323 5157 enim
3376 5100 3529 5156 omni
3587 5115 3697 5156 sua
3743 5101 3890 5168 parte

405 5211 526 5250 cum
582 5199 689 5250 Deo
748 5197 1177 5265 interpretatur,
1230 5194 1459 5263 Ioseph,
1519 5194 1574 5250 id
1623 5202 1706 5250 est
1755 5198 1944 5248 zterm‘
1996 5210 2100 5247 au-

401 5287 606 5352 gmenti
658 5284 1022 5345 desiderium,
1084 5281 1397 5352 plusquam
1453 5298 1633 5336 omnes
1688 5284 1868 5352 ﬁlios,
1925 5295 2100 5350 opera

403 5371 616 5432 scilicet
645 5385 752 5427 sua
779 5371 987 5442 diligit,
1009 5369 1149 5440 quia
1173 5368 1272 5424 ubi
1303 5383 1418 5424 non
1438 5377 1522 5424 est
1551 5377 1854 5438 provectus
1873 5375 2099 5438 votum,

403 5461 626 5517 facilem
666 5459 900 5525 habent,
952 5457 1000 5514 si
1032 5463 1168 5513 sunt
1198 5456 1276 5512 ibi
1306 5457 1456 5512 bona
1495 5456 1718 5526 aliqua,
1750 5463 1997 5512 motum.
2033 5458 2097 5510 In

403 5550 672 5602 senectute
723 5558 977 5614 namque
1029 5543 1078 5598 is
1129 5541 1434 5613 gignitur,
1488 5555 1623 5596 nam
1679 5542 2098 5599 defervescente

402 5631 996 5704 concupiscentiarum
1027 5637 1190 5697 aestu,
1241 5643 1308 5684 ac
1337 5628 1798 5699 praesumptionis
1817 5631 2097 5702 juvenilis

472 5757 580 5827 (l3)
613 5753 1059 5810 Pratermittitur
1085 5765 1210 5822 cap.
1244 5755 1331 5809 36.

2209 5193 2424 5249 solidus
2452 5199 2584 5262 stat,
2631 5191 2939 5262 quinarius
2968 5190 3223 5246 minime.
3263 5189 3421 5245 Unde
3449 5196 3504 5244 et
3537 5203 3610 5244 ex
3646 5189 3890 5254 inatque-

2207 5282 2364 5338 litate
2403 5288 2656 5351 utraque
2685 5280 3096 5346 undenarium,
3147 5277 3248 5348 qui
3277 5275 3784 5347 transgressionem
3815 5269 3890 5325 si-

2209 5377 2368 5442 gnat,
2419 5369 2696 5425 etﬁciunt.
2749 5369 2906 5425 Velle
2952 5367 3104 5424 enim
3155 5367 3376 5436 adjacet
3423 5366 3595 5431 (Rom.
3651 5377 3748 5428 vn,
3789 5356 3884 5422 l8).

2207 5460 2305 5516 sed
2361 5458 2662 5515 exterioris
2719 5457 2970 5513 hominis
3025 5455 3284 5510 membra
3341 5453 3722 5523 prmpediunt.
3767 5447 3885 5503 Haec

2206 5548 2399 5604 omnia
2443 5555 2636 5602 autem
2681 5545 2925 5601 adorant
2968 5541 3192 5612 pietatis
3223 5539 3512 5607 affectum,
3551 5540 3691 5610 quia
3737 5541 3786 5591 et
3813 5543 3887 5586 ra-

2208 5636 2306 5704 tio,
2367 5642 2422 5692 et
2477 5634 2764 5700 voluntas,
2809 5631 3183 5701 interiorque,
3239 5635 3296 5684 et
3323 5626 3517 5693 etiam,
3575 5627 3710 5684 velit
3747 5618 3874 5678 nolit
