3950 6442
73 415 151 467 257
1233 405 1594 461 ΜΟΒΛΙᾸΟΜ
1637 406 1702 459 IN
1741 423 1744 446 ε

1927 405 2047 459 iSIN
2092 406 2220 460 LIB.
2263 405 2353 460 IX.

3450 408 3554 462 258

74 540 285 597 exterior
336 539 512 594 immo
559 536 881 608 Specialiter
935 543 1122 606 optat,
1181 544 1237 592 et
1290 537 1557 606 precibus
1614 537 1727 592 Deo
1767 541 1809 593 Α
1908 535 2083 592 Vnus.
2122 537 2206 590 15.
2239 566 2308 574 -
2338 537 2656 605 Invenitque
2692 551 2811 590 eum
2855 537 2944 590 vir
2972 541 3241 591 errantem
3281 539 3339 592 in
3384 554 3538 607 agro,

72 630 193 685 datis
230 629 395 683 sancti
429 627 717 698 appetitus
756 626 1121 696 praestolatur
1165 634 1563 696 augmentum.
1616 627 1734 681 Aut

73 717 187 787 quia
214 717 443 772 adorare
498 717 708 771 dicitur
745 715 918 785 juxta
967 731 1143 781 orare,
1180 714 1353 785 juxta
1394 716 1624 784 Joseph,
1676 715 1733 770 id

70 814 137 861 est
163 813 524 876 augmentum
575 811 719 866 orat,
763 805 864 874 qui
900 803 981 858 nil
1031 820 1063 858 a
1095 804 1209 859 Deo
1259 804 1364 859 nisi
1416 804 1736 859 sanctitatis

71 896 447 950 incrementum
484 893 751 963 postulat.
784 892 1067 949 Voluntas
1095 900 1150 947 et
1183 889 1442 957 affectus,
1476 906 1607 946 eum
1640 893 1737 960 pia

68 990 197 1048 sunt,
237 982 356 1037 licet
401 995 589 1037 unum
634 995 753 1037 esse
788 981 1115 1046 videantur,
1158 994 1273 1035 non
1313 988 1468 1047 sunt,
1499 980 1638 1050 quia
1667 980 1736 1035 de

69 1071 236 1126 multis
254 1070 389 1125 bene
414 1069 723 1135 afficimur,
749 1068 845 1124 sed
877 1067 950 1123 ab
966 1068 1078 1135 his,
1101 1082 1232 1138 quae
1255 1067 1460 1123 rationi
1477 1069 1738 1138 junclior

65 1167 148 1225 est,
180 1158 466 1214 voluntate
512 1157 883 1213 retrahimur.
936 1156 1148 1211 Locum
1192 1155 1345 1210 enim
1396 1162 1738 1226 tempusque

66 1248 373 1302 discutimus
401 1254 457 1302 et
487 1254 693 1302 cmtera
723 1244 946 1315 quaevis
978 1244 1347 1299 attendimus.
1385 1244 1582 1314 (Vens.
1624 1243 1734 1315 10.)

67 1335 200 1405 Quod
223 1351 334 1389 cum
354 1338 614 1404 patrisuo
638 1339 688 1389 et
716 1333 990 1401 fratribus
1010 1335 1283 1387 retulisset
1304 1336 1608 1403 increpavit
1619 1350 1739 1388 eum

65 1430 200 1494 pater
238 1439 382 1491 suus,
413 1431 522 1479 etc.
565 1424 732 1478 Pater
758 1436 892 1478 eum
940 1421 1216 1491 increpat,
1255 1422 1395 1492 quia
1425 1422 1738 1494 agilitatem

69 1513 131 1581 pii
147 1511 390 1579 affectus,
414 1512 671 1583 gravitas
690 1510 1093 1566 intellectualis
1111 1509 1489 1581 fragilitatum
1516 1511 1734 1577 timida,

68 1616 127 1655 ne
155 1615 504 1671 praepropere
546 1600 688 1670 quid
732 1599 1126 1670 aggrediatur,
1171 1599 1439 1655 retardat.
1476 1602 1616 1655 Num
1645 1616 1739 1667 ego

68 1695 108 1742 et
133 1695 294 1742 mater
345 1695 441 1743 tua
491 1693 541 1743 et
579 1690 783 1753 fratres
833 1691 916 1741 tui
954 1687 1307 1741 adorabimus
1351 1692 1399 1741 te
1436 1704 1598 1756 super
1629 1694 1739 1742 ter-

66 1776 203 1831 ram?
230 1779 317 1833 An
345 1794 459 1846 ego,
511 1777 720 1847 inquit,
767 1790 801 1831 a
853 1791 971 1846 quo
1018 1790 1211 1831 semen
1259 1775 1525 1831 divinum
1567 1776 1736 1831 matri

70 1876 183 1935 tum,
213 1866 372 1921 bonae
404 1865 615 1921 scilicet
646 1865 926 1921 voluntati
958 1864 1260 1935 ingeritur,
1293 1866 1416 1920 sine
1446 1865 1555 1921 hac
1583 1864 1736 1920 enim

67 1955 346 2024 reprobum
392 1962 495 2021 est,
528 1954 683 2025 quod
722 1953 1003 2025 gignitur,
1035 1960 1089 2008 et
1130 1952 1253 2022 ipsa
1283 1958 1455 2007 mater
1484 1959 1578 2007 tua
1607 1968 1739 2023 quae

68 2053 110 2099 te
138 2046 187 2098 in
214 2051 499 2115 quantum
535 2056 665 2098 vere
704 2057 765 2098 es
812 2042 986 2111 parit,
1026 2041 1374 2112 internique,
1418 2049 1473 2098 et
1514 2042 1740 2098 externi

66 2140 230 2187 motus
261 2132 446 2187 addici
482 2131 796 2202 poterimus
825 2131 948 2193 tibi,
995 2131 1050 2185 in
1085 2138 1308 2187 tantum
1352 2138 1416 2186 ut
1457 2132 1535 2186 sis
1567 2145 1742 2201 super

66 2228 273 2288 terram,
314 2220 481 2276 nulla
525 2219 773 2288 profecto
812 2218 1116 2274 ambiendo
1144 2218 1255 2274 nisi
1294 2233 1560 2289 supernm
1607 2220 1742 2275 vitae

65 2308 450 2364 eminentiam?
502 2308 694 2375 (Vnns.
735 2310 845 2374 11.)
882 2307 1115 2363 Fratres
1158 2321 1315 2379 ergo,
1352 2307 1406 2363 id
1453 2317 1537 2364 est
1562 2309 1741 2379 spinae

66 2410 120 2451 ac
149 2397 357 2463 tribuli,
410 2397 513 2467 qui
543 2410 609 2453 ex
651 2403 803 2451 terra
842 2396 1031 2451 cordis
1072 2410 1205 2452 cum
1248 2396 1399 2452 bona
1442 2396 1607 2467 fruge
1638 2409 1739 2451 na-

66 2493 319 2553 scuntur,
380 2486 668 2554 invident;
726 2490 886 2555 pater
944 2499 1069 2538 vero
1125 2484 1452 2540 intellectus
1500 2484 1744 2541 interius

65 2573 409 2644 exteriusque
442 2587 476 2629 a
526 2573 771 2645 negotiis
805 2573 1043 2629 tacendo
1071 2589 1185 2627 rem
1226 2574 1568 2642 considerat,
1601 2574 1741 2629 dum

67 2662 327 2732 proposito
356 2664 551 2718 instat.

124 2752 283 2808 Vnus.
320 2754 406 2806 12.
467 2782 535 2792 —-
585 2753 821 2820 Cumque
876 2752 1083 2817 fratres
1131 2752 1286 2804 illius
1336 2752 1395 2803 in
1451 2751 1744 2819 pascendis

71 2842 294 2907 gregibus
349 2843 536 2910 patris
584 2845 927 2894 morarentur
976 2841 1037 2893 in
1077 2839 1306 2902 Sicbem,
1362 2846 1470 2894 etc.
1517 2840 1745 2896 Fratres

70 2929 141 2983 isti
170 2944 275 2985 non
310 2943 565 3001 gregem,
610 2928 705 2984 sed
748 2942 950 2999 greges
993 2927 1291 2984 discordire
1335 2941 1401 2982 ac
1446 2927 1745 2985 divisionis

67 3019 412 3088 cegitationes
460 3025 727 3087 pascunt,
778 3017 833 3073 id
881 3024 983 3083 est,
1046 3016 1264 3072 crebris
1312 3016 1549 3084 repertis
1598 3030 1746 3072 ava-

68 3107 191 3162 ritize
243 3107 688 3177 superbizeque,
749 3106 838 3161 vel
894 3105 1127 3161 invidiae
1178 3105 1577 3161 occasionibus
1632 3121 1745 3162 nu-

70 3194 245 3251 triunt.
281 3196 387 3259 Qui
431 3209 634 3266 greges
661 3197 841 3264 patris
883 3195 1052 3250 etiam
1084 3194 1380 3260 dicuntur,
1413 3194 1552 3263 quia
1581 3194 1744 3265 cogi-

68 3292 199 3339 tatus
242 3285 624 3354 dispersiones
671 3298 854 3354 usque
900 3283 971 3338 ad
1010 3283 1330 3338 intellectus
1381 3282 1742 3338 vexationem

68 3372 346 3438 pervenire
401 3379 745 3427 noscuntur.
803 3370 1027 3428 Sicbem
1076 3370 1290 3426 dicitur
1347 3371 1598 3425 humerus
1653 3370 1745 3427 vel

65 3460 215 3513 labor.
277 3461 341 3515 In
390 3459 657 3515 Sichimis
697 3474 832 3530 ergo
878 3466 1218 3526 morantur,
1269 3458 1406 3514 dum
1467 3473 1744 3515 curarum

66 3549 283 3604 sarcinis
335 3549 556 3619 iniqua:
601 3546 946 3604 suilerentim
994 3548 1266 3603 humeros
1316 3556 1743 3617 supponentcs,

65 3643 117 3691 ut
143 3635 217 3691 sic
245 3637 457 3703 dicam,
490 3636 600 3692 sub
628 3636 917 3692 mortifero
953 3636 1147 3692 labore
1190 3635 1519 3706 quiescunt.
1551 3637 1745 3706 (Vens.

69 3725 161 3794 t3.)
192 3725 335 3782 Dicit
380 3739 524 3797 ergo
556 3732 718 3795 pater
766 3740 778 3779 :
816 3727 973 3790 Veni,
1004 3728 1219 3779 mittam
1252 3729 1301 3778 te
1345 3724 1419 3778 ad
1449 3740 1551 3780 eos.
1585 3725 1743 3791 Redi,

67 3812 255 3883 inquit,
288 3828 321 3869 a
348 3814 700 3884 dispersione
739 3821 860 3880 tua,
894 3821 958 3869 ut
996 3813 1165 3883 dirigi
1207 3813 1387 3882 possis
1424 3821 1624 3868 contra
1656 3828 1748 3869 co-

68 3901 385 3970 gitationum
437 3902 602 3965 vitia,
647 3909 701 3957 et
741 3901 968 3971 pietatis
1006 3900 1259 3971 appetitu
1291 3915 1455 3956 suam
1488 3915 1605 3955 non
1634 3900 1751 3955 dif-

68 3990 259 4047 ferente
291 3992 677 4061 praesentiam.
734 3990 928 4061 (Vnns.
964 3989 1071 4060 14.)
1115 3989 1283 4055 Vade,
1326 3989 1421 4056 ait,
1469 3995 1518 4043 et
1546 3989 1671 4043 vide
1700 3992 1752 4044 si

68 4085 237 4132 cuncta
264 4095 532 4149 prospera
560 4085 688 4133 sunt
724 4082 871 4134 circa
916 4081 1122 4145 fratres
1175 4083 1293 4132 tuos
1339 4082 1390 4133 et
1424 4094 1655 4147 pecora;
1700 4082 1752 4131 et

68 4171 298 4220 renuntia
360 4169 503 4223 mihi
551 4167 687 4237 quid
739 4172 961 4234 agatur.
1028 4166 1179 4221 Vade
1234 4180 1335 4236 per
1378 4166 1751 4221 directionem

67 4253 397 4324 intentionis,
437 4264 493 4310 et
524 4255 746 4310 videbis
772 4254 1156 4325 postmodum,
1191 4268 1292 4324 per
1321 4255 1500 4309 aciem
1531 4254 1751 4309 discre-

66 4344 236 4411 tionis,
271 4358 343 4399 an
375 4343 767 4399 animalitates
799 4352 929 4404 tum.
966 4344 1107 4399 dum
1139 4342 1335 4398 saeculi
1366 4342 1517 4397 bona
1547 4357 1752 4412 capes-

66 4440 205 4497 sunt,
235 4434 489 4504 gaudere
520 4432 718 4503 aliqua
766 4432 1023 4488 interiori
1073 4430 1445 4502 prosperitate
1486 4437 1745 4501 possunt.

67 4520 205 4576 Inter
235 4521 437 4577 fratres
482 4520 590 4575 hoc
634 4519 819 4576 differt
849 4528 904 4576 et
942 4534 1166 4591 pecora,
1203 4519 1355 4590 quod
1386 4528 1523 4575 sunt
1552 4518 1752 4589 aliqua

66 4609 191 4663 vitia
242 4610 406 4680 quasi
459 4609 682 4665 ratione
738 4624 859 4665 sese
912 4610 1155 4669 tuentia.
1210 4608 1478 4678 qumdam
1519 4610 1756 4664 omnino

68 4697 324 4754 bestialia.
376 4699 559 4754 Porro
599 4698 741 4767 quid
788 4705 964 4768 agant
1011 4697 1213 4753 fratres
1262 4696 1578 4763 renuntiat,
1620 4710 1752 4752 cum

68 4795 222 4843 :estus
248 4788 430 4844 sancti
460 4786 726 4843 desiderii
758 4788 829 4842 ad
861 4800 1102 4842 examen
1147 4786 1465 4842 intellectus
1499 4793 1757 4856 quaestus

70 4888 186 4931 suos
219 4884 314 4932 aut
364 4877 585 4931 damna
631 4882 904 4943 reportat.
956 4876 1154 4929 Missus
1203 4874 1268 4928 de
1312 4876 1455 4928 valle
1505 4875 1755 4942 Hebron,

69 4968 196 5017 venit
246 4967 303 5019 in
360 4966 600 5018 Sichem.
666 4961 895 5018 Hebron
927 4968 1273 5029 augmentum
1319 4965 1704 5032 sempiternum
1738 5003 1752 5030 ,

73 5052 147 5106 vel
190 5056 323 5107 visio
372 5053 712 5123 sempiterna
755 5050 987 5107 dicitur.
1041 5051 1288 5106 Mittitur
1340 5065 1478 5121 ergo
1524 5050 1752 5120 Ioseph,

74 5139 117 5194 id
142 5148 217 5197 est
252 5142 542 5212 appetitus
581 5139 899 5211 augmenti,
933 5139 1002 5194 de
1033 5139 1239 5194 mentis
1281 5139 1625 5206 humilitate,
1657 5152 1757 5208 per

73 5243 228 5297 quam
266 5238 613 5300 perpetuum
647 5234 838 5297 sperat
881 5235 1284 5298 augmentum,
1331 5234 1385 5283 et
1432 5227 1501 5283 de
1539 5229 1756 5283 visione

77 5316 178 5384 Dei,
215 5332 327 5389 qua
372 5332 475 5389 per
509 5316 676 5372 fidem
722 5323 778 5371 et
822 5329 1076 5371 amorem
1116 5315 1226 5372 sub
1265 5330 1364 5386 spe
1392 5316 1756 5385 sempiterni-

75 5407 190 5461 tatis
210 5408 324 5477 jam
357 5408 452 5464 hic
486 5405 726 5472 fruitur,
771 5404 840 5460 ad
877 5403 1297 5459 consideranda
1326 5402 1421 5458 illa
1452 5404 1509 5457 in
1541 5402 1757 5472 quibus

77 5494 447 5552 carolibenter
475 5499 749 5549 versatur
778 5492 1009 5564 negotia
1043 5507 1056 5546 :
1094 5493 1190 5547 sed
1225 5490 1382 5547 venit
1413 5491 1472 5546 in
1507 5490 1754 5557 Sicbem,

78 5583 197 5651 quia
214 5599 335 5655 quze
355 5585 683 5640 discernere
702 5580 1060 5637 solummodo
1080 5588 1135 5637 et
1155 5579 1401 5636 discreta
1413 5579 1658 5650 abjicere
1670 5578 1759 5635 de-

32 5708 37 5717 ,
82 5667 203 5733 huit,
246 5670 299 5726 in
339 5670 427 5727 his
466 5668 826 5737 demorando
855 5666 1158 5737 aliquoties
1189 5666 1443 5736 quadam
1470 5665 1758 5721 detinetur

81 5757 272 5826 inertia,
297 5770 349 5815 et
371 5761 691 5816 humerum
712 5754 1088 5825 supponendo
1109 5754 1234 5824 pari
1257 5753 1479 5809 laborat
1504 5752 1754 5807 miseria.

1775 1836 1821 1893 B

1841 630 1892 679 et
1920 626 2280 693 interrogavit
2312 625 2449 693 quid
2479 630 2759 693 quaereret.
2798 625 2900 681 Vir
2930 625 3050 693 ipse
3079 625 3402 682 intellectus
3438 634 3545 697 est,

1844 714 1947 784 qui
1988 713 2258 769 affectum
2292 728 2392 784 per
2437 727 2666 784 agrum,
2718 713 2770 769 id
2803 722 2888 769 est
2933 728 3033 783 per
3068 715 3368 770 mundana
3411 729 3545 771 eva-

1845 811 2097 873 gantem,
2131 803 2200 858 de
2239 817 2345 858 suo
2391 817 2586 858 errore
2619 802 2880 872 inquirit.
2917 803 3112 871 (Vens.
3164 806 3274 872 16.)
3324 806 3547 859 Fratres

1843 907 2004 958 meos,
2058 892 2156 959 ait,
2192 907 2396 961 quaero,
2426 892 2615 945 indica
2656 894 2795 945 mihi
2825 892 2920 945 ubi
2956 897 3188 961 pascunt
3224 908 3430 960 greges.
3466 895 3549 949 Ac

1845 981 1890 1036 si
1927 980 2078 1036 dicat
2127 995 2139 1034 :
2189 981 2337 1035 Dum
2383 980 2739 1035 carnalitatis
2792 994 2933 1035 meae
2978 994 3250 1036 excessus
3305 981 3549 1037 discutio

1845 1082 1936 1124 me
1969 1070 2154 1138 ipsum
2188 1069 2402 1139 pariter
2439 1070 2748 1123 excessisse
2782 1068 2969 1138 video,
3004 1076 3069 1124 tu
3104 1083 3243 1140 ergo
3273 1070 3320 1125 si
3354 1071 3548 1126 virum

1846 1159 2017 1227 sapis.
2073 1158 2253 1212 indica
2304 1157 2443 1212 mihi
2484 1157 2795 1212 fteditatem
2852 1158 3030 1228 hujus
3059 1158 3317 1214 vecordis
3368 1166 3423 1214 et
3455 1159 3544 1214 in-

1847 1247 2170 1316 compositae
2198 1247 2477 1316 passionis
2515 1246 2709 1317 (Vnus.
2749 1250 2857 1313 17.)
2908 1248 3281 1315 Recesserunt,
3335 1247 3546 1317 inquit,

1847 1334 1912 1388 de
1954 1335 2063 1388 loco
2109 1336 2242 1399 isto;
2290 1335 2484 1388 audivi
2539 1340 2719 1389 autem
2775 1350 2861 1389 eos
2898 1335 3135 1390 dicentes
3178 1351 3190 1390 :
3239 1337 3453 1391 Eamus
3491 1339 3551 1390 in

1848 1424 2119 1478 Dothaim.
2173 1423 2439 1478 Dothaim
2486 1423 2697 1479 dicitur
2727 1425 2905 1478 viride
2933 1440 3133 1485 eorum,
3168 1425 3258 1480 vel
3287 1425 3551 1494 pabulum

1847 1527 2047 1578 eorum,
2078 1511 2167 1567 vel
2202 1513 2480 1581 sufﬁciens
2514 1511 2768 1578 defectio.
2810 1512 3117 1582 Postquam
3148 1513 3550 1582 spiritualibus

1849 1601 2060 1656 addicti
2100 1614 2303 1656 sumus
2350 1600 2534 1667 vitiis,
2578 1600 2650 1655 ab
2702 1600 2911 1656 horum
2958 1601 3152 1656 labore
3199 1602 3547 1671 recedentes,

1848 1688 1919 1743 ad
1951 1687 2241 1742 carnalem
2288 1687 2542 1743 deﬂuere
2587 1688 2811 1758 gratius
2856 1688 3136 1744 habemus
3173 1690 3547 1759 voluptatem,

1849 1776 2002 1845 quod
2038 1776 2326 1847 signiﬁcat
2350 1777 2681 1847 jocunditas
2718 1777 3044 1844 viriditatis,
3077 1778 3230 1848 quod
3271 1778 3549 1848 pabulum

1848 1872 1933 1919 est
1974 1864 2074 1932 eis,
2128 1879 2243 1920 non
2290 1872 2480 1920 tamen
2531 1866 2779 1934 refectio,
2835 1866 2930 1922 sed
2981 1866 3330 1923 suflicieutia
3378 1867 3553 1924 totius

1850 1954 2090 2009 internae
2117 1953 2466 2010 defectionis.

1921 2087 2085 2144 Vens.
2129 2089 2212 2141 18.
2246 2117 2315 2127 -
2360 2089 2546 2154 Pergit
2573 2091 2698 2156 post
2743 2088 2948 2154 fratres
2980 2102 3104 2142 suos
3137 2092 3186 2142 et
3230 2089 3437 2142 invenit
3465 2104 3549 2143 eos

1850 2179 1910 2230 in
1936 2177 2212 2241 Dothaim,
2247 2176 2386 2232 dum
2417 2176 2537 2231 sola
2565 2190 2660 2232 eos
2705 2190 3056 2246 prosequens
3094 2176 3552 2233 consideratione

1852 2266 2060 2334 reperit
2126 2278 2222 2319 eos
2271 2264 2510 2320 deiicere
2569 2265 2625 2319 in
2679 2265 2922 2320 terrenis
2971 2265 3286 2320 desideriis.
3348 2266 3546 2335 (Vens.

1857 2356 1941 2421 18,
1979 2356 2063 2419 19,
2108 2352 2224 2422 20.)
2271 2356 2377 2423 Qui
2418 2368 2538 2408 cum
2584 2353 2847 2408 vidissent
2893 2369 3034 2422 eum,
3076 2360 3368 2422 antequam
3403 2361 3553 2408 acce-

1853 2444 2001 2498 deret
2041 2443 2115 2497 ad
2144 2458 2248 2511 eos,
2299 2446 2673 2511 cogitaverunt
2702 2445 3006 2513 interﬁcere
3047 2460 3165 2498 eum
3212 2461 3225 2499 :
3270 2446 3341 2500 Et
3367 2450 3554 2499 mutuo

1854 2533 2212 2602 loquebantur
2254 2547 2267 2586 :
2309 2535 2443 2588 Ecce
2471 2537 2772 2588 somniator
2811 2536 2988 2599 venit;
3019 2536 3213 2600 venite,
3247 2533 3555 2588 occidamus

1854 2637 1995 2687 eum,
2047 2626 2098 2675 et
2152 2623 2434 2676 mittamus
2489 2624 2549 2675 in
2594 2624 2885 2676 cisternam
2941 2623 3079 2676 hane
3115 2628 3364 2689 veterem,
3410 2621 3554 2675 dice-

1852 2724 2078 2778 musque
2119 2724 2132 2763 :
2174 2710 2318 2764 Fera
2342 2712 2580 2778 pessima
2619 2709 2902 2763 devoravit
2930 2725 3067 2764 eum.
3107 2710 3314 2765 Vident
3342 2709 3553 2779 Ioseph

1854 2798 2077 2865 fratres,
2118 2812 2252 2854 cum
2293 2798 2592 2855 evidenter
2640 2798 2903 2854 invident
2944 2799 3038 2868 pio
3088 2797 3321 2854 allectui
3367 2806 3559 2854 motus

1854 2885 2151 2942 animales.
2183 2889 2509 2955 Antequam
2556 2887 2790 2943 accedat
2823 2886 3079 2956 cogitant
3109 2887 3385 2953 occidere,
3418 2887 3559 2957 quia

1854 2983 2168 3044 antequam
2208 2988 2309 3043 per
2335 2974 2603 3030 effectum
2632 2974 2814 3030 errori
2845 2974 3136 3041 assentiat,
3180 2988 3281 3044 per
3305 2989 3557 3045 nequam

1854 3062 2121 3119 affectum
2156 3062 2472 3131 disponunt
2501 3063 2804 3118 subruere.
2858 3068 2997 3116 I31
3043 3064 3224 3127 Ecce,
3270 3063 3456 3130 aiunt,
3510 3063 3560 3119 is

1854 3152 1954 3221 qui
1984 3150 2238 3205 visibilia
2267 3164 2546 3220 respuens
2577 3150 2966 3207 invisibilibus
3003 3151 3180 3206 animi
3216 3151 3393 3207 aciem
3426 3166 3558 3221 por-

1856 3240 2008 3311 rigit,
2043 3247 2098 3294 et
2133 3238 2300 3309 quasi
2330 3239 2551 3295 somnio
2585 3240 2758 3309 vivit;
2791 3254 2823 3295 o
2855 3253 2957 3295 vos
2986 3238 3308 3295 carnalium
3341 3254 3558 3311 conge-

1854 3328 1968 3384 ries
2017 3327 2501 3394 delectationum,
2552 3330 2727 3382 venite
2756 3369 2772 3395 ,
2834 3328 2994 3384 hunc
3046 3328 3211 3383 vobis
3258 3327 3503 3384 addicite
3537 3369 3553 3396 ,

1854 3424 2031 3487 atque
2060 3416 2119 3471 in
2149 3416 2462 3486 antiquum
2491 3416 2683 3483 chaos,
2719 3416 3027 3486 reprobum
3057 3416 3271 3472 scilicet
3297 3430 3556 3484 sensum,

1856 3504 2010 3575 quod
2055 3512 2160 3568 est,
2195 3512 2363 3561 vetus
2394 3504 2659 3571 cisterna,
2701 3518 2905 3561 carens
2929 3505 3138 3561 divinae
3172 3505 3559 3576 intelligentiae

1857 3593 2050 3664 aquis,
2082 3608 2199 3663 quo
2241 3594 2535 3663 quondam
2582 3601 2716 3649 ante
2763 3594 3195 3650 conversionem
3228 3594 3474 3664 turpiter
3500 3608 3560 3649 se

1856 3687 2054 3753 egerat
2095 3680 2374 3751 projicite,
2425 3689 2480 3737 et
2524 3695 2559 3737 a
2605 3682 2727 3737 fera
2757 3682 3021 3751 pessima,
3068 3682 3119 3737 id
3154 3689 3239 3738 est
3293 3695 3327 3737 a
3357 3696 3563 3752 repen-

1860 3771 1980 3826 tina
2009 3777 2065 3825 et
2109 3768 2424 3839 improvisa
2455 3770 2766 3826 tentatione
2795 3770 2994 3840 aliqua
3037 3778 3469 3840 consumptum,
3506 3777 3563 3826 et

1859 3858 2111 3914 evictum
2141 3858 2340 3926 dicite;
2388 3858 2478 3913 vel
2524 3857 2736 3914 diaboli
2786 3859 3001 3914 factum
3045 3859 3319 3915 violentia
3365 3859 3563 3928 perhi-

1860 3946 2005 4002 bete.
2059 3945 2251 4001 Solent
2290 3958 2546 4015 namque
2584 3945 2660 3999 ad
2696 3946 3038 4001 excusandas
3085 3948 3457 4001 excusationes
3506 3949 3564 4001 in

1855 4038 2093 4104 peccatis
2147 4035 2312 4102 (Psal.
2345 4049 2471 4099 exn,
2504 4034 2559 4103 4)
2602 4034 2706 4104 ipsi
2741 4041 3044 4103 peccantes
3086 4034 3193 4090 ista
3230 4034 3557 4091 obtendere.

1860 4124 1940 4177 Et
1966 4130 2090 4177 tunc
2122 4122 2412 4192 apparebit
2457 4122 2594 4191 quid
2619 4123 2706 4177 illi
2740 4125 2953 4192 prosint
2982 4125 3193 4177 somnia
3240 4139 3359 4189 sua,
3396 4122 3450 4178 id
3480 4130 3563 4179 est

1862 4211 2005 4282 quid
2056 4210 2340 4266 fatuitatis
2393 4210 2465 4266 sit
2509 4225 2613 4280 pro
2669 4210 3058 4267 invisibilibus
3096 4211 3382 4266 dimittere
3425 4212 3563 4266 visi-

1861 4299 2017 4367 bilia,
2050 4313 2153 4369 pro
2192 4299 2427 4355 incertis
2458 4306 2632 4355 certa.
2685 4299 2980 4356 Somnium
3013 4300 3166 4355 enim
3202 4307 3284 4356 est
3316 4313 3403 4366 ea,
3434 4313 3565 4369 quae

1860 4388 2043 4444 oculis
2090 4403 2205 4443 non
2255 4387 2547 4454 videntur,
2600 4387 2935 4443 dormiendo
2983 4389 3297 4445 attendere.
3343 4390 3457 4458 Ego
3486 4390 3567 4442 ait

1790 4472 1833 4526 D
1862 4477 2069 4531 dormio
2098 4482 2147 4530 et
2167 4492 2257 4531 cor
2279 4492 2453 4530 meum
2475 4477 2673 4544 vigilat
2705 4478 2898 4545 (Cant.
2932 4491 2990 4543 v,
3026 4480 3103 4543 2.)

1934 4610 2106 4666 Vnus.
2152 4612 2241 4672 21,
2302 4612 2393 4664 22.
2455 4638 2525 4649 -
2581 4609 2825 4664 Audiens
2883 4610 2978 4663 hoc
3043 4610 3237 4664 Ruben
3293 4610 3569 4665 nitebatur

1865 4698 2096 4752 liberare
2123 4713 2243 4751 eum
2292 4697 2360 4753 de
2404 4697 2656 4751 manibus
2699 4713 2899 4751 eorum.
2933 4699 3073 4764 Non,
3123 4697 3221 4763 ait,
3261 4697 3567 4764 interﬁcia-

1862 4801 1981 4840 mus
2033 4789 2273 4840 animam
2314 4785 2469 4856 ejus,
2520 4802 2613 4839 nec
2670 4784 3016 4854 eﬂ’undamus
3070 4787 3423 4853 sanguinem;
3472 4786 3570 4841 sed

1858 4875 2119 4944 projicite
2144 4890 2261 4928 eum
2300 4876 2356 4927 in
2400 4877 2692 4928 cisternam
2722 4875 2881 4940 hanc,
2915 4889 3034 4943 qua
3061 4880 3139 4928 est
3176 4876 3234 4927 in
3276 4873 3569 4928 solitudine

1862 4976 2167 5033 manusque
2211 4967 2420 5016 vestras
2451 4968 2661 5016 servate
2698 4964 2975 5017 innoxius.
3030 4961 3156 5017 Hoc
3204 4967 3383 5016 autem
3416 4963 3566 5017 dice-

1866 5050 1977 5115 bat,
2028 5050 2208 5104 volens
2255 5052 2462 5119 eripere
2502 5052 2623 5103 eum
2666 5049 2731 5104 de
2760 5051 3012 5105 manibus
3042 5066 3224 5104 eorum
3253 5056 3305 5105 et
3342 5050 3568 5106 reddere

1861 5139 2017 5206 patri
2037 5151 2152 5191 suo.
2199 5135 2402 5192 Ruben
2435 5136 2535 5206 qui
2565 5136 2778 5191 dicitur
2806 5136 2994 5191 videns
3026 5139 3084 5191 in
3124 5138 3319 5204 medio,
3346 5137 3568 5194 discre-

1863 5224 2035 5280 tionis
2065 5225 2154 5278 vis
2181 5231 2284 5291 est,
2340 5223 2624 5280 irreﬂexae
2671 5224 3002 5280 directionis
3050 5225 3350 5282 intendens
3397 5225 3569 5281 medi-

1865 5311 2120 5380 tullium,
2163 5327 2294 5384 quae
2340 5312 2478 5367 dum
2514 5312 2588 5382 pii
2621 5311 2877 5381 affectus,
2913 5313 2970 5369 id
3000 5320 3085 5369 est
3117 5313 3381 5384 intelligit
3410 5313 3568 5383 peri-

1864 5401 2060 5457 culum
2097 5401 2304 5457 nititur
2333 5401 2580 5456 liberare
2612 5402 2681 5457 de
2709 5402 3030 5458 carnalium
3064 5410 3337 5472 potestate
3380 5402 3565 5460 libidi-

1864 5503 2007 5546 num
2059 5506 2073 5543 :
2118 5489 2263 5555 Non,
2310 5488 2522 5559 inquit,
2571 5492 2765 5545 anima
2797 5491 3029 5561 capitali
3081 5491 3277 5562 aliquo
3324 5492 3567 5547 crimine

1864 5579 2221 5647 perimatur,‘
2264 5578 2420 5646 quod
2480 5586 2565 5633 est
2628 5579 2972 5650 sanguinem
3025 5579 3284 5648 fundere,
3336 5580 3566 5635 fluxum

1864 5666 2076 5722 scilicet
2123 5665 2481 5722 carnalitatis
2524 5666 2740 5729 laxare,
2802 5667 2898 5722 sed
2957 5667 3027 5722 ad
3076 5668 3385 5723 cisternam
3431 5669 3565 5725 vitas

1864 5753 2128 5810 videlicet
2155 5752 2409 5823 pristina:
2445 5753 2742 5810 saecularis
2785 5754 3030 5821 foveam,
3062 5770 3194 5825 quas
3228 5768 3262 5809 a
3310 5755 3426 5811 Deo
3452 5756 3566 5811 ha-
