3950 6438
389 388 494 443 259

1309 384 1368 439 V.
1408 381 1739 438 (iUIBERTI
1775 378 2066 436 ABBATIS
2103 379 2158 436 S.
2199 379 2433 435 ΜΛΒῙᾸΞ
2470 376 2560 434 DE
2595 375 2986 435 NOVIGENTO
3775 379 3864 431 260

392 523 635 580 bitatore
689 520 907 594 patitur
953 517 1357 585 solitudinem,
1414 515 1810 574 tantummodo
1875 514 2082 570 animai
2120 514 2164 568 Δ
2192 515 2262 568 Et
2308 515 2756 583 praetereuntibus
2798 514 3126 568 Madianitis
3177 513 3648 581 negotiatoribus,
3694 519 3868 567 extra-

393 619 676 668 sectantes
706 609 971 666 inertiam
1023 608 1307 672 deducite,
1341 620 1454 662 non
1496 605 1567 660 ad
1605 604 1835 674 culpam
1884 611 2090 658 actua-

392 700 503 756 lem
537 699 666 755 foedi
699 697 1024 768 cujuspiam
1066 695 1324 751 criminis
1351 693 1652 748 devolvite.
1689 691 1936 747 Facilius
1953 704 2088 746 sane

393 803 428 844 a
456 787 695 858 segnitie
725 787 929 842 mentis
955 783 1296 854 exsurgitur
1325 797 1500 853 quam
1533 780 1716 849 culpae
1754 786 2088 848 perpetrata:

393 877 565 933 ruina
610 875 946 944 emergitur.
1006 873 1096 928 Sic
1149 886 1352 941 nempe
1406 876 1640 925 versuta
1689 867 1956 923 discretio
1990 881 2089 936 per

390 963 585 1020 minus
633 963 850 1032 majore
895 961 1019 1017 vult
1053 974 1248 1016 carere
1291 957 1486 1025 exitio,
1519 957 1698 1012 donec
1741 955 1888 1025 patri
1918 957 2088 1011 resti-

391 1060 612 1118 tuatur,
645 1051 701 1107 id
731 1059 832 1117 est,
869 1049 1181 1106 intellectui
1215 1047 1467 1118 plenarie
1497 1061 1620 1102 suo.

460 1140 640 1197 Vsus.
673 1139 763 1204 ‘23,
791 1138 880 1192 24.
916 1168 982 1177 -
1008 1138 1302 1203 Confestim
1327 1137 1500 1203 igitur
1525 1140 1584 1188 ut
1608 1134 1856 1203 pervenit
1881 1133 1953 1185 ad
1970 1133 2089 1198 fra-

390 1232 517 1294 tres,
563 1228 909 1282 nudaverant
939 1241 1057 1279 eum
1096 1227 1280 1279 tunica
1318 1225 1490 1277 talari
1532 1228 1580 1277 et
1607 1223 1894 1291 polymita,
1927 1222 2086 1274 mise-

387 1320 622 1383 runtque
678 1317 738 1368 in
788 1315 1097 1379 cisternam,
1131 1329 1250 1382 quae
1293 1327 1397 1366 non
1455 1311 1686 1365 habebat
1733 1325 1953 1379 aquam.
1993 1309 2088 1364 Ad

387 1405 591 1470 fratres
617 1405 884 1472 pervenit,
917 1416 1048 1457 cum
1079 1401 1150 1456 ad
1175 1399 1426 1456 carnalis
1457 1396 1797 1454 titillationis
1819 1395 2084 1451 effectum

388 1504 448 1544 se
504 1489 723 1546 inserit.
794 1491 996 1546 Tunica
1053 1490 1224 1542 talari
1277 1493 1328 1542 et
1369 1489 1637 1557 polymita
1675 1485 1919 1550 nudant,
1951 1499 2083 1540 cum

387 1577 670 1634 virtutum
730 1577 1007 1632 varietate
1066 1576 1122 1630 in
1173 1590 1292 1645 qua
1347 1587 1708 1643 perseverare
1756 1573 2085 1628 decreverat

389 1667 521 1734 (hoc
549 1665 702 1720 enim
747 1664 876 1720 talis
925 1663 1230 1733 significat)
1279 1662 1619 1731 exspoliant.
1677 1663 1749 1715 In
1795 1663 2085 1714 cisternam

387 1751 508 1806 sine
549 1765 705 1822 aqua
752 1751 1008 1816 mittunt,
1060 1765 1191 1805 cum
1228 1750 1285 1804 in
1337 1749 1636 1818 pristinam
1672 1749 1846 1803 vitam
1877 1747 1932 1802 in
1964 1761 2084 1818 qua

2197 601 2376 656 hentes
2405 619 2523 657 eum
2563 603 2626 656 de
2670 605 2928 670 cisterna,
2979 602 3336 656 vendiderunt
3366 604 3568 669 viginti
3596 605 3868 668 argenteis.

2195 689 2590 760 Acquiescunt
2615 693 2842 758 fratres,
2865 705 3000 747 cum
3030 689 3408 756 verecundiae,
3441 689 3534 745 sed
3568 697 3758 746 tamen
3783 690 3872 744 hu-

2196 793 2381 834 manae
2421 779 2550 835 licet
2607 779 2756 847 utili,
2809 779 3022 836 cedunt
3075 788 3264 835 motus
3320 778 3599 834 carnales.
3653 779 3874 849 Eligant

2195 867 2349 923 enim
2380 866 2588 938 subjici
2627 868 2812 938 magis
2855 867 3256 937 spiritualibus
3299 883 3430 937 quin
3463 868 3658 922 minus
3695 875 3874 937 patent

2195 969 2374 1025 quam
2417 955 2836 1026 corporalibus.
2882 955 3216 1012 Extrahunt
3259 955 3324 1009 de
3368 958 3624 1022 cisterna,
3658 970 3787 1011 cum
3817 955 3876 1010 de

2194 1043 2457 1099 szeculari
2501 1058 2689 1100 mores
2733 1058 2868 1100 suos
2915 1043 3180 1100 adimunt
3225 1044 3361 1110 vita,
3415 1052 3470 1100 et
3507 1044 3614 1103 his.
3657 1045 3756 1114 qui
3789 1059 3876 1114 pro

2195 1131 2423 1201 negotio
2455 1131 2718 1188 favorum
2768 1132 2911 1188 bene
2942 1133 3199 1188 victitare
3231 1132 3535 1200 videntur;
3565 1132 3669 1202 qui
3699 1140 3874 1188 tamen

2195 1220 2539 1288 Madianitze,
2590 1221 2644 1276 id
2696 1229 2780 1277 est
2819 1222 2971 1290 juste
3027 1219 3325 1289 judicandi
3374 1223 3500 1274 sunt
3540 1217 3874 1280 distrahunt,

2193 1309 2331 1364 dum
2363 1309 2433 1364 ad
2473 1323 2672 1366 eorum
2703 1309 2966 1379 exempla
2996 1324 3054 1364 se
3104 1315 3352 1364 vertunt.
3391 1307 3618 1364 Madian
3663 1318 3872 1373 nempe,

2193 1398 2259 1452 de
2276 1396 2491 1467 judicio
2519 1398 2750 1454 dicitur.
2793 1397 3063 1454 Vendunt
3097 1399 3301 1464 viginti
3336 1399 3627 1466 argenteis,
3662 1395 3798 1450 dum
3828 1407 3877 1447 se

2192 1486 2272 1542 eis
2316 1486 2592 1541 imitando
2647 1485 2794 1555 ipsos
2848 1485 3184 1555 subjiciunt,
3235 1484 3621 1554 dispertiendo
3675 1496 3733 1537 se
3788 1495 3880 1550 per

2194 1589 2465 1630 numeros
2502 1573 2873 1644 duplicitatis.
2919 1574 3258 1630 Vicenarius
3303 1573 3456 1628 enim
3496 1571 3876 1641 duplicitatetn

2193 1661 2402 1732 signat,
2461 1662 2636 1732 juxta
2687 1662 2828 1718 illud
2884 1677 2896 1716 :
2951 1663 3012 1716 Si
3036 1665 3211 1731 possit
3257 1678 3375 1715 cum
3425 1661 3600 1714 decem
3647 1659 3878 1712 millibus

2192 1766 2466 1804 occurrere
2494 1753 2564 1815 ei,
2597 1753 2694 1820 qui
2725 1767 2845 1804 cum
2882 1755 3024 1804 I88
3053 1753 3254 1818 viginti
3276 1749 3516 1803 millibus
3551 1751 3698 1802 venit
3732 1747 3805 1800 ad
3832 1763 3878 1800 se

386 1838 549 1894 nulla
593 1803 1021 1908 spiritualitatis
1063 1837 1302 1892 scientia
1339 1803 1446 1903 est,
1501 1836 1827 1892 retrndunt.
1891 1803 2078 1905 (Vs-us.
2123 1803 2164 1862 ο
2193 1839 2339 1908 (Luc.
2373 1854 2483 1906 xiv,
2517 1803 2626 1908 3:1):
2659 1838 2925 1908 Argentei
2956 1852 3089 1893 vero
3111 1803 3258 1908 quia
3286 1851 3559 1893 sonorum
3589 1836 3875 1892 metallum

385 1926 502 1996 25.)
531 1929 602 1981 Et
653 1926 891 1980 sedentes
922 1931 982 1980 ut
1028 1925 1357 1979 comederent
1399 1941 1618 1994 panem,
1663 1924 1917 1978 viderunt
1960 1926 2082 1978 via-

387 2018 524 2069 tores
569 2015 877 2070 Ismaelitas
921 2016 1101 2068 venire
1142 2013 1208 2067 de
1257 2013 1498 2078 Galaad,
1547 2019 1597 2066 et
1625 2013 1850 2066 camelos
1878 2027 2078 2080 eorum,

382 2108 667 2173 portantes
709 2108 980 2171 aromata,
1027 2107 1078 2156 et
1124 2105 1385 2170 resinam,
1438 2107 1490 2154 et
1537 2105 1740 2155 stacten
1795 2103 1854 2153 in
1911 2103 2079 2170 Egy-

382 2197 560 2262 ptum.
612 2191 820 2250 Sedent
864 2196 927 2245 ut
951 2206 1148 2260 panem
1178 2189 1498 2257 comedant,
1533 2189 1674 2259 quia
1723 2195 1877 2244 statu
1921 2189 2081 2244 recti-

384 2279 602 2336 tudinis
651 2279 880 2346 amisso,
930 2279 1167 2334 remisse
1214 2285 1418 2348 agunt,
1469 2284 1533 2333 ut
1579 2291 1638 2332 se
1669 2275 1962 2346 temporali
1985 2277 2080 2347 jo-

388 2366 682 2424 cunditate
711 2366 989 2422 reﬁciant.
1021 2365 1196 2420 Panis
1223 2365 1374 2420 enim
1405 2365 1511 2420 hoc
1535 2364 1840 2435 significat,
1868 2367 1929 2419 ut
1957 2371 2075 2418 est:

383 2455 784 2510 Abominabilis
815 2453 882 2524 ﬁt
909 2456 961 2507 ei
990 2456 1157 2523 panis
1195 2455 1254 2507 in
1283 2455 1398 2507 vita
1425 2467 1528 2508 sua
1573 2452 1694 2521 (Job
1735 2467 1932 2518 χχχιιι,
1966 2451 2076 2522 20).

390 2541 706 2598 lsmaelitas
738 2541 1036 2596 obedientes
1073 2541 1182 2596 sibi
1224 2541 1668 2610 interpretamus
1704 2543 1947 2596 Viatores
1973 2554 2077 2596 au-

383 2639 496 2687 tem
526 2630 802 2686 dicuntur
831 2629 931 2700 qui
989 2643 1089 2699 per
1129 2629 1299 2696 viam,
1332 2644 1464 2699 quae
1503 2628 1766 2685 Christus
1809 2636 1911 2696 est,
1949 2643 2078 2683 am-

383 2718 585 2775 bulare
617 2717 907 2785 videntur,
941 2717 1039 2772 sed
1089 2725 1279 2773 tamen
1317 2717 1426 2772 sibi
1455 2715 1750 2784 obediunt,
1791 2718 1932 2786 quia
1961 2731 2076 2772 non

381 2805 522 2873 Dei,
571 2805 668 2861 sed
712 2819 876 2860 suam
925 2805 982 2859 in
1032 2805 1122 2860 his
1150 2804 1603 2860 exhibitionibus
1642 2805 1871 2860 laudem
1916 2819 2075 2875 quie-

383 2901 540 2950 runt.
576 2894 690 2949 Hos
731 2896 911 2947 venire
960 2893 1028 2946 de
1073 2893 1289 2949 Gafaad
1337 2893 1554 2961 vident,
1587 2893 1727 2962 quia
1772 2893 1841 2948 de
1870 2906 2076 2949 acervo

381 2981 712 3048 testimonii,
763 2981 819 3036 id
857 2987 942 3036 est
987 2980 1058 3036 de
1096 2981 1422 3050 frequentia
1457 2989 1809 3046 sanctorum,
1865 2981 1966 3050 qui
2016 2995 2074 3036 se

381 3069 654 3140 operibus
693 3069 764 3124 ad
797 3069 1000 3124 electos
1041 3070 1324 3138 pertinere
1357 3077 1658 3137 testantur,
1700 3083 1800 3139 per
1825 3069 2074 3140 exempli

377 3159 797 3215 traductionem
847 3157 1186 3214 descendere
1225 3158 1410 3228 specie
1449 3165 1618 3214 tenus
1667 3165 1918 3213 censent.
1959 3158 2074 3213 Ca-

375 3247 508 3302 meli
537 3260 738 3302 eorum
772 3253 1002 3316 portant
1035 3245 1090 3300 in
1133 3246 1468 3316 Egyptum,
1509 3259 1643 3302 cum
1674 3259 1912 3316 corpora
1943 3260 2074 3316 quae

376 3335 449 3391 ob
479 3335 568 3391 sui
599 3335 827 3405 pondus
855 3333 1058 3390 cameli
1089 3341 1392 3401 vocantur,
1421 3333 1561 3404 quia
1587 3341 1912 3404 aggravant
1939 3334 2072 3389 ani-

374 3435 529 3478 mam
572 3423 727 3495 (Sap.
771 3437 850 3489 ιχ,
904 3425 1014 3491 15),
1066 3421 1214 3478 bona
1261 3421 1532 3492 quaslibet
1577 3423 1794 3492 quibus
1839 3437 1954 3478 non
1998 3421 2069 3478 ad

377 3511 474 3566 Dei
513 3511 808 3577 honorem,
858 3509 954 3565 sed
990 3509 1062 3564 ad
1093 3509 1287 3565 saeculi
1331 3511 1766 3566 ostentationem
1816 3509 2072 3566 redolent

373 3597 732 3655 solummodo
776 3597 1137 3653 extrinsecus
1188 3597 1522 3667 praeferunt.
1574 3599 1857 3668 Egyptus
1917 3597 2071 3654 enim

373 3685 652 3742 saeculum
692 3684 903 3756 signat,
954 3684 1108 3740 unde
1138 3691 1222 3740 est
1273 3699 1286 3738 :
1319 3685 1450 3739 Non
1495 3685 1894 3740 abominaberis
1926 3687 2071 3753 Egy-

370 3776 552 3844 ptium
599 3776 776 3841 (Deut.
823 3787 982 3840 χχιιι,
1033 3772 1121 3842 7);
1170 3772 1544 3830 odoramenta
1585 3787 1722 3830 vero
1763 3773 2072 3829 forinsecas

372 3862 618 3919 virtutes
649 3861 970 3918 insinuant.

446 3949 617 4006 Vnus.
651 3952 740 4018 26,
777 3954 866 4003 27.
902 3979 971 3990 —-
1005 3953 1159 4005 Dixit
1206 3965 1331 4017 ergo
1369 3949 1542 4004 Iudas
1589 3950 1865 4016 fratribus
1901 3952 2017 4004 suis
2053 3964 2066 4004 :

374 4037 518 4105 Quid
561 4039 712 4093 nobis
766 4038 1011 4108 prodest,
1055 4041 1107 4092 si
1146 4039 1498 4093 occiderimus
1538 4039 1770 4104 fratrem
1823 4044 2072 4094 nostrum

372 4130 424 4180 et
453 4127 803 4181 celaverimus
842 4129 1162 4192 sanguinem
1192 4129 1408 4196 ipsius?
1456 4127 1648 4180 Melius
1676 4132 1754 4182 est
1778 4131 1838 4180 ut
1865 4126 2070 4180 venda-

376 4219 467 4269 tur
494 4215 814 4280 Ismaelitis,
849 4219 900 4268 et
929 4229 1122 4269 manus
1160 4220 1356 4269 nostra
1384 4230 1490 4269 non
1517 4215 1868 4284 polluantur;
1893 4218 2072 4283 frater

373 4305 517 4356 enim
553 4307 604 4356 et
649 4317 776 4356 caro
825 4308 1014 4356 nostra
1043 4308 1140 4358 est.
1181 4303 1361 4359 Iudas
1407 4303 1619 4360 dicitur
1656 4307 1938 4371 confessio.
1970 4304 2066 4360 So-

377 4390 453 4447 let
508 4397 700 4446 autem
753 4391 977 4446 obstare
1034 4390 1350 4461 plurimum
1405 4406 1639 4462 peccaro
1689 4392 2015 4448 volentibus

376 4478 502 4548 ipsa
558 4486 680 4548 post
731 4487 1027 4549 peccatum
1081 4481 1384 4537 necessitas
1444 4481 1828 4537 confessionis.
1884 4480 2064 4536 Pudet

375 4568 531 4622 enim
569 4574 918 4637 perpetrare,
969 4569 1124 4638 quod
1164 4569 1344 4625 multo
1383 4570 1570 4640 magis
1599 4569 1855 4625 confiteri
1881 4567 2070 4638 pudor

375 4661 478 4710 est.
539 4655 780 4722 Qualem,
839 4655 1048 4726 inquit,
1105 4659 1348 4724 fructum
1403 4657 1699 4723 habuistis;
1760 4659 1818 4711 in
1872 4655 2068 4724 quibus

372 4758 516 4798 nunc
543 4744 896 4799 erubescitis?
935 4747 1102 4814 (Rom.
1136 4761 1212 4812 γι,
1244 4745 1356 4815 21.)
1389 4745 1727 4801 Reverentia
1755 4758 1894 4814 ergo
1931 4758 2065 4799 con-

375 4831 638 4887 fessionis
680 4831 850 4888 infert
898 4833 1148 4890 motibus
1193 4833 1408 4904 pravis.
1449 4833 1614 4898 Quid,
1660 4831 1760 4898 ait,
1816 4831 2069 4901 proderit

373 4933 409 4975 a
456 4919 608 4974 bona
650 4919 945 4976 voluntate
987 4920 1247 4988 deficere,
1293 4927 1348 4976 et
1379 4918 1586 4974 letbale
1627 4919 1841 4975 crimen
1873 4919 2068 4976 animo

373 5007 654 5075 incutere,
689 5007 846 5076 quod
877 5023 1014 5076 non,
1046 5023 1181 5064 cum
1216 5013 1603 5078 perpetratum
1639 5007 1831 5073 fuerit,
1867 5008 2068 5076 poterit

372 5108 536 5150 mens
579 5094 702 5164 ipsa
729 5095 932 5166 celare,
965 5097 1011 5152 si
1056 5096 1302 5167 propriae
1349 5093 1485 5150 velit
1531 5093 1702 5150 saluti
1732 5094 2069 5151 consulere?

379 5179 662 5238 Vendatur
711 5183 1036 5248 Ismaelitis,
1080 5179 1514 5250 bypocritarum
1554 5179 1767 5236 scilicet
1804 5180 2070 5238 tradatur

371 5269 670 5340 exemplis,
693 5277 749 5326 et
781 5271 1032 5326 exterior
1060 5269 1206 5324 actio
1227 5276 1424 5323 nostra
1443 5281 1560 5323 non
1583 5267 1878 5338 polluatur
1903 5283 2068 5326 naevo

371 5357 559 5428 culpae
589 5358 876 5427 notabilis,
900 5357 1041 5428 quia
1061 5356 1182 5425 ipse
1203 5355 1459 5422 affectus,
1479 5355 1524 5411 si
1556 5371 1656 5426 per
1686 5358 1877 5427 turpia
1894 5371 2068 5428 Opera

373 5446 706 5514 infametur,
750 5453 905 5501 tanta
937 5443 1368 5513 propinquitate
1419 5445 1582 5500 nobis
1612 5444 1972 5515 adjungitur,
2003 5452 2069 5502 ut

373 5549 475 5606 per
521 5535 681 5591 hunc
733 5549 858 5588 caro
907 5536 1123 5596 nostra,
1182 5530 1237 5586 id
1287 5539 1371 5588 est
1417 5537 1533 5588 tota
1577 5533 1941 5590 exterioritas
1987 5534 2069 5590 vi-

401 5637 572 5678 lellll'.

401 5630 416 5678 i
479 5637 572 5678 ur.

373 5630 618 5769 teVnus.
653 5711 743 5764 28.
775 5737 845 5750 —
883 5708 1286 5776 Acquieverunt
1311 5712 1516 5776 fratres
1552 5709 1886 5766 sermonibus
1926 5710 2064 5782 ejus.

2045 4435 2148 4496 ΞΒ

2190 1934 2294 1994 est,
2327 1927 2483 1982 illius
2514 1926 2747 1982 tantillze
2771 1926 2936 1982 famae
2967 1925 3235 1982 tinnitum
3266 1925 3613 1995 significant,
3636 1931 3693 1980 et
3716 1923 3875 1978 verba

2190 2014 2554 2070 laudantium
2613 2015 2778 2084 quasi
2837 2015 3105 2085 quaedam
3162 2027 3535 2070 nummorum
3589 2010 3874 2082 particula)

2189 2108 2471 2157 constant.
2513 2103 2624 2166 Qui
2652 2102 2928 2156 duxerunt
2956 2119 3074 2156 eum
3114 2105 3173 2156 in
3211 2104 3504 2170 Egyptum
3537 2115 3548 2154 :
3581 2099 3724 2169 quia
3751 2097 3874 2153 imi-

2188 2190 2417 2246 tationis
2445 2204 2564 2244 suae
2597 2189 2874 2246 illecebris
2913 2198 3136 2258 actum,
3180 2190 3252 2245 ad
3285 2189 3460 2245 solius
3484 2185 3875 2244 szecularitatis

2187 2278 2532 2348 pertrahunt
2567 2277 2869 2334 ambitum.

2259 2366 2431 2422 Vnus.
2470 2369 2560 2432 29,
2612 2368 2698 2421 30.
2746 2399 2814 2406 —
2845 2367 3221 2436 Reversusque
3251 2365 3434 2422 Ruben
3487 2364 3561 2419 ad
3591 2366 3870 2418 cisternam

2184 2471 2290 2509 non
2319 2457 2524 2509 invenit
2560 2470 2786 2523 puerum
2822 2459 2873 2508 et
2910 2457 3094 2509 scissis
3120 2455 3358 2509 vestibus
3391 2468 3619 2523 pergens
3653 2451 3728 2505 ad
3753 2454 3871 2517 fra-

2187 2548 2314 2610 tres,
2346 2545 2426 2598 ait
2475 2558 2490 2598 :
2543 2545 2684 2597 Puer
2710 2559 2818 2598 non
2849 2548 3140 2613 comparet,
3185 2548 3236 2598 et
3275 2559 3369 2610 ego
3399 2558 3502 2612 quo
3531 2542 3658 2596 ibo?
3689 2539 3870 2594 Ruben

2183 2632 2259 2686 ad
2288 2633 2576 2686 cisternam
2619 2631 2945 2699 revertitur,
2995 2638 3044 2685 et
3074 2647 3304 2701 puerum
3333 2647 3440 2686 non
3469 2633 3697 2696 invenit,
3745 2641 3869 2684 cum

2185 2719 2450 2775 discretio
2500 2726 2696 2774 nostra
2739 2719 2810 2775 ad
2861 2721 3068 2775 veteris
3107 2719 3238 2775 vitae
3284 2726 3498 2774 statum
3546 2715 3872 2772 considera-

2185 2807 2338 2863 tione
2367 2807 2619 2874 ducitur,
2649 2807 2746 2863 sed
2771 2807 2892 2876 jam
2923 2806 3181 2875 affectus,
3209 2814 3275 2863 ut
3302 2807 3424 2862 fieri
3453 2805 3614 2872 solet,
3645 2804 3716 2859 ad
3749 2816 3872 2858 car-

2183 2895 2342 2950 nalia
2367 2910 2660 2966 quemque
2696 2895 2876 2951 relabi
2908 2895 2986 2951 ibi
3019 2910 3132 2951 non
3164 2895 3459 2951 invenitur
3489 2895 3629 2964 quia
3657 2890 3871 2961 laqueis

2182 2984 2548 3050 cenodoxite,
2601 2998 2734 3053 quas
2785 2984 2884 3038 vix
2935 2983 3006 3038 ad
3059 2983 3476 3052 simplicitatem
3533 2988 3866 3042 revocatur,

2111 3111 2154 3168 ο
2183 3070 2457 3138 irrelitur,
2513 3071 2693 3128 multo
2735 3085 2873 3127 sane
2915 3071 3178 3127 deterius.
3227 3071 3422 3126 Vestes
3466 3069 3694 3136 scindit,
3723 3077 3776 3124 et
3803 3067 3868 3120 ad

2180 3161 2385 3226 fratres
2435 3159 2656 3229 pergit,
2707 3173 2840 3215 cum
2887 3165 3088 3214 sancta
3128 3173 3326 3228 opera,
3383 3173 3513 3229 quae
3559 3159 3673 3214 Deo
3721 3155 3866 3213 uniri

2181 3247 2410 3316 debent,
2453 3261 2553 3317 per
2599 3261 2700 3303 ora
2728 3255 2782 3303 et
2809 3247 3006 3304 oculos
3035 3247 3332 3303 hominum
3369 3247 3623 3316 dispersa
3655 3245 3869 3300 favora-

2179 3335 2310 3391 liter
2337 3335 2600 3402 ostendit,
2633 3343 2688 3392 et
2729 3335 2798 3391 ad
2841 3334 3127 3390 interioris
3169 3335 3418 3390 hominis
3456 3347 3661 3404 pravos
3692 3339 3868 3388 motus

2179 3423 2518 3494 corrigendo
2549 3423 2643 3494 agi
2677 3423 2781 3478 ista
2811 3423 3049 3494 ingemit
3080 3437 3093 3476 :
3137 3425 3225 3478 γε
3243 3422 3394 3477 enim
3417 3422 3750 3490 ingredienti
3779 3425 3868 3474 ter-

2176 3528 2298 3566 ram
2327 3511 2539 3566 duabus
2569 3514 2676 3566 viis
2698 3513 2889 3581 (Eccli.
2914 3526 2974 3577 ιι,
3003 3510 3108 3580 14.)
3132 3509 3402 3577 Affectus,
3430 3510 3638 3580 inquit,
3665 3509 3868 3565 irrecu-

2179 3598 2508 3668 perabiliter
2556 3614 2656 3670 per
2703 3600 2900 3655 inanes
2945 3599 3158 3670 glorias
3195 3599 3427 3668 elapsus
3477 3606 3600 3664 est,
3651 3597 3710 3653 in
3761 3610 3867 3666 quo

2177 3702 2304 3744 mea
2329 3688 2450 3759 jam
2482 3689 2732 3759 perficiet
2761 3688 3047 3757 discretio,
3083 3688 3184 3746 ubi
3205 3688 3403 3744 nullus
3430 3687 3657 3758 pietatis
3675 3700 3869 3742 sensus

2177 3781 2273 3832 θεῖ.

2249 3863 2420 3921 Vnus.
2468 3868 2556 3932 31,
2593 3869 2677 3920 32.
2727 3897 2794 3904 -
2847 3865 3106 3920 Tuterunt
3154 3870 3330 3919 autem
3377 3867 3617 3919 tunicam
3656 3865 3794 3934 ejus,
3825 3866 3869 3917 et

2178 3955 2239 4007 in
2275 3955 2542 4020 sanguine
2568 3951 2733 4019 haedi,
2776 3968 2932 4021 quem
2960 3952 3285 4018 occiderant,
3316 3954 3617 4017 tinxerunt,
3653 3953 3868 4005 mitten-

2180 4045 2255 4096 tes
2293 4043 2390 4109 qui
2434 4043 2643 4106 ferrent
2680 4039 2754 4094 ad
2780 4043 2994 4108 patrem
3032 4045 3082 4093 et
3113 4040 3350 4092 dicerent
3391 4055 3404 4092 :
3455 4039 3624 4093 Hanc
3655 4039 3868 4092 inveni—

2176 4143 2326 4195 mus;
2359 4128 2485 4183 vide
2510 4134 2696 4182 utrum
2743 4132 2926 4181 tunica
2963 4128 3070 4195 ﬁlii
3114 4130 3196 4181 tui
3223 4130 3315 4192 sit,
3363 4143 3434 4181 an
3479 4143 3603 4180 non.
3654 4126 3867 4182 Tunica

2176 4216 2322 4288 ejus,
2357 4215 2539 4286 ipsius
2578 4227 2662 4271 est
2702 4215 2936 4271 interior
2965 4213 3390 4270 aﬁectualitatis
3433 4215 3686 4270 habitus.
3717 4215 3866 4268 Hanc

2176 4305 2236 4358 in
2287 4305 2555 4372 sanguine
2602 4302 2764 4369 hzdi,
2821 4317 2977 4370 quem
3031 4303 3354 4369 occiderant,
3415 4303 3680 4372 tingunt,
3740 4314 3861 4357 cum

2173 4391 2454 4448 desiderio
2500 4390 2712 4461 peccati
2761 4390 3030 4456 carnalis,
3075 4391 3229 4461 quod
3272 4391 3329 4446 in
3375 4391 3607 4446 modum
3649 4389 3864 4446 cruoris

2172 4479 2444 4546 decurrit,
2495 4478 2853 4534 conscientiae
2899 4487 3115 4534 statum
3143 4478 3430 4548 polluunt.
3473 4479 3688 4534 Haedus
3715 4491 3862 4534 nam-

2178 4581 2312 4638 que,
2348 4583 2504 4636 quem
2541 4566 2868 4635 occiderant,
2913 4566 3200 4638 ﬂagitium
3247 4576 3350 4632 est,
3393 4567 3547 4638 quod
3578 4567 3862 4622 commise-

2178 4662 2339 4723 rant;
2407 4653 2547 4710 solet
2592 4654 2745 4710 enim
2806 4663 2978 4724 typus
3033 4654 3222 4710 inanis
3272 4654 3468 4725 glorise
3522 4654 3716 4710 retiari
3775 4665 3862 4724 per

2176 4742 2441 4799 effectum
2471 4741 2721 4798 carnalis
2764 4742 2969 4812 culpze.
3020 4743 3256 4798 Mittunt
3301 4747 3398 4811 qui
3446 4742 3641 4799 ferunt
3671 4743 3746 4797 ad
3771 4759 3862 4811 pa-

2179 4835 2332 4890 trem.
2381 4845 2510 4888 cum
2558 4830 2971 4901 cogitationum
3018 4831 3288 4886 versutiis
3317 4831 3742 4902 aggrediuntur
3787 4843 3862 4885 ra-

2176 4919 2410 4976 tionem.
2444 4919 2707 4986 Attende,
2751 4919 2936 4988 aiunt,
2985 4919 3045 4974 in
3085 4933 3256 4990 quem
3306 4919 3568 4974 habitum
3611 4917 3860 4981 affectus,

2177 5022 2352 5078 quem
2381 5008 2524 5064 bene
2563 5008 2674 5063 Deo
2724 5009 3009 5078 peperisse
3054 5007 3362 5074 videbaris,
3411 5007 3739 5073 deﬂuxerit,
3771 5011 3862 5060 aut

2177 5096 2318 5152 forte
2358 5097 2405 5151 si
2454 5096 2624 5152 talem
2673 5095 2774 5151 tibi
2818 5110 2932 5152 non
2979 5097 3340 5165 ascripseris,
3392 5096 3516 5150 vide
3571 5096 3727 5152 unde
3775 5090 3860 5150 tali

2177 5185 2526 5240 conscientia
2571 5184 2890 5251 emerseris,
2941 5191 2995 5240 et
3046 5192 3198 5240 certe
3239 5183 3294 5239 in
3345 5197 3462 5254 quo
3510 5193 3861 5252 perseverare

2177 5286 2293 5328 non
2338 5281 2594 5342 poteras,
2645 5286 2951 5342 nunquam
3007 5271 3239 5328 virtutis
3293 5271 3549 5328 studium
3608 5271 3860 5328 affectare

2177 5360 2462 5417 debueris.
3463 5347 3470 5356 ’

2250 5449 2417 5505 Vnus.
2476 5451 2562 5504 33.
2607 5480 2676 5488 —-
2727 5451 2936 5503 Tunica
2981 5448 3091 5508 ﬁlii
3146 5450 3252 5502 mei
3308 5454 3406 5514 est,
3461 5449 3586 5514 fera
3637 5447 3856 5518 pessima

2177 5537 2422 5602 comedit,
2484 5536 2657 5591 bestia
2713 5535 2997 5590 devoravit
3039 5536 3261 5604 Joseph.
3315 5535 3594 5602 Habitus,
3655 5532 3852 5604 inquit,

2177 5624 2494 5681 affectionis
2526 5639 2664 5679 meae
2707 5637 2909 5679 revera
2938 5622 2984 5678 is
3013 5629 3118 5690 est,
3160 5623 3256 5678 sed
3295 5623 3634 5680 crudelitate
3661 5618 3853 5679 diaboli

2173 5719 2230 5769 et
2256 5711 2576 5768 carnalium
2612 5710 2775 5768 ferali
2806 5711 3025 5781 impetu
3053 5709 3420 5782 voluptatum
3446 5717 3751 5783 corruptus
3777 5713 3852 5762 est
