3950 6440
91 374 168 429 28f
1340 367 1704 425 MORALIUM
1746 366 1811 422 ΙΝ
1853 361 2159 425 GENESIN
2202 367 2332 423 LIB.
2375 368 2463 424 ΙΧ.

3474 376 3581 429 262

87 505 216 562 Solet
242 501 586 559 humanitus
614 505 742 556 acta
768 497 931 566 ratio,
956 498 1124 568 quasi
1144 497 1470 554 daemonum
1493 506 1548 554 et
1573 498 1768 554 carnis
1805 501 1852 554 Α
1882 498 2253 570 telligibiliter
2283 498 2563 570 loquitur,
2598 507 2653 556 et
2683 499 2915 558 lenitate
2940 501 3181 571 spiritus
3210 503 3298 559 vel
3327 518 3582 561 concen-

86 593 347 655 violentia,
410 597 614 661 sponte
660 596 818 644 actas
863 586 1153 656 nequitias
1207 600 1509 643 excusare.
1560 586 1767 657 Ioseph

86 683 147 738 ab
175 681 256 736 his
279 688 359 735 est
393 678 726 743 devoratus,
757 675 898 746 quia
923 676 996 731 ab
1038 674 1124 729 his
1160 683 1540 745 consumptus
1575 675 1767 731 credi—

85 777 170 827 tur
212 769 379 825 totius
440 767 666 837 pietatis
721 772 777 821 et
831 763 1169 835 proficiendi
1213 766 1524 834 appetitus.
1565 765 1764 833 (Vnus.

86 857 187 926 3i.)
221 857 523 924 Scissisque
567 854 826 918 vestibus,
886 851 1112 906 indutus
1158 855 1238 906 est
1303 854 1501 918 cilicio,
1579 853 1767 920 lugens

81 947 239 1015 ﬁlium
291 945 463 999 multo
521 948 773 1012 tempore.
828 941 1025 998 Vestes
1070 941 1301 1009 scindit,
1356 956 1489 997 cum
1547 941 1769 997 unitate

85 1032 396 1089 intentionis
431 1030 645 1087 amissa
672 1043 820 1100 opus
854 1029 1177 1099 proprium,
1216 1043 1335 1099 quo
1366 1029 1624 1084 membra
1662 1043 1770 1084 sua

83 1135 241 1192 super
295 1129 510 1176 terram
556 1126 856 1189 contegere
904 1117 1090 1185 debet,
1141 1131 1239 1187 per
1290 1117 1488 1172 inania
1533 1117 1765 1188 disjicit.

82 1210 254 1267 Cilicio
278 1208 562 1274 induitur,
604 1220 735 1262 cum
761 1205 1123 1274 voluptatum
1152 1204 1403 1260 stimulis
1440 1204 1767 1261 circumda-

85 1305 185 1354 tur.
215 1297 396 1368 Luget
429 1296 611 1361 ﬁlium
649 1295 816 1349 multo
861 1299 1113 1363 tempore,
1157 1308 1293 1349 cum
1332 1293 1495 1349 luctu
1524 1294 1768 1365 dignum

82 1399 241 1442 suum
259 1384 506 1440 ostendit
524 1381 796 1439 affectum
823 1382 1072 1438 assidue.
1103 1381 1297 1453 (Vens.
1319 1381 1431 1451 35.)
1456 1384 1770 1451 Congrega-

86 1477 146 1529 tis
170 1479 343 1527 autem
372 1474 580 1527 cunctis
602 1472 786 1526 liberis
811 1471 948 1540 ejus,
981 1475 1041 1525 ut
1062 1472 1287 1525 linirent
1306 1470 1541 1524 dolorem
1556 1473 1765 1542 patris,

81 1564 241 1617 noluit
268 1562 686 1616 consolationem
715 1562 954 1629 recipere
983 1563 1034 1613 et
1061 1562 1179 1613 ait:
1222 1559 1557 1614 Descendam
1591 1561 1667 1614 ad
1692 1565 1767 1631 fi-

82 1654 203 1705 lium
218 1652 406 1720 lugens
428 1653 486 1705 in
507 1653 806 1718 infernum.
836 1650 1023 1706 Liberi
1046 1659 1494 1721 congregantur,
1520 1666 1651 1707 cum
1676 1665 1767 1707 ra-

81 1742 236 1796 tionis
265 1741 438 1807 vires,
459 1754 591 1810 quae
608 1740 675 1795 de
701 1739 910 1809 peccati
944 1739 1178 1795 servitio
1201 1740 1272 1795 ad
1300 1739 1618 1795 libertatem
1636 1739 1769 1795 vitm

80 1844 173 1885 nos
215 1837 513 1893 revocant,
571 1829 664 1884 Dei
696 1828 898 1883 timore
927 1828 999 1882 ad
1050 1830 1279 1897 tempus
1320 1835 1764 1898 coaggerantur.

80 1919 299 1974 Liniunt
319 1925 377 1974 et
409 1917 692 1974 consolari
724 1916 927 1973 volunt
957 1917 1193 1971 dolorem
1224 1919 1427 1986 patris,
1462 1931 1596 1972 cum
1635 1930 1769 1986 pec-

76 2007 177 2062 cati
205 2006 502 2062 miseriam
535 2020 635 2076 per
673 2005 1064 2061 conversionis
1092 2012 1145 2060 et
1182 2005 1530 2074 pmniteutite
1580 2020 1771 2061 reme-

77 2095 225 2151 dium
257 2103 584 2165 temperare
614 2095 903 2150 nituntur.
934 2092 1037 2149 Sed
1063 2107 1161 2161 per
1179 2091 1445 2149 eifectum
1472 2108 1768 2164 recusans,

76 2192 124 2240 et
155 2184 424 2239 sentienti
456 2198 592 2239 cum
640 2184 752 2238 Deo
800 2181 1007 2251 spiritu
1056 2196 1171 2238 non
1223 2181 1480 2249 credens,
1527 2182 1770 2238 dolendo

75 2273 238 2329 exitio
285 2272 519 2328 devolvi
585 2285 644 2327 se
713 2270 935 2341 patitur
997 2271 1055 2325 in
1119 2269 1533 2340 desperationis
1598 2270 1769 2326 bara-

76 2361 280 2428 thrum,
342 2367 472 2430 post
539 2372 734 2430 pravae
785 2357 1177 2414 delectationis
1232 2356 1524 2425 allectum,
1578 2357 1634 2413 id
1685 2364 1772 2414 est

78 2448 270 2504 filium.

144 2537 306 2594 Vsus.
344 2539 437 2591 36.
473 2567 541 2577 —
580 2539 650 2591 Et
695 2536 794 2590 illo
833 2542 1212 2606 perseverante
1256 2538 1316 2590 in
1362 2538 1510 2605 ﬂetu,
1561 2524 1772 2591 Mattia-

72 2627 193 2679 nitz
220 2625 593 2681 vendiderunt
627 2624 824 2694 Ioseph
859 2626 918 2678 in
955 2626 1197 2694 Egypto
1226 2625 1502 2693 Putiphar
1529 2625 1769 2679 eunucho

72 2714 386 2779 Pharaonis,
428 2715 698 2779 magistro
738 2713 966 2767 militiae.
1009 2711 1228 2782 Spiritu
1263 2719 1460 2769 nostro
1494 2712 1633 2768 ﬂetu
1676 2713 1767 2767 di-

74 2816 178 2872 gna
205 2816 384 2872 opera
416 2809 854 2872 perseveranter
891 2809 1115 2872 agente,
1146 2801 1376 2871 Joseph,
1414 2801 1623 2864 bonus,
1653 2802 1769 2856 sci-

71 2889 188 2946 licet
223 2898 423 2947 noster
453 2889 747 2960 appetitus
777 2888 1039 2958 exemplo
1070 2903 1272 2945 eorum
1305 2889 1407 2958 qui
1456 2889 1524 2945 de
1549 2889 1768 2959 judicio

69 2986 213 3045 sunt,
259 2986 316 3035 et
347 2979 425 3034 ad
474 2977 797 3049 puniendos
846 2978 1154 3048 pertinent,
1196 2977 1481 3049 Egyptian
1526 2977 1768 3034 caecitati

68 3068 482 3124 contradicitur
509 3082 526 3136 ;
554 3066 835 3136 Putiphar
866 3066 1277 3136 interpretatur
1301 3082 1361 3121 os
1391 3068 1664 3121 inclinans
1696 3067 1771 3122 ad
1806 3107 1848 3162 ϐ

68 3155 464 3213 dissecandum.
519 3154 593 3212 Os
643 3155 959 3226 appetitum
1012 3169 1263 3225 nequam
1313 3155 1620 3227 significat,
1667 3155 1769 3224 qui

68 3256 281 3314 semper
312 3258 540 3315 pronus
566 3252 648 3301 est
679 3244 751 3300 ad
783 3243 1254 3313 disperdendum.
1298 3243 1624 3299 Eunuchus
1661 3251 1765 3312 est,

68 3340 116 3388 et
143 3334 422 3406 magister
460 3333 703 3400 militiae,
743 3332 883 3403 quia
926 3332 1000 3388 ab
1032 3331 1188 3388 omni
1229 3332 1376 3387 bono
1407 3332 1618 3388 sterilis
1661 3340 1765 3401 est,

66 3430 115 3477 et
177 3423 355 3479 totius
432 3420 709 3478 vitiorum
770 3421 1059 3478 exercitus
1130 3420 1411 3491 princeps.
1476 3421 1531 3476 Is
1589 3421 1768 3491 pretio

65 3511 472 3581 temporalium
540 3510 904 3581 voluptatum
963 3510 1071 3565 sibi
1117 3509 1384 3565 distrahit
1437 3508 1767 3578 proficiendi

66 3600 350 3658 allectum.

619 3670 851 3728 CAPUT
892 3670 1210 3727 XXXVIII.

127 3780 296 3838 Vnus.
359 3784 411 3836 1.
449 3809 523 3821 -
554 3780 640 3834 Eo
692 3783 942 3848 tempore,
988 3778 1159 3833 Iudas
1190 3778 1512 3833 descendens
1559 3794 1594 3831 a
1637 3780 1763 3845 fra-

65 3870 250 3936 tribus,
285 3869 524 3922 diuertit
560 3866 634 3920 ad
663 3869 843 3920 virum
882 3866 1278 3931 Odollamitem,
1308 3867 1522 3920 nomine
1552 3866 1763 3920 Hiram.

64 3953 249 4014 Iudas.
310 3956 631 4021 confessio;
692 3953 875 4020 Hiras,
928 3954 1129 4019 fratris
1176 3954 1283 4006 mei
1337 3954 1475 4006 visio
1531 3950 1766 4007 dicitur.

64 4041 199 4099 Cum
248 4044 493 4100 animus
549 4042 624 4097 ita
668 4055 701 4096 a
752 4055 811 4096 se
858 4040 1160 4106 dividitur,
1223 4041 1499 4097 memoria
1554 4046 1767 4096 sanctae

68 4133 451 4199 confessionis,
506 4145 640 4201 quae
671 4143 851 4200 supra
895 4144 1075 4200 puero
1114 4137 1329 4196 tenero,
1373 4128 1585 4184 scilicet
1631 4142 1765 4199 pro-

69 4222 257 4290 posito,
314 4221 479 4291 parci
528 4218 768 4285 monuit,
801 4232 836 4273 a
864 4218 1137 4289 superbia
1185 4217 1452 4285 fratrum,
1494 4230 1768 4284 corpora-

68 4311 202 4367 lium
230 4311 504 4366 videlicet
535 4307 972 4374 desideriorum,
1013 4321 1133 4363 sese
1166 4307 1487 4372 demittens,
1537 4304 1769 4361 divertit

68 4415 99 4456 a
150 4399 420 4456 saeculari
467 4396 715 4467 strepitu
761 4397 832 4451 ad
881 4395 1028 4466 ejus,
1079 4397 1182 4467 qui
1228 4410 1361 4451 vere
1397 4395 1608 4451 unicus
1644 4393 1769 4450 fra-

66 4496 144 4545 ter
161 4496 260 4556 est,
293 4489 434 4543 Iesu
476 4485 690 4542 Christi
730 4484 1027 4540 visionem.
1078 4483 1185 4550 Qui
1228 4483 1350 4539 ideo
1396 4484 1487 4539 vir
1529 4482 1767 4554 dicitur,

62 4578 193 4648 quia
224 4577 284 4633 in
327 4590 397 4631 eo
430 4574 517 4629 nil
549 4573 661 4628 nisi
690 4572 924 4629 virtutis
966 4586 1194 4628 summa
1238 4572 1486 4628 videtur.
1530 4570 1765 4628 Odolla—

62 4666 238 4726 mites,
289 4663 669 4719 testimonium
713 4665 773 4715 in
823 4677 969 4730 aqua
1012 4668 1193 4716 sonat.
1247 4662 1311 4715 In
1360 4673 1517 4731 aqua
1568 4667 1765 4715 autem

60 4754 417 4826 baptismatis
458 4750 752 4807 Christum
788 4749 976 4820 ipsum
1018 4749 1317 4805 induimus
1348 4749 1490 4818 (Gal.
1530 4764 1609 4817 Ill,
1648 4750 1760 4819 27),

60 4844 144 4898 cui
172 4844 312 4899 dum
350 4841 510 4897 facto
556 4837 1021 4897 contradicimus.
1061 4838 1119 4893 in
1164 4837 1274 4893 hac
1306 4851 1462 4907 aqua
1506 4837 1764 4893 testimo-

61 4931 211 4988 nium
236 4937 446 4987 contra
482 4940 592 4982 nos
614 4926 908 4994 ferentem,
931 4927 1071 4983 dum
1101 4928 1151 4982 ei
1180 4926 1428 4983 videndo
1461 4934 1763 4996 tamquam

61 5020 211 5076 fratri
239 5017 628 5082 intendimus,
663 5013 1010 5071 invenimus.

118 5108 280 5166 Vsus.
312 5112 369 5164 2.
415 5136 492 5147 —
535 5103 793 5173 Viditque
822 5104 931 5158 sibi
954 5108 1129 5173 ﬁliam
1166 5104 1398 5159 hominis
1435 5105 1759 5171 Chananaei,

60 5199 297 5252 vocabulo
326 5197 460 5262 Sue,
495 5196 550 5248 et
578 5208 748 5246 ua-ore
772 5197 1011 5262 accepta,
1045 5195 1318 5260 ingressus
1342 5197 1421 5247 est
1448 5193 1523 5247 ad
1540 5208 1677 5247 eam.
1705 5191 1761 5248 Si

61 5281 215 5340 homo
241 5283 519 5341 Christus
557 5286 658 5343 est,
700 5279 1064 5336 Chananaaus
1092 5280 1357 5349 profecto,
1387 5281 1534 5336 sicut
1566 5287 1621 5336 et
1661 5280 1762 5336 Sa-

60 5373 385 5441 maritanus,
417 5370 557 5426 ideo
595 5367 783 5423 dictus
827 5376 934 5434 est,
987 5369 1128 5438 quia
1172 5369 1289 5439 ipse
1334 5383 1472 5424 vera
1520 5383 1761 5426 suorum

62 5460 282 5516 mutatio
316 5467 426 5517 est.
461 5458 835 5515 Chanaumus
863 5457 1039 5525 enim,
1101 5466 1166 5514 ut
1205 5471 1354 5527 saepe
1388 5457 1604 5513 dictum
1653 5460 1756 5524 est,

62 5555 279 5605 mutatus
345 5549 594 5605 dicitur.
660 5545 712 5599 Is
759 5544 930 5602 habet
975 5544 1175 5613 ﬁliam,
1222 5545 1500 5601 rationem
1549 5544 1761 5601 scilicet

66 5636 227 5706 ipsam
268 5653 404 5709 quae
476 5638 627 5690 I89
680 5647 799 5702 sue,
859 5634 1001 5691 idest
1057 5636 1298 5704 loquens,
1354 5632 1442 5689 vel
1490 5633 1762 5688 cantilena

67 5726 274 5794 dicitur,
306 5728 456 5800 quia
492 5725 624 5795 ipsa
656 5721 773 5779 sola
802 5723 986 5789 nobis,
1021 5721 1150 5779 aliis
1180 5721 1625 5789 oblatrantibus,
1667 5720 1760 5778 in—

1880 594 1991 656 tus,
2024 602 2128 643 nos
2166 587 2431 644 stimulos
2463 589 2881 658 titillationum,
2915 591 3010 646 sed
3057 592 3424 649 serenitatem
3463 609 3582 651 om-

1878 677 2167 732 nimodam
2214 684 2525 747 operatur;
2572 677 2687 733 filia
2719 687 2914 735 autem
2959 686 3064 745 est,
3110 680 3252 750 quia
3297 681 3422 751 ipsi,
3472 681 3577 752 qui

1878 776 2107 818 summa
2134 765 2281 820 ratio
2304 772 2411 833 est,
2442 765 2647 823 similis
2671 775 2775 823 est.
2814 769 2974 825 Hanc
3018 769 3125 825 sibi
3169 770 3323 827 videt
3372 772 3573 840 Iudas,

1879 851 2018 921 quia
2044 866 2170 909 eam
2201 854 2384 909 solum
2417 855 2526 911 sibi
2568 856 2763 912 utilem
2805 858 2874 912 ad
2920 858 3283 928 sequendum
3334 861 3581 916 mstimat

1878 954 2029 995 verte
2077 941 2448 1000 confessionis
2497 945 2812 1001 humilitas.
2866 947 3117 1003 Uxorem
3160 948 3269 1003 sibi
3321 949 3575 1019 copulat,

1878 1028 2018 1098 quia
2056 1030 2207 1085 hanc
2232 1046 2334 1101 per
2359 1039 2748 1102 contemptum
2777 1033 2973 1090 smculi
3012 1035 3225 1104 peccati
3255 1036 3582 1108 cognitione

1878 1116 1950 1171 ad
1976 1118 2270 1186 operanda
2304 1119 2455 1175 bona
2492 1121 2779 1178 fecundat.
2814 1124 3008 1191 (Vnus.
3050 1126 3122 1190 3.)
3180 1124 3308 1191 Quae
3338 1130 3578 1197 concepit

1878 1206 2071 1273 ﬁlium,
2121 1211 2436 1277 vocavitque
2473 1226 2662 1265 nomen
2695 1210 2812 1280 ejus
2850 1213 2978 1279 Her,
3009 1214 3112 1283 qui
3164 1213 3581 1284 interpretatur

1878 1295 2198 1350 resurrectio
2248 1298 2331 1351 vel
2374 1300 2597 1366 vigilia,
2649 1300 2736 1355 vel
2770 1301 3043 1369 pellicias.
3106 1300 3251 1357 Cum
3300 1303 3455 1359 enim
3505 1305 3580 1360 ad

1878 1383 2295 1441 rationabiliter
2352 1385 2664 1443 vivendum
2731 1388 3074 1453 accedimus,
3135 1390 3297 1459 prius
3353 1406 3580 1449 necesse

1877 1480 1960 1528 est
1992 1487 2383 1544 resurgamus,
2414 1475 2767 1547 demumque
2808 1478 2865 1532 in
2903 1480 3084 1534 nostri
3136 1479 3396 1536 custodia
3424 1481 3578 1553 vigi-

1878 1560 2083 1628 lemus,
2140 1563 2279 1632 quia
2336 1570 2459 1632 post
2514 1565 2965 1632 conversionem,
3016 1580 3165 1635 saepe
3211 1575 3574 1625 mortuorum

1877 1662 2116 1718 operum
2150 1650 2445 1717 memoria,
2473 1655 2626 1720 quod
2658 1651 2817 1721 pellis
2836 1652 3125 1722 significat
3155 1653 3502 1712 laboramus.

1954 1736 2121 1793 Vnus.
2145 1738 2197 1791 4.
2232 1767 2302 1778 —
2339 1737 2553 1793 Rursus
2583 1746 2829 1808 concepto
2861 1743 2993 1807 γεω
3038 1747 3229 1796 natum
3274 1744 3451 1809 ﬁlium
3494 1761 3580 1801 no-

1878 1828 2113 1879 minavit
2150 1826 2356 1891 Onam;
2386 1826 2490 1897 qui
2510 1827 2725 1883 dicitur
2753 1844 2954 1883 mmror
2984 1845 3183 1897 eorum,
3219 1832 3373 1900 quod
3395 1832 3579 1889 refer-

1882 1919 1976 1970 tur
2005 1915 2074 1969 ad
2105 1914 2418 1971 fastidium.
2471 1915 2619 1971 Solet
2653 1930 2857 1987 nempe
2906 1931 2979 1972 ex
3023 1917 3362 1974 difficultate
3409 1920 3580 1976 evin-

1879 2003 2193 2058 cendarum
2244 2003 2598 2072 passionum,
2642 2018 2773 2074 quae
2824 2018 2896 2060 ex
2944 2005 3335 2062 recordatione
3381 2008 3577 2064 smeuli

1879 2090 2244 2160 voluptatum
2300 2092 2601 2162 contingit,
2670 2093 2988 2149 maximum
3039 2101 3219 2162 empto
3288 2096 3578 2165 proposito

1880 2178 2144 2250 generari
2181 2179 2495 2234 fastidium.
2528 2180 2690 2235 Unde
2740 2181 3020 2249 Psalmus,
3076 2184 3317 2250 Omnem,
3361 2183 3575 2255 inquit,

1877 2282 2052 2321 escam
2078 2267 2392 2321 abominata
2421 2274 2499 2322 est
2544 2271 2731 2323 anima
2759 2285 2941 2324 eorum
2977 2272 3150 2339 (Psal.
3183 2286 3299 2339 cvr,
3342 2274 3425 2342 18)
3460 2281 3572 2329 etc.

1888 2356 2071 2426 Usque
2108 2356 2183 2411 ad
2215 2361 2407 2426 portas
2434 2357 2589 2412 enim
2628 2361 2835 2425 mortis,
2870 2358 2926 2414 id
2956 2366 3040 2415 est
3088 2375 3271 2430 usque
3319 2360 3391 2416 ad
3439 2362 3579 2418 reli-

1880 2443 2065 2514 gionis
2107 2443 2481 2500 desertionem
2530 2451 2878 2515 torquentur
2921 2447 3104 2502 sancti
3137 2448 3372 2504 aestibus
3417 2449 3580 2520 cogi-

1880 2532 2131 2588 tationis.
2177 2534 2377 2604 (Vnus.
2440 2534 2518 2602 5.)
2578 2536 2813 2589 Tertium
2869 2551 3081 2605 quoque
3134 2539 3362 2606 peperit,
3422 2553 3581 2606 quem

1878 2623 2180 2690 appellavit
2217 2622 2361 2688 Sela,
2396 2622 2498 2693 qui
2531 2623 2726 2677 umbra
2773 2624 2891 2691 ejus
2938 2624 3371 2694 interpretatur,
3423 2627 3580 2697 quod

1879 2710 1951 2765 ad
1982 2710 2161 2766 sancti
2205 2712 2443 2780 spiritus
2484 2712 2890 2781 protectionem
2928 2712 3194 2769 refertur.
3232 2714 3390 2770 Facit
3423 2716 3581 2772 enim

1878 2800 1999 2869 ipse
2049 2807 2413 2869 proventum,
2469 2807 2533 2856 ut
2582 2800 2779 2856 tentati
2830 2801 3114 2857 sustinere
3164 2802 3467 2872 possimus.
3515 2806 3580 2859 In

1878 2887 2109 2944 duobus
2154 2889 2463 2958 praemissis
2493 2888 2813 2945 clamamus
2862 2890 3263 2959 parturientes,
3302 2892 3361 2947 in
3411 2893 3580 2949 tertio

1878 2977 2173 3033 masculus
2215 2978 2492 3044 nascitur,
2547 2978 2648 3048 qui
2686 2978 2759 3034 ad
2808 2978 3084 3035 thronum
3136 2979 3257 3047 Dei,
3307 2988 3370 3037 ut
3417 2989 3582 3052 regat
3660 2990 3665 2994 '

1880 3064 2047 3135 virga
2095 3064 2277 3120 ferrea
2309 3066 2475 3136 (Psal.
2518 3081 2577 3133 ιι,
2614 3066 2665 3136 9)
2717 3080 2900 3136 genus
2937 3081 3070 3122 cum
3116 3068 3370 3137 quadam
3416 3084 3579 3125 eme-

1880 3152 2003 3209 ritae
2060 3152 2531 3222 impassibilitatis
2591 3153 2800 3223 palma,
2864 3155 3219 3223 provehitur.
3276 3157 3392 3222 Quo
3447 3163 3580 3213 nato

1873 3257 2069 3309 parere
2114 3242 2264 3295 ultra
2301 3246 2551 3308 cessavit,
2601 3241 2741 3312 quia
2792 3250 3098 3313 postquam
3146 3243 3219 3299 ad
3269 3244 3581 3314 perfectam

1878 3330 2214 3386 charitatem
2254 3344 2414 3386 mens
2446 3331 2789 3401 pervenerit,
2818 3331 2940 3402 jam
2971 3346 3086 3389 non
3116 3334 3176 3389 in
3208 3333 3401 3389 dolore
3436 3334 3582 3392 filios

1879 3417 2047 3487 parit,
2079 3419 2219 3488 quia
2247 3418 2533 3490 quidquid
2564 3420 2682 3491 agit
2703 3419 2824 3490 jam
2857 3420 3022 3490 quasi
3045 3435 3119 3477 ex
3146 3423 3400 3479 naturali
3430 3423 3572 3480 faci-

1878 3507 2035 3563 litate
2063 3506 2376 3578 consurgit.

1948 3596 2124 3652 Vnus.
2156 3598 2215 3651 6.
2254 3627 2321 3635 —
2356 3596 2515 3651 Dedit
2540 3602 2720 3653 autem
2747 3598 2934 3653 Judas
2964 3615 3189 3654 umorem
3215 3603 3580 3670 primogenita

1875 3700 1971 3739 suo
2014 3686 2137 3739 Her.
2182 3686 2398 3738 nomine
2454 3686 2713 3751 Thamar,
2769 3683 2908 3752 Quae
2966 3687 3280 3741 amaritudo
3338 3687 3575 3744 dicitur.

1878 3773 2227 3843 Disciplina;
2266 3786 2519 3843 namque
2548 3772 2995 3829 amaritudinem
3044 3774 3424 3831 tentationum
3473 3775 3585 3831 ille-

1877 3863 2062 3919 cebris
2091 3876 2375 3931 apponere
2420 3861 2717 3928 debemus,
2760 3876 2891 3932 quae
2934 3862 3171 3932 quidem
3221 3863 3279 3918 in
3314 3865 3583 3933 presenti

1877 3950 2285 4007 amaritudinis
2313 3957 2418 4018 est,
2460 3950 2560 4006 sed
2606 3949 2859 4006 fructum
2910 3950 3344 4020 pacatissimum
3384 3952 3585 4010 reddet

1876 4039 2207 4096 exercitatis
2224 4039 2283 4094 in
2310 4053 2379 4095 ea
2408 4038 2594 4109 (Hebr.
2626 4052 2727 4105 xu,
2758 4038 2865 4108 11).

1950 4128 2121 4184 Vnus.
2168 4132 2219 4181 ‘7.
2273 4157 2341 4168 —
2389 4129 2517 4182 Fuit
2558 4142 2770 4196 quoque
2816 4128 2926 4181 Her
2966 4129 3361 4197 primogenitus
3402 4128 3581 4195 Iudae,

1877 4233 2110 4286 nequam
2164 4219 2225 4270 in
2272 4222 2554 4287 conspectu
2603 4219 2839 4285 Domini,
2895 4222 2946 4271 et
2991 4217 3061 4271 ab
3117 4234 3174 4273 eo
3224 4220 3427 4274 occisus
3478 4224 3580 4275 est.

1877 4303 2094 4360 Occidit
2137 4304 2290 4360 Deus
2331 4305 2446 4360 Her
2492 4304 2550 4359 in
2600 4312 2905 4374 conspectu
2958 4319 3064 4361 suo
3114 4319 3387 4376 nequam,
3438 4307 3583 4364 dum

1881 4392 2168 4448 incentiva
2208 4392 2516 4449 libidinum
2548 4400 2661 4448 tam
2708 4394 3099 4463 spiritualium
3146 4408 3324 4465 quam
3370 4409 3583 4466 corpo-

1878 4480 2111 4549 ralium,
2136 4496 2267 4551 quae
2313 4482 2461 4537 Deus
2504 4495 2605 4551 per
2636 4481 2887 4538 maxime
2926 4482 3234 4553 improbat,
3268 4484 3326 4539 in
3358 4484 3577 4551 anima,

1878 4583 2009 4639 quae
2063 4568 2184 4625 sola
2238 4568 2347 4625 sibi
2401 4569 2713 4639 conspicua
2777 4578 2880 4637 est,
2934 4570 3150 4626 virtute
3196 4572 3581 4630 constabilitte

1875 4656 2115 4712 rationis
2142 4656 2436 4713 interimit.
2474 4657 2663 4727 (Vens.
2698 4657 2776 4727 8.)
2816 4660 3076 4726 Dixitque
3106 4660 3279 4714 Iudas
3305 4660 3380 4714 ad
3404 4660 3579 4715 Onam

1870 4747 2047 4817 ﬁlium
2067 4762 2260 4802 suum:
2288 4748 2574 4817 Ingredere
2603 4747 2678 4802 ad
2698 4763 2920 4802 uxorem
2939 4750 3139 4813 fratris
3163 4751 3264 4816 tui,
3289 4755 3342 4804 et
3369 4752 3580 4804 sociare

1874 4838 1978 4900 illi,
2014 4842 2073 4891 ut
2114 4839 2337 4892 suscites
2376 4851 2552 4892 semen
2587 4837 2763 4903 fratri
2806 4841 2915 4891 tuo.
2963 4836 3250 4907 Loquitur
3284 4839 3458 4893 ludas
3501 4839 3579 4893 ad

1874 4927 2067 4993 Onam,
2101 4938 2235 4981 cum
2266 4923 2562 4980 humilitas
2600 4922 2968 4979 confessionis
2997 4931 3051 4979 et
3098 4923 3449 4994 poenitentiae
3480 4925 3578 4981 in-

1872 5012 2078 5084 format
2098 5012 2306 5068 acediae
2332 5011 2681 5068 maestitiam.
2711 5011 2890 5067 Filius
2927 5019 3122 5068 autem
3164 5020 3269 5080 est,
3313 5013 3455 5083 quia
3500 5028 3577 5071 ex

1870 5101 2163 5157 occasione
2204 5115 2323 5156 suae
2357 5100 2597 5156 actionis
2636 5108 2809 5156 natus
2848 5100 2963 5170 ipse
2992 5099 3248 5155 defectus
3287 5109 3390 5157 est.
3424 5101 3575 5159 Con-

1870 5188 2106 5255 sociare,
2181 5188 2389 5259 inquit,
2452 5188 2558 5258 piae
2613 5188 3015 5256 amaritudiui,
3073 5196 3127 5245 et
3183 5189 3577 5261 intelligenter

1871 5277 2039 5350 quasi
2097 5277 2472 5349 ingrediendo
2523 5286 2775 5347 penetra,
2825 5285 2881 5334 et
2934 5278 3120 5335 insere
3170 5286 3222 5335 te
3278 5281 3578 5350 praesentis

1871 5366 2066 5423 saeculi
2100 5366 2479 5433 tribulationi,
2508 5366 2677 5436 quasi
2719 5366 2944 5423 fructus
2979 5374 3224 5424 aeternos
3270 5368 3375 5424 tibi
3425 5369 3576 5439 pari-

1871 5463 2017 5513 turm
2048 5454 2303 5526 conjugi,
2338 5461 2400 5509 ut
2439 5457 2614 5522 fratri
2640 5459 2752 5524 tuo,
2784 5454 2961 5511 motui
3002 5456 3216 5512 scilicet
3257 5457 3574 5527 corporali,

1870 5546 2094 5600 suscites
2129 5558 2324 5610 semen,
2374 5542 2431 5598 id
2483 5550 2568 5599 est
2614 5543 3001 5614 posteritatem
3049 5545 3287 5615 superni
3328 5545 3572 5615 praemii.

1872 5634 2078 5703 Corpus
2127 5632 2281 5689 enim
2346 5637 2616 5687 mortuum
2667 5637 2748 5687 est
2798 5640 3023 5704 propter
3058 5638 3338 5703 peccatum
3394 5634 3571 5703 (Rom.

1870 5736 1992 5790 vui,
2033 5723 2145 5793 i0),
2178 5720 2392 5778 suscita
2410 5733 2548 5792 ergo
2575 5721 2718 5779 illud
2748 5736 2851 5791 per
2863 5721 3102 5794 justitite
3131 5730 3348 5779 actum.
