3950 6438
339 415 444 469 263

1241 406 1300 460 V.
1341 402 1672 460 GUIBERTI
1709 399 2006 457 ABBATIS
2043 399 2099 454 S.
2142 398 2383 455 MARle
2423 399 2512 454 DE
2551 398 2938 455 NOVIGENTO

3743 401 3842 456 264

417 541 597 600 Vens.
649 544 702 596 9.
727 570 796 580 —
825 540 930 593 Ille
960 542 1138 592 autem
1175 539 1346 592 sciens
1375 549 1482 589 non
1529 535 1640 587 sibi
1671 533 1826 585 nasci
1871 531 2031 599 ﬁlios,
2073 530 2115 583 Α
2145 527 2399 583 ascendit
2423 528 2496 583 ad
2537 527 2852 584 tondendas
2873 542 3028 593 oves,
3061 542 3193 584 cum
3243 529 3436 585 fervor
3481 537 3536 586 et
3579 529 3842 585 studium

348 632 609 684 introiens
650 629 725 683 ad
782 643 1002 681 uxorem
1052 627 1250 692 fratris
1291 627 1397 689 sui,
1441 637 1614 676 semen
1663 617 1930 686 fundebat
1979 619 2038 669 in

349 723 572 783 terram,
611 733 678 771 ne
720 717 878 770 liberi
923 716 1124 781 fratris
1170 715 1382 766 nomine
1419 713 1784 764 nascerentur.
1837 703 2039 760 Introit

346 807 422 861 ad
478 821 722 872 umorem,
780 803 916 858 dum
959 799 1369 858 considerando
1423 795 1678 868 pervidet
1726 792 2038 862 disciplinae

348 893 798 965 gravitudinem.
851 891 964 946 Scit
1009 891 1118 944 sibi
1145 904 1251 942 non
1295 889 1448 940 nasci
1489 887 1651 953 ﬁlios,
1698 882 1838 952 quia
1881 888 2039 934 novit

347 981 530 1038 animi
581 981 841 1037 inertiam
886 979 957 1034 ad
1007 975 1370 1048 proferendos
1424 970 1768 1043 paenitentiae
1816 969 2040 1024 fructus

348 1069 572 1141 dignos.
606 1071 791 1125 Semen
832 1066 1020 1123 fundit
1066 1069 1126 1120 in
1165 1069 1386 1128 terram,
1438 1076 1570 1117 cum
1623 1061 1836 1116 bonum
1883 1055 2040 1126 quod

349 1159 466 1229 agit
495 1158 665 1213 vertit
687 1158 742 1211 in
777 1164 1060 1211 terrenam
1102 1153 1362 1223 gloriam.
1393 1150 1587 1220 (Vnus.
1643 1150 1753 1216 10.)
1789 1143 2040 1202 Percutit

347 1259 480 1302 eum
523 1245 673 1299 Deus
703 1243 856 1313 quod
897 1239 1305 1296 detestabiliter
1351 1238 1539 1302 faciat,
1581 1237 1723 1306 quia
1752 1241 1853 1289 aut
1879 1231 2037 1303 judi-

347 1333 570 1389 cialiter
597 1329 784 1401 punit.
813 1329 899 1384 vel
945 1342 1181 1398 quoquo
1212 1334 1374 1396 pacto
1424 1324 1721 1394 arguendo
1771 1320 2030 1391 corrigit,

346 1422 485 1477 dum
518 1434 637 1474 sum
656 1419 760 1474 sibi
793 1417 1066 1486 nequitiae
1091 1417 1384 1470 horrorem
1415 1413 1679 1468 ostendit.
1704 1411 1897 1480 (Vnus.
1926 1408 2038 1475 11.)

347 1510 519 1576 Quam
548 1507 612 1560 ob
655 1522 767 1560 rem
806 1507 956 1557 didit
1004 1503 1176 1556 Judas
1228 1501 1476 1556 Thamar
1521 1502 1688 1553 nurui
1721 1513 1866 1552 suae:
1911 1499 2039 1551 Esto

341 1596 514 1650 vidua
559 1599 619 1648 in
668 1595 823 1648 domo
875 1595 1054 1659 patris
1106 1594 1205 1654 tui,
1258 1591 1418 1642 donec
1469 1595 1672 1641 crescat
1724 1588 1846 1641 Sela
1893 1587 2039 1652 filius

344 1698 490 1737 meus
517 1696 531 1750 ;
567 1681 788 1735 timebat
815 1681 957 1732 enim
984 1693 1049 1730 ne
1077 1682 1128 1729 et
1170 1678 1285 1744 ipse
1321 1680 1636 1739 moreretur,
1667 1677 1809 1727 sicut
1834 1675 2038 1738 fratres

345 1773 451 1825 sui.
485 1770 611 1835 Qus
635 1768 774 1821 abiit
802 1772 852 1820 et
887 1766 1156 1818 habitavit
1183 1766 1242 1815 in
1280 1762 1434 1815 domo
1462 1764 1641 1830 patris
1671 1763 1776 1814 sui.
1803 1759 2036 1816 Confes-

347 1855 526 1912 sionis
553 1853 852 1910 humilitas
879 1851 952 1906 ad
980 1851 1252 1916 Thamar,
1300 1849 1354 1904 id
1386 1857 1469 1903 est
1499 1848 1814 1917 disciplinae
1843 1853 2038 1901 custo-

347 1943 502 1999 diam
581 1957 640 1998 se
703 1947 1060 2003 convertens,
1124 1951 1423 2006 cognosce,
1495 1936 1702 2004 inquit,
1763 1947 2037 2004 sponsum

349 2040 538 2098 tuum,
589 2044 692 2100 pro
740 2036 791 2084 te
831 2027 1122 2082 Christum
1168 2032 1485 2090 mortuum,
1537 2023 1862 2092 praestolare
1903 2035 2040 2091 ergo

348 2120 502 2176 intra
543 2116 968 2181 conscientiam,
1022 2128 1154 2185 quae
1184 2114 1388 2168 domus
1439 2112 1539 2166 Dei
1585 2111 1767 2166 Patris
1813 2110 1898 2166 tui
1934 2117 2036 2177 est,

349 2214 728 2278 augmentum
786 2205 1006 2275 gratiae,
1061 2217 1193 2272 quas
1257 2201 1357 2256 tibi
1411 2201 1736 2267 obumbret,
1793 2199 2041 2269 Spiritus

349 2295 552 2362 sancti,
586 2309 717 2365 quae
740 2293 1094 2363 paracletum
1135 2291 1345 2344 habeas
1389 2290 1508 2344 vice
1555 2288 1748 2358 sponsi
1797 2289 1902 2353 tui,
1945 2287 2039 2342 cui

349 2390 632 2452 tanquam
681 2381 796 2436 ﬁlio
837 2379 1019 2435 divini
1062 2376 1680 2447 eloquiilnutrimentis
1717 2375 1920 2431 alendo
1960 2375 2042 2429 in-

349 2470 534 2535 sistas,
563 2483 734 2540 quem
772 2476 964 2524 tamen
997 2475 1058 2522 tu
1086 2465 1411 2534 conceperis
1454 2478 1528 2520 ex
1583 2463 1839 2519 libertate
1880 2462 2040 2517 arbi-

350 2559 463 2614 trii.
495 2558 675 2613 Timet
695 2558 845 2613 enim
867 2557 1004 2611 dum
1028 2554 1108 2610 sic
1132 2569 1190 2610 se
1213 2552 1576 2608 monimentis
1597 2567 1756 2608 mens
1778 2551 2036 2617 innovat,

351 2661 424 2703 ne
457 2646 746 2710 tentando.
781 2652 846 2701 ut
878 2644 1099 2715 pridem
1127 2642 1498 2713 periclitetur,
1525 2650 1579 2697 et
1608 2641 1848 2696 decidat.
1885 2639 2041 2695 Facit

351 2748 487 2806 ergo
523 2735 622 2790 ita.

421 2823 594 2880 Vsus.
634 2825 712 2876 l2.
743 2852 813 2861 —
844 2822 1088 2876 Evolutis
1133 2823 1311 2872 autem
1352 2820 1538 2872 multis
1570 2818 1782 2882 diebus,
1827 2821 2042 2870 mortua

351 2916 429 2966 est
479 2912 602 2978 Sus,
652 2926 794 2964 umor
843 2910 1014 2964 Iudas.
1076 2910 1184 2974 Qui
1236 2912 1358 2976 post
1423 2908 1624 2961 luctum
1687 2906 2042 2960 consolatione

351 3003 619 3067 suscepta,
673 2996 992 3051 ascendebat
1028 2995 1102 3048 ad
1145 3001 1381 3049 tonsores
1423 2997 1603 3048 ovium
1649 3008 1888 3056 suarum,
1926 2995 2043 3060 ipse

2147 621 2356 670 sanctae
2385 615 2855 682 conversationis,
2893 630 3024 685 quae
3056 616 3288 685 quidem
3333 617 3518 686 primo
3547 631 3752 672 amara
3790 626 3842 672 et

2147 713 2396 773 angusta
2441 711 2543 769 est,
2590 703 2685 757 sed
2719 713 2840 771 post
2890 703 3016 758 laeto
3070 705 3302 774 latoque
3354 706 3524 760 corde
3560 705 3840 770 curritur,

2149 791 2354 847 nuntio
2382 790 2561 846 divini
2587 791 2747 846 verbi
2778 791 2864 846 vel
2896 792 3140 860 Spiritus
3177 793 3359 848 sancti
3394 793 3674 864 tangitur,
3707 802 3763 848 et
3785 802 3847 848 ut

2155 893 2351 935 verum
2404 878 2783 934 confessorem
2841 881 3104 935 animum
3147 881 3510 936 abscidendis
3557 881 3847 951 cogitatio-

2149 982 2288 1024 num
2316 967 2815 1038 superﬁuitatibus
2868 967 3255 1024 intendentem
3294 969 3711 1038 subsequatur,
3747 983 3846 1024 ac-

2148 1056 2430 1111 cenditur.
2493 1056 2570 1124 (S.
2627 1055 2833 1110 Busan.
2904 1057 3112 1124 prolog.
3187 1059 3409 1126 regulae,
3469 1058 3568 1111 sub
3624 1059 3842 1127 ﬁnem.)

2148 1144 2388 1214 Deponit
2409 1145 2706 1200 viduitatis
2736 1153 2937 1212 vestes,
2971 1160 3102 1200 cum
3129 1145 3395 1201 humiliat
3421 1160 3618 1202 amore
3645 1150 3842 1216 sponsi

2147 1246 2247 1301 pro
2277 1248 2336 1288 se
2374 1235 2584 1288 mortui
2616 1233 2878 1289 virtutes.
2925 1235 3240 1289 Teristrcm
3281 1234 3434 1304 quod
3477 1243 3581 1301 est,
3631 1250 3847 1290 secun-

2147 1318 2287 1374 dum
2317 1320 2562 1391 aliquos,
2599 1320 2685 1376 vel
2716 1321 2896 1376 aestivi
2934 1321 3292 1390 operimenti,
3326 1324 3414 1378 vel
3452 1323 3599 1393 pepli
3637 1338 3842 1394 genus,

2148 1408 2410 1470 assumit.
2454 1423 2586 1464 cum
2639 1409 2968 1478 puritatem,
3017 1410 3105 1466 vel
3149 1411 3568 1481 simplicitatem
3634 1412 3845 1476 animi,

2148 1497 2249 1564 qui
2281 1505 2452 1565 caput
2482 1497 2711 1563 dicitur,
2745 1497 2833 1552 vel
2878 1513 3116 1568 operum
3166 1499 3407 1554 nitorem
3457 1501 3683 1570 accipit.
3735 1501 3848 1555 Ha-

2150 1582 2331 1639 bitum
2377 1592 2580 1648 mutat,
2625 1600 2755 1640 cum
2787 1595 3002 1641 statum
3053 1588 3258 1642 mentis
3306 1589 3562 1643 innovat.
3600 1591 3669 1642 In
3705 1590 3849 1642 bicio

2147 1674 2381 1736 itineris,
2426 1674 2570 1740 quod
2625 1673 2776 1727 ducit
2823 1675 3122 1729 Thamnam
3169 1676 3346 1741 sedet,
3395 1692 3506 1732 non
3549 1678 3644 1732 illo
3685 1692 3846 1741 sane,

2150 1775 2265 1830 quo
2333 1761 2582 1816 dicitur:
2651 1763 2737 1816 Vw
2802 1763 3134 1830 ingredienti
3195 1769 3395 1818 terram
3461 1766 3676 1819 duabus
3742 1769 3848 1820 viis

2149 1851 2338 1916 (Eccli.
2374 1865 2433 1915 n,
2489 1849 2592 1918 14),
2641 1851 2739 1904 sed
2777 1851 2888 1918 illo,
2943 1866 3059 1921 quo
3092 1851 3165 1906 ad
3213 1853 3394 1908 Deum
3443 1867 3544 1922 per
3588 1869 3844 1910 amorem

2148 1937 2422 2003 tenditur,
2453 1945 2509 1992 et
2537 1937 2592 1990 in
2617 1939 2865 2007 proximi
2910 1940 3244 1996 charitatem
3275 1941 3561 2009 ﬂectitur;
3596 1957 3718 2012 quo
3755 1958 3842 1998 re-

2146 2039 2284 2080 vera
2317 2025 2516 2080 itinere
2543 2025 2612 2080 ad
2639 2027 3224 2084 communerationem
3252 2043 3385 2085 vere
3418 2029 3669 2086 ﬁdelium
3705 2031 3844 2086 itur.

2148 2111 2354 2166 Sedere
2390 2120 2581 2167 autem
2631 2127 2996 2181 perseverare
3041 2123 3142 2170 est.
3180 2116 3295 2170 Hoc
3340 2116 3462 2171 ideo
3498 2117 3652 2186 facit,
3704 2119 3846 2188 quia

2147 2199 2291 2266 Sela,
2322 2199 2374 2254 id
2401 2209 2486 2255 est
2510 2201 2824 2268 spiritualis
2851 2202 2952 2271 qui
2987 2217 3088 2257 nos
3113 2203 3420 2258 obumbrat
3449 2218 3612 2260 amor
3641 2208 3847 2261 crescit

2147 2288 2378 2357 quidem
2411 2289 2672 2350 interius,
2705 2290 2800 2344 sed
2833 2305 2946 2344 non
2989 2291 3065 2346 ita
3089 2292 3248 2361 jugis
3275 2300 3329 2348 et
3370 2292 3735 2364 individuus,
3782 2302 3846 2350 ut

2145 2389 2369 2444 semper
2401 2376 2688 2431 adhaereat
2717 2377 2884 2447 quasi
2911 2379 3172 2434 maritus.

2218 2466 2388 2522 Vsus.
2427 2469 2508 2520 15.
2557 2497 2625 2506 ——
2658 2467 2831 2533 Quam
2879 2483 2998 2522 cum
3045 2468 3272 2522 vidisset
3317 2469 3490 2523 Iudas
3529 2473 3843 2539 suspicatus

2148 2559 2227 2609 est
2277 2570 2388 2608 esse
2437 2557 2814 2620 meretricem;
2871 2561 3159 2624 operuerat
3209 2559 3352 2611 enim
3403 2559 3613 2612 vultum
3657 2575 3837 2625 suum,

2144 2657 2211 2696 ne
2249 2648 2666 2708 cognosceretur.
2710 2643 2887 2697 ludas
2920 2644 3275 2698 meretricem
3313 2645 3662 2713 suspicatur,
3707 2661 3841 2702 cum

2145 2744 2272 2785 eam
2301 2732 2576 2797 intuetur,
2623 2730 2762 2799 quia
2792 2730 3004 2800 saepius
3047 2731 3402 2787 considerato
3433 2746 3553 2788 suae
3601 2734 3844 2789 actionis

2147 2817 2329 2885 initio,
2357 2817 2762 2886 puenitentialis
2792 2817 3088 2874 humilitas
3129 2832 3244 2873 non
3292 2833 3393 2888 pro
3439 2828 3656 2876 aeterna
3695 2835 3845 2876 mer-

2149 2907 2303 2973 cede,
2337 2905 2490 2974 quod
2515 2905 2664 2960 Deus
2696 2912 2798 2971 est,
2832 2906 2928 2960 sed
2973 2920 3077 2976 pro
3108 2905 3266 2962 inani
3311 2907 3507 2978 aliquo
3545 2909 3842 2964 commodo

2147 3001 2380 3050 veretur
2399 2993 2470 3048 ad
2497 2993 2640 3048 bene
2665 2994 2954 3062 agendum
2982 3008 3038 3048 se
3065 2994 3315 3063 incitari,
3343 2995 3481 3051 dum
3513 2995 3590 3050 ita
3618 2997 3843 3053 nebulis

351 3090 403 3140 et
441 3088 605 3140 (liras
652 3085 820 3153 opilio
849 3085 1030 3150 gregis
1061 3082 1412 3139 Odollamites
1453 3085 1510 3135 in
1545 3082 1836 3135 Thamnas.
1877 3079 2043 3135 Evol-
2079 3101 2120 3155 ο
2149 3081 2562 3152 cogitationum
2613 3082 2946 3137 intentionis
2977 3083 3264 3149 voluntas,
3297 3085 3447 3153 quod
3493 3093 3577 3139 est
3621 3086 3838 3152 vultus,

351 3180 574 3229 vuntur
601 3172 742 3239 dies,
768 3185 898 3226 cum
919 3169 1128 3226 sensim
1153 3184 1249 3238 per
1271 3177 1524 3239 teporem
1557 3169 1734 3224 animi
1767 3167 2042 3224 deﬁciunt

349 3261 612 3317 virtutes.
652 3261 756 3314 Sue
802 3260 950 3314 Uxor
981 3258 1137 3311 ludas
1187 3259 1451 3324 moritur,
1503 3271 1638 3313 cum
1686 3256 1852 3322 ratio,
1910 3269 2042 3324 quae

350 3349 516 3405 nobis
569 3347 839 3417 spiritum
901 3345 1150 3402 lenitatis
1209 3345 1484 3412 incentat,
1534 3353 1592 3400 et
1632 3358 1810 3414 quam
1862 3343 2043 3413 pietas

351 3435 722 3492 confessionis
763 3435 1126 3504 impraeguat,
1173 3433 1542 3498 destituitur;
1585 3448 1716 3502 quae
1757 3446 1888 3488 cum
1917 3436 2043 3501 post

351 3524 552 3578 luctum
599 3521 813 3592 peccati
859 3520 1304 3576 consolationem
1347 3521 1528 3575 veniae
1566 3521 1928 3590 suscepisset,
1969 3533 2042 3574 ne

350 3610 713 3680 postmodum
788 3609 847 3663 in
901 3609 1099 3678 aliqua
1155 3607 1363 3663 animae
1420 3607 1773 3663 relaberetur
1839 3606 2038 3673 exitia,

352 3697 606 3754 ascendit
658 3709 966 3767 progressu
1023 3695 1228 3750 mentis
1269 3696 1340 3750 ad
1370 3709 1569 3752 eorum
1611 3695 1876 3764 exempla
1901 3708 2040 3749 san-

352 3791 597 3851 ctorum,
649 3797 749 3853 per
792 3797 938 3853 quos
976 3782 1409 3838 absciderentur
1438 3795 1474 3837 a
1515 3781 1872 3852 simplicibus
1918 3781 2040 3836 suis

352 3872 694 3945 cogitatibus
725 3885 879 3927 curas
918 3871 1211 3927 saecularis
1253 3871 1572 3940 superﬂua.
1627 3869 1913 3937 Ascendit,
1965 3869 2042 3924 in-

351 3976 550 4033 quam,
616 3963 677 4016 in
741 3963 1032 4015 Thamnas.
1073 3959 1347 4014 Thamnaa
1397 3960 1847 4028 interpretantur
1911 3958 2040 4026 defl-

351 4054 567 4116 cientes,
598 4050 689 4106 vel
728 4050 959 4114 numeri,
1001 4048 1088 4103 vel
1134 4049 1333 4116 ﬁdeles.
1367 4048 1744 4102 Promovetur
1782 4060 1920 4116 ergo
1966 4046 2038 4102 ad

351 4139 460 4196 hoc
487 4147 550 4194 ut
581 4138 831 4208 primum
874 4137 935 4190 in
965 4151 1024 4192 se
1063 4135 1308 4201 deﬁciat,
1345 4143 1398 4190 et
1435 4134 1492 4188 in
1534 4135 1648 4188 Deo
1680 4133 1938 4202 proﬁciat
1979 4141 2041 4189 ut

349 4227 432 4282 sic
465 4227 538 4282 ad
585 4239 895 4282 numerum
945 4223 1197 4279 ﬁdelium
1247 4223 1552 4292 pertingat.
1598 4224 1716 4290 Ipse
1753 4221 1947 4291 itaque
1989 4226 2038 4275 et

349 4317 535 4381 Hiras,
597 4327 770 4383 quem
841 4310 1132 4368 Christum
1189 4310 1445 4366 diximus
1503 4309 1773 4380 ﬁgurare,
1828 4308 2040 4378 pariter

2148 3171 2456 3241 obtegitur,
2507 3177 2570 3224 ut
2622 3171 2867 3225 discerni
2909 3171 3009 3224 vix
3057 3171 3235 3240 possit
3286 3187 3405 3242 qua
3457 3173 3600 3242 quid
3652 3182 3842 3229 mente

2149 3267 2402 3329 geratur.
2464 3257 2660 3325 (Vsus.
2739 3261 2842 3319 16.)
2907 3259 3333 3328 Ingrediensque
3389 3261 3464 3313 ad
3511 3277 3650 3326 eam,
3722 3265 3838 3315 ait:

2149 3349 2367 3401 Dimitte
2411 3361 2494 3399 me
2547 3350 2608 3399 ut
2656 3362 2834 3400 cneam
2889 3351 3098 3400 tecum:
3161 3349 3442 3403 Nesciebat
3502 3351 3644 3402 enim
3697 3349 3842 3417 quod

2145 3449 2316 3489 nurus
2359 3450 2462 3489 sua
2515 3438 2668 3487 esset.
2711 3434 2808 3490 -Ad
2851 3449 2977 3490 eam
3023 3435 3348 3506 ingreditur
3392 3451 3526 3492 cum
3565 3437 3841 3493 interiora

2147 3521 2417 3594 propositi
2447 3522 2534 3577 sui
2557 3521 2949 3578 ratiocinando
2971 3531 3284 3578 scrutatur.
3319 3524 3604 3592 Permitte,
3625 3525 3838 3596 inquit,

2147 3613 2210 3661 ut
2257 3608 2626 3664 confessionis
2662 3617 2874 3665 sanctze
2911 3624 3074 3665 amor
3103 3610 3205 3666 tibi
3237 3611 3670 3683 immisceatur;
3705 3613 3842 3669 tibi-

2147 3709 2259 3764 que
2285 3710 2510 3766 semper
2538 3698 2850 3753 incumbat.
2877 3698 3061 3754 Nescit
3086 3699 3260 3767 enim,
3285 3699 3339 3754 id
3369 3707 3470 3766 est,
3505 3715 3620 3756 non
3648 3702 3841 3758 adhuc

2145 3785 2444 3852 experitur
2493 3785 2645 3854 quod
2691 3785 2836 3853 Sela,
2898 3786 2954 3842 id
3012 3793 3096 3842 est
3151 3788 3472 3857 spiritualis
3521 3789 3840 3846 dilectionis

2146 3871 2373 3936 umbra,
2407 3880 2464 3928 et
2491 3874 2853 3942 protectione,
2891 3875 3056 3944 quasi
3099 3875 3288 3930 mariti
3322 3878 3681 3943 auctoritate,
3713 3893 3839 3934 mu-

2145 3959 2358 4015 niatur.
2395 3961 2477 4016 Ac
2501 3961 2546 4016 si
2590 3961 2777 4017 dicat:
2808 3963 2952 4026 Quia
2984 3961 3266 4019 fervorem
3306 3965 3546 4034 spiritus
3589 3966 3840 4021 necdum

2146 4049 2347 4116 sentio,
2395 4049 2592 4104 saltem
2636 4050 2798 4106 fruar
2851 4051 3198 4120 poenitentiae
3236 4052 3502 4108 lamento.
3555 4055 3708 4117 Quid
3753 4055 3840 4109 in-

2145 4136 2292 4206 quit,
2325 4138 2462 4190 mihi
2488 4137 2647 4190 dabis
2679 4143 2740 4191 ut
2759 4141 2974 4204 fruaris
3002 4140 3286 4194 concubitu
3317 4157 3434 4194 meo
3453 4145 3481 4194 γ
3505 4141 3698 4210 (Vsus.
3731 4143 3837 4210 17.)

2144 4224 2274 4280 Ait:
2297 4225 2524 4278 Mittam
2554 4226 2656 4278 tibi
2695 4226 2912 4280 haedum
2959 4227 3025 4280 de
3051 4229 3325 4295 gregibus.
3361 4227 3413 4282 Si
3461 4229 3599 4284 mihi
3630 4245 3838 4285 conso-

2145 4310 2282 4366 ciari
2341 4313 2669 4381 pmnitentis
2723 4321 2777 4370 et
2833 4315 3082 4370 timentis
3131 4329 3284 4370 more
3333 4315 3640 4383 desideras,
3699 4318 3837 4387 quia

348 4408 617 4472 pergunt,
670 4405 813 4454 I40
862 4399 1002 4469 quia
1049 4412 1234 4454 mores
1287 4412 1420 4454 eum
1475 4397 1567 4453 sui
1622 4396 1696 4452 ab
1744 4397 1863 4466 ipso
1921 4411 2036 4452 non
2075 4394 2396 4455 Dnecdum
2443 4399 2729 4456 ferventer
2787 4415 2964 4467 amas,
3020 4401 3112 4456 dic
3163 4402 3303 4472 quid
3357 4403 3495 4457 mihi
3553 4405 3832 4460 conferas.

349 4489 634 4546 dividunt.
689 4487 871 4558 Opilio
916 4487 1126 4543 dicitur
1174 4489 1555 4542 mercenarius.
1617 4486 2032 4541 Mercenarium

349 4585 542 4634 autem
565 4575 853 4632 Christum
893 4589 957 4632 eo
986 4575 1232 4632 dixerim
1257 4575 1444 4642 modo,
1496 4589 1614 4644 quo
1646 4588 1747 4629 nos
1771 4588 1922 4640 oves,
1972 4580 2037 4629 ut

351 4667 468 4736 ipse
514 4665 768 4736 perhibet
811 4665 986 4736 (Joan.
1019 4677 1077 4728 x,
1114 4665 1220 4731 15),
1255 4676 1391 4719 suas
1437 4676 1472 4717 a
1511 4663 1676 4718 Patre
1722 4662 1831 4718 sibi
1874 4663 2037 4717 datas

349 4769 452 4826 pro
480 4755 762 4825 passione,
794 4766 970 4824 quam
1009 4751 1264 4822 pertulit,
1315 4751 1438 4807 loco
1484 4751 1760 4806 mercedis
1797 4751 2032 4820 accepit.

348 4843 479 4900 Cum
525 4842 754 4910 dederit,
797 4840 1005 4911 inquit,
1049 4839 1262 4894 dilectis
1302 4841 1416 4893 suis
1466 4853 1728 4903 somnum,
1770 4853 1882 4892 ecce
1926 4841 2034 4892 Do-

346 4933 485 4985 mini
536 4930 848 4997 hzreditas,
905 4930 1013 4996 filii
1066 4942 1281 4994 merces,
1342 4929 1556 4994 fructus
1609 4930 1814 4982 ventris
1866 4927 2033 4997 (Psal.

347 5033 541 5083 cum,
571 5019 650 5088 2).
686 5019 792 5072 Et:
837 5017 1058 5071 Postula
1089 5031 1125 5069 a
1161 5032 1242 5068 me
1268 5019 1318 5070 et
1349 5015 1488 5070 dabo
1531 5017 1636 5070 tibi
1677 5021 1875 5084 gentes,
1927 5023 2034 5072 etc.

348 5104 517 5174 (Psal.
543 5120 602 5171 ιι,
635 5104 710 5174 8).

419 5193 588 5250 VERS.
646 5195 730 5260 13,
786 5193 868 5245 14.
911 5221 981 5228 -—
1024 5193 1452 5261 Nuntiatumque
1497 5193 1576 5246 est
1619 5192 1857 5246 Thamar
1893 5189 2038 5260 quod

347 5297 496 5338 socer
525 5283 674 5336 illius
715 5279 1022 5334 ascenderet
1049 5281 1107 5332 in
1144 5281 1413 5334 Thamnas
1451 5279 1526 5334 ad
1555 5280 1853 5335 tondendas
1894 5293 2033 5333 oves.

351 5372 501 5436 Quae,
564 5370 824 5438 depositis
885 5368 1174 5423 viduitatis
1239 5370 1493 5435 vestibus,
1553 5371 1850 5436 assumpsit
1906 5372 2036 5420 teri-

349 5461 542 5522 strum,
583 5461 632 5510 et
668 5460 874 5510 mutato
907 5455 1118 5520 habitu,
1159 5455 1300 5510 sedit
1331 5458 1391 5508 in
1436 5455 1579 5508 bivio
1616 5456 1850 5519 itineris,
1895 5452 2040 5521 quod

350 5545 500 5598 ducit
527 5545 842 5612 Thamnam,
864 5560 920 5598 eo
933 5544 1077 5612 quod
1095 5546 1346 5597 crevisset
1367 5543 1512 5610 Sela,
1533 5547 1584 5594 et
1613 5557 1720 5596 non
1753 5543 2040 5610 accepisset

350 5648 470 5688 eum
521 5636 799 5689 maritum.
853 5633 1106 5688 Thamar
1151 5630 1483 5687 nuntiatum
1534 5635 1619 5684 est
1669 5629 1823 5699 quod
1881 5641 2042 5684 socer

2142 4488 2394 4556 Haedum,
2434 4487 2536 4550 ait,
2568 4489 2634 4542 de
2660 4491 2912 4557 gregibus
2947 4493 3160 4544 mittam
3202 4491 3322 4556 tibi,
3370 4491 3584 4559 peccati
3624 4493 3836 4548 scilicet

2143 4577 2248 4643 tui,
2285 4592 2401 4647 quo
2445 4577 2598 4646 apud
2646 4579 2828 4633 Deum
2877 4578 3012 4633 fetes
3056 4577 3456 4647 cognitionem,
3507 4589 3835 4649 exemptam

2143 4665 2213 4719 de
2243 4665 2653 4734 cogitationum
2694 4665 2881 4720 turbis
2909 4679 2976 4720 ac
3012 4665 3428 4734 divisionibus;
3462 4667 3546 4720 vel
3579 4676 3833 4737 ereptam

2143 4752 2212 4808 de
2230 4752 2524 4822 gregibus,
2558 4752 2610 4806 id
2632 4759 2716 4806 est
2737 4751 3063 4806 daemonum
3085 4753 3481 4816 concursibus,
3505 4753 3604 4822 qui
3635 4771 3835 4826 greges

2144 4841 2436 4902 dicuntur.
2488 4840 2560 4895 ob
2611 4839 2938 4895 studiorum
2975 4839 3349 4908 diversitates,
3400 4849 3456 4896 et
3506 4842 3648 4912 quia
3700 4852 3834 4900 sunt

2145 4927 2384 4983 unitatis
2411 4933 2690 4982 extorres.

2216 5017 2388 5074 Vnus.
2424 5019 2508 5070 18.
2537 5047 2606 5056 —
2635 5017 2848 5081 Patiar,
2890 5017 2989 5082 ait,
3027 5016 3173 5084 quod
3212 5019 3316 5084 vis,
3355 5020 3406 5072 si
3443 5019 3659 5074 dederis
3704 5022 3836 5075 mihi

2146 5106 2520 5166 arrhabonem,
2564 5103 2725 5158 donec
2767 5107 2954 5157 mittas
2993 5105 3138 5173 quod
3165 5107 3453 5173 polliceris.
3497 5109 3594 5162 Ait
3623 5109 3829 5163 ludas:

2146 5193 2290 5258 Quid
2334 5195 2418 5246 vis
2447 5192 2550 5244 tibi
2573 5207 2674 5260 pro
2720 5191 3022 5245 arrhabone
3049 5193 3226 5246 duri?
3264 5194 3598 5263 Respondit:
3643 5199 3831 5251 Annu-

2147 5281 2258 5334 lum
2305 5285 2356 5333 et
2401 5280 2698 5346 armillam,
2747 5284 2796 5333 et
2847 5280 3113 5346 baculum,
3164 5297 3320 5349 quem
3361 5299 3528 5338 manu
3573 5287 3736 5340 tenes.
3778 5284 3830 5339 Si

2147 5368 2360 5438 digitus
2399 5367 2456 5421 in
2489 5367 2796 5437 Scripturis
2837 5369 3149 5438 aliquando
3197 5369 3568 5427 intentionem
3623 5374 3825 5446 signat,

2139 5455 2315 5526 juxta
2342 5455 2502 5522 illud,
2536 5456 2690 5526 quod
2727 5456 2935 5527 digitos
2973 5463 3197 5512 nostros
3243 5457 3402 5514 docet
3436 5460 3589 5516 Deus
3617 5463 3690 5516 ad
3722 5460 3827 5516 bel-

2148 5543 2269 5599 lum
2316 5545 2491 5612 (Psal.
2549 5559 2741 5612 cxuu,
2800 5549 2890 5610 1):
2945 5546 3201 5601 annulus
3255 5545 3313 5602 in
3359 5547 3557 5616 digito,
3608 5551 3828 5605 claritas

2149 5631 2466 5688 sanctitatis
2503 5640 2605 5700 est,
2656 5633 2715 5688 in
2760 5632 3093 5689 intentionis
3143 5640 3294 5689 voto.
3348 5635 3591 5693 Armilla
3641 5646 3822 5696 autem
