3950 6450
100 428 189 479 265
1286 417 1652 475 NOBALIUM
1692 420 1759 475 IN
1798 416 2104 476 GENESIN
2147 417 2276 473 LIB.
2319 417 2407 473 IX.

3503 423 3606 476 266

98 555 147 610 in
183 552 441 622 brachio,
484 550 846 609 continentiae
882 549 1092 617 virtus,
1131 546 1345 606 scilicet
1382 563 1416 605 a
1458 549 1775 618 favoribus,
1816 555 1858 609 Α
1889 557 2045 606 ctum
2081 547 2340 620 promisit
2380 547 2793 619 penitentibus
2837 549 2897 605 in
2940 549 3190 621 iustitia.
3232 550 3429 619 (Vsus.
3480 553 3597 623 2i.)

94 653 166 699 est
190 644 242 698 in
279 642 422 699 boni
451 642 636 712 operis
663 639 956 697 exercitio.
994 639 1247 695 Baculus
1283 653 1421 695 vero
1449 639 1789 709 spiritualis,

95 746 198 802 qua
252 739 657 787 sustentamur
712 729 915 801 gratim
961 736 1047 784 est
1096 727 1247 783 inter
1302 729 1408 783 ista
1454 728 1784 783 consolatio.

96 823 214 877 llaec
238 835 341 891 pro
373 820 702 875 arrhabone
731 817 894 873 nobis
924 817 1163 884 dantur,
1186 816 1370 872 donec
1399 818 1587 872 mittat
1610 818 1637 872 J
1647 817 1791 873 udas

99 910 333 977 bardum,
389 922 564 979 quem
622 906 945 977 pollicetur,
1003 905 1164 975 quia,
1216 913 1530 976 antequam
1582 914 1789 962 nostrae

95 997 382 1067 originalis
429 995 786 1065 actualisque
824 993 1071 1050 miseria:
1114 1001 1399 1064 putorem,
1441 994 1789 1064 pcenitentiaa

96 1094 144 1142 et
187 1085 557 1141 confessionis
605 1084 902 1150 instantia,
948 1083 1116 1154 plene
1148 1083 1389 1153 aperiat,
1441 1083 1634 1140 labore
1685 1099 1791 1140 suo

96 1174 246 1245 prius
285 1188 517 1229 necesse
553 1181 655 1241 est,
690 1174 800 1228 tria
850 1173 957 1228 ista
996 1172 1316 1242 disciplinae
1363 1180 1577 1229 nostra;
1619 1173 1791 1229 attri-

96 1264 241 1329 buat,
290 1262 418 1317 sine
464 1276 714 1332 quorum
776 1262 903 1316 luce
948 1260 1197 1330 perfecte
1240 1275 1409 1316 nemo
1453 1276 1513 1317 se
1565 1268 1786 1317 noscat.

93 1352 175 1406 Ad
214 1366 380 1405 unum
426 1353 602 1419 igitur
638 1353 837 1404 coitum
890 1355 1129 1419 concepit
1174 1352 1388 1405 mulier.
1436 1352 1633 1417 (Vnus.
1673 1353 1787 1421 l9.)

97 1444 160 1495 Et
207 1455 434 1506 surgens
485 1439 659 1506 abiit;
712 1439 1061 1509 depositoque
1101 1439 1330 1507 habitu,
1381 1456 1537 1509 quem
1584 1456 1792 1496 assum-

90 1535 288 1599 pserat,
336 1529 537 1582 induta
582 1532 660 1582 est
688 1527 984 1583 viduitatis
1031 1528 1290 1583 vestibus.
1332 1528 1421 1584 Ad
1472 1529 1791 1600 simplicem

95 1618 292 1673 divina;
346 1616 653 1673 infusionis
700 1616 1002 1686 illapsum,
1061 1616 1211 1671 bona
1273 1618 1540 1687 proponit
1596 1632 1787 1689 agere,

94 1708 224 1763 adeo
256 1706 435 1761 animi
456 1706 707 1761 emollita
738 1705 1081 1771 fecunditas,
1104 1714 1159 1761 et
1186 1706 1245 1761 in
1278 1720 1375 1776 spe
1401 1706 1580 1763 venia:
1602 1721 1792 1763 assur-

96 1811 244 1865 gens,
281 1796 352 1850 ad
386 1794 681 1860 interiora,
715 1793 928 1849 scilicet
962 1795 1231 1860 coelestia,
1264 1795 1556 1852 inhianter
1585 1797 1786 1852 tendit.

95 1886 503 1955 Deponensque
527 1897 631 1953 per
660 1882 1002 1939 humilitatis
1036 1884 1282 1954 gratiam
1310 1884 1519 1940 interni
1556 1884 1790 1941 habitus

97 1974 347 2043 gloriam,
382 1972 724 2028 recordatur
766 1985 903 2042 erga
942 1986 1000 2028 se
1044 1973 1155 2028 viri
1195 1974 1285 2030 sui
1340 1988 1442 2044 pro
1469 1989 1528 2031 se
1573 1974 1786 2031 mortui

95 2063 219 2118 Jesu
258 2060 740 2129 misericordiam;
779 2061 978 2131 sicque
1018 2068 1175 2118 tanto
1214 2062 1403 2120 debito
1438 2078 1497 2119 se
1529 2077 1704 2134 penes
1732 2077 1791 2119 se

95 2150 353 2219 deprimit
382 2149 643 2205 viduam.

159 2239 327 2295 Vsus.
381 2240 475 2304 20,
522 2242 610 2294 2t.
667 2270 737 2281 —
788 2242 940 2296 Misit
978 2244 1157 2295 autem
1211 2240 1385 2296 Iudas
1426 2241 1638 2296 haedum
1691 2256 1794 2312 per

92 2332 353 2397 pastorem
399 2343 560 2383 suum
593 2328 991 2397 Odollamitem,
1025 2336 1086 2384 ut
1122 2333 1387 2400 reciperet
1417 2333 1617 2400 pignus
1647 2329 1794 2401 quod

97 2416 306 2471 dederat
349 2418 589 2471 mulieri.
625 2419 734 2483 Qui
770 2433 893 2472 cum
939 2434 1045 2472 non
1090 2421 1384 2473 invenisset
1433 2435 1570 2487 eam,
1612 2421 1791 2473 inter-

94 2508 298 2573 rogavit
326 2506 566 2560 homines
598 2507 703 2560 loci
731 2507 883 2560 illius
917 2521 930 2560 :
978 2507 1080 2560 Ubi
1125 2511 1205 2561 est
1235 2508 1433 2560 mulier
1470 2522 1590 2576 quae
1637 2506 1791 2562 sede-

98 2594 179 2647 bat
205 2596 263 2648 in
294 2594 439 2649 bivio
462 2598 491 2649 :7
531 2595 637 2650 Per
667 2594 979 2663 Christum,
1027 2594 1131 2665 qui
1171 2594 1434 2665 specialis
1485 2603 1679 2651 noster
1707 2602 1792 2650 est

98 2690 297 2752 pastor,
342 2683 444 2754 qui
487 2696 591 2739 nos
624 2683 694 2740 ad
726 2684 869 2740 bene
900 2683 1190 2755 agendum
1223 2684 1479 2754 quotidie
1508 2690 1791 2740 contesta-

99 2778 203 2839 tur,
242 2772 424 2827 nostri
479 2772 733 2842 ipsorum
782 2772 1164 2843 cognitionem
1216 2772 1587 2829 confessionis
1626 2772 1793 2829 nobis

98 2860 255 2916 mittit
290 2860 609 2930 humilitas,
652 2861 792 2932 quia
831 2868 1050 2931 quanto
1096 2862 1305 2917 Christi
1353 2870 1790 2933 unguentorum

100 2956 375 3005 sectamur
422 2950 655 3006 odorem
698 2950 876 3020 (Cant.
935 2965 974 3016 ι,
1016 2953 1088 3019 3),
1141 2958 1300 3006 tanto
1349 2951 1536 3023 magis
1583 2958 1792 3007 nostra

99 3036 308 3108 fragilis
346 3038 693 3095 conditionis
738 3038 1111 3110 intelligimus
1153 3040 1409 3096 fetorem.
1450 3039 1612 3095 ludas
1655 3052 1794 3111 ergo

100 3126 287 3196 recipit
314 3128 534 3198 pignus
566 3127 720 3199 quod
752 3128 987 3184 dederat
1013 3128 1260 3197 mulieri,
1294 3128 1436 3199 quia
1466 3142 1583 3199 quo
1606 3127 1793 3199 magis

1898 639 2040 693 Ecce
2077 644 2259 693 autem
2305 643 2427 708 post
2470 643 2579 692 tres
2617 654 2820 694 menses
2867 643 3261 696 nuntiaverunt
3304 641 3479 706 Iudae,
3523 642 3608 696 di-

1898 732 2070 782 centes
2111 742 2124 781 :
2174 727 2471 782 Fornicata
2515 731 2593 782 est
2649 729 2885 784 Thamar
2924 743 3097 783 nurus
3139 733 3254 797 tua,
3306 735 3356 783 et
3387 730 3606 785 videtur

1900 821 2083 871 uterus
2116 818 2269 871 illius
2304 819 2680 872 intumescere.
2726 818 2861 873 Tres
2900 832 3121 874 menses
3156 819 3299 874 mihi
3331 820 3606 877 videntur

1897 905 2011 961 dici
2039 907 2215 963 trium
2261 905 2646 976 plenitudines
2694 909 3008 976 actionum,
3059 907 3453 964 conversionis
3491 908 3601 964 sci-

1899 994 2051 1063 licet,
2100 995 2413 1066 profectus,
2447 1010 2515 1051 ac
2557 996 2921 1066 perfectionis
2956 997 3114 1053 illius
3155 997 3302 1066 dico,
3338 1011 3469 1068 qua:
3499 1004 3604 1065 est,

1900 1084 2203 1156 integritas
2249 1085 2585 1156 charitatis;
2638 1093 2763 1156 post
2807 1101 2940 1157 quae
2986 1086 3099 1142 tria
3143 1086 3349 1142 humili
3396 1094 3608 1142 nostra:

1899 1172 2280 1241 confessioni,
2330 1188 2364 1229 a
2411 1188 2531 1245 qua
2584 1175 2748 1230 nulla
2795 1175 3080 1231 virtutum
3130 1175 3321 1231 dirimi
3378 1187 3608 1231 summa

1900 1263 2192 1331 debemus,
2227 1277 2329 1333 pro
2368 1264 2692 1321 titillatione
2724 1265 3011 1335 superbize
3044 1265 3283 1335 spiritus
3311 1264 3609 1334 querimo-

1899 1351 2011 1408 niae
2043 1353 2345 1419 accedunt,
2378 1361 2432 1409 et
2462 1354 2531 1409 de
2561 1353 2730 1420 uteri,
2775 1354 2827 1408 id
2859 1361 2942 1409 est
2985 1336 3344 1409 conscientiae
3383 1361 3607 1409 tumore

1900 1455 2004 1497 nos
2038 1450 2324 1512 arguunt;
2362 1449 2416 1497 et
2458 1455 2491 1496 a
2526 1441 2673 1510 Sela,
2706 1443 2760 1498 id
2800 1450 2883 1498 est
2913 1442 3094 1498 sancti
3127 1442 3374 1512 Spiritus
3402 1446 3605 1513 conju-

1901 1529 1993 1601 gio
2022 1544 2125 1601 per
2156 1530 2419 1586 elationis
2449 1530 2881 1587 fornicationem
2913 1531 3193 1587 excidisse
3223 1530 3606 1587 conclamant.

1899 1618 2007 1673 Sed
2058 1632 2196 1674 vera
2248 1617 2554 1686 confessio,
2605 1634 2737 1690 qua:
2792 1633 3017 1689 semper
3071 1619 3349 1685 venit.ad
3397 1619 3605 1686 lucem,

1900 1707 2145 1777 produci
2189 1707 2386 1778 jubet;
2438 1711 2566 1777 ()uz
2609 1708 2761 1763 enim
2791 1713 3123 1776 arguuntur,
3167 1705 3339 1777 juxta
3380 1712 3610 1777 Aposto-

1901 1794 2023 1851 lum
2074 1811 2107 1849 a
2158 1797 2358 1850 lumine
2392 1798 3071 1865 manifestantur(Ephes.
3121 1810 3179 1861 v,
3228 1797 3341 1864 l3);
3392 1804 3448 1851 et
3501 1795 3609 1851 hoc

1902 1883 1973 1939 ad
2017 1883 2500 1950 comburendum,
2550 1884 2733 1940 divini
2777 1884 3040 1940 videlicet
3089 1870 3238 1955 ignis
3277 1884 3608 1954 conﬂagra»

1904 1973 2054 2029 tione
2103 1973 2493 2029 lustrandum.
2546 1973 2742 2041 (Vens.
2799 1975 2913 2044 ‘25.)
2960 1975 3086 2040 Qum
3131 1989 3247 2028 cum
3296 1973 3611 2027 educeretur

1902 2073 2004 2129 per
2052 2060 2461 2116 confessionem
2507 2061 2581 2114 ad
2621 2061 2968 2130 paenitentia:
3014 2076 3252 2131 pennam,
3310 2059 3483 2116 mittit
3534 2060 3610 2114 ad

1898 2164 2139 2204 socerum
2182 2164 2368 2216 suum,
2425 2149 2497 2204 ad
2548 2148 2711 2204 initia
2767 2149 2981 2205 scilicet
3038 2149 3284 2205 recurrit
3351 2148 3608 2218 antiquae

1900 2237 2270 2293 confessionis
2300 2251 2367 2292 ac
2411 2237 2809 2307 pmnitudinis.
2848 2252 2980 2308 quae
3019 2238 3125 2293 sibi
3172 2252 3240 2293 ex
3280 2236 3608 2293 humilitate

1901 2324 2166 2394 spiritum
2214 2324 2486 2380 maritum
2530 2325 2697 2394 quasi
2748 2323 2952 2388 Selam.
3006 2324 3106 2395 qui
3144 2324 3355 2380 dicitur
3382 2325 3605 2391 umbra,

1901 2420 2213 2484 genuerat;
2264 2422 2319 2468 et
2366 2427 2424 2469 se
2471 2427 2587 2467 non
2635 2413 2704 2468 de
2753 2413 3067 2483 cupiditate
3108 2413 3374 2469 saeculari
3422 2413 3605 2483 hypo-

1900 2501 2091 2558 crisim
2141 2503 2489 2571 concepisse,
2539 2501 2632 2557 sed
2684 2501 2753 2557 de
2801 2502 3041 2558 humilis
3086 2502 3460 2559 confessionis
3510 2503 3607 2557 in-

1903 2591 2138 2653 stinctu,
2172 2604 2304 2661 quae
2337 2590 2640 2660 mysticum
2673 2590 2982 2658 annulum,
3016 2591 3303 2647 armillam
3340 2598 3395 2648 et
3428 2591 3604 2647 bacu-

1901 2680 2046 2748 lum,
2087 2678 2197 2735 sibi
2227 2680 2521 2745 attribuit,
2572 2679 2773 2736 asserit
2814 2681 3235 2750 perseverantis
3289 2679 3608 2737 devotionis

1901 2767 2191 2824 all'ectum.
2237 2767 2431 2838 (Vsus.
2458 2767 2570 2838 26.)
2611 2769 2837 2837 Agnitis
2880 2770 3213 2836 muneribus,
3246 2772 3367 2824 ait:
3398 2772 3609 2824 Iustior

1901 2873 1984 2911 me
2010 2863 2107 2925 est,
2141 2861 2273 2927 quia
2310 2873 2419 2912 non
2450 2858 2666 2912 tradidi
2713 2873 2831 2912 eam
2861 2859 2986 2914 Sela
3012 2860 3127 2928 ﬁlio
3164 2874 3295 2914 meo.
3332 2858 3609 2929 Agnoscit

1902 2960 2168 3013 munera,
2187 2945 2327 3016 quia
2338 2953 2393 3002 et
2417 2960 2537 3002 suae
2551 2959 2585 3001 a
2603 2947 2715 3002 Deo
2726 2947 2835 3002 sibi
2849 2946 3029 3004 inesse
3045 2948 3205 3003 novit
3217 2947 3610 3004 conversionis

1903 3034 2239 3105 primordia,
2260 3042 2316 3091 et
2344 3036 2769 3104 promotionum
2788 3036 3158 3093 incrementa.
3180 3038 3387 3091 Justior
3404 3052 3485 3091 me
3506 3041 3605 3106 est,

1903 3124 2123 3194 inquit;
2151 3137 2218 3180 ac
2244 3123 2483 3180 sidicat:
2510 3125 2944 3180 Perseverantia
2960 3139 3072 3181 sua
3093 3125 3162 3180 ad
3181 3125 3485 3196 justiorem
3507 3125 3611 3182 du-

99 3228 193 3269 nos
219 3215 623 3283 discernimus,
652 3223 811 3273 tanto
840 3216 1090 3287 amplius
1114 3217 1158 3272 si
1191 3217 1329 3287 quid
1364 3216 1598 3273 virtutis
1628 3216 1793 3272 nobis
1831 3201 1872 3257 C
1900 3213 1987 3267 xit
2013 3226 2103 3268 me
2132 3219 2367 3279 statum,
2403 3215 2457 3267 et
2479 3212 2904 3282 quodammodo
2932 3226 3023 3269 me
3046 3212 3168 3283 ipsa
3189 3212 3491 3283 justiorem
3517 3228 3607 3269 me

98 3316 160 3357 ex
188 3311 319 3360 actu
366 3305 717 3374 poenitentiae
765 3304 1051 3377 ingestum
1103 3314 1206 3373 est,
1254 3306 1326 3361 ad
1366 3305 1556 3376 ipsum
1598 3304 1789 3360 Domi-

98 3391 228 3448 uicae
274 3393 623 3449 humilitatis
673 3399 808 3449 141
869 3402 1220 3465 praeceptum
1266 3409 1381 3450 non
1435 3395 1508 3450 ad
1566 3401 1791 3449 nostras

96 3483 236 3537 vires
267 3482 596 3539 referimus.
640 3483 934 3539 Mulierem
969 3484 1214 3538 dicimus
1243 3490 1441 3552 coeptae
1471 3478 1791 3552 disciplinae

98 3572 469 3640 propositum,
507 3572 580 3628 ob
611 3570 990 3639 affectionem,
1022 3578 1077 3627 et
1116 3571 1524 3627 fecunditatem
1560 3570 1788 3641 piorum

96 3673 347 3727 operum.
399 3660 510 3717 Sed
566 3661 614 3716 is
658 3674 834 3718 verus
875 3669 1073 3731 pastor
1122 3675 1237 3717 non
1284 3661 1505 3717 invenit
1551 3674 1678 3716 eam
1732 3659 1791 3715 in

98 3744 287 3805 habitu
342 3749 691 3817 meretricio,
741 3749 881 3805 dum
926 3749 1029 3805 soli
1074 3749 1297 3820 placere
1342 3750 1455 3805 Deo
1497 3749 1607 3806 sibi
1646 3749 1794 3805 inest

97 3834 344 3894 intentio.
395 3837 591 3895 Potest
637 3838 806 3894 etiam
855 3837 1066 3895 mulier
1114 3837 1227 3895 dici
1277 3838 1468 3895 sedere
1517 3838 1574 3894 in
1617 3838 1790 3906 bivio,

98 3938 219 3993 quae
262 3931 510 3996 putatur
557 3917 753 3998 aliqua
798 3927 950 3983 bona
999 3940 1171 3998 agere
1213 3942 1318 3998 pro
1371 3928 1501 3995 Deo,
1546 3941 1682 3984 cum
1726 3942 1794 3984 ea

98 4023 347 4071 exerceat
381 4030 489 4086 pro
530 4017 760 4072 saeculo.
807 4016 1001 4086 (Vens.
1044 4016 1155 4083 22.)
1187 4014 1457 4072 Homines
1492 4016 1597 4072 loci
1640 4016 1796 4073 illius

100 4100 397 4157 rationales
447 4110 587 4158 sunt
615 4109 826 4167 motus,
870 4117 1018 4173 quos
1056 4110 1251 4173 pastor
1286 4101 1653 4159 Odollamites
1688 4103 1791 4160 do.

98 4188 249 4245 navit
276 4190 497 4247 honore
532 4198 736 4246 status.
776 4191 1001 4263 Negant
1043 4191 1120 4247 illi
1153 4191 1363 4248 ibidem
1395 4192 1603 4247 sedisse
1634 4205 1794 4247 scor-

100 4284 259 4347 tum,
320 4280 543 4336 scilicet
614 4294 1007 4350 perseverasse
1077 4281 1400 4352 cujuspiam
1480 4280 1797 4352 spiritualis

100 4366 357 4425 adulterii
401 4367 646 4425 malum.
699 4368 882 4425 Sessio
928 4369 1000 4425 ad
1040 4383 1211 4425 usum
1259 4369 1475 4439 peccati
1526 4371 1791 4439 pertinet,

1900 3300 2166 3367 reddidit,
2199 3308 2253 3356 et
2283 3301 2424 3371 quia
2449 3300 2631 3356 sancti
2656 3299 2903 3371 Spiritus
2934 3301 3286 3358 obumbrare
3315 3315 3449 3357 mox
3479 3301 3610 3373 ejus

1901 3389 2065 3445 initia
2103 3389 2383 3445 charitate
2422 3404 2540 3445 non
2585 3390 2767 3459 potui,
2801 3390 2911 3446 sub
2938 3390 3142 3447 timore
3173 3390 3540 3461 paenitentiae,
3574 3402 3610 3446 a

1900 3492 1991 3534 me
2035 3477 2301 3533 videlicet
2335 3477 2706 3534 confessionis
2751 3479 2940 3548 gratia
2969 3478 3041 3533 ad
3087 3479 3266 3535 bonos
3312 3479 3607 3549 proferen-

1900 3567 2040 3623 dum
2090 3566 2332 3635 fructus,
2371 3566 2739 3638 impraagnari
2787 3567 2880 3638 pio
2923 3567 3204 3624 desiderio
3252 3567 3477 3625 maluit.
3512 3568 3611 3624 At-

1902 3660 2081 3711 tamen
2130 3657 2281 3711 ullra
2330 3671 2439 3711 non
2493 3659 2741 3728 cognovit
2780 3673 2926 3725 eam;
2989 3657 3045 3713 id
3104 3665 3190 3715 est
3232 3658 3333 3729 qui
3384 3658 3608 3729 pridem

1901 3744 2140 3801 humilis
2179 3759 2299 3801 suae
2346 3744 2720 3801 confessionis
2763 3744 2980 3801 oblitus
3026 3746 3273 3802 nimium
3312 3760 3419 3803 sua
3458 3747 3611 3804 bona

1901 3834 2249 3890 attendendo
2292 3833 2640 3889 intumuisse
2694 3833 3041 3902 videbatur,
3104 3835 3223 3907 jam
3283 3835 3611 3892 dissimulat

1902 3922 2179 3993 propositi
2245 3922 2336 3979 sui
2394 3922 2745 3994 perpendere
2797 3922 3131 3979 instantiam
3161 3965 3176 3993 ,
3230 3938 3303 3980 ne
3361 3924 3609 3981 inaniter

1902 4011 2197 4069 efferatur.

1975 4101 2149 4157 Vsus.
2203 4103 2290 4156 27.
2339 4131 2409 4141 —
2456 4104 2697 4156 Instante
2743 4106 2923 4156 autem
2976 4107 3176 4171 partu,
3230 4106 3610 4172 apparuerunt

1903 4193 2108 4258 gemini
2155 4194 2214 4245 in
2259 4197 2432 4257 utero,
2494 4196 2658 4261 atque
2714 4194 2770 4246 in
2816 4195 2941 4261 ipsa
2988 4191 3247 4260 effusione
3304 4193 3605 4258 infantum,

1904 4295 2045 4334 unus
2088 4281 2321 4349 protulit
2352 4296 2594 4348 manum,
2640 4283 2696 4334 in
2748 4296 2859 4350 qua
2902 4280 3166 4335 obstetrix
3205 4282 3399 4347 ligavit
3442 4283 3607 4352 cocci-

1901 4384 2051 4423 num.
2110 4368 2315 4425 Partus
2360 4370 2569 4435 instat,
2633 4382 2767 4424 cum
2819 4368 3122 4425 destinatio
3195 4369 3468 4439 propositi
3516 4369 3610 4439 pio

100 4463 159 4509 ut
184 4464 307 4512 est:
352 4459 425 4512 In
464 4457 728 4511 cathedra
763 4460 1083 4528 pestilentia
1120 4473 1225 4512 non
1258 4458 1399 4512 sedit
1439 4459 1609 4527 (Psal.
1645 4473 1683 4526 ι,
1720 4461 1788 4527 1).
1832 4485 1874 4539 D
1906 4456 2138 4513 affectui
2197 4457 2646 4527 appropinquat.
2709 4455 3000 4526 Apparent
3053 4460 3115 4510 in
3169 4461 3321 4511 utero
3378 4457 3608 4524 gemini,

100 4543 303 4601 Eorum
335 4553 535 4603 autem
568 4554 653 4601 est
698 4560 932 4618 negare,
976 4546 1184 4603 effectu
1229 4560 1335 4603 suo
1366 4561 1479 4603 non
1522 4547 1599 4603 ita
1637 4546 1792 4617 apud

99 4646 152 4685 se
181 4634 295 4703 geri
325 4634 629 4690 evidenter
656 4635 974 4691 ostendere.

163 4720 328 4778 Vsus.
363 4725 458 4795 23.
490 4753 561 4763 —
612 4723 713 4778 Ait
762 4723 977 4778 Iudas:
1034 4724 1243 4780 Habeat
1291 4725 1421 4790 sibi,
1461 4730 1602 4779 certe
1643 4740 1796 4779 men-

100 4807 237 4863 dacii
262 4827 359 4867 nos
392 4827 628 4880 arguere
667 4827 775 4866 non
802 4816 1022 4882 poterit.
1073 4814 1186 4882 Ego
1228 4815 1358 4867 misi
1387 4813 1601 4868 haedum
1641 4829 1798 4882 quem

100 4902 466 4970 promiseram,
500 4906 552 4955 et
599 4906 658 4955 tu
688 4916 794 4955 non
835 4900 1096 4956 invenisti
1128 4917 1265 4957 eam.
1311 4904 1446 4970 Ego,
1481 4902 1692 4973 inquit,
1724 4917 1795 4959 ex

104 4987 326 5057 pignore
355 4992 577 5046 sanctae
612 4989 964 5059 intentionis,
996 4997 1182 5046 cautae
1209 4990 1580 5061 operationis,
1620 5000 1674 5048 et
1706 4992 1800 5047 di-

106 5076 239 5131 vinae
275 5077 427 5134 inter
476 5078 726 5133 adversa
780 5078 1224 5149 consolationis,
1283 5080 1497 5135 haedum
1552 5080 1800 5151 propriae

107 5165 437 5234 cognitionis
493 5166 840 5223 adfuturum
892 5170 1291 5237 promiseram;
1347 5184 1481 5236 ego,
1535 5169 1797 5239 inquam,

108 5254 309 5310 utilitas
338 5257 446 5326 piae
476 5255 857 5313 confessionis
899 5256 1069 5313 intuli
1108 5257 1262 5328 quod
1306 5258 1559 5327 promisi,
1594 5266 1679 5324 tn,
1711 5272 1805 5328 pa-

110 5349 214 5397 stor
263 5354 497 5409 aeterne.
561 5343 620 5400 in
653 5345 808 5401 bivio
863 5346 1028 5403 bonae
1074 5346 1467 5414 exhibitionis,
1498 5354 1553 5403 et
1608 5347 1804 5417 gloriae

113 5429 299 5500 inanis,
350 5450 471 5489 eam
525 5433 818 5490 sedentem
855 5476 870 5499 ,
932 5435 989 5491 id
1040 5442 1126 5492 est
1180 5435 1291 5492 sibi
1343 5436 1803 5505 acquiescentem

114 5533 214 5575 non
255 5522 503 5579 inveniri
557 5522 791 5588 feceris;
837 5523 1048 5580 habeat
1086 5537 1225 5594 ergo
1276 5523 1410 5581 vitae
1458 5531 1667 5579 nostra;
1711 5524 1805 5579 di-

116 5608 333 5678 sciplina
383 5613 606 5684 pignus
665 5612 887 5681 praemii
934 5612 1135 5669 aeterni
1186 5620 1285 5668 tua
1333 5626 1600 5678 munera,
1665 5613 1807 5681 quia

120 5699 372 5756 mendacii
414 5700 594 5771 argui
637 5714 754 5755 non
798 5701 1003 5771 poterit
1039 5701 1252 5757 veritas
1289 5708 1411 5768 tua,
1449 5714 1581 5770 quae
1610 5699 1804 5770 profe-

450 5800 742 5867 PATROL.
794 5800 999 5866 CLVI.

1907 4563 2041 4604 cum
2069 4561 2143 4603 ex
2168 4547 2519 4603 conscientia
2556 4546 2883 4616 prominere
2918 4547 3328 4618 intelliguntur
3358 4547 3609 4603 duarum

1905 4636 2273 4693 all‘ectionum
2310 4635 2478 4706 quasi
2511 4649 2583 4691 ex
2618 4649 2733 4691 uno
2758 4634 2913 4691 fonte
2940 4634 3069 4691 rivi.
3104 4636 3171 4691 In
3200 4639 3324 4704 ipsa
3354 4635 3614 4703 effusione

1905 4728 2188 4793 infantum
2237 4722 2454 4794 profert
2504 4738 2644 4777 unus
2674 4739 2915 4792 manum,
2949 4738 3083 4779 cum
3114 4724 3187 4779 ad
3226 4724 3415 4791 operis
3445 4723 3612 4779 exhi-

1905 4814 2180 4870 bitionem
2227 4812 2406 4868 animi
2455 4812 2679 4868 ambitu
2724 4813 3045 4879 accedente,
3097 4812 3259 4882 prior-
3278 4812 3374 4867 Dei
3416 4811 3613 4868 chari-

1905 4902 2039 4959 tatis
2080 4902 2318 4959 efTectus
2353 4916 2452 4972 per
2493 4901 2780 4956 interioris
2811 4901 3060 4957 hominis
3103 4900 3612 4971 compunctionem

1906 4992 2222 5063 egreditur.
2280 4992 2345 5047 In
2397 5004 2517 5062 qua
2572 4993 2845 5046 coccinum
2898 5004 3079 5047 manu
3134 4991 3401 5045 obstetria:
3445 4990 3610 5062 ligat,

1909 5080 2047 5137 dum
2079 5080 2243 5142 ratio,
2282 5095 2414 5150 quae
2448 5080 2671 5135 cunctis
2710 5079 2918 5135 animae
2956 5078 3188 5135 casibus
3216 5078 3426 5147 obstat,
3457 5092 3612 5134 mor-

1909 5168 2279 5225 tiﬁcationem
2332 5167 2654 5224 carnalium
2704 5168 3122 5225 desideriorum
3178 5168 3235 5223 in
3290 5181 3395 5223 suo
3446 5180 3617 5238 opere

1910 5258 2214 5329 insigniter
2264 5265 2471 5312 servat.
2519 5257 2713 5329 (Vens.
2752 5260 2867 5325 28.)
2906 5259 3035 5325 Iste,
3067 5257 3280 5328 inquit,
3311 5257 3620 5326 egredietur

1907 5350 2083 5417 prior,
2117 5345 2173 5402 id
2203 5353 2288 5401 est
2309 5360 2472 5401 amor
2503 5346 2601 5401 Dei
2626 5346 2727 5415 qui
2753 5354 3067 5417 conceptus
3093 5355 3197 5413 est,
3224 5346 3397 5403 etiam
3430 5360 3619 5416 usque

1913 5435 1984 5491 ad
2027 5435 2340 5490 efﬁcaciam
2390 5433 2602 5489 divinae
2650 5434 3149 5505 contemplationis
3201 5435 3469 5505 prosiliet.
3525 5434 3622 5490 So-

1913 5524 1990 5580 let
2016 5523 2168 5579 enim
2204 5522 2332 5578 talis
2358 5522 2756 5580 inchoantium
2797 5538 2918 5580 esse
2953 5524 3164 5592 fervor,
3197 5524 3300 5595 qui
3330 5523 3436 5579 sibi
3476 5523 3617 5579 dum

1914 5625 1973 5669 se
2005 5611 2250 5683 ignorat,
2305 5624 2591 5667 summam
2647 5627 2883 5683 quoque
2937 5612 3173 5669 virtutis
3220 5619 3470 5681 arroget,
3520 5610 3618 5665 sed

1913 5700 2030 5765 illo,
2084 5700 2177 5754 Dei
2227 5700 2691 5770 dispensatione,
2739 5715 2840 5771 per
2892 5701 3176 5758 defectum
3233 5699 3622 5771 quantulum-

3267 5804 3305 5861 9
