3950 6414
326 369 431 424 267

1278 366 1342 420 ν.
1383 363 1719 423 GUIBERTI
1755 365 2045 421 ABBATIS
2081 364 2138 420 S.
2180 363 2418 420 MAR”:
2458 365 2546 420 DE
2583 363 2980 421 NOVIGENTO

3726 367 3839 418 268

329 514 563 570 cunque
605 497 818 554 amoris
865 497 1105 553 interna:
1155 498 1306 552 vires
1351 495 1729 551 imminuente
1761 494 2022 560 actionis,
2064 501 2109 553 Α
2140 494 2232 564 pio
2261 494 2539 564 profectui
2577 495 2774 550 adesse
2811 494 3094 561 comitem,
3140 510 3272 550 cum
3325 509 3554 551 omnem
3585 495 3716 566 ejus
3745 496 3842 550 di-

329 589 626 659 egreditur
654 587 812 654 alter,
857 587 1068 642 scilicet
1097 586 1434 655 obsequium
1467 584 1730 639 fraternae
1767 583 2029 638 dilectio-

330 678 451 743 nis;
481 691 612 748 quaa
655 675 888 746 quidem
943 673 1046 730 etsi
1091 675 1277 729 minor
1307 682 1388 728 est
1435 673 1730 743 dignitate,
1764 670 2028 740 praecedit

330 771 523 820 tamen
570 763 742 819 officii
784 762 1138 818 necessitate.
1191 761 1358 816 Prius
1411 761 1566 815 enim
1612 760 1898 815 amandus
1943 766 2028 815 est

331 852 635 922 proximus
674 851 939 917 visibilis,
974 857 1038 905 ut
1086 864 1185 920 per
1215 851 1320 906 hoc
1357 848 1677 917 attingatur
1717 847 2026 901 invisibili-

331 948 418 996 tas
461 939 703 996 deitatis.
755 939 871 994 Hoc
921 937 1150 994 duobus
1201 937 1380 992 sancti
1433 935 1679 1005 Spiritus
1738 934 2028 1002 signiﬁca-

331 1028 706 1170 mvgzzlsée.
754 1143 821 1152 —
864 1113 1132 1182 Dixitque
1178 1112 1370 1165 mulier
1421 1126 1434 1164 :
1479 1111 1657 1176 Quare
1697 1115 1923 1181 propter
1978 1115 2028 1164 te

330 1203 514 1257 divisa
556 1209 634 1255 est
682 1200 955 1255 maceria?
1004 1201 1290 1268 Propterea
1339 1201 1639 1268 appellavit
1687 1214 1877 1252 nomen
1902 1199 2021 1267 ejus

331 1293 549 1348 Phares.
606 1289 812 1346 Mulier
867 1289 940 1343 ab
986 1289 1162 1344 animi
1219 1287 1454 1342 mollitie
1501 1287 1680 1354 dii-ta,
1743 1287 2023 1342 rationem

328 1395 400 1436 ex
449 1379 647 1449 aliqua
692 1377 884 1432 adhuc
936 1384 1094 1445 parte
1147 1376 1404 1431 humana
1449 1376 1762 1444 sapientem
1807 1376 2020 1445 signat.

329 1467 490 1524 Unde
559 1474 614 1522 et
664 1465 788 1536 ipsa
839 1465 1018 1520 verba
1081 1463 1420 1519 humanitus
1472 1477 1675 1519 sonare
1730 1464 2023 1519 videntur.

325 1555 534 1623 Quare,
569 1555 761 1624 inquit
794 1553 912 1620 illa,
949 1552 1363 1622 cogitationum
1404 1552 1573 1621 quasi
1604 1551 1860 1621 lapidum
1888 1551 2026 1608 unio

329 1644 388 1699 in
435 1643 647 1698 multas
687 1655 966 1697 curarum
1014 1639 1438 1694 vicissitudines
1484 1639 1670 1694 divisa
1701 1640 1825 1695 est?
1872 1641 2026 1695 Mens

325 1731 480 1788 enim
531 1737 728 1786 nostra
774 1728 956 1783 divini
1015 1735 1293 1782 caemento
1335 1727 1547 1781 amoris
1593 1727 1894 1782 cohibetur
1951 1728 2020 1782 ad

327 1833 535 1886 unum,
581 1832 714 1888 quae
761 1825 902 1872 tunc
932 1815 1231 1880 dividitur,
1262 1828 1394 1869 cum
1430 1829 1530 1884 pro
1580 1815 1720 1869 bene
1762 1814 2023 1870 faciendo

328 1906 624 1977 proxumis,
652 1907 824 1976 juxta
855 1903 1262 1973 Evangelium,
1293 1917 1432 1972 erga
1455 1903 1704 1972 plurima
1725 1903 2022 1959 sollicitata

327 1995 600 2050 turbatur
646 1995 797 2063 (Luc.
832 2006 887 2046 x.
930 1993 1036 2060 41).
1084 1992 1296 2045 Phares
1325 2005 1463 2060 ergo
1511 1999 1768 2058 vocatur,
1803 1992 1908 2047 hoc
1937 1999 2022 2047 est

328 2084 544 2147 divisio,
579 2082 720 2152 quia
739 2095 810 2136 ex
835 2079 1154 2150 provisione
1170 2078 1439 2142 fraterna,
1470 2079 1669 2134 divina
1699 2079 2021 2136 interiusad

328 2171 531 2227 horam
548 2170 860 2239 dissipatur
871 2175 1092 2224 contem
1103 2167 1292 2236 platio.
1314 2172 1450 2221 In
1476 2167 1674 2237 (Vens.
1693 2170 1808 2238 30.)
1833 2171 2021 2223 Postea

327 2275 568 2328 egressus
604 2265 682 2312 est
719 2261 897 2324 frater
925 2258 1064 2324 ejus,
1105 2260 1162 2308 in
1194 2257 1350 2324 cujus
1379 2271 1545 2309 manu
1574 2263 1691 2309 erat
1719 2259 2020 2322 coccinum;

327 2365 484 2419 quem
529 2346 834 2417 appellarit
883 2347 1044 2399 Zara.
1089 2347 1322 2407 Coccus,
1373 2344 1527 2399 unde
1580 2345 1898 2412 coccinum,
1947 2359 2018 2400 ex

327 2437 525 2493 Graeca
565 2435 910 2506 etymologia
944 2433 1017 2489 ab
1058 2434 1188 2502 igne
1223 2433 1454 2500 dicitur,
1496 2440 1550 2488 et
1579 2433 1751 2489 etiam
1782 2434 2017 2503 sangui-

326 2527 418 2581 nis
446 2525 718 2581 ruborem
768 2522 1009 2592 przefert.
1053 2521 1204 2576 Deus
1245 2529 1460 2586 autem,
1508 2521 1609 2591 qui
1652 2524 1796 2589 ignis
1825 2537 2022 2576 consu-

326 2629 473 2668 mens
516 2620 759 2668 vocatur
789 2611 970 2681 (Hebr.
1005 2625 1104 2677 xu,
1149 2612 1260 2678 29),
1306 2609 1595 2678 passiones
1633 2618 2018 2679 peccatorum,

328 2717 460 2773 quas
511 2715 586 2757 ex
634 2714 807 2756 carne
855 2706 914 2754 et
972 2697 1254 2768 sanguine
1309 2698 1599 2764 oriuntur,
1662 2711 1887 2752 necesse
1937 2705 2022 2753 est

330 2791 492 2862 prius
528 2804 633 2846 suo
687 2789 910 2844 fervore
957 2793 1264 2856 excoquat,
1309 2793 1372 2841 ut
1419 2785 1720 2854 puriﬁcato
1766 2786 2021 2842 interiori

326 2877 717 2948 exteriorique
772 2889 982 2946 opere,
1037 2874 1106 2929 ad
1168 2874 1480 2931 videndum
1531 2873 1818 2929 Orientem
1877 2873 2022 2930 lucis

326 2975 554 3024 aeternae
600 2980 699 3036 per
737 2965 975 3020 stibium
1015 2961 1312 3018 charitatis
1363 2961 1534 3017 facies
1587 2961 1823 3032 placeat.
1876 2963 2021 3017 Zara

326 3065 521 3112 autem
568 3055 980 3124 interpretatur
1026 3065 1220 3117 oriens,
1272 3049 1485 3106 scilicet
1530 3049 1653 3120 ipsa
1695 3050 1793 3106 Dei
1841 3050 2021 3106 dilec-

329 3145 425 3212 tio,
475 3157 606 3214 qua
651 3141 822 3198 totius
864 3140 1007 3211 legis
1057 3140 1224 3210 quasi
1274 3138 1617 3194 universalis
1666 3137 1900 3194 luminis
1938 3146 2023 3194 est

325 3232 618 3303 plenitudo
674 3232 846 3302 (Rom.
902 3244 1019 3295 xui,
1064 3229 1170 3296 l0),
1227 3227 1386 3283 locus
1439 3240 1505 3282 ac
1547 3227 1743 3298 origo,
1801 3227 1858 3282 in
1905 3242 2024 3298 qua

327 3322 688 3392 potissimum
720 3319 933 3374 dicitur
955 3331 1077 3372 esse
1108 3315 1206 3371 Dei
1233 3315 1397 3370 visio.

913 3457 1144 3514 CAPUT
1183 3456 1442 3513 XXXIX.

398 3591 568 3647 Vens.
604 3592 650 3642 l.
700 3617 767 3625 —
801 3587 979 3652 Igitur
1021 3582 1230 3652 Joseph
1273 3581 1464 3636 ductus
1492 3587 1568 3635 est
1607 3583 1665 3636 in
1702 3584 2020 3651 Aiggptum,

325 3681 559 3747 emitque
596 3691 715 3730 eum
765 3674 1034 3742 Putiphar
1079 3669 1351 3725 eunuchus
1402 3672 1724 3737 Pharaonis,
1766 3674 2024 3740 princeps

323 3769 613 3828 exercitus,
662 3767 752 3818 vir
801 3763 1113 3832 Egyptius,
1165 3760 1232 3812 de
1281 3775 1446 3812 manu
1495 3760 1927 3826 Ismaelitarum,
1988 3777 2023 3813 a

325 3857 522 3926 quibus
577 3852 867 3922 perductus
915 3854 1051 3904 erat.
1121 3850 1236 3904 Hoc
1300 3860 1477 3917 supra
1531 3847 1855 3916 expositum
1917 3855 2018 3915 est,

325 3945 596 4016 pigetque
643 3948 912 4010 repetere.
963 3938 1069 3994 Sed
1117 3936 1436 3992 notandum
1488 3935 1776 4008 quomodo
1805 3935 1914 3992 sub
1945 3943 2022 3992 tot

325 4033 490 4090 malis
523 4031 700 4101 posito
739 4042 873 4083 cum
912 4041 978 4082 eo
1011 4027 1161 4080 Deus
1195 4023 1386 4088 fuerit,
1435 4031 1492 4078 et
1536 4021 1593 4076 in
1625 4024 1848 4078 cunctis
1886 4037 2020 4092 pro-

322 4136 486 4192 spere
534 4119 731 4190 egerit.
776 4115 984 4171 Multos
1030 4121 1251 4168 certum
1295 4119 1378 4167 est
1420 4110 1605 4166 sinere
1657 4109 1770 4166 labi
1815 4111 2018 4179 Deum,

322 4225 438 4266 non
471 4216 533 4264 ut
582 4209 641 4262 in
694 4205 861 4260 linem
908 4203 1150 4265 deserat,
1202 4200 1297 4255 sed
1339 4207 1401 4254 ut
1447 4209 1520 4254 ex
1567 4213 1706 4254 casu
1749 4200 2016 4271 corrigat.

323 4298 568 4354 Videtur
597 4308 728 4349 cum
764 4294 850 4346 lus
884 4306 996 4346 non
1045 4304 1185 4356 esse,
1236 4288 1372 4344 dum
1410 4295 1672 4358 peccant;
1717 4297 1799 4344 est
1831 4296 2019 4345 tamen

323 4394 388 4442 ut
415 4399 489 4440 ex
539 4390 766 4452 peccato
816 4378 1134 4449 proticiaut,
1183 4378 1337 4448 quod
1376 4385 1431 4432 et
1474 4376 1532 4431 in
1566 4377 1694 4431 [iliis
1727 4377 1918 4444 lsrael,
1964 4384 2019 4433 et

322 4474 380 4528 in
427 4473 590 4529 Petro
638 4468 892 4540 apostolo
941 4465 1080 4521 satis
1121 4465 1416 4536 probatur,
1475 4464 1576 4534 qui
1613 4463 1668 4518 in
1721 4464 1855 4534 ipsis
1901 4464 2022 4520 suis

321 4562 552 4619 casibus
579 4574 612 4616 a
647 4559 758 4614 Deo
791 4555 1127 4612 revisuntur
1172 4554 1360 4624 potius
1393 4567 1571 4623 quam
1612 4554 2016 4623 reprobantur.

319 4652 408 4707 Ex
441 4666 505 4708 eo
550 4663 689 4719 ergo
735 4645 891 4718 quod
932 4645 1005 4701 ab
1050 4643 1166 4714 ipso
1209 4642 1382 4698 etiam
1435 4641 1582 4697 inter
1611 4641 1856 4697 crimina
1903 4656 2020 4698 non

319 4740 684 4806 deseruntur,
731 4743 942 4792 cuncta
989 4733 1099 4789 sibi
1142 4731 1356 4803 peccati
1405 4731 1725 4787 adversitas
1770 4731 1828 4786 in
1883 4746 2020 4802 pro-

317 4829 647 4899 speritatem
703 4825 970 4882 vertitur.
1025 4823 1217 4894 (Vens.
1286 4820 1363 4890 2.)
1413 4820 1553 4886 Quia
1597 4822 1710 4888 fuit
1759 4823 2020 4876 Dominus

317 4933 437 4972 cum
483 4931 561 4981 eo,
598 4913 913 4983 insignitur
952 4912 1072 4981 jam
1124 4909 1262 4976 viri,
1319 4908 1375 4963 id
1418 4916 1500 4964 est
1535 4908 1778 4964 viriliter
1821 4917 2021 4965 contra

316 5006 460 5062 vitia
505 5002 727 5075 agentis
762 4999 1062 5058 vocabulo.
1106 4999 1507 5066 Habitabatque
1537 4999 1595 5050 in
1628 4997 1783 5052 domo
1813 4997 2023 5052 domini

315 5097 404 5150 sui
435 5093 629 5162 (VERS.
661 5091 716 5156 3)
762 5093 859 5158 qui
904 5091 1103 5158 optimc
1148 5091 1370 5140 noverat
1419 5089 1703 5141 Dominum
1747 5102 1858 5141 esse
1898 5101 2019 5141 cum

317 5199 396 5250 eo,
428 5187 478 5236 et
523 5182 704 5236 omnia
741 5194 860 5247 quae
897 5181 1103 5245 gereret
1141 5176 1211 5229 ab
1241 5191 1298 5229 eo
1342 5175 1514 5242 dirigi
1545 5178 1604 5229 in
1647 5191 1814 5230 manu
1842 5177 2015 5229 illius.

316 5270 592 5328 Habitare
633 5267 704 5323 ab
757 5281 821 5323 eo
870 5265 1028 5337 quod
1075 5271 1180 5330 est,
1231 5265 1441 5328 habere,
1491 5263 1912 5335 frequentative
1959 5263 2018 5318 in

316 5358 537 5415 ﬂexum
571 5371 672 5428 pro
704 5370 768 5411 eo
805 5354 958 5425 quod
992 5360 1091 5416 est,
1131 5353 1427 5419 dominari,
1470 5353 1721 5422 ponitur.
1759 5353 1823 5408 in
1849 5352 2019 5407 domo

317 5446 536 5518 itaque,
589 5445 645 5499 id
681 5451 766 5499 est
809 5440 1178 5508 conscientia,
1229 5455 1347 5512 qua
1389 5455 1641 5511 nequam
1687 5439 2020 5496 dominatus

314 5535 500 5593 fuerat
559 5532 886 5604 appetitus,
947 5529 1277 5600 proficiendi
1334 5529 1392 5585 in
1447 5529 1626 5585 Deum
1685 5528 2020 5584 dominatur

313 5622 582 5691 allectus,
636 5628 692 5677 et
745 5619 1133 5690 experimento
1183 5617 1426 5674 addiscit
1483 5616 1773 5685 cupiditas
1827 5615 2015 5671 Deum

2135 585 2285 654 rigat
2317 585 2374 638 in
2400 583 2781 653 exsequendis
2808 583 3078 652 operibus
3118 591 3471 653 potestatem.

2212 671 2378 726 Vsus.
2423 671 2478 725 4.
2532 702 2600 710 -
2629 672 2955 739 Invenitque
2997 671 3192 740 Joseph
3234 676 3474 738 gratiam
3523 687 3707 726 coram
3736 671 3847 725 do-

2132 761 2286 814 mino
2315 774 2430 821 suo,
2466 764 2516 813 et
2561 759 2913 812 ministrabat
2952 762 3001 811 ei
3015 776 3028 824 ;
3074 775 3110 812 a
3157 775 3262 828 quo
3288 764 3615 830 praepositus
3662 763 3848 815 omni-

2134 848 2251 912 bus,
2311 847 2648 915 gubernabat
2693 847 2957 900 creditam
3006 847 3115 901 sibi
3169 849 3416 914 domum,
3473 855 3522 902 et
3577 853 3850 903 universa

2133 952 2251 1004 quae
2299 935 2508 989 tradita
2547 938 2788 1002 fuerant.
2837 935 3046 1004 Joseph
3081 951 3263 990 coram
3307 936 3523 990 domino
3549 951 3646 991 suo
3694 953 3843 1005 gra-

2134 1028 2266 1078 tiam
2322 1026 2568 1088 ineenit,
2627 1038 2760 1078 cum
2819 1037 2966 1077 sacri
3013 1024 3302 1093 appetitus
3351 1025 3679 1094 augmenti,
3735 1026 3846 1080 cui

2131 1127 2383 1182 nequam
2417 1113 2633 1182 pridem
2673 1111 3084 1168 dominabatur
3112 1110 3370 1178 allectus,
3402 1112 3475 1167 ad
3518 1112 3846 1168 illationein

2131 1200 2381 1255 carnalis
2421 1199 2716 1264 illecebrae,
2754 1211 2820 1252 ac
2862 1198 2909 1252 si
2951 1211 3144 1253 coram
3194 1199 3372 1267 ipsius
3417 1197 3695 1252 instantia
3736 1197 3846 1252 di-

2132 1291 2282 1343 vina:
2315 1287 2716 1356 protectionem
2748 1286 2947 1355 gratia:
2984 1286 3212 1355 reperit.
3251 1286 3317 1340 Ei
3349 1299 3483 1341 vero
3516 1285 3842 1353 ministrat,

2131 1390 2262 1432 cum
2307 1377 2378 1432 ab
2421 1375 2549 1446 ejus
2594 1391 2652 1430 se
2695 1375 3028 1430 feditatibus
3071 1375 3380 1430 avertendo
3435 1375 3843 1446 suggestioni-

2131 1465 2258 1531 bus,
2290 1465 2416 1535 ejus
2465 1464 2640 1520 totius
2680 1463 2990 1518 honestatis
3031 1462 3219 1518 officia
3257 1463 3494 1533 apponit
3521 1471 3577 1519 et
3615 1476 3842 1533 suppe-

2130 1553 2292 1610 ditat.
2344 1552 2433 1608 ΑΙ)
2478 1567 2543 1607 eo
2578 1553 2935 1621 prteponitur
2976 1553 3242 1618 omnibus,
3294 1553 3435 1621 quia
3463 1565 3538 1607 ex
3585 1551 3846 1607 materia

2132 1641 2416 1696 interioris
2447 1655 2656 1709 pugna:
2703 1640 3015 1708 superandi
3045 1640 3400 1695 occasionem
3446 1639 3728 1709 pra'bens,
3777 1641 3842 1695 id

2129 1737 2211 1784 est
2240 1728 2478 1784 allectus
2509 1744 2612 1783 nos
2654 1728 2860 1783 nostris
2891 1729 3138 1784 motibus
3179 1729 3423 1798 praefert,
3465 1729 3604 1784 dum
3660 1728 3846 1784 subi-

2062 1795 2104 1850 Β
2133 1834 2264 1890 gere
2305 1820 2529 1874 nititur.
2583 1822 2801 1872 Domum
2835 1819 3130 1885 creditam,
3160 1795 3215 1873 et
3251 1819 3447 1873 omnia
3490 1819 3654 1874 nobis
3707 1826 3844 1873 tra-

2131 1907 2251 1961 dita
2282 1907 2697 1976 gubernamus,
2740 1906 2878 1961 dum
2910 1906 3269 1962 commissam
3301 1921 3336 1962 a
3381 1907 3491 1963 Deo
3527 1907 3844 1963 conscien-

2133 1995 2268 2048 tiam
2301 2003 2355 2050 et
2383 2003 2585 2050 ctetera
2610 1995 2817 2050 anima:
2849 1995 2996 2050 bona
3025 1998 3308 2065 sagaciter
3337 1996 3610 2066 regimus.

2202 2081 2372 2137 Vsus.
2407 2085 2459 2146 5,
2492 2085 2543 2136 6.
2579 2113 2646 2120 —
2673 2081 3070 2152 Benediwitque
3098 2087 3352 2137 Dominus
3371 2085 3554 2138 domui
3581 2087 3849 2155 Egyptii

2129 2175 2351 2239 propter
2377 2172 2592 2240 Joseph,
2637 2177 2686 2224 et
2729 2172 3137 2240 multiplicauit,
3181 2177 3292 2225 tam
3335 2173 3624 2226 insedibus
3664 2189 3845 2242 quam

2130 2259 2189 2311 in
2252 2262 2425 2326 agris,
2475 2267 2721 2313 cunctam
2775 2261 2893 2328 ejus
2948 2261 3337 2326 substantiam;
3382 2276 3478 2314 nec
3524 2262 3842 2330 quidquam

2130 2347 2286 2400 aliud
2347 2353 2593 2414 noverat,
2655 2350 2766 2401 nisi
2811 2365 3007 2417 panem
3064 2364 3168 2417 quo
3226 2350 3555 2405 vescebatur.
3612 2350 3842 2406 Domus

2131 2435 2381 2506 iEgyptii
2420 2444 2652 2506 propter
2679 2437 2889 2506 Joseph
2938 2436 3313 2504 benedicitur,
3357 2452 3492 2493 cum
3537 2440 3842 2494 conscien-

2132 2529 2211 2580 tia
2257 2525 2506 2580 tenebris
2554 2525 2826 2580 caacitatis
2866 2533 2921 2580 et
2970 2525 3310 2596 ignorantize
3343 2526 3561 2595 pridem
3608 2541 3834 2596 pressa,

2132 2627 2233 2681 per
2286 2613 2598 2682 appetitum
2653 2613 2794 2668 bene
2844 2614 3174 2683 proficiendi
3223 2614 3434 2669 divinis
3485 2615 3840 2670 muneribus

2129 2699 2414 2766 evehitur,
2456 2709 2530 2766 et,
2591 2709 2706 2756 tam
2755 2700 2814 2756 in
2870 2701 3208 2758 interiorum
3262 2703 3546 2758 virtutum
3601 2703 3838 2760 mdibus

2131 2803 2308 2859 quam
2367 2788 2424 2844 in
2473 2788 2664 2859 agris,
2724 2788 3013 2844 exercitiis
3075 2789 3332 2845 videlicet
3387 2791 3832 2860 corporalibus,

2131 2886 2339 2933 cuncta
2369 2877 2768 2933 rationalitatis
2805 2877 2930 2946 ejus
2965 2877 3308 2944 substantia,
3338 2893 3470 2948 quze
3515 2881 3837 2936 structuris

2130 2979 2370 3034 operum
2422 2966 2599 3022 instar
2646 2966 2805 3022 fortis
2851 2967 3208 3022 fundamenti
3258 2967 3502 3035 substat,
3551 2977 3838 3039 augetur,

2129 3062 2185 3109 et
2230 3060 2444 3108 remoto
2501 3060 2754 3109 veterum
2805 3054 3214 3125 indignitatum
3272 3070 3410 3120 usu,
3473 3055 3632 3111 solus
3694 3058 3838 3112 vita:

2132 3150 2359 3197 aeterna:
2414 3142 2578 3211 panis
2622 3143 2972 3212 agnoscitur.
3025 3144 3163 3197 Erat
3220 3149 3399 3198 autem
3452 3145 3648 3212 Ioseph
3687 3146 3834 3214 pui-

2132 3231 2265 3285 chra
2290 3231 2452 3297 facie,
2478 3236 2528 3283 et
2557 3230 2777 3285 decorus
2802 3237 3040 3299 aspectu.
3075 3231 3180 3286 Illa
3211 3231 3471 3287 videlicet
3501 3231 3662 3299 facie,
3693 3247 3838 3304 quae

2133 3332 2166 3373 a
2196 3317 2436 3374 Domino
2483 3318 2665 3373 lavari
2709 3317 2970 3388 jubetur,
3003 3318 3174 3389 cujus
3219 3319 3504 3390 singulari
3547 3327 3686 3376 tunc
3736 3321 3840 3376 de-

2132 3421 2260 3462 core
2293 3408 2444 3462 Deus
2471 3405 2768 3476 aspicitur.

2205 3495 2378 3551 VERS.
2420 3500 2470 3549 7.
2507 3526 2573 3533 —
2610 3496 2733 3550 Post
2771 3495 2962 3549 multos
3001 3497 3186 3564 itaque
3216 3495 3332 3550 dies
3371 3496 3560 3565 injecit
3604 3496 3841 3553 domina

2131 3587 2304 3640 oculos
2349 3599 2472 3640 suos
2519 3586 2576 3637 in
2625 3583 2846 3652 Ioseph,
2895 3590 2946 3638 et
2984 3586 3066 3638 ait
3113 3599 3125 3638 :
3184 3584 3377 3638 Dormi
3417 3601 3640 3640 mecum.
3695 3587 3840 3645 Post

2133 3675 2344 3730 multas
2379 3675 2661 3729 virtutum
2701 3673 3092 3739 claritudines,
3131 3673 3610 3743 concupiscentia,
3665 3684 3838 3745 post-

2130 3777 2308 3833 quam
2337 3763 2409 3817 ad
2440 3770 2664 3831 tempus
2690 3761 2870 3827 siluit,
2912 3761 3173 3816 rediviva
3199 3762 3406 3818 veteris
3447 3763 3685 3818 dominii
3734 3779 3842 3821 re-

2129 3851 2364 3907 cordata
2405 3852 2721 3920 consurgit,
2769 3857 2822 3905 et
2854 3863 2984 3919 quae
3026 3849 3330 3906 videbatur
3353 3864 3575 3920 aversa,
3623 3855 3836 3921 oculos,

2130 3939 2186 3994 id
2235 3947 2320 3994 est
2381 3939 2637 3994 tentandi
2696 3937 3044 3994 intentiones
3094 3938 3151 3993 in
3203 3939 3411 3994 bonam
3466 3940 3840 3998 voluntatem

2129 4027 2403 4098 congerit.
2466 4030 2663 4094 Dormi,
2723 4026 2934 4096 inquit,
2988 4042 3211 4094 mecum,
3273 4026 3328 4081 id
3374 4035 3457 4082 est
3509 4027 3841 4097 voluptatis

2127 4116 2330 4172 oblatae
2379 4115 2680 4186 acquiesce
2731 4115 3016 4183 suscipere
3073 4129 3362 4170 somnum.
3416 4115 3608 4185 (Vens.
3651 4119 3707 4184 8,
3751 4121 3837 4188 9.)

2129 4204 2235 4260 Sed
2263 4206 2412 4273 operi
2439 4206 2652 4270 nefario
2694 4218 3038 4272 nequaquam
3068 4205 3429 4270 acquiescens,
3453 4206 3534 4258 ait
3558 4205 3632 4258 ad
3656 4220 3777 4260 eam
3819 4223 3836 4263 :

2130 4296 2262 4348 Ecce
2317 4291 2588 4356 dominus,
2634 4291 2880 4346 omnibus
2935 4291 3073 4344 mihi
3125 4291 3366 4357 traditis,
3425 4293 3642 4361 ignorat
3689 4296 3839 4362 quid

2061 4385 2102 4439 D
2131 4383 2325 4436 habeat
2377 4383 2434 4436 in
2471 4380 2626 4434 domo
2669 4395 2800 4447 sua;
2847 4395 2942 4434 nec
2985 4379 3288 4448 quidquam
3337 4386 3416 4435 est
3448 4381 3592 4449 quod
3621 4397 3728 4437 non
3767 4387 3834 4438 in

2127 4488 2245 4526 mea
2273 4473 2347 4525 sit
2379 4475 2664 4539 potestate,
2711 4471 2794 4523 vel
2822 4485 2929 4524 non
2981 4469 3274 4523 tradiderit
3318 4473 3474 4536 mihi,
3523 4477 3721 4539 praeter
3753 4477 3827 4540 te,

2129 4575 2249 4630 qua:
2275 4574 2416 4613 uxor
2441 4557 2558 4629 ejus
2589 4573 2662 4613 es.
2703 4557 2867 4625 Quia,
2902 4559 3110 4628 inquit,
3147 4557 3195 4614 is
3231 4558 3335 4629 qui
3380 4559 3520 4614 mihi
3553 4559 3831 4617 domina—

2131 4648 2302 4704 batur
2330 4647 2631 4704 universas
2679 4645 2921 4716 ineptias
2949 4661 3086 4702 suas
3115 4661 3240 4703 meo
3285 4647 3512 4719 subegit
3557 4649 3825 4719 imperio,

2127 4745 2182 4793 et
2213 4737 2271 4792 in
2301 4736 2468 4792 domo
2498 4734 2792 4806 quondam
2839 4749 2966 4796 sua.
3004 4735 3216 4791 scilicet
3262 4736 3609 4792 conscientia
3649 4738 3830 4808 igno-

2126 4834 2217 4883 rat
2246 4825 2528 4896 quidnam
2575 4837 2746 4879 suum
2779 4831 2975 4879 notare
3021 4831 3214 4894 queat,
3259 4824 3356 4880 sed
3394 4827 3589 4880 omnia
3618 4837 3830 4896 parent

2128 4914 2366 4971 rationis
2419 4913 2665 4984 judicio,
2721 4917 2922 4982 prater
2981 4917 3066 4980 te,
3123 4913 3623 4983 concupiscentia,
3687 4929 3827 4986 quae

2128 5002 2290 5072 pravi
2340 5001 2579 5057 allectus
2625 4999 2773 5055 male
2818 4999 2930 5055 feta
2979 5015 3119 5054 uxor
3166 5015 3241 5065 es,
3289 5015 3419 5071 quze
3468 5001 3824 5072 inquantum

2126 5104 2437 5162 suggerere
2467 5088 2618 5144 mala
2657 5102 2772 5144 non
2804 5087 3036 5152 desinis,
3073 5088 3264 5159 subigi
3306 5089 3540 5145 omnino
3568 5105 3682 5146 non
3713 5107 3822 5162 po-

2132 5187 2228 5235 tes.
2262 5179 2532 5249 Quomodo
2561 5193 2687 5245 ergo
2724 5191 2939 5245 possum
2982 5177 3186 5231 malum
3232 5179 3328 5232 hoc
3371 5180 3573 5245 facere,
3619 5185 3670 5234 et
3693 5197 3822 5249 pec-

2126 5284 2250 5323 care
2286 5269 2342 5321 in
2376 5267 2548 5321 Deum
2591 5265 2805 5321 meum?
2848 5265 3008 5332 Quod
3039 5273 3124 5322 est
3152 5265 3337 5322 dicere
3373 5283 3389 5320 :
3422 5267 3565 5324 Cum
3595 5271 3822 5338 appeti-

2127 5365 2220 5413 tus
2249 5370 2411 5412 meus
2457 5353 2772 5426 aliquando
2805 5354 3083 5410 Dominus
3125 5369 3184 5410 se
3224 5354 3365 5410 mihi
3411 5355 3730 5424 tradiderit,
3764 5359 3818 5414 id

2125 5446 2209 5494 est
2236 5437 2708 5508 irrefragabiliter
2740 5451 2798 5492 se
2832 5451 2957 5493 meo
2989 5438 3112 5508 juri
3140 5438 3285 5494 tradi
3317 5439 3652 5508 permiserit,
3680 5456 3819 5510 quo-

2126 5526 2293 5582 modo
2321 5525 2918 5596 concupiscentiarum
2947 5533 3182 5582 tuarum
3211 5525 3437 5583 etl'ectui
3469 5531 3818 5586 continentia

2127 5627 2254 5669 mea
2279 5613 2588 5669 convenire
2617 5611 2863 5682 poterit?
