  <div class='ocr_page' id='page_1' title='image "/cluster/home/n/w/nwhite01/storage/ocr_20150623/156-157/uc1.31175010662024/142.png"; bbox 0 0 3950 6472; ppageno 0'>
   <div class='ocr_carea' id='block_1_1' title="bbox 104 441 2400 501">
    <p class='ocr_par' dir='ltr' id='par_1_1' title="bbox 104 441 2400 501">
     <span class='ocr_line' id='line_1_1' title="bbox 104 441 2400 501; baseline 0.001 -2"><span class='ocrx_word' id='word_1_1' title='bbox 104 448 189 500; x_wconf 74' lang='lat'><strong>‘269</strong></span> <span class='ocrx_word' id='word_1_2' title='bbox 1282 441 1645 500; x_wconf 78' lang='lat' dir='ltr'><strong>MORALIUM</strong></span> <span class='ocrx_word' id='word_1_3' title='bbox 1686 444 1756 501; x_wconf 87' lang='lat' dir='ltr'><strong>IN</strong></span> <span class='ocrx_word' id='word_1_4' title='bbox 1795 442 2096 501; x_wconf 86' lang='lat' dir='ltr'><strong>GENESIN</strong></span> <span class='ocrx_word' id='word_1_5' title='bbox 2136 441 2274 501; x_wconf 87' lang='lat' dir='ltr'><strong>LIB.</strong></span> <span class='ocrx_word' id='word_1_6' title='bbox 2312 442 2400 501; x_wconf 77' lang='lat' dir='ltr'><strong>IX.</strong></span> 
     </span>
    </p>
   </div>
   <div class='ocr_carea' id='block_1_2' title="bbox 3495 453 3602 510">
    <p class='ocr_par' dir='ltr' id='par_1_2' title="bbox 3495 453 3602 510">
     <span class='ocr_line' id='line_1_2' title="bbox 3495 453 3602 510; baseline 0 -1"><span class='ocrx_word' id='word_1_7' title='bbox 3495 453 3602 510; x_wconf 72' lang='lat'><strong>270</strong></span> 
     </span>
    </p>
   </div>
   <div class='ocr_carea' id='block_1_3' title="bbox 163 573 3598 657">
    <p class='ocr_par' dir='ltr' id='par_1_3' title="bbox 163 573 3598 657">
     <span class='ocr_line' id='line_1_3' title="bbox 163 573 3598 657; baseline 0.001 -22"><span class='ocrx_word' id='word_1_8' title='bbox 163 577 324 635; x_wconf 77' lang='lat' dir='ltr'><strong>Vens.</strong></span> <span class='ocrx_word' id='word_1_9' title='bbox 389 578 478 631; x_wconf 89' lang='grc'><strong>10.</strong></span> <span class='ocrx_word' id='word_1_10' title='bbox 542 606 607 616; x_wconf 95' lang='grc'><strong>-</strong></span> <span class='ocrx_word' id='word_1_11' title='bbox 664 573 1050 645; x_wconf 86' lang='lat' dir='ltr'><strong>Hujuscemodi</strong></span> <span class='ocrx_word' id='word_1_12' title='bbox 1091 574 1269 630; x_wconf 80' lang='lat' dir='ltr'><strong>verbis</strong></span> <span class='ocrx_word' id='word_1_13' title='bbox 1321 580 1372 629; x_wconf 90' lang='lat' dir='ltr'><strong>et</strong></span> <span class='ocrx_word' id='word_1_14' title='bbox 1429 576 1625 630; x_wconf 88' lang='lat' dir='ltr'><strong>mulier</strong></span> <span class='ocrx_word' id='word_1_15' title='bbox 1671 592 1780 630; x_wconf 88' lang='lat' dir='ltr'><strong>mo—</strong></span> <span class='ocrx_word' id='word_1_16' title='bbox 1818 583 1863 635; x_wconf 78' lang='grc' dir='ltr'><strong>Α</strong></span> <span class='ocrx_word' id='word_1_17' title='bbox 1891 576 1990 631; x_wconf 88' lang='lat' dir='ltr'><strong>sed</strong></span> <span class='ocrx_word' id='word_1_18' title='bbox 2038 583 2102 632; x_wconf 92' lang='lat' dir='ltr'><strong>ut</strong></span> <span class='ocrx_word' id='word_1_19' title='bbox 2149 576 2383 646; x_wconf 80' lang='lat' dir='ltr'><strong>fedaret,</strong></span> <span class='ocrx_word' id='word_1_20' title='bbox 2414 585 2468 633; x_wconf 89' lang='lat' dir='ltr'><strong>et</strong></span> <span class='ocrx_word' id='word_1_21' title='bbox 2517 577 2823 636; x_wconf 78' lang='lat' dir='ltr'><strong>diceretur.</strong></span> <span class='ocrx_word' id='word_1_22' title='bbox 2871 581 2971 637; x_wconf 82' lang='lat' dir='ltr'><strong>Hic</strong></span> <span class='ocrx_word' id='word_1_23' title='bbox 3019 584 3171 638; x_wconf 87' lang='lat' dir='ltr'><strong>homo</strong></span> <span class='ocrx_word' id='word_1_24' title='bbox 3209 589 3369 655; x_wconf 75' lang='lat' dir='ltr'><strong>coepit</strong></span> <span class='ocrx_word' id='word_1_25' title='bbox 3411 587 3598 657; x_wconf 78' lang='lat' dir='ltr'><strong>aediﬁ-</strong></span> 
     </span>
    </p>
   </div>
   <div class='ocr_carea' id='block_1_4' title="bbox 104 665 1785 733">
    <p class='ocr_par' dir='ltr' id='par_1_4' title="bbox 104 665 1785 733">
     <span class='ocr_line' id='line_1_4' title="bbox 104 665 1785 733; baseline -0.001 -12"><span class='ocrx_word' id='word_1_26' title='bbox 104 668 221 722; x_wconf 81' lang='lat' dir='ltr'><strong>lcsta</strong></span> <span class='ocrx_word' id='word_1_27' title='bbox 290 671 413 720; x_wconf 86' lang='lat' dir='ltr'><strong>erat</strong></span> <span class='ocrx_word' id='word_1_28' title='bbox 497 666 822 719; x_wconf 73' lang='lat' dir='ltr'><strong>adolescenti</strong></span> <span class='ocrx_word' id='word_1_29' title='bbox 896 680 998 733; x_wconf 83' lang='lat' dir='ltr'><strong>per</strong></span> <span class='ocrx_word' id='word_1_30' title='bbox 1063 666 1306 733; x_wconf 86' lang='lat' dir='ltr'><strong>singulos</strong></span> <span class='ocrx_word' id='word_1_31' title='bbox 1374 665 1510 730; x_wconf 89' lang='lat' dir='ltr'><strong>dies,</strong></span> <span class='ocrx_word' id='word_1_32' title='bbox 1579 670 1630 718; x_wconf 90' lang='lat' dir='ltr'><strong>et</strong></span> <span class='ocrx_word' id='word_1_33' title='bbox 1692 666 1785 720; x_wconf 87' lang='lat' dir='ltr'><strong>ille</strong></span> 
     </span>
    </p>
   </div>
   <div class='ocr_carea' id='block_1_5' title="bbox 100 752 1784 824">
    <p class='ocr_par' dir='ltr' id='par_1_5' title="bbox 100 752 1784 824">
     <span class='ocr_line' id='line_1_5' title="bbox 100 752 1784 824; baseline -0.001 -14"><span class='ocrx_word' id='word_1_34' title='bbox 100 754 366 810; x_wconf 78' lang='lat' dir='ltr'><strong>recusabat</strong></span> <span class='ocrx_word' id='word_1_35' title='bbox 426 760 697 824; x_wconf 81' lang='lat' dir='ltr'><strong>stuprum.</strong></span> <span class='ocrx_word' id='word_1_36' title='bbox 760 753 864 807; x_wconf 91' lang='lat' dir='ltr'><strong>Per</strong></span> <span class='ocrx_word' id='word_1_37' title='bbox 927 752 1193 823; x_wconf 90' lang='lat' dir='ltr'><strong>singulas</strong></span> <span class='ocrx_word' id='word_1_38' title='bbox 1253 754 1538 809; x_wconf 88' lang='lat' dir='ltr'><strong>virtutum</strong></span> <span class='ocrx_word' id='word_1_39' title='bbox 1605 753 1784 808; x_wconf 85' lang='lat' dir='ltr'><strong>clari-</strong></span> 
     </span>
    </p>
   </div>
   <div class='ocr_carea' id='block_1_6' title="bbox 102 840 1790 918">
    <p class='ocr_par' dir='ltr' id='par_1_6' title="bbox 102 840 1790 918">
     <span class='ocr_line' id='line_1_6' title="bbox 102 840 1790 918; baseline -0.002 -19"><span class='ocrx_word' id='word_1_40' title='bbox 102 852 243 911; x_wconf 87' lang='lat' dir='ltr'><strong>tates,</strong></span> <span class='ocrx_word' id='word_1_41' title='bbox 344 843 542 898; x_wconf 88' lang='lat' dir='ltr'><strong>animo</strong></span> <span class='ocrx_word' id='word_1_42' title='bbox 644 841 809 896; x_wconf 86' lang='lat' dir='ltr'><strong>virile</strong></span> <span class='ocrx_word' id='word_1_43' title='bbox 913 840 1092 896; x_wconf 90' lang='lat' dir='ltr'><strong>robur</strong></span> <span class='ocrx_word' id='word_1_44' title='bbox 1192 840 1359 912; x_wconf 90' lang='lat' dir='ltr'><strong>quasi</strong></span> <span class='ocrx_word' id='word_1_45' title='bbox 1456 841 1790 918; x_wconf 36' lang='lat' dir='ltr'><strong>adolescenj</strong></span> 
     </span>
    </p>
   </div>
   <div class='ocr_carea' id='block_1_7' title="bbox 101 930 1784 1003">
    <p class='ocr_par' dir='ltr' id='par_1_7' title="bbox 101 930 1784 1003">
     <span class='ocr_line' id='line_1_7' title="bbox 101 930 1784 1003; baseline -0.001 -15"><span class='ocrx_word' id='word_1_46' title='bbox 101 934 221 989; x_wconf 85' lang='lat' dir='ltr'><strong>tiam</strong></span> <span class='ocrx_word' id='word_1_47' title='bbox 275 932 581 1003; x_wconf 88' lang='lat' dir='ltr'><strong>attingenti</strong></span> <span class='ocrx_word' id='word_1_48' title='bbox 639 944 880 1000; x_wconf 90' lang='lat' dir='ltr'><strong>semper,</strong></span> <span class='ocrx_word' id='word_1_49' title='bbox 937 944 1128 1000; x_wconf 90' lang='lat' dir='ltr'><strong>neque</strong></span> <span class='ocrx_word' id='word_1_50' title='bbox 1187 930 1482 987; x_wconf 88' lang='lat' dir='ltr'><strong>blanditiis</strong></span> <span class='ocrx_word' id='word_1_51' title='bbox 1541 931 1784 986; x_wconf 89' lang='lat' dir='ltr'><strong>adversa</strong></span> 
     </span>
    </p>
   </div>
   <div class='ocr_carea' id='block_1_8' title="bbox 105 1019 1780 1088">
    <p class='ocr_par' dir='ltr' id='par_1_8' title="bbox 105 1019 1780 1088">
     <span class='ocr_line' id='line_1_8' title="bbox 105 1019 1780 1088; baseline -0.002 -11"><span class='ocrx_word' id='word_1_52' title='bbox 105 1028 233 1077; x_wconf 74' lang='lat'><strong>143</strong></span> <span class='ocrx_word' id='word_1_53' title='bbox 275 1029 382 1088; x_wconf 90' lang='lat' dir='ltr'><strong>est,</strong></span> <span class='ocrx_word' id='word_1_54' title='bbox 435 1020 859 1076; x_wconf 80' lang='lat' dir='ltr'><strong>alfectualitatis</strong></span> <span class='ocrx_word' id='word_1_55' title='bbox 905 1033 972 1074; x_wconf 90' lang='lat' dir='ltr'><strong>ac</strong></span> <span class='ocrx_word' id='word_1_56' title='bbox 1018 1019 1066 1074; x_wconf 89' lang='lat' dir='ltr'><strong>si</strong></span> <span class='ocrx_word' id='word_1_57' title='bbox 1115 1020 1416 1075; x_wconf 86' lang='lat' dir='ltr'><strong>muliebris</strong></span> <span class='ocrx_word' id='word_1_58' title='bbox 1478 1020 1780 1085; x_wconf 81' lang='lat' dir='ltr'><strong>mollities;</strong></span> 
     </span>
    </p>
   </div>
   <div class='ocr_carea' id='block_1_9' title="bbox 99 1108 1782 1179">
    <p class='ocr_par' dir='ltr' id='par_1_9' title="bbox 99 1108 1782 1179">
     <span class='ocr_line' id='line_1_9' title="bbox 99 1108 1782 1179; baseline -0.002 -12"><span class='ocrx_word' id='word_1_59' title='bbox 99 1111 184 1167; x_wconf 89' lang='lat' dir='ltr'><strong>sed</strong></span> <span class='ocrx_word' id='word_1_60' title='bbox 216 1112 303 1167; x_wconf 90' lang='lat' dir='ltr'><strong>ille</strong></span> <span class='ocrx_word' id='word_1_61' title='bbox 346 1119 575 1166; x_wconf 81' lang='lat' dir='ltr'><strong>recusat</strong></span> <span class='ocrx_word' id='word_1_62' title='bbox 609 1108 794 1164; x_wconf 78' lang='lat' dir='ltr'><strong>illatas</strong></span> <span class='ocrx_word' id='word_1_63' title='bbox 824 1108 1109 1164; x_wconf 86' lang='lat' dir='ltr'><strong>libidines.</strong></span> <span class='ocrx_word' id='word_1_64' title='bbox 1152 1108 1350 1179; x_wconf 74' lang='lat' dir='ltr'><strong>(Vens.</strong></span> <span class='ocrx_word' id='word_1_65' title='bbox 1395 1112 1479 1177; x_wconf 90' lang='grc'><strong>11,</strong></span> <span class='ocrx_word' id='word_1_66' title='bbox 1529 1111 1634 1174; x_wconf 77' lang='lat' dir='ltr'><strong>t2.)</strong></span> <span class='ocrx_word' id='word_1_67' title='bbox 1666 1112 1782 1164; x_wconf 79' lang='lat' dir='ltr'><strong>Ac-</strong></span> 
     </span>
    </p>
   </div>
   <div class='ocr_carea' id='block_1_10' title="bbox 96 1197 1783 1267">
    <p class='ocr_par' dir='ltr' id='par_1_10' title="bbox 96 1197 1783 1267">
     <span class='ocr_line' id='line_1_10' title="bbox 96 1197 1783 1267; baseline -0.002 -13"><span class='ocrx_word' id='word_1_68' title='bbox 96 1201 221 1255; x_wconf 82' lang='lat' dir='ltr'><strong>cidit</strong></span> <span class='ocrx_word' id='word_1_69' title='bbox 297 1204 480 1253; x_wconf 86' lang='lat' dir='ltr'><strong>autem</strong></span> <span class='ocrx_word' id='word_1_70' title='bbox 548 1199 656 1264; x_wconf 90' lang='lat' dir='ltr'><strong>die,</strong></span> <span class='ocrx_word' id='word_1_71' title='bbox 723 1202 785 1251; x_wconf 88' lang='lat' dir='ltr'><strong>ut</strong></span> <span class='ocrx_word' id='word_1_72' title='bbox 848 1200 1083 1251; x_wconf 80' lang='lat' dir='ltr'><strong>intraret</strong></span> <span class='ocrx_word' id='word_1_73' title='bbox 1165 1199 1360 1267; x_wconf 85' lang='lat' dir='ltr'><strong>Joseph</strong></span> <span class='ocrx_word' id='word_1_74' title='bbox 1426 1197 1663 1263; x_wconf 89' lang='lat' dir='ltr'><strong>domum,</strong></span> <span class='ocrx_word' id='word_1_75' title='bbox 1732 1201 1783 1251; x_wconf 92' lang='lat' dir='ltr'><strong>et</strong></span> 
     </span>
    </p>
   </div>
   <div class='ocr_carea' id='block_1_11' title="bbox 96 1286 1782 1358">
    <p class='ocr_par' dir='ltr' id='par_1_11' title="bbox 96 1286 1782 1358">
     <span class='ocr_line' id='line_1_11' title="bbox 96 1286 1782 1358; baseline -0.002 -15"><span class='ocrx_word' id='word_1_76' title='bbox 96 1291 257 1358; x_wconf 86' lang='lat' dir='ltr'><strong>operis</strong></span> <span class='ocrx_word' id='word_1_77' title='bbox 290 1289 581 1357; x_wconf 74' lang='lat' dir='ltr'><strong>quidpiam</strong></span> <span class='ocrx_word' id='word_1_78' title='bbox 611 1286 812 1354; x_wconf 80' lang='lat' dir='ltr'><strong>absque</strong></span> <span class='ocrx_word' id='word_1_79' title='bbox 848 1286 1077 1339; x_wconf 77' lang='lat' dir='ltr'><strong>arbitris</strong></span> <span class='ocrx_word' id='word_1_80' title='bbox 1105 1286 1346 1352; x_wconf 80' lang='lat' dir='ltr'><strong>faceret;</strong></span> <span class='ocrx_word' id='word_1_81' title='bbox 1376 1292 1425 1340; x_wconf 89' lang='lat' dir='ltr'><strong>et</strong></span> <span class='ocrx_word' id='word_1_82' title='bbox 1453 1287 1554 1341; x_wconf 86' lang='lat' dir='ltr'><strong>illa</strong></span> <span class='ocrx_word' id='word_1_83' title='bbox 1583 1302 1782 1356; x_wconf 88' lang='lat' dir='ltr'><strong>appre-</strong></span> 
     </span>
    </p>
   </div>
   <div class='ocr_carea' id='block_1_12' title="bbox 97 1373 1780 1442">
    <p class='ocr_par' dir='ltr' id='par_1_12' title="bbox 97 1373 1780 1442">
     <span class='ocr_line' id='line_1_12' title="bbox 97 1373 1780 1442; baseline -0.001 -11"><span class='ocrx_word' id='word_1_84' title='bbox 97 1380 248 1431; x_wconf 83' lang='lat' dir='ltr'><strong>hensa</strong></span> <span class='ocrx_word' id='word_1_85' title='bbox 284 1377 492 1430; x_wconf 79' lang='lat' dir='ltr'><strong>lacinia</strong></span> <span class='ocrx_word' id='word_1_86' title='bbox 538 1373 849 1429; x_wconf 75' lang='lat' dir='ltr'><strong>vestimenti</strong></span> <span class='ocrx_word' id='word_1_87' title='bbox 886 1374 1003 1442; x_wconf 82' lang='lat' dir='ltr'><strong>ejus</strong></span> <span class='ocrx_word' id='word_1_88' title='bbox 1043 1374 1279 1428; x_wconf 81' lang='lat' dir='ltr'><strong>diceret:</strong></span> <span class='ocrx_word' id='word_1_89' title='bbox 1324 1374 1521 1428; x_wconf 89' lang='lat' dir='ltr'><strong>Dormi</strong></span> <span class='ocrx_word' id='word_1_90' title='bbox 1556 1390 1780 1429; x_wconf 89' lang='lat' dir='ltr'><strong>mecum.</strong></span> 
     </span>
    </p>
   </div>
   <div class='ocr_carea' id='block_1_13' title="bbox 98 1462 1783 1533">
    <p class='ocr_par' dir='ltr' id='par_1_13' title="bbox 98 1462 1783 1533">
     <span class='ocr_line' id='line_1_13' title="bbox 98 1462 1783 1533; baseline 0 -14"><span class='ocrx_word' id='word_1_91' title='bbox 98 1466 332 1531; x_wconf 88' lang='lat' dir='ltr'><strong>Quadam</strong></span> <span class='ocrx_word' id='word_1_92' title='bbox 394 1464 486 1518; x_wconf 86' lang='lat' dir='ltr'><strong>die</strong></span> <span class='ocrx_word' id='word_1_93' title='bbox 540 1463 737 1533; x_wconf 77' lang='lat' dir='ltr'><strong>Ioseph</strong></span> <span class='ocrx_word' id='word_1_94' title='bbox 805 1462 1023 1516; x_wconf 88' lang='lat' dir='ltr'><strong>domum</strong></span> <span class='ocrx_word' id='word_1_95' title='bbox 1090 1462 1288 1529; x_wconf 84' lang='lat' dir='ltr'><strong>intrat,</strong></span> <span class='ocrx_word' id='word_1_96' title='bbox 1356 1477 1488 1518; x_wconf 91' lang='lat' dir='ltr'><strong>cum</strong></span> <span class='ocrx_word' id='word_1_97' title='bbox 1563 1464 1783 1520; x_wconf 89' lang='lat' dir='ltr'><strong>incerta</strong></span> 
     </span>
    </p>
   </div>
   <div class='ocr_carea' id='block_1_14' title="bbox 96 1551 1783 1623">
    <p class='ocr_par' dir='ltr' id='par_1_14' title="bbox 96 1551 1783 1623">
     <span class='ocr_line' id='line_1_14' title="bbox 96 1551 1783 1623; baseline -0.001 -13"><span class='ocrx_word' id='word_1_98' title='bbox 96 1553 483 1611; x_wconf 86' lang='lat' dir='ltr'><strong>rationalitatis</strong></span> <span class='ocrx_word' id='word_1_99' title='bbox 516 1552 915 1623; x_wconf 85' lang='lat' dir='ltr'><strong>intelligentia,</strong></span> <span class='ocrx_word' id='word_1_100' title='bbox 956 1551 1010 1606; x_wconf 90' lang='lat' dir='ltr'><strong>id</strong></span> <span class='ocrx_word' id='word_1_101' title='bbox 1040 1557 1124 1607; x_wconf 92' lang='lat' dir='ltr'><strong>est</strong></span> <span class='ocrx_word' id='word_1_102' title='bbox 1155 1552 1476 1619; x_wconf 83' lang='lat' dir='ltr'><strong>voluntate,</strong></span> <span class='ocrx_word' id='word_1_103' title='bbox 1519 1567 1650 1623; x_wconf 77' lang='lat' dir='ltr'><strong>quze</strong></span> <span class='ocrx_word' id='word_1_104' title='bbox 1680 1553 1783 1608; x_wconf 78' lang='lat' dir='ltr'><strong>lux</strong></span> 
     </span>
    </p>
   </div>
   <div class='ocr_carea' id='block_1_15' title="bbox 95 1640 1781 1712">
    <p class='ocr_par' dir='ltr' id='par_1_15' title="bbox 95 1640 1781 1712">
     <span class='ocr_line' id='line_1_15' title="bbox 95 1640 1781 1712; baseline -0.002 -13"><span class='ocrx_word' id='word_1_105' title='bbox 95 1653 189 1709; x_wconf 86' lang='lat' dir='ltr'><strong>est,</strong></span> <span class='ocrx_word' id='word_1_106' title='bbox 220 1644 412 1699; x_wconf 91' lang='lat' dir='ltr'><strong>minus</strong></span> <span class='ocrx_word' id='word_1_107' title='bbox 440 1642 511 1697; x_wconf 89' lang='lat' dir='ltr'><strong>ad</strong></span> <span class='ocrx_word' id='word_1_108' title='bbox 539 1643 679 1697; x_wconf 90' lang='lat' dir='ltr'><strong>bene</strong></span> <span class='ocrx_word' id='word_1_109' title='bbox 707 1641 996 1712; x_wconf 89' lang='lat' dir='ltr'><strong>agendum</strong></span> <span class='ocrx_word' id='word_1_110' title='bbox 1025 1642 1194 1711; x_wconf 89' lang='lat' dir='ltr'><strong>plena</strong></span> <span class='ocrx_word' id='word_1_111' title='bbox 1224 1640 1402 1697; x_wconf 85' lang='lat' dir='ltr'><strong>veluti</strong></span> <span class='ocrx_word' id='word_1_112' title='bbox 1427 1642 1552 1697; x_wconf 90' lang='lat' dir='ltr'><strong>luce</strong></span> <span class='ocrx_word' id='word_1_113' title='bbox 1582 1641 1781 1707; x_wconf 90' lang='lat' dir='ltr'><strong>dubia,</strong></span> 
     </span>
    </p>
   </div>
   <div class='ocr_carea' id='block_1_16' title="bbox 96 1730 1785 1804">
    <p class='ocr_par' dir='ltr' id='par_1_16' title="bbox 96 1730 1785 1804">
     <span class='ocr_line' id='line_1_16' title="bbox 96 1730 1785 1804; baseline -0.002 -16"><span class='ocrx_word' id='word_1_114' title='bbox 96 1735 214 1804; x_wconf 89' lang='lat' dir='ltr'><strong>pius</strong></span> <span class='ocrx_word' id='word_1_115' title='bbox 268 1740 459 1787; x_wconf 87' lang='lat' dir='ltr'><strong>noster</strong></span> <span class='ocrx_word' id='word_1_116' title='bbox 491 1730 731 1786; x_wconf 83' lang='lat' dir='ltr'><strong>affectus</strong></span> <span class='ocrx_word' id='word_1_117' title='bbox 763 1730 1124 1786; x_wconf 65' lang='lat' dir='ltr'><strong>conscientiae</strong></span> <span class='ocrx_word' id='word_1_118' title='bbox 1174 1730 1420 1801; x_wconf 85' lang='lat' dir='ltr'><strong>angulos</strong></span> <span class='ocrx_word' id='word_1_119' title='bbox 1477 1731 1785 1786; x_wconf 89' lang='lat' dir='ltr'><strong>discutien-</strong></span> 
     </span>
    </p>
   </div>
   <div class='ocr_carea' id='block_1_17' title="bbox 94 1818 1779 1892">
    <p class='ocr_par' dir='ltr' id='par_1_17' title="bbox 94 1818 1779 1892">
     <span class='ocr_line' id='line_1_17' title="bbox 94 1818 1779 1892; baseline -0.002 -15"><span class='ocrx_word' id='word_1_120' title='bbox 94 1824 157 1877; x_wconf 91' lang='lat' dir='ltr'><strong>do</strong></span> <span class='ocrx_word' id='word_1_121' title='bbox 188 1821 511 1892; x_wconf 86' lang='lat' dir='ltr'><strong>perlustrat.</strong></span> <span class='ocrx_word' id='word_1_122' title='bbox 546 1820 785 1875; x_wconf 89' lang='lat' dir='ltr'><strong>Dilectio</strong></span> <span class='ocrx_word' id='word_1_123' title='bbox 814 1820 968 1874; x_wconf 89' lang='lat' dir='ltr'><strong>enim</strong></span> <span class='ocrx_word' id='word_1_124' title='bbox 1010 1818 1136 1885; x_wconf 90' lang='lat' dir='ltr'><strong>ista,</strong></span> <span class='ocrx_word' id='word_1_125' title='bbox 1180 1819 1336 1889; x_wconf 90' lang='lat' dir='ltr'><strong>quod</strong></span> <span class='ocrx_word' id='word_1_126' title='bbox 1372 1827 1476 1888; x_wconf 90' lang='lat' dir='ltr'><strong>est,</strong></span> <span class='ocrx_word' id='word_1_127' title='bbox 1518 1820 1779 1888; x_wconf 88' lang='lat' dir='ltr'><strong>quadam,</strong></span> 
     </span>
    </p>
   </div>
   <div class='ocr_carea' id='block_1_18' title="bbox 1891 670 3596 747">
    <p class='ocr_par' dir='ltr' id='par_1_18' title="bbox 1891 670 3596 747">
     <span class='ocr_line' id='line_1_18' title="bbox 1891 670 3596 747; baseline 0.006 -29"><span class='ocrx_word' id='word_1_128' title='bbox 1891 681 2032 733; x_wconf 88' lang='lat' dir='ltr'><strong>care,</strong></span> <span class='ocrx_word' id='word_1_129' title='bbox 2104 671 2155 720; x_wconf 92' lang='lat' dir='ltr'><strong>et</strong></span> <span class='ocrx_word' id='word_1_130' title='bbox 2217 682 2324 721; x_wconf 89' lang='lat' dir='ltr'><strong>non</strong></span> <span class='ocrx_word' id='word_1_131' title='bbox 2378 670 2560 736; x_wconf 82' lang='lat' dir='ltr'><strong>potuit</strong></span> <span class='ocrx_word' id='word_1_132' title='bbox 2627 683 2997 724; x_wconf 90' lang='lat' dir='ltr'><strong>consummare</strong></span> <span class='ocrx_word' id='word_1_133' title='bbox 3070 674 3218 743; x_wconf 91' lang='lat' dir='ltr'><strong>(Luc,</strong></span> <span class='ocrx_word' id='word_1_134' title='bbox 3297 689 3412 743; x_wconf 73' lang='lat' dir='ltr'><strong>xxv,</strong></span> <span class='ocrx_word' id='word_1_135' title='bbox 3484 678 3596 747; x_wconf 88' lang='lat'><strong>30).</strong></span> 
     </span>
    </p>
   </div>
   <div class='ocr_carea' id='block_1_19' title="bbox 1891 754 3596 831">
    <p class='ocr_par' dir='ltr' id='par_1_19' title="bbox 1891 754 3596 831">
     <span class='ocr_line' id='line_1_19' title="bbox 1891 754 3596 831; baseline 0.008 -25"><span class='ocrx_word' id='word_1_136' title='bbox 1891 754 2138 822; x_wconf 85' lang='lat' dir='ltr'><strong>Cumque</strong></span> <span class='ocrx_word' id='word_1_137' title='bbox 2181 770 2275 823; x_wconf 88' lang='lat' dir='ltr'><strong>ego</strong></span> <span class='ocrx_word' id='word_1_138' title='bbox 2324 755 2680 812; x_wconf 81' lang='lat' dir='ltr'><strong>rationaliter</strong></span> <span class='ocrx_word' id='word_1_139' title='bbox 2728 761 3161 831; x_wconf 88' lang='lat' dir='ltr'><strong>succlamassem,</strong></span> <span class='ocrx_word' id='word_1_140' title='bbox 3228 763 3431 819; x_wconf 88' lang='lat' dir='ltr'><strong>melius</strong></span> <span class='ocrx_word' id='word_1_141' title='bbox 3475 778 3596 820; x_wconf 86' lang='lat' dir='ltr'><strong>esse</strong></span> 
     </span>
    </p>
   </div>
   <div class='ocr_carea' id='block_1_20' title="bbox 1893 848 3593 923">
    <p class='ocr_par' dir='ltr' id='par_1_20' title="bbox 1893 848 3593 923">
     <span class='ocr_line' id='line_1_20' title="bbox 1893 848 3593 923; baseline 0.006 -27"><span class='ocrx_word' id='word_1_142' title='bbox 1893 855 2007 897; x_wconf 90' lang='lat' dir='ltr'><strong>non</strong></span> <span class='ocrx_word' id='word_1_143' title='bbox 2056 857 2267 898; x_wconf 83' lang='lat' dir='ltr'><strong>vovere</strong></span> <span class='ocrx_word' id='word_1_144' title='bbox 2308 857 2487 914; x_wconf 90' lang='lat' dir='ltr'><strong>quam</strong></span> <span class='ocrx_word' id='word_1_145' title='bbox 2540 853 2673 901; x_wconf 79' lang='lat' dir='ltr'><strong>vota</strong></span> <span class='ocrx_word' id='word_1_146' title='bbox 2716 861 2831 902; x_wconf 90' lang='lat' dir='ltr'><strong>non</strong></span> <span class='ocrx_word' id='word_1_147' title='bbox 2870 848 3109 905; x_wconf 89' lang='lat' dir='ltr'><strong>reddere</strong></span> <span class='ocrx_word' id='word_1_148' title='bbox 3152 850 3356 920; x_wconf 87' lang='lat' dir='ltr'><strong>(Eccle.</strong></span> <span class='ocrx_word' id='word_1_149' title='bbox 3408 866 3467 922; x_wconf 74' lang='grc' dir='ltr'><strong>ν,</strong></span> <span class='ocrx_word' id='word_1_150' title='bbox 3512 854 3593 923; x_wconf 78' lang='grc'><strong>4),</strong></span> 
     </span>
    </p>
   </div>
   <div class='ocr_carea' id='block_1_21' title="bbox 1892 931 3597 1008">
    <p class='ocr_par' dir='ltr' id='par_1_21' title="bbox 1892 931 3597 1008">
     <span class='ocr_line' id='line_1_21' title="bbox 1892 931 3597 1008; baseline 0.006 -22"><span class='ocrx_word' id='word_1_151' title='bbox 1892 938 1946 987; x_wconf 91' lang='lat' dir='ltr'><strong>et</strong></span> <span class='ocrx_word' id='word_1_152' title='bbox 1994 931 2361 988; x_wconf 82' lang='lat' dir='ltr'><strong>intellexisset</strong></span> <span class='ocrx_word' id='word_1_153' title='bbox 2405 934 2523 988; x_wconf 88' lang='lat' dir='ltr'><strong>vim</strong></span> <span class='ocrx_word' id='word_1_154' title='bbox 2556 934 2729 1003; x_wconf 89' lang='lat' dir='ltr'><strong>vocis,</strong></span> <span class='ocrx_word' id='word_1_155' title='bbox 2780 938 3008 1005; x_wconf 83' lang='lat' dir='ltr'><strong>reliquit</strong></span> <span class='ocrx_word' id='word_1_156' title='bbox 3048 940 3302 1008; x_wconf 84' lang='lat' dir='ltr'><strong>pallium,</strong></span> <span class='ocrx_word' id='word_1_157' title='bbox 3353 940 3597 997; x_wconf 83' lang='lat' dir='ltr'><strong>interio-</strong></span> 
     </span>
    </p>
   </div>
   <div class='ocr_carea' id='block_1_22' title="bbox 1892 1019 3590 1100">
    <p class='ocr_par' dir='ltr' id='par_1_22' title="bbox 1892 1019 3590 1100">
     <span class='ocr_line' id='line_1_22' title="bbox 1892 1019 3590 1100; baseline 0.007 -26"><span class='ocrx_word' id='word_1_158' title='bbox 1892 1019 1973 1075; x_wconf 90' lang='lat' dir='ltr'><strong>ris</strong></span> <span class='ocrx_word' id='word_1_159' title='bbox 2024 1020 2237 1077; x_wconf 87' lang='lat' dir='ltr'><strong>scilicet</strong></span> <span class='ocrx_word' id='word_1_160' title='bbox 2309 1024 2643 1079; x_wconf 75' lang='lat' dir='ltr'><strong>reverentize</strong></span> <span class='ocrx_word' id='word_1_161' title='bbox 2715 1025 3207 1097; x_wconf 84' lang='lat' dir='ltr'><strong>integumentum,</strong></span> <span class='ocrx_word' id='word_1_162' title='bbox 3269 1029 3409 1084; x_wconf 89' lang='lat' dir='ltr'><strong>mihi</strong></span> <span class='ocrx_word' id='word_1_163' title='bbox 3488 1045 3590 1100; x_wconf 92' lang='lat' dir='ltr'><strong>pro</strong></span> 
     </span>
    </p>
   </div>
   <div class='ocr_carea' id='block_1_23' title="bbox 1891 1106 3593 1184">
    <p class='ocr_par' dir='ltr' id='par_1_23' title="bbox 1891 1106 3593 1184">
     <span class='ocr_line' id='line_1_23' title="bbox 1891 1106 3593 1184; baseline 0.006 -22"><span class='ocrx_word' id='word_1_164' title='bbox 1891 1106 2051 1163; x_wconf 93' lang='lat' dir='ltr'><strong>libito</strong></span> <span class='ocrx_word' id='word_1_165' title='bbox 2080 1107 2459 1175; x_wconf 89' lang='lat' dir='ltr'><strong>abutendum,</strong></span> <span class='ocrx_word' id='word_1_166' title='bbox 2495 1115 2544 1164; x_wconf 90' lang='lat' dir='ltr'><strong>et</strong></span> <span class='ocrx_word' id='word_1_167' title='bbox 2583 1113 2737 1177; x_wconf 79' lang='lat' dir='ltr'><strong>foras</strong></span> <span class='ocrx_word' id='word_1_168' title='bbox 2762 1113 2884 1183; x_wconf 89' lang='lat' dir='ltr'><strong>jam</strong></span> <span class='ocrx_word' id='word_1_169' title='bbox 2919 1113 2978 1168; x_wconf 92' lang='lat' dir='ltr'><strong>in</strong></span> <span class='ocrx_word' id='word_1_170' title='bbox 3036 1121 3266 1184; x_wconf 87' lang='lat' dir='ltr'><strong>turpem</strong></span> <span class='ocrx_word' id='word_1_171' title='bbox 3319 1117 3593 1173; x_wconf 85' lang='lat' dir='ltr'><strong>excedere</strong></span> 
     </span>
    </p>
   </div>
   <div class='ocr_carea' id='block_1_24' title="bbox 1892 1194 3595 1272">
    <p class='ocr_par' dir='ltr' id='par_1_24' title="bbox 1892 1194 3595 1272">
     <span class='ocr_line' id='line_1_24' title="bbox 1892 1194 3595 1272; baseline 0.005 -22"><span class='ocrx_word' id='word_1_172' title='bbox 1892 1196 2063 1265; x_wconf 59' lang='lat' dir='ltr'><strong>carpit</strong></span> <span class='ocrx_word' id='word_1_173' title='bbox 2107 1194 2395 1253; x_wconf 78' lang='lat' dir='ltr'><strong>effectum.</strong></span> <span class='ocrx_word' id='word_1_174' title='bbox 2454 1199 2587 1255; x_wconf 63' lang='lat' dir='ltr'><strong>Haec</strong></span> <span class='ocrx_word' id='word_1_175' title='bbox 2641 1208 2874 1271; x_wconf 87' lang='lat' dir='ltr'><strong>arrogat</strong></span> <span class='ocrx_word' id='word_1_176' title='bbox 2931 1202 3237 1272; x_wconf 88' lang='lat' dir='ltr'><strong>aliquoties</strong></span> <span class='ocrx_word' id='word_1_177' title='bbox 3275 1204 3382 1259; x_wconf 90' lang='lat' dir='ltr'><strong>sibi</strong></span> <span class='ocrx_word' id='word_1_178' title='bbox 3434 1219 3595 1261; x_wconf 84' lang='lat' dir='ltr'><strong>mens</strong></span> 
     </span>
    </p>
   </div>
   <div class='ocr_carea' id='block_1_25' title="bbox 1892 1284 3593 1360">
    <p class='ocr_par' dir='ltr' id='par_1_25' title="bbox 1892 1284 3593 1360">
     <span class='ocr_line' id='line_1_25' title="bbox 1892 1284 3593 1360; baseline 0.007 -23"><span class='ocrx_word' id='word_1_179' title='bbox 1892 1284 2168 1351; x_wconf 89' lang='lat' dir='ltr'><strong>marcida,</strong></span> <span class='ocrx_word' id='word_1_180' title='bbox 2205 1284 2344 1340; x_wconf 91' lang='lat' dir='ltr'><strong>dum</strong></span> <span class='ocrx_word' id='word_1_181' title='bbox 2393 1286 2474 1341; x_wconf 90' lang='lat' dir='ltr'><strong>sic</strong></span> <span class='ocrx_word' id='word_1_182' title='bbox 2516 1287 2808 1355; x_wconf 85' lang='lat' dir='ltr'><strong>turbatur,</strong></span> <span class='ocrx_word' id='word_1_183' title='bbox 2843 1296 2906 1345; x_wconf 93' lang='lat' dir='ltr'><strong>ut</strong></span> <span class='ocrx_word' id='word_1_184' title='bbox 2967 1298 3216 1360; x_wconf 83' lang='lat' dir='ltr'><strong>nequeat</strong></span> <span class='ocrx_word' id='word_1_185' title='bbox 3268 1292 3593 1349; x_wconf 88' lang='lat' dir='ltr'><strong>discernere</strong></span> 
     </span>
    </p>
   </div>
   <div class='ocr_carea' id='block_1_26' title="bbox 1893 1372 2604 1435">
    <p class='ocr_par' dir='ltr' id='par_1_26' title="bbox 1893 1372 2604 1435">
     <span class='ocr_line' id='line_1_26' title="bbox 1893 1372 2604 1435; baseline 0.004 -7"><span class='ocrx_word' id='word_1_186' title='bbox 1893 1372 1941 1428; x_wconf 90' lang='lat' dir='ltr'><strong>si</strong></span> <span class='ocrx_word' id='word_1_187' title='bbox 1972 1373 2191 1435; x_wconf 88' lang='lat' dir='ltr'><strong>vicerit,</strong></span> <span class='ocrx_word' id='word_1_188' title='bbox 2227 1388 2300 1429; x_wconf 90' lang='lat' dir='ltr'><strong>an</strong></span> <span class='ocrx_word' id='word_1_189' title='bbox 2335 1375 2406 1430; x_wconf 92' lang='lat' dir='ltr'><strong>sit</strong></span> <span class='ocrx_word' id='word_1_190' title='bbox 2435 1379 2604 1431; x_wconf 87' lang='lat' dir='ltr'><strong>victa.</strong></span> 
     </span>
    </p>
   </div>
   <div class='ocr_carea' id='block_1_27' title="bbox 1963 1461 3595 1539">
    <p class='ocr_par' dir='ltr' id='par_1_27' title="bbox 1963 1461 3595 1539">
     <span class='ocr_line' id='line_1_27' title="bbox 1963 1461 3595 1539; baseline 0.004 -21"><span class='ocrx_word' id='word_1_191' title='bbox 1963 1461 2136 1518; x_wconf 69' lang='lat' dir='ltr'><strong>Vens.</strong></span> <span class='ocrx_word' id='word_1_192' title='bbox 2203 1463 2288 1530; x_wconf 82' lang='grc'><strong>16,</strong></span> <span class='ocrx_word' id='word_1_193' title='bbox 2347 1468 2430 1531; x_wconf 89' lang='grc'><strong>17,</strong></span> <span class='ocrx_word' id='word_1_194' title='bbox 2492 1467 2573 1519; x_wconf 86' lang='grc'><strong>18.</strong></span> <span class='ocrx_word' id='word_1_195' title='bbox 2609 1494 2683 1505; x_wconf 91' lang='grc'><strong><em>-</em></strong></span> <span class='ocrx_word' id='word_1_196' title='bbox 2740 1467 2809 1519; x_wconf 88' lang='lat' dir='ltr'><strong>In</strong></span> <span class='ocrx_word' id='word_1_197' title='bbox 2847 1474 3227 1533; x_wconf 83' lang='lat' dir='ltr'><strong>argumentum</strong></span> <span class='ocrx_word' id='word_1_198' title='bbox 3274 1485 3401 1536; x_wconf 88' lang='lat' dir='ltr'><strong>ergo</strong></span> <span class='ocrx_word' id='word_1_199' title='bbox 3461 1472 3595 1539; x_wconf 81' lang='lat' dir='ltr'><strong>ﬁdei</strong></span> 
     </span>
    </p>
   </div>
   <div class='ocr_carea' id='block_1_28' title="bbox 1891 1553 3588 1628">
    <p class='ocr_par' dir='ltr' id='par_1_28' title="bbox 1891 1553 3588 1628">
     <span class='ocr_line' id='line_1_28' title="bbox 1891 1553 3588 1628; baseline 0.006 -25"><span class='ocrx_word' id='word_1_200' title='bbox 1891 1556 2156 1605; x_wconf 87' lang='lat' dir='ltr'><strong>retentum</strong></span> <span class='ocrx_word' id='word_1_201' title='bbox 2195 1553 2430 1621; x_wconf 84' lang='lat' dir='ltr'><strong>pallium</strong></span> <span class='ocrx_word' id='word_1_202' title='bbox 2473 1554 2707 1607; x_wconf 83' lang='lat' dir='ltr'><strong>ostendit</strong></span> <span class='ocrx_word' id='word_1_203' title='bbox 2759 1558 2958 1609; x_wconf 86' lang='lat' dir='ltr'><strong>marito</strong></span> <span class='ocrx_word' id='word_1_204' title='bbox 3008 1560 3300 1612; x_wconf 77' lang='lat' dir='ltr'><strong>revertenti</strong></span> <span class='ocrx_word' id='word_1_205' title='bbox 3353 1559 3588 1628; x_wconf 85' lang='lat' dir='ltr'><strong>domum,</strong></span> 
     </span>
    </p>
   </div>
   <div class='ocr_carea' id='block_1_29' title="bbox 1892 1642 3592 1717">
    <p class='ocr_par' dir='ltr' id='par_1_29' title="bbox 1892 1642 3592 1717">
     <span class='ocr_line' id='line_1_29' title="bbox 1892 1642 3592 1717; baseline 0.005 -23"><span class='ocrx_word' id='word_1_206' title='bbox 1892 1646 1942 1694; x_wconf 91' lang='lat' dir='ltr'><strong>et</strong></span> <span class='ocrx_word' id='word_1_207' title='bbox 1998 1643 2116 1696; x_wconf 83' lang='lat' dir='ltr'><strong>ait:</strong></span> <span class='ocrx_word' id='word_1_208' title='bbox 2171 1642 2451 1708; x_wconf 87' lang='lat' dir='ltr'><strong>Ingressus</strong></span> <span class='ocrx_word' id='word_1_209' title='bbox 2506 1648 2584 1695; x_wconf 88' lang='lat' dir='ltr'><strong>est</strong></span> <span class='ocrx_word' id='word_1_210' title='bbox 2635 1643 2709 1696; x_wconf 89' lang='lat' dir='ltr'><strong>ad</strong></span> <span class='ocrx_word' id='word_1_211' title='bbox 2758 1659 2840 1696; x_wconf 92' lang='lat' dir='ltr'><strong>me</strong></span> <span class='ocrx_word' id='word_1_212' title='bbox 2878 1660 3065 1699; x_wconf 84' lang='lat' dir='ltr'><strong>seruus</strong></span> <span class='ocrx_word' id='word_1_213' title='bbox 3115 1646 3389 1713; x_wconf 73' lang='lat' dir='ltr'><strong>Hebraeus,</strong></span> <span class='ocrx_word' id='word_1_214' title='bbox 3437 1664 3592 1717; x_wconf 85' lang='lat' dir='ltr'><strong>quem</strong></span> 
     </span>
    </p>
   </div>
   <div class='ocr_carea' id='block_1_30' title="bbox 1893 1728 3592 1801">
    <p class='ocr_par' dir='ltr' id='par_1_30' title="bbox 1893 1728 3592 1801">
     <span class='ocr_line' id='line_1_30' title="bbox 1893 1728 3592 1801; baseline 0.006 -20"><span class='ocrx_word' id='word_1_215' title='bbox 1893 1728 2185 1782; x_wconf 73' lang='lat' dir='ltr'><strong>addumisti</strong></span> <span class='ocrx_word' id='word_1_216' title='bbox 2215 1736 2273 1783; x_wconf 91' lang='lat' dir='ltr'><strong>ut</strong></span> <span class='ocrx_word' id='word_1_217' title='bbox 2310 1730 2559 1784; x_wconf 85' lang='lat' dir='ltr'><strong>illuderet</strong></span> <span class='ocrx_word' id='word_1_218' title='bbox 2606 1732 2760 1785; x_wconf 89' lang='lat' dir='ltr'><strong>mihi.</strong></span> <span class='ocrx_word' id='word_1_219' title='bbox 2811 1733 3050 1801; x_wconf 86' lang='lat' dir='ltr'><strong>Cumque</strong></span> <span class='ocrx_word' id='word_1_220' title='bbox 3094 1735 3321 1789; x_wconf 83' lang='lat' dir='ltr'><strong>vidisset</strong></span> <span class='ocrx_word' id='word_1_221' title='bbox 3362 1753 3443 1791; x_wconf 87' lang='lat' dir='ltr'><strong>me</strong></span> <span class='ocrx_word' id='word_1_222' title='bbox 3471 1738 3592 1792; x_wconf 85' lang='lat' dir='ltr'><strong>cla-</strong></span> 
     </span>
    </p>
   </div>
   <div class='ocr_carea' id='block_1_31' title="bbox 1892 1820 3593 1889">
    <p class='ocr_par' dir='ltr' id='par_1_31' title="bbox 1892 1820 3593 1889">
     <span class='ocr_line' id='line_1_31' title="bbox 1892 1820 3593 1889; baseline 0.005 -17"><span class='ocrx_word' id='word_1_223' title='bbox 1892 1833 2059 1885; x_wconf 90' lang='lat' dir='ltr'><strong>mare,</strong></span> <span class='ocrx_word' id='word_1_224' title='bbox 2109 1820 2332 1887; x_wconf 82' lang='lat' dir='ltr'><strong>reliquit</strong></span> <span class='ocrx_word' id='word_1_225' title='bbox 2376 1820 2630 1888; x_wconf 83' lang='lat' dir='ltr'><strong>pallium,</strong></span> <span class='ocrx_word' id='word_1_226' title='bbox 2676 1826 2727 1874; x_wconf 84' lang='lat' dir='ltr'><strong>et</strong></span> <span class='ocrx_word' id='word_1_227' title='bbox 2770 1821 2921 1889; x_wconf 82' lang='lat' dir='ltr'><strong>fugit</strong></span> <span class='ocrx_word' id='word_1_228' title='bbox 2954 1824 3129 1888; x_wconf 83' lang='lat' dir='ltr'><strong>foras.</strong></span> <span class='ocrx_word' id='word_1_229' title='bbox 3179 1823 3419 1880; x_wconf 85' lang='lat' dir='ltr'><strong>Maritus</strong></span> <span class='ocrx_word' id='word_1_230' title='bbox 3461 1826 3593 1881; x_wconf 87' lang='lat' dir='ltr'><strong>ani-</strong></span> 
     </span>
    </p>
   </div>
   <div class='ocr_carea' id='block_1_32' title="bbox 93 1885 3589 1982">
    <p class='ocr_par' dir='ltr' id='par_1_32' title="bbox 93 1885 3589 1982">
     <span class='ocr_line' id='line_1_32' title="bbox 93 1885 3589 1982; baseline 0.001 -17"><span class='ocrx_word' id='word_1_231' title='bbox 93 1885 202 1981; x_wconf 41' lang='lat' dir='ltr'><strong>pro&#39;</strong></span> <span class='ocrx_word' id='word_1_232' title='bbox 237 1911 451 1966; x_wconf 92' lang='lat' dir='ltr'><strong>incerto</strong></span> <span class='ocrx_word' id='word_1_233' title='bbox 518 1909 774 1979; x_wconf 89' lang='lat' dir='ltr'><strong>ponitur.</strong></span> <span class='ocrx_word' id='word_1_234' title='bbox 835 1908 994 1964; x_wconf 89' lang='lat' dir='ltr'><strong>Unde</strong></span> <span class='ocrx_word' id='word_1_235' title='bbox 1054 1885 1269 1964; x_wconf 81' lang='lat' dir='ltr'><strong>dicitur</strong></span> <span class='ocrx_word' id='word_1_236' title='bbox 1327 1885 1545 1964; x_wconf 48' lang='lat' dir='ltr'><strong>fecisse—</strong></span> <span class='ocrx_word' id='word_1_237' title='bbox 1582 1908 1785 1979; x_wconf 88' lang='lat' dir='ltr'><strong>absque</strong></span> <span class='ocrx_word' id='word_1_238' title='bbox 1822 1885 1864 1940; x_wconf 80' lang='grc' dir='ltr'><strong>Β</strong></span> <span class='ocrx_word' id='word_1_239' title='bbox 1896 1921 2021 1975; x_wconf 66' lang='lat' dir='ltr'><strong>mae,</strong></span> <span class='ocrx_word' id='word_1_240' title='bbox 2057 1907 2175 1977; x_wconf 89' lang='lat' dir='ltr'><strong>ipse</strong></span> <span class='ocrx_word' id='word_1_241' title='bbox 2217 1885 2300 1963; x_wconf 77' lang='lat' dir='ltr'><strong>est</strong></span> <span class='ocrx_word' id='word_1_242' title='bbox 2331 1885 2687 1975; x_wconf 69' lang='lat' dir='ltr'><strong>intellectus;</strong></span> <span class='ocrx_word' id='word_1_243' title='bbox 2741 1885 3215 1979; x_wconf 31' lang='lat' dir='ltr'><strong>quivin&#39;domum</strong></span> <span class='ocrx_word' id='word_1_244' title='bbox 3260 1914 3589 1982; x_wconf 85' lang='lat' dir='ltr'><strong>revertitur,</strong></span> 
     </span>
    </p>
   </div>
   <div class='ocr_carea' id='block_1_33' title="bbox 93 1996 1781 2069">
    <p class='ocr_par' dir='ltr' id='par_1_33' title="bbox 93 1996 1781 2069">
     <span class='ocr_line' id='line_1_33' title="bbox 93 1996 1781 2069; baseline 0.001 -17"><span class='ocrx_word' id='word_1_245' title='bbox 93 2000 307 2054; x_wconf 85' lang='lat' dir='ltr'><strong>arbitris</strong></span> <span class='ocrx_word' id='word_1_246' title='bbox 340 1998 640 2069; x_wconf 84' lang='lat' dir='ltr'><strong>quiddam,</strong></span> <span class='ocrx_word' id='word_1_247' title='bbox 666 1997 805 2067; x_wconf 87' lang='lat' dir='ltr'><strong>quia</strong></span> <span class='ocrx_word' id='word_1_248' title='bbox 837 1997 892 2051; x_wconf 91' lang='lat' dir='ltr'><strong>in</strong></span> <span class='ocrx_word' id='word_1_249' title='bbox 926 1996 1117 2066; x_wconf 91' lang='lat' dir='ltr'><strong>tepido</strong></span> <span class='ocrx_word' id='word_1_250' title='bbox 1140 1996 1361 2066; x_wconf 91' lang='lat' dir='ltr'><strong>positus</strong></span> <span class='ocrx_word' id='word_1_251' title='bbox 1382 2004 1536 2052; x_wconf 88' lang='lat' dir='ltr'><strong>statu</strong></span> <span class='ocrx_word' id='word_1_252' title='bbox 1567 1996 1781 2053; x_wconf 88' lang='lat' dir='ltr'><strong>discre-</strong></span> 
     </span>
    </p>
   </div>
   <div class='ocr_carea' id='block_1_34' title="bbox 95 2085 1784 2157">
    <p class='ocr_par' dir='ltr' id='par_1_34' title="bbox 95 2085 1784 2157">
     <span class='ocr_line' id='line_1_34' title="bbox 95 2085 1784 2157; baseline -0.001 -13"><span class='ocrx_word' id='word_1_253' title='bbox 95 2089 250 2145; x_wconf 88' lang='lat' dir='ltr'><strong>tionis</strong></span> <span class='ocrx_word' id='word_1_254' title='bbox 289 2088 405 2144; x_wconf 88' lang='lat' dir='ltr'><strong>vim</strong></span> <span class='ocrx_word' id='word_1_255' title='bbox 461 2102 575 2143; x_wconf 90' lang='lat' dir='ltr'><strong>non</strong></span> <span class='ocrx_word' id='word_1_256' title='bbox 610 2087 781 2142; x_wconf 86' lang='lat' dir='ltr'><strong>habet</strong></span> <span class='ocrx_word' id='word_1_257' title='bbox 827 2085 1168 2156; x_wconf 88' lang='lat' dir='ltr'><strong>plenariam.</strong></span> <span class='ocrx_word' id='word_1_258' title='bbox 1230 2086 1533 2142; x_wconf 89' lang='lat' dir='ltr'><strong>Interiores</strong></span> <span class='ocrx_word' id='word_1_259' title='bbox 1580 2100 1784 2157; x_wconf 88' lang='lat' dir='ltr'><strong>nempe</strong></span> 
     </span>
    </p>
   </div>
   <div class='ocr_carea' id='block_1_35' title="bbox 92 2174 1784 2233">
    <p class='ocr_par' dir='ltr' id='par_1_35' title="bbox 92 2174 1784 2233">
     <span class='ocr_line' id='line_1_35' title="bbox 92 2174 1784 2233; baseline -0.001 0"><span class='ocrx_word' id='word_1_260' title='bbox 92 2178 277 2233; x_wconf 89' lang='lat' dir='ltr'><strong>arbitri</strong></span> <span class='ocrx_word' id='word_1_261' title='bbox 312 2185 506 2233; x_wconf 89' lang='lat' dir='ltr'><strong>motus</strong></span> <span class='ocrx_word' id='word_1_262' title='bbox 537 2183 675 2232; x_wconf 89' lang='lat' dir='ltr'><strong>sunt</strong></span> <span class='ocrx_word' id='word_1_263' title='bbox 716 2174 1143 2231; x_wconf 79' lang='lat' dir='ltr'><strong>examinatorii.</strong></span> <span class='ocrx_word' id='word_1_264' title='bbox 1196 2174 1267 2230; x_wconf 91' lang='lat' dir='ltr'><strong>Et</strong></span> <span class='ocrx_word' id='word_1_265' title='bbox 1303 2174 1499 2230; x_wconf 89' lang='lat' dir='ltr'><strong>minus</strong></span> <span class='ocrx_word' id='word_1_266' title='bbox 1527 2175 1784 2231; x_wconf 85' lang='lat' dir='ltr'><strong>fervente</strong></span> 
     </span>
    </p>
   </div>
   <div class='ocr_carea' id='block_1_36' title="bbox 92 2263 1780 2333">
    <p class='ocr_par' dir='ltr' id='par_1_36' title="bbox 92 2263 1780 2333">
     <span class='ocr_line' id='line_1_36' title="bbox 92 2263 1780 2333; baseline -0.002 -11"><span class='ocrx_word' id='word_1_267' title='bbox 92 2266 429 2323; x_wconf 88' lang='lat' dir='ltr'><strong>conscientia</strong></span> <span class='ocrx_word' id='word_1_268' title='bbox 476 2265 615 2321; x_wconf 90' lang='lat' dir='ltr'><strong>solet</strong></span> <span class='ocrx_word' id='word_1_269' title='bbox 644 2264 808 2320; x_wconf 84' lang='lat' dir='ltr'><strong>facile</strong></span> <span class='ocrx_word' id='word_1_270' title='bbox 857 2263 1153 2333; x_wconf 86' lang='lat' dir='ltr'><strong>subripere</strong></span> <span class='ocrx_word' id='word_1_271' title='bbox 1202 2263 1687 2333; x_wconf 85' lang='lat' dir='ltr'><strong>concupiscentia.</strong></span> <span class='ocrx_word' id='word_1_272' title='bbox 1718 2264 1780 2318; x_wconf 92' lang='lat' dir='ltr'><strong>In</strong></span> 
     </span>
    </p>
   </div>
   <div class='ocr_carea' id='block_1_37' title="bbox 94 2352 1783 2426">
    <p class='ocr_par' dir='ltr' id='par_1_37' title="bbox 94 2352 1783 2426">
     <span class='ocr_line' id='line_1_37' title="bbox 94 2352 1783 2426; baseline -0.002 -15"><span class='ocrx_word' id='word_1_273' title='bbox 94 2359 205 2426; x_wconf 90' lang='lat' dir='ltr'><strong>ipsa</strong></span> <span class='ocrx_word' id='word_1_274' title='bbox 268 2368 527 2426; x_wconf 90' lang='lat' dir='ltr'><strong>namque</strong></span> <span class='ocrx_word' id='word_1_275' title='bbox 586 2352 942 2408; x_wconf 87' lang='lat' dir='ltr'><strong>discussione</strong></span> <span class='ocrx_word' id='word_1_276' title='bbox 985 2352 1223 2422; x_wconf 86' lang='lat' dir='ltr'><strong>quidam</strong></span> <span class='ocrx_word' id='word_1_277' title='bbox 1272 2352 1345 2407; x_wconf 93' lang='lat' dir='ltr'><strong>ob</strong></span> <span class='ocrx_word' id='word_1_278' title='bbox 1386 2352 1783 2409; x_wconf 77' lang='lat' dir='ltr'><strong>difﬁcultatem</strong></span> 
     </span>
    </p>
   </div>
   <div class='ocr_carea' id='block_1_38' title="bbox 94 2443 1780 2514">
    <p class='ocr_par' dir='ltr' id='par_1_38' title="bbox 94 2443 1780 2514">
     <span class='ocr_line' id='line_1_38' title="bbox 94 2443 1780 2514; baseline -0.002 -14"><span class='ocrx_word' id='word_1_279' title='bbox 94 2444 231 2500; x_wconf 73' lang='lat' dir='ltr'><strong>taedii</strong></span> <span class='ocrx_word' id='word_1_280' title='bbox 278 2452 479 2514; x_wconf 87' lang='lat' dir='ltr'><strong>torpor</strong></span> <span class='ocrx_word' id='word_1_281' title='bbox 534 2443 775 2513; x_wconf 89' lang='lat' dir='ltr'><strong>obrepit.</strong></span> <span class='ocrx_word' id='word_1_282' title='bbox 832 2443 993 2501; x_wconf 89' lang='lat' dir='ltr'><strong>Unde</strong></span> <span class='ocrx_word' id='word_1_283' title='bbox 1035 2451 1089 2499; x_wconf 89' lang='lat' dir='ltr'><strong>et</strong></span> <span class='ocrx_word' id='word_1_284' title='bbox 1136 2444 1407 2500; x_wconf 86' lang='lat' dir='ltr'><strong>laciniam</strong></span> <span class='ocrx_word' id='word_1_285' title='bbox 1456 2443 1780 2513; x_wconf 86' lang='lat' dir='ltr'><strong>apprehen-</strong></span> 
     </span>
    </p>
   </div>
   <div class='ocr_carea' id='block_1_39' title="bbox 91 2530 1781 2603">
    <p class='ocr_par' dir='ltr' id='par_1_39' title="bbox 91 2530 1781 2603">
     <span class='ocr_line' id='line_1_39' title="bbox 91 2530 1781 2603; baseline -0.002 -14"><span class='ocrx_word' id='word_1_286' title='bbox 91 2535 183 2601; x_wconf 90' lang='lat' dir='ltr'><strong>dit,</strong></span> <span class='ocrx_word' id='word_1_287' title='bbox 227 2534 281 2590; x_wconf 91' lang='lat' dir='ltr'><strong>id</strong></span> <span class='ocrx_word' id='word_1_288' title='bbox 310 2540 398 2589; x_wconf 90' lang='lat' dir='ltr'><strong>est</strong></span> <span class='ocrx_word' id='word_1_289' title='bbox 431 2533 825 2600; x_wconf 90' lang='lat' dir='ltr'><strong>intentionem,</strong></span> <span class='ocrx_word' id='word_1_290' title='bbox 869 2547 1000 2603; x_wconf 79' lang='lat' dir='ltr'><strong>quae</strong></span> <span class='ocrx_word' id='word_1_291' title='bbox 1036 2547 1137 2603; x_wconf 90' lang='lat' dir='ltr'><strong>per</strong></span> <span class='ocrx_word' id='word_1_292' title='bbox 1165 2532 1658 2603; x_wconf 88' lang='lat' dir='ltr'><strong>longanimitatem</strong></span> <span class='ocrx_word' id='word_1_293' title='bbox 1709 2530 1781 2587; x_wconf 92' lang='lat' dir='ltr'><strong>ad</strong></span> 
     </span>
    </p>
   </div>
   <div class='ocr_carea' id='block_1_40' title="bbox 93 2621 1780 2692">
    <p class='ocr_par' dir='ltr' id='par_1_40' title="bbox 93 2621 1780 2692">
     <span class='ocr_line' id='line_1_40' title="bbox 93 2621 1780 2692; baseline -0.001 -14"><span class='ocrx_word' id='word_1_294' title='bbox 93 2624 259 2678; x_wconf 85' lang='lat' dir='ltr'><strong>Deum</strong></span> <span class='ocrx_word' id='word_1_295' title='bbox 286 2622 629 2689; x_wconf 89' lang='lat' dir='ltr'><strong>intenditur,</strong></span> <span class='ocrx_word' id='word_1_296' title='bbox 663 2630 717 2679; x_wconf 92' lang='lat' dir='ltr'><strong>et</strong></span> <span class='ocrx_word' id='word_1_297' title='bbox 759 2636 891 2692; x_wconf 57' lang='lat' dir='ltr'><strong>quae</strong></span> <span class='ocrx_word' id='word_1_298' title='bbox 922 2621 1131 2677; x_wconf 89' lang='lat' dir='ltr'><strong>interni</strong></span> <span class='ocrx_word' id='word_1_299' title='bbox 1162 2621 1342 2677; x_wconf 86' lang='lat' dir='ltr'><strong>nostri</strong></span> <span class='ocrx_word' id='word_1_300' title='bbox 1379 2621 1610 2676; x_wconf 91' lang='lat' dir='ltr'><strong>habitus</strong></span> <span class='ocrx_word' id='word_1_301' title='bbox 1652 2622 1780 2690; x_wconf 90' lang='lat' dir='ltr'><strong>pal-</strong></span> 
     </span>
    </p>
   </div>
   <div class='ocr_carea' id='block_1_41' title="bbox 94 2709 1782 2781">
    <p class='ocr_par' dir='ltr' id='par_1_41' title="bbox 94 2709 1782 2781">
     <span class='ocr_line' id='line_1_41' title="bbox 94 2709 1782 2781; baseline 0 -14"><span class='ocrx_word' id='word_1_302' title='bbox 94 2713 223 2767; x_wconf 88' lang='lat' dir='ltr'><strong>lium</strong></span> <span class='ocrx_word' id='word_1_303' title='bbox 267 2712 324 2767; x_wconf 90' lang='lat' dir='ltr'><strong>in</strong></span> <span class='ocrx_word' id='word_1_304' title='bbox 368 2712 653 2767; x_wconf 89' lang='lat' dir='ltr'><strong>unitatem</strong></span> <span class='ocrx_word' id='word_1_305' title='bbox 703 2711 867 2767; x_wconf 64' lang='lat' dir='ltr'><strong>bonae</strong></span> <span class='ocrx_word' id='word_1_306' title='bbox 927 2711 1243 2767; x_wconf 88' lang='lat' dir='ltr'><strong>voluntatis</strong></span> <span class='ocrx_word' id='word_1_307' title='bbox 1306 2709 1543 2781; x_wconf 87' lang='lat' dir='ltr'><strong>colligit,</strong></span> <span class='ocrx_word' id='word_1_308' title='bbox 1603 2710 1672 2765; x_wconf 90' lang='lat' dir='ltr'><strong>ad</strong></span> <span class='ocrx_word' id='word_1_309' title='bbox 1723 2725 1782 2767; x_wconf 90' lang='lat' dir='ltr'><strong>se</strong></span> 
     </span>
    </p>
   </div>
   <div class='ocr_carea' id='block_1_42' title="bbox 94 2798 1781 2869">
    <p class='ocr_par' dir='ltr' id='par_1_42' title="bbox 94 2798 1781 2869">
     <span class='ocr_line' id='line_1_42' title="bbox 94 2798 1781 2869; baseline 0.001 -16"><span class='ocrx_word' id='word_1_310' title='bbox 94 2800 391 2856; x_wconf 85' lang='lat' dir='ltr'><strong>contrahit.</strong></span> <span class='ocrx_word' id='word_1_311' title='bbox 434 2806 475 2855; x_wconf 82' lang='lat' dir='ltr'><strong>A</strong></span> <span class='ocrx_word' id='word_1_312' title='bbox 508 2800 718 2855; x_wconf 90' lang='lat' dir='ltr'><strong>lacinia</strong></span> <span class='ocrx_word' id='word_1_313' title='bbox 755 2799 910 2856; x_wconf 90' lang='lat' dir='ltr'><strong>enim</strong></span> <span class='ocrx_word' id='word_1_314' title='bbox 942 2799 1217 2869; x_wconf 76' lang='lat' dir='ltr'><strong>quaelibet</strong></span> <span class='ocrx_word' id='word_1_315' title='bbox 1256 2799 1524 2855; x_wconf 87' lang='lat' dir='ltr'><strong>laciniosa</strong></span> <span class='ocrx_word' id='word_1_316' title='bbox 1569 2798 1781 2855; x_wconf 87' lang='lat' dir='ltr'><strong>dicun-</strong></span> 
     </span>
    </p>
   </div>
   <div class='ocr_carea' id='block_1_43' title="bbox 94 2888 1781 2959">
    <p class='ocr_par' dir='ltr' id='par_1_43' title="bbox 94 2888 1781 2959">
     <span class='ocr_line' id='line_1_43' title="bbox 94 2888 1781 2959; baseline 0 -16"><span class='ocrx_word' id='word_1_317' title='bbox 94 2896 198 2954; x_wconf 89' lang='lat' dir='ltr'><strong>tur,</strong></span> <span class='ocrx_word' id='word_1_318' title='bbox 241 2889 294 2944; x_wconf 91' lang='lat' dir='ltr'><strong>id</strong></span> <span class='ocrx_word' id='word_1_319' title='bbox 340 2898 428 2944; x_wconf 86' lang='lat' dir='ltr'><strong>est</strong></span> <span class='ocrx_word' id='word_1_320' title='bbox 486 2889 677 2959; x_wconf 83' lang='lat' dir='ltr'><strong>longa,</strong></span> <span class='ocrx_word' id='word_1_321' title='bbox 728 2897 782 2945; x_wconf 91' lang='lat' dir='ltr'><strong>et</strong></span> <span class='ocrx_word' id='word_1_322' title='bbox 846 2889 926 2944; x_wconf 90' lang='lat' dir='ltr'><strong>nil</strong></span> <span class='ocrx_word' id='word_1_323' title='bbox 991 2903 1058 2944; x_wconf 92' lang='lat' dir='ltr'><strong>eo</strong></span> <span class='ocrx_word' id='word_1_324' title='bbox 1107 2889 1446 2959; x_wconf 89' lang='lat' dir='ltr'><strong>productius</strong></span> <span class='ocrx_word' id='word_1_325' title='bbox 1501 2888 1657 2959; x_wconf 91' lang='lat' dir='ltr'><strong>quod</strong></span> <span class='ocrx_word' id='word_1_326' title='bbox 1709 2888 1781 2943; x_wconf 90' lang='lat' dir='ltr'><strong>ad</strong></span> 
     </span>
    </p>
   </div>
   <div class='ocr_carea' id='block_1_44' title="bbox 94 2976 1778 3049">
    <p class='ocr_par' dir='ltr' id='par_1_44' title="bbox 94 2976 1778 3049">
     <span class='ocr_line' id='line_1_44' title="bbox 94 2976 1778 3049; baseline -0.001 -16"><span class='ocrx_word' id='word_1_327' title='bbox 94 2977 260 3033; x_wconf 88' lang='lat' dir='ltr'><strong>Deum</strong></span> <span class='ocrx_word' id='word_1_328' title='bbox 306 2992 499 3049; x_wconf 90' lang='lat' dir='ltr'><strong>usque</strong></span> <span class='ocrx_word' id='word_1_329' title='bbox 541 2978 919 3047; x_wconf 91' lang='lat' dir='ltr'><strong>pertenditur.</strong></span> <span class='ocrx_word' id='word_1_330' title='bbox 971 2977 1230 3033; x_wconf 88' lang='lat' dir='ltr'><strong>Dormire</strong></span> <span class='ocrx_word' id='word_1_331' title='bbox 1274 2991 1466 3032; x_wconf 90' lang='lat' dir='ltr'><strong>secum</strong></span> <span class='ocrx_word' id='word_1_332' title='bbox 1511 2976 1778 3047; x_wconf 89' lang='lat' dir='ltr'><strong>postulat,</strong></span> 
     </span>
    </p>
   </div>
   <div class='ocr_carea' id='block_1_45' title="bbox 91 3066 1778 3137">
    <p class='ocr_par' dir='ltr' id='par_1_45' title="bbox 91 3066 1778 3137">
     <span class='ocr_line' id='line_1_45' title="bbox 91 3066 1778 3137; baseline -0.001 -16"><span class='ocrx_word' id='word_1_333' title='bbox 91 3067 216 3123; x_wconf 90' lang='lat' dir='ltr'><strong>dum</strong></span> <span class='ocrx_word' id='word_1_334' title='bbox 260 3067 318 3122; x_wconf 92' lang='lat' dir='ltr'><strong>in</strong></span> <span class='ocrx_word' id='word_1_335' title='bbox 368 3066 680 3123; x_wconf 88' lang='lat' dir='ltr'><strong>oblivionis</strong></span> <span class='ocrx_word' id='word_1_336' title='bbox 713 3075 768 3123; x_wconf 92' lang='lat' dir='ltr'><strong>et</strong></span> <span class='ocrx_word' id='word_1_337' title='bbox 813 3066 1181 3137; x_wconf 65' lang='lat' dir='ltr'><strong>negligentiae</strong></span> <span class='ocrx_word' id='word_1_338' title='bbox 1229 3066 1632 3137; x_wconf 84' lang='lat' dir='ltr'><strong>labyrinthum</strong></span> <span class='ocrx_word' id='word_1_339' title='bbox 1663 3066 1778 3122; x_wconf 90' lang='lat' dir='ltr'><strong>labi</strong></span> 
     </span>
    </p>
   </div>
   <div class='ocr_carea' id='block_1_46' title="bbox 93 3155 1860 3237">
    <p class='ocr_par' dir='ltr' id='par_1_46' title="bbox 93 3155 1860 3237">
     <span class='ocr_line' id='line_1_46' title="bbox 93 3155 1860 3237; baseline -0.001 -28"><span class='ocrx_word' id='word_1_340' title='bbox 93 3155 292 3223; x_wconf 88' lang='lat' dir='ltr'><strong>pariter</strong></span> <span class='ocrx_word' id='word_1_341' title='bbox 352 3163 644 3226; x_wconf 88' lang='lat' dir='ltr'><strong>provocat.</strong></span> <span class='ocrx_word' id='word_1_342' title='bbox 702 3155 807 3223; x_wconf 86' lang='lat' dir='ltr'><strong>Qui</strong></span> <span class='ocrx_word' id='word_1_343' title='bbox 849 3157 1035 3209; x_wconf 87' lang='lat' dir='ltr'><strong>relicto</strong></span> <span class='ocrx_word' id='word_1_344' title='bbox 1088 3157 1147 3209; x_wconf 90' lang='lat' dir='ltr'><strong>in</strong></span> <span class='ocrx_word' id='word_1_345' title='bbox 1194 3171 1361 3209; x_wconf 86' lang='lat' dir='ltr'><strong>manu</strong></span> <span class='ocrx_word' id='word_1_346' title='bbox 1406 3155 1562 3209; x_wconf 84' lang='lat' dir='ltr'><strong>illius</strong></span> <span class='ocrx_word' id='word_1_347' title='bbox 1606 3156 1780 3225; x_wconf 83' lang='lat' dir='ltr'><strong>pallio</strong></span> <span class='ocrx_word' id='word_1_348' title='bbox 1818 3182 1860 3237; x_wconf 68' lang='grc' dir='ltr'>ο</span> 
     </span>
    </p>
   </div>
   <div class='ocr_carea' id='block_1_47' title="bbox 88 3241 1779 3315">
    <p class='ocr_par' dir='ltr' id='par_1_47' title="bbox 88 3241 1779 3315">
     <span class='ocr_line' id='line_1_47' title="bbox 88 3241 1779 3315; baseline 0.001 -19"><span class='ocrx_word' id='word_1_349' title='bbox 88 3244 243 3311; x_wconf 78' lang='lat' dir='ltr'><strong>fugit,</strong></span> <span class='ocrx_word' id='word_1_350' title='bbox 274 3249 324 3298; x_wconf 90' lang='lat' dir='ltr'><strong>et</strong></span> <span class='ocrx_word' id='word_1_351' title='bbox 356 3258 605 3315; x_wconf 84' lang='lat' dir='ltr'><strong>egressus</strong></span> <span class='ocrx_word' id='word_1_352' title='bbox 627 3248 706 3297; x_wconf 89' lang='lat' dir='ltr'><strong>est</strong></span> <span class='ocrx_word' id='word_1_353' title='bbox 733 3244 906 3310; x_wconf 86' lang='lat' dir='ltr'><strong>foras.</strong></span> <span class='ocrx_word' id='word_1_354' title='bbox 943 3244 1004 3296; x_wconf 90' lang='lat' dir='ltr'><strong>In</strong></span> <span class='ocrx_word' id='word_1_355' title='bbox 1040 3255 1217 3297; x_wconf 88' lang='lat' dir='ltr'><strong>manu</strong></span> <span class='ocrx_word' id='word_1_356' title='bbox 1252 3241 1511 3298; x_wconf 90' lang='lat' dir='ltr'><strong>mulieris</strong></span> <span class='ocrx_word' id='word_1_357' title='bbox 1539 3242 1779 3312; x_wconf 90' lang='lat' dir='ltr'><strong>pallium</strong></span> 
     </span>
    </p>
   </div>
   <div class='ocr_carea' id='block_1_48' title="bbox 91 3330 1779 3403">
    <p class='ocr_par' dir='ltr' id='par_1_48' title="bbox 91 3330 1779 3403">
     <span class='ocr_line' id='line_1_48' title="bbox 91 3330 1779 3403; baseline -0.001 -16"><span class='ocrx_word' id='word_1_358' title='bbox 91 3333 489 3403; x_wconf 88' lang='lat' dir='ltr'><strong>relinquimus,</strong></span> <span class='ocrx_word' id='word_1_359' title='bbox 548 3347 680 3388; x_wconf 91' lang='lat' dir='ltr'><strong>cum</strong></span> <span class='ocrx_word' id='word_1_360' title='bbox 727 3331 1055 3387; x_wconf 88' lang='lat' dir='ltr'><strong>tentationis</strong></span> <span class='ocrx_word' id='word_1_361' title='bbox 1094 3330 1412 3387; x_wconf 81' lang='lat' dir='ltr'><strong>fortitudini</strong></span> <span class='ocrx_word' id='word_1_362' title='bbox 1458 3330 1779 3387; x_wconf 90' lang='lat' dir='ltr'><strong>interiorem</strong></span> 
     </span>
    </p>
   </div>
   <div class='ocr_carea' id='block_1_49' title="bbox 91 3419 1781 3491">
    <p class='ocr_par' dir='ltr' id='par_1_49' title="bbox 91 3419 1781 3491">
     <span class='ocr_line' id='line_1_49' title="bbox 91 3419 1781 3491; baseline 0.001 -18"><span class='ocrx_word' id='word_1_363' title='bbox 91 3427 338 3476; x_wconf 89' lang='lat' dir='ltr'><strong>nostrum</strong></span> <span class='ocrx_word' id='word_1_364' title='bbox 383 3420 677 3476; x_wconf 89' lang='lat' dir='ltr'><strong>hominem</strong></span> <span class='ocrx_word' id='word_1_365' title='bbox 731 3420 916 3491; x_wconf 92' lang='lat' dir='ltr'><strong>magis</strong></span> <span class='ocrx_word' id='word_1_366' title='bbox 960 3433 1242 3488; x_wconf 84' lang='lat' dir='ltr'><strong>exponere</strong></span> <span class='ocrx_word' id='word_1_367' title='bbox 1284 3419 1555 3489; x_wconf 90' lang='lat' dir='ltr'><strong>eligimus</strong></span> <span class='ocrx_word' id='word_1_368' title='bbox 1603 3433 1781 3489; x_wconf 90' lang='lat' dir='ltr'><strong>quam</strong></span> 
     </span>
    </p>
   </div>
   <div class='ocr_carea' id='block_1_50' title="bbox 89 3507 1781 3577">
    <p class='ocr_par' dir='ltr' id='par_1_50' title="bbox 89 3507 1781 3577">
     <span class='ocr_line' id='line_1_50' title="bbox 89 3507 1781 3577; baseline 0.001 -16"><span class='ocrx_word' id='word_1_369' title='bbox 89 3508 203 3577; x_wconf 87' lang='lat' dir='ltr'><strong>ejus</strong></span> <span class='ocrx_word' id='word_1_370' title='bbox 240 3508 469 3564; x_wconf 88' lang='lat' dir='ltr'><strong>libidini</strong></span> <span class='ocrx_word' id='word_1_371' title='bbox 494 3508 750 3564; x_wconf 89' lang='lat' dir='ltr'><strong>suaviter</strong></span> <span class='ocrx_word' id='word_1_372' title='bbox 779 3508 1247 3563; x_wconf 87' lang='lat' dir='ltr'><strong>succumbamus.</strong></span> <span class='ocrx_word' id='word_1_373' title='bbox 1276 3507 1339 3561; x_wconf 90' lang='lat' dir='ltr'><strong>In</strong></span> <span class='ocrx_word' id='word_1_374' title='bbox 1373 3508 1523 3562; x_wconf 88' lang='lat' dir='ltr'><strong>hanc</strong></span> <span class='ocrx_word' id='word_1_375' title='bbox 1544 3521 1781 3563; x_wconf 88' lang='lat' dir='ltr'><strong>manum</strong></span> 
     </span>
    </p>
   </div>
   <div class='ocr_carea' id='block_1_51' title="bbox 89 3595 1777 3666">
    <p class='ocr_par' dir='ltr' id='par_1_51' title="bbox 89 3595 1777 3666">
     <span class='ocr_line' id='line_1_51' title="bbox 89 3595 1777 3666; baseline -0.001 -15"><span class='ocrx_word' id='word_1_376' title='bbox 89 3596 183 3653; x_wconf 89' lang='lat' dir='ltr'><strong>Job</strong></span> <span class='ocrx_word' id='word_1_377' title='bbox 210 3606 294 3653; x_wconf 86' lang='lat' dir='ltr'><strong>est</strong></span> <span class='ocrx_word' id='word_1_378' title='bbox 342 3598 539 3666; x_wconf 89' lang='lat' dir='ltr'><strong>datus,</strong></span> <span class='ocrx_word' id='word_1_379' title='bbox 572 3597 733 3653; x_wconf 85' lang='lat' dir='ltr'><strong>salva</strong></span> <span class='ocrx_word' id='word_1_380' title='bbox 775 3604 967 3652; x_wconf 91' lang='lat' dir='ltr'><strong>tamen</strong></span> <span class='ocrx_word' id='word_1_381' title='bbox 1000 3596 1195 3651; x_wconf 89' lang='lat' dir='ltr'><strong>anima</strong></span> <span class='ocrx_word' id='word_1_382' title='bbox 1240 3595 1396 3651; x_wconf 91' lang='lat' dir='ltr'><strong>illius</strong></span> <span class='ocrx_word' id='word_1_383' title='bbox 1445 3597 1565 3665; x_wconf 81' lang='lat' dir='ltr'><strong>(Job</strong></span> <span class='ocrx_word' id='word_1_384' title='bbox 1600 3612 1655 3663; x_wconf 90' lang='grc' dir='ltr'>ιι,</span> <span class='ocrx_word' id='word_1_385' title='bbox 1703 3599 1777 3663; x_wconf 89' lang='lat'><strong>6).</strong></span> 
     </span>
    </p>
   </div>
   <div class='ocr_carea' id='block_1_52' title="bbox 93 3683 1779 3757">
    <p class='ocr_par' dir='ltr' id='par_1_52' title="bbox 93 3683 1779 3757">
     <span class='ocr_line' id='line_1_52' title="bbox 93 3683 1779 3757; baseline 0.001 -19"><span class='ocrx_word' id='word_1_386' title='bbox 93 3685 253 3740; x_wconf 87' lang='lat' dir='ltr'><strong>Porro</strong></span> <span class='ocrx_word' id='word_1_387' title='bbox 283 3686 550 3757; x_wconf 82' lang='lat' dir='ltr'><strong>fugimus</strong></span> <span class='ocrx_word' id='word_1_388' title='bbox 578 3683 848 3755; x_wconf 90' lang='lat' dir='ltr'><strong>forasque</strong></span> <span class='ocrx_word' id='word_1_389' title='bbox 867 3684 1219 3756; x_wconf 87' lang='lat' dir='ltr'><strong>egredimur,</strong></span> <span class='ocrx_word' id='word_1_390' title='bbox 1256 3697 1388 3739; x_wconf 90' lang='lat' dir='ltr'><strong>cum</strong></span> <span class='ocrx_word' id='word_1_391' title='bbox 1420 3684 1641 3749; x_wconf 91' lang='lat' dir='ltr'><strong>timore,</strong></span> <span class='ocrx_word' id='word_1_392' title='bbox 1677 3684 1779 3754; x_wconf 90' lang='lat' dir='ltr'><strong>qui</strong></span> 
     </span>
    </p>
   </div>
   <div class='ocr_carea' id='block_1_53' title="bbox 89 3771 1784 3842">
    <p class='ocr_par' dir='ltr' id='par_1_53' title="bbox 89 3771 1784 3842">
     <span class='ocr_line' id='line_1_53' title="bbox 89 3771 1784 3842; baseline 0.001 -16"><span class='ocrx_word' id='word_1_393' title='bbox 89 3773 258 3829; x_wconf 91' lang='lat' dir='ltr'><strong>animi</strong></span> <span class='ocrx_word' id='word_1_394' title='bbox 289 3774 432 3839; x_wconf 76' lang='lat' dir='ltr'><strong>fuga</strong></span> <span class='ocrx_word' id='word_1_395' title='bbox 477 3780 584 3841; x_wconf 90' lang='lat' dir='ltr'><strong>est,</strong></span> <span class='ocrx_word' id='word_1_396' title='bbox 630 3772 829 3828; x_wconf 88' lang='lat' dir='ltr'><strong>divino</strong></span> <span class='ocrx_word' id='word_1_397' title='bbox 856 3771 1223 3842; x_wconf 90' lang='lat' dir='ltr'><strong>corripimur,</strong></span> <span class='ocrx_word' id='word_1_398' title='bbox 1252 3778 1307 3827; x_wconf 92' lang='lat' dir='ltr'><strong>et</strong></span> <span class='ocrx_word' id='word_1_399' title='bbox 1347 3780 1511 3828; x_wconf 82' lang='lat' dir='ltr'><strong>extra</strong></span> <span class='ocrx_word' id='word_1_400' title='bbox 1549 3786 1653 3827; x_wconf 91' lang='lat' dir='ltr'><strong>nos</strong></span> <span class='ocrx_word' id='word_1_401' title='bbox 1684 3786 1784 3842; x_wconf 91' lang='lat' dir='ltr'><strong>per</strong></span> 
     </span>
    </p>
   </div>
   <div class='ocr_carea' id='block_1_54' title="bbox 90 3861 1137 3933">
    <p class='ocr_par' dir='ltr' id='par_1_54' title="bbox 90 3861 1137 3933">
     <span class='ocr_line' id='line_1_54' title="bbox 90 3861 1137 3933; baseline 0 -18"><span class='ocrx_word' id='word_1_402' title='bbox 90 3863 495 3933; x_wconf 85' lang='lat' dir='ltr'><strong>cogitationum</strong></span> <span class='ocrx_word' id='word_1_403' title='bbox 528 3862 934 3919; x_wconf 87' lang='lat' dir='ltr'><strong>confessionem</strong></span> <span class='ocrx_word' id='word_1_404' title='bbox 966 3861 1137 3917; x_wconf 90' lang='lat' dir='ltr'><strong>imus.</strong></span> 
     </span>
    </p>
   </div>
   <div class='ocr_carea' id='block_1_55' title="bbox 153 3949 1780 4020">
    <p class='ocr_par' dir='ltr' id='par_1_55' title="bbox 153 3949 1780 4020">
     <span class='ocr_line' id='line_1_55' title="bbox 153 3949 1780 4020; baseline -0.001 -13"><span class='ocrx_word' id='word_1_405' title='bbox 153 3951 317 4007; x_wconf 71' lang='lat' dir='ltr'><strong>Vens.</strong></span> <span class='ocrx_word' id='word_1_406' title='bbox 356 3954 442 4018; x_wconf 85' lang='lat' dir='ltr'><strong>l3,</strong></span> <span class='ocrx_word' id='word_1_407' title='bbox 484 3952 569 4020; x_wconf 71' lang='grc'><strong>14,</strong></span> <span class='ocrx_word' id='word_1_408' title='bbox 608 3955 691 4005; x_wconf 80' lang='grc'><strong>15.</strong></span> <span class='ocrx_word' id='word_1_409' title='bbox 721 3981 788 3993; x_wconf 89' lang='lat'><strong>-—</strong></span> <span class='ocrx_word' id='word_1_410' title='bbox 818 3954 1055 4020; x_wconf 86' lang='lat' dir='ltr'><strong>Cumque</strong></span> <span class='ocrx_word' id='word_1_411' title='bbox 1092 3949 1324 4005; x_wconf 65' lang='lat' dir='ltr'><strong>vidisset</strong></span> <span class='ocrx_word' id='word_1_412' title='bbox 1360 3951 1555 4004; x_wconf 81' lang='lat' dir='ltr'><strong>mulier</strong></span> <span class='ocrx_word' id='word_1_413' title='bbox 1583 3955 1780 4005; x_wconf 81' lang='lat' dir='ltr'><strong>vestem</strong></span> 
     </span>
    </p>
   </div>
   <div class='ocr_carea' id='block_1_56' title="bbox 88 4039 1780 4108">
    <p class='ocr_par' dir='ltr' id='par_1_56' title="bbox 88 4039 1780 4108">
     <span class='ocr_line' id='line_1_56' title="bbox 88 4039 1780 4108; baseline 0.002 -18"><span class='ocrx_word' id='word_1_414' title='bbox 88 4041 141 4092; x_wconf 89' lang='lat' dir='ltr'><strong>in</strong></span> <span class='ocrx_word' id='word_1_415' title='bbox 174 4041 424 4095; x_wconf 89' lang='lat' dir='ltr'><strong>manibus</strong></span> <span class='ocrx_word' id='word_1_416' title='bbox 473 4043 613 4108; x_wconf 90' lang='lat' dir='ltr'><strong>suis,</strong></span> <span class='ocrx_word' id='word_1_417' title='bbox 661 4044 711 4093; x_wconf 91' lang='lat' dir='ltr'><strong>et</strong></span> <span class='ocrx_word' id='word_1_418' title='bbox 753 4054 808 4093; x_wconf 87' lang='lat' dir='ltr'><strong>se</strong></span> <span class='ocrx_word' id='word_1_419' title='bbox 859 4054 971 4094; x_wconf 91' lang='lat' dir='ltr'><strong>esse</strong></span> <span class='ocrx_word' id='word_1_420' title='bbox 1009 4043 1388 4108; x_wconf 87' lang='lat' dir='ltr'><strong>contemptam,</strong></span> <span class='ocrx_word' id='word_1_421' title='bbox 1436 4042 1653 4095; x_wconf 79' lang='lat' dir='ltr'><strong>vocavit</strong></span> <span class='ocrx_word' id='word_1_422' title='bbox 1691 4039 1780 4093; x_wconf 83' lang='lat' dir='ltr'><strong>ho-</strong></span> 
     </span>
    </p>
   </div>
   <div class='ocr_carea' id='block_1_57' title="bbox 87 4128 1782 4197">
    <p class='ocr_par' dir='ltr' id='par_1_57' title="bbox 87 4128 1782 4197">
     <span class='ocr_line' id='line_1_57' title="bbox 87 4128 1782 4197; baseline 0.003 -19"><span class='ocrx_word' id='word_1_423' title='bbox 87 4128 244 4181; x_wconf 82' lang='lat' dir='ltr'><strong>mines</strong></span> <span class='ocrx_word' id='word_1_424' title='bbox 306 4129 506 4183; x_wconf 86' lang='lat' dir='ltr'><strong>domus</strong></span> <span class='ocrx_word' id='word_1_425' title='bbox 569 4144 698 4197; x_wconf 64' lang='lat' dir='ltr'><strong>sua,</strong></span> <span class='ocrx_word' id='word_1_426' title='bbox 742 4133 793 4183; x_wconf 85' lang='lat' dir='ltr'><strong>et</strong></span> <span class='ocrx_word' id='word_1_427' title='bbox 850 4131 930 4183; x_wconf 88' lang='lat' dir='ltr'><strong>ait</strong></span> <span class='ocrx_word' id='word_1_428' title='bbox 994 4128 1069 4182; x_wconf 92' lang='lat' dir='ltr'><strong>ad</strong></span> <span class='ocrx_word' id='word_1_429' title='bbox 1122 4144 1244 4183; x_wconf 88' lang='lat' dir='ltr'><strong>eos:</strong></span> <span class='ocrx_word' id='word_1_430' title='bbox 1318 4129 1409 4182; x_wconf 88' lang='lat' dir='ltr'><strong>En</strong></span> <span class='ocrx_word' id='word_1_431' title='bbox 1467 4128 1782 4183; x_wconf 66' lang='lat' dir='ltr'><strong>introduxit</strong></span> 
     </span>
    </p>
   </div>
   <div class='ocr_carea' id='block_1_58' title="bbox 84 4214 1783 4288">
    <p class='ocr_par' dir='ltr' id='par_1_58' title="bbox 84 4214 1783 4288">
     <span class='ocr_line' id='line_1_58' title="bbox 84 4214 1783 4288; baseline 0 -20"><span class='ocrx_word' id='word_1_432' title='bbox 84 4218 255 4271; x_wconf 86' lang='lat' dir='ltr'><strong>virum</strong></span> <span class='ocrx_word' id='word_1_433' title='bbox 302 4219 632 4283; x_wconf 61' lang='lat' dir='ltr'><strong>Hebreum,</strong></span> <span class='ocrx_word' id='word_1_434' title='bbox 654 4223 716 4271; x_wconf 92' lang='lat' dir='ltr'><strong>ut</strong></span> <span class='ocrx_word' id='word_1_435' title='bbox 759 4217 1011 4272; x_wconf 86' lang='lat' dir='ltr'><strong>illuderet</strong></span> <span class='ocrx_word' id='word_1_436' title='bbox 1042 4217 1233 4282; x_wconf 89' lang='lat' dir='ltr'><strong>nobis;</strong></span> <span class='ocrx_word' id='word_1_437' title='bbox 1273 4216 1557 4288; x_wconf 85' lang='lat' dir='ltr'><strong>ingressus</strong></span> <span class='ocrx_word' id='word_1_438' title='bbox 1590 4220 1669 4270; x_wconf 87' lang='lat' dir='ltr'><strong>est</strong></span> <span class='ocrx_word' id='word_1_439' title='bbox 1707 4214 1783 4269; x_wconf 91' lang='lat' dir='ltr'><strong>ad</strong></span> 
     </span>
    </p>
   </div>
   <div class='ocr_carea' id='block_1_59' title="bbox 85 4306 1781 4375">
    <p class='ocr_par' dir='ltr' id='par_1_59' title="bbox 85 4306 1781 4375">
     <span class='ocr_line' id='line_1_59' title="bbox 85 4306 1781 4375; baseline 0.002 -19"><span class='ocrx_word' id='word_1_440' title='bbox 85 4319 179 4369; x_wconf 89' lang='lat' dir='ltr'><strong>me,</strong></span> <span class='ocrx_word' id='word_1_441' title='bbox 214 4311 272 4361; x_wconf 82' lang='lat' dir='ltr'><strong>ut</strong></span> <span class='ocrx_word' id='word_1_442' title='bbox 315 4309 487 4361; x_wconf 88' lang='lat' dir='ltr'><strong>coiret</strong></span> <span class='ocrx_word' id='word_1_443' title='bbox 544 4321 768 4360; x_wconf 91' lang='lat' dir='ltr'><strong>mecum.</strong></span> <span class='ocrx_word' id='word_1_444' title='bbox 825 4307 1073 4375; x_wconf 86' lang='lat' dir='ltr'><strong>Cumque</strong></span> <span class='ocrx_word' id='word_1_445' title='bbox 1121 4321 1214 4373; x_wconf 84' lang='lat' dir='ltr'><strong>ego</strong></span> <span class='ocrx_word' id='word_1_446' title='bbox 1253 4306 1683 4371; x_wconf 88' lang='lat' dir='ltr'><strong>succlamassem,</strong></span> <span class='ocrx_word' id='word_1_447' title='bbox 1732 4309 1781 4359; x_wconf 89' lang='lat' dir='ltr'><strong>et</strong></span> 
     </span>
    </p>
   </div>
   <div class='ocr_carea' id='block_1_60' title="bbox 84 4394 1778 4465">
    <p class='ocr_par' dir='ltr' id='par_1_60' title="bbox 84 4394 1778 4465">
     <span class='ocr_line' id='line_1_60' title="bbox 84 4394 1778 4465; baseline 0 -17"><span class='ocrx_word' id='word_1_448' title='bbox 84 4394 315 4450; x_wconf 83' lang='lat' dir='ltr'><strong>audisset</strong></span> <span class='ocrx_word' id='word_1_449' title='bbox 342 4411 531 4450; x_wconf 83' lang='lat' dir='ltr'><strong>vocem</strong></span> <span class='ocrx_word' id='word_1_450' title='bbox 566 4410 758 4463; x_wconf 90' lang='lat' dir='ltr'><strong>meam,</strong></span> <span class='ocrx_word' id='word_1_451' title='bbox 803 4396 1025 4465; x_wconf 83' lang='lat' dir='ltr'><strong>reliquit</strong></span> <span class='ocrx_word' id='word_1_452' title='bbox 1066 4395 1301 4464; x_wconf 86' lang='lat' dir='ltr'><strong>pallium</strong></span> <span class='ocrx_word' id='word_1_453' title='bbox 1335 4394 1480 4463; x_wconf 89' lang='lat' dir='ltr'><strong>quod</strong></span> <span class='ocrx_word' id='word_1_454' title='bbox 1520 4395 1778 4461; x_wconf 88' lang='lat' dir='ltr'><strong>tenebam,</strong></span> 
     </span>
    </p>
   </div>
   <div class='ocr_carea' id='block_1_61' title="bbox 1894 1996 3592 2071">
    <p class='ocr_par' dir='ltr' id='par_1_61' title="bbox 1894 1996 3592 2071">
     <span class='ocr_line' id='line_1_61' title="bbox 1894 1996 3592 2071; baseline 0.004 -21"><span class='ocrx_word' id='word_1_455' title='bbox 1894 2009 2027 2051; x_wconf 90' lang='lat' dir='ltr'><strong>cum</strong></span> <span class='ocrx_word' id='word_1_456' title='bbox 2057 2010 2090 2050; x_wconf 92' lang='lat' dir='ltr'><strong>a</strong></span> <span class='ocrx_word' id='word_1_457' title='bbox 2116 2010 2218 2051; x_wconf 90' lang='lat' dir='ltr'><strong>sua</strong></span> <span class='ocrx_word' id='word_1_458' title='bbox 2252 1996 2605 2067; x_wconf 85' lang='lat' dir='ltr'><strong>dispersione</strong></span> <span class='ocrx_word' id='word_1_459' title='bbox 2645 1998 2717 2052; x_wconf 92' lang='lat' dir='ltr'><strong>ad</strong></span> <span class='ocrx_word' id='word_1_460' title='bbox 2766 2013 2864 2054; x_wconf 88' lang='lat' dir='ltr'><strong>cor</strong></span> <span class='ocrx_word' id='word_1_461' title='bbox 2908 2000 3254 2070; x_wconf 88' lang='lat' dir='ltr'><strong>regreditur.</strong></span> <span class='ocrx_word' id='word_1_462' title='bbox 3307 2002 3372 2056; x_wconf 88' lang='lat' dir='ltr'><strong>In</strong></span> <span class='ocrx_word' id='word_1_463' title='bbox 3417 2018 3592 2071; x_wconf 85' lang='lat' dir='ltr'><strong>argu-</strong></span> 
     </span>
    </p>
   </div>
   <div class='ocr_carea' id='block_1_62' title="bbox 1893 2086 3592 2156">
    <p class='ocr_par' dir='ltr' id='par_1_62' title="bbox 1893 2086 3592 2156">
     <span class='ocr_line' id='line_1_62' title="bbox 1893 2086 3592 2156; baseline 0.005 -18"><span class='ocrx_word' id='word_1_464' title='bbox 1893 2090 2127 2139; x_wconf 90' lang='lat' dir='ltr'><strong>mentum</strong></span> <span class='ocrx_word' id='word_1_465' title='bbox 2170 2086 2302 2155; x_wconf 79' lang='lat' dir='ltr'><strong>ﬁdei</strong></span> <span class='ocrx_word' id='word_1_466' title='bbox 2354 2086 2488 2141; x_wconf 80' lang='lat' dir='ltr'><strong>huic</strong></span> <span class='ocrx_word' id='word_1_467' title='bbox 2534 2086 2773 2155; x_wconf 76' lang='lat' dir='ltr'><strong>pallium</strong></span> <span class='ocrx_word' id='word_1_468' title='bbox 2820 2088 3163 2156; x_wconf 87' lang='lat' dir='ltr'><strong>ostenditur,</strong></span> <span class='ocrx_word' id='word_1_469' title='bbox 3207 2105 3338 2145; x_wconf 90' lang='lat' dir='ltr'><strong>cum</strong></span> <span class='ocrx_word' id='word_1_470' title='bbox 3384 2093 3592 2147; x_wconf 89' lang='lat' dir='ltr'><strong>mentis</strong></span> 
     </span>
    </p>
   </div>
   <div class='ocr_carea' id='block_1_63' title="bbox 1893 2173 3593 2249">
    <p class='ocr_par' dir='ltr' id='par_1_63' title="bbox 1893 2173 3593 2249">
     <span class='ocr_line' id='line_1_63' title="bbox 1893 2173 3593 2249; baseline 0.005 -21"><span class='ocrx_word' id='word_1_471' title='bbox 1893 2173 2127 2230; x_wconf 89' lang='lat' dir='ltr'><strong>habitus</strong></span> <span class='ocrx_word' id='word_1_472' title='bbox 2179 2175 2437 2245; x_wconf 87' lang='lat' dir='ltr'><strong>nequitia</strong></span> <span class='ocrx_word' id='word_1_473' title='bbox 2486 2175 2727 2231; x_wconf 88' lang='lat' dir='ltr'><strong>infectus</strong></span> <span class='ocrx_word' id='word_1_474' title='bbox 2776 2176 2832 2231; x_wconf 91' lang='lat' dir='ltr'><strong>in</strong></span> <span class='ocrx_word' id='word_1_475' title='bbox 2884 2177 3276 2247; x_wconf 88' lang='lat' dir='ltr'><strong>probationem</strong></span> <span class='ocrx_word' id='word_1_476' title='bbox 3324 2182 3593 2249; x_wconf 75' lang='lat' dir='ltr'><strong>praevari-</strong></span> 
     </span>
    </p>
   </div>
   <div class='ocr_carea' id='block_1_64' title="bbox 1891 2263 3593 2337">
    <p class='ocr_par' dir='ltr' id='par_1_64' title="bbox 1891 2263 3593 2337">
     <span class='ocr_line' id='line_1_64' title="bbox 1891 2263 3593 2337; baseline 0.003 -18"><span class='ocrx_word' id='word_1_477' title='bbox 1891 2263 2131 2319; x_wconf 91' lang='lat' dir='ltr'><strong>cationis</strong></span> <span class='ocrx_word' id='word_1_478' title='bbox 2179 2264 2509 2319; x_wconf 87' lang='lat' dir='ltr'><strong>adducitur.</strong></span> <span class='ocrx_word' id='word_1_479' title='bbox 2574 2266 2849 2331; x_wconf 88' lang='lat' dir='ltr'><strong>Ingressus</strong></span> <span class='ocrx_word' id='word_1_480' title='bbox 2910 2271 3008 2326; x_wconf 88' lang='lat' dir='ltr'><strong>est.</strong></span> <span class='ocrx_word' id='word_1_481' title='bbox 3088 2267 3294 2337; x_wconf 91' lang='lat' dir='ltr'><strong>inquit,</strong></span> <span class='ocrx_word' id='word_1_482' title='bbox 3368 2269 3443 2323; x_wconf 90' lang='lat' dir='ltr'><strong>ad</strong></span> <span class='ocrx_word' id='word_1_483' title='bbox 3511 2287 3593 2324; x_wconf 87' lang='lat' dir='ltr'><strong>me</strong></span> 
     </span>
    </p>
   </div>
   <div class='ocr_carea' id='block_1_65' title="bbox 1891 2351 3589 2425">
    <p class='ocr_par' dir='ltr' id='par_1_65' title="bbox 1891 2351 3589 2425">
     <span class='ocr_line' id='line_1_65' title="bbox 1891 2351 3589 2425; baseline 0.004 -18"><span class='ocrx_word' id='word_1_484' title='bbox 1891 2351 2112 2408; x_wconf 88' lang='lat' dir='ltr'><strong>servilis</strong></span> <span class='ocrx_word' id='word_1_485' title='bbox 2142 2352 2378 2422; x_wconf 87' lang='lat' dir='ltr'><strong>quidam</strong></span> <span class='ocrx_word' id='word_1_486' title='bbox 2413 2368 2525 2408; x_wconf 91' lang='lat' dir='ltr'><strong>non</strong></span> <span class='ocrx_word' id='word_1_487' title='bbox 2559 2353 2792 2420; x_wconf 88' lang='lat' dir='ltr'><strong>amoris,</strong></span> <span class='ocrx_word' id='word_1_488' title='bbox 2835 2354 2931 2410; x_wconf 88' lang='lat' dir='ltr'><strong>sed</strong></span> <span class='ocrx_word' id='word_1_489' title='bbox 2964 2355 3186 2411; x_wconf 89' lang='lat' dir='ltr'><strong>timoris</strong></span> <span class='ocrx_word' id='word_1_490' title='bbox 3218 2364 3427 2425; x_wconf 88' lang='lat' dir='ltr'><strong>motus,</strong></span> <span class='ocrx_word' id='word_1_491' title='bbox 3475 2372 3589 2413; x_wconf 91' lang='lat' dir='ltr'><strong>non</strong></span> 
     </span>
    </p>
   </div>
   <div class='ocr_carea' id='block_1_66' title="bbox 1892 2439 3589 2512">
    <p class='ocr_par' dir='ltr' id='par_1_66' title="bbox 1892 2439 3589 2512">
     <span class='ocr_line' id='line_1_66' title="bbox 1892 2439 3589 2512; baseline 0.004 -17"><span class='ocrx_word' id='word_1_492' title='bbox 1892 2440 1991 2511; x_wconf 89' lang='lat' dir='ltr'><strong>qui</strong></span> <span class='ocrx_word' id='word_1_493' title='bbox 2026 2439 2083 2495; x_wconf 93' lang='lat' dir='ltr'><strong>in</strong></span> <span class='ocrx_word' id='word_1_494' title='bbox 2130 2449 2410 2496; x_wconf 69' lang='lat' dir='ltr'><strong>aeternum</strong></span> <span class='ocrx_word' id='word_1_495' title='bbox 2453 2440 2507 2496; x_wconf 88' lang='lat' dir='ltr'><strong>in</strong></span> <span class='ocrx_word' id='word_1_496' title='bbox 2541 2442 2709 2497; x_wconf 92' lang='lat' dir='ltr'><strong>domo</strong></span> <span class='ocrx_word' id='word_1_497' title='bbox 2741 2451 2991 2509; x_wconf 86' lang='lat' dir='ltr'><strong>maneat,</strong></span> <span class='ocrx_word' id='word_1_498' title='bbox 3045 2444 3140 2499; x_wconf 88' lang='lat' dir='ltr'><strong>sed</strong></span> <span class='ocrx_word' id='word_1_499' title='bbox 3194 2445 3486 2512; x_wconf 79' lang='lat' dir='ltr'><strong>llehrzeus,</strong></span> <span class='ocrx_word' id='word_1_500' title='bbox 3536 2446 3589 2501; x_wconf 91' lang='lat' dir='ltr'><strong>id</strong></span> 
     </span>
    </p>
   </div>
   <div class='ocr_carea' id='block_1_67' title="bbox 1888 2528 3587 2600">
    <p class='ocr_par' dir='ltr' id='par_1_67' title="bbox 1888 2528 3587 2600">
     <span class='ocr_line' id='line_1_67' title="bbox 1888 2528 3587 2600; baseline 0.004 -17"><span class='ocrx_word' id='word_1_501' title='bbox 1888 2536 1971 2583; x_wconf 91' lang='lat' dir='ltr'><strong>est</strong></span> <span class='ocrx_word' id='word_1_502' title='bbox 2025 2528 2411 2593; x_wconf 87' lang='lat' dir='ltr'><strong>transitorius,</strong></span> <span class='ocrx_word' id='word_1_503' title='bbox 2466 2545 2639 2600; x_wconf 86' lang='lat' dir='ltr'><strong>quem</strong></span> <span class='ocrx_word' id='word_1_504' title='bbox 2685 2539 2784 2587; x_wconf 91' lang='lat' dir='ltr'><strong>tuo</strong></span> <span class='ocrx_word' id='word_1_505' title='bbox 2837 2532 3042 2588; x_wconf 89' lang='lat' dir='ltr'><strong>marito</strong></span> <span class='ocrx_word' id='word_1_506' title='bbox 3092 2534 3416 2590; x_wconf 86' lang='lat' dir='ltr'><strong>inteliectus</strong></span> <span class='ocrx_word' id='word_1_507' title='bbox 3465 2535 3587 2590; x_wconf 91' lang='lat' dir='ltr'><strong>solo</strong></span> 
     </span>
    </p>
   </div>
   <div class='ocr_carea' id='block_1_68' title="bbox 1890 2616 3588 2694">
    <p class='ocr_par' dir='ltr' id='par_1_68' title="bbox 1890 2616 3588 2694">
     <span class='ocr_line' id='line_1_68' title="bbox 1890 2616 3588 2694; baseline 0.005 -23"><span class='ocrx_word' id='word_1_508' title='bbox 1890 2616 2052 2672; x_wconf 90' lang='lat' dir='ltr'><strong>initio</strong></span> <span class='ocrx_word' id='word_1_509' title='bbox 2086 2616 2343 2685; x_wconf 80' lang='lat' dir='ltr'><strong>allectus,</strong></span> <span class='ocrx_word' id='word_1_510' title='bbox 2376 2619 2469 2673; x_wconf 89' lang='lat' dir='ltr'><strong>sed</strong></span> <span class='ocrx_word' id='word_1_511' title='bbox 2503 2620 2663 2675; x_wconf 90' lang='lat' dir='ltr'><strong>nulla</strong></span> <span class='ocrx_word' id='word_1_512' title='bbox 2696 2622 3049 2691; x_wconf 90' lang='lat' dir='ltr'><strong>promotione</strong></span> <span class='ocrx_word' id='word_1_513' title='bbox 3076 2622 3390 2693; x_wconf 90' lang='lat' dir='ltr'><strong>profectus,</strong></span> <span class='ocrx_word' id='word_1_514' title='bbox 3422 2625 3588 2694; x_wconf 90' lang='lat' dir='ltr'><strong>quasi</strong></span> 
     </span>
    </p>
   </div>
   <div class='ocr_carea' id='block_1_69' title="bbox 1892 2706 3591 2779">
    <p class='ocr_par' dir='ltr' id='par_1_69' title="bbox 1892 2706 3591 2779">
     <span class='ocr_line' id='line_1_69' title="bbox 1892 2706 3591 2779; baseline 0.005 -19"><span class='ocrx_word' id='word_1_515' title='bbox 1892 2706 2142 2775; x_wconf 89' lang='lat' dir='ltr'><strong>proludii</strong></span> <span class='ocrx_word' id='word_1_516' title='bbox 2196 2720 2372 2762; x_wconf 90' lang='lat' dir='ltr'><strong>causa</strong></span> <span class='ocrx_word' id='word_1_517' title='bbox 2422 2707 2759 2779; x_wconf 79' lang='lat' dir='ltr'><strong>induxeris;</strong></span> <span class='ocrx_word' id='word_1_518' title='bbox 2805 2718 2859 2766; x_wconf 90' lang='lat' dir='ltr'><strong>et</strong></span> <span class='ocrx_word' id='word_1_519' title='bbox 2912 2725 3043 2766; x_wconf 90' lang='lat' dir='ltr'><strong>cum</strong></span> <span class='ocrx_word' id='word_1_520' title='bbox 3095 2726 3182 2767; x_wconf 90' lang='lat' dir='ltr'><strong>me</strong></span> <span class='ocrx_word' id='word_1_521' title='bbox 3233 2711 3591 2769; x_wconf 89' lang='lat' dir='ltr'><strong>inclamitare</strong></span> 
     </span>
    </p>
   </div>
   <div class='ocr_carea' id='block_1_70' title="bbox 1891 2795 3588 2871">
    <p class='ocr_par' dir='ltr' id='par_1_70' title="bbox 1891 2795 3588 2871">
     <span class='ocr_line' id='line_1_70' title="bbox 1891 2795 3588 2871; baseline 0.005 -22"><span class='ocrx_word' id='word_1_522' title='bbox 1891 2795 2175 2864; x_wconf 84' lang='lat' dir='ltr'><strong>sensisset,</strong></span> <span class='ocrx_word' id='word_1_523' title='bbox 2232 2795 2372 2866; x_wconf 87' lang='lat' dir='ltr'><strong>quia</strong></span> <span class='ocrx_word' id='word_1_524' title='bbox 2421 2797 2521 2867; x_wconf 90' lang='lat' dir='ltr'><strong>qui</strong></span> <span class='ocrx_word' id='word_1_525' title='bbox 2582 2804 2713 2854; x_wconf 89' lang='lat' dir='ltr'><strong>ante</strong></span> <span class='ocrx_word' id='word_1_526' title='bbox 2771 2799 3073 2869; x_wconf 83' lang='lat' dir='ltr'><strong>respondet</strong></span> <span class='ocrx_word' id='word_1_527' title='bbox 3124 2815 3299 2871; x_wconf 88' lang='lat' dir='ltr'><strong>quam</strong></span> <span class='ocrx_word' id='word_1_528' title='bbox 3367 2802 3588 2871; x_wconf 87' lang='lat' dir='ltr'><strong>audiat,</strong></span> 
     </span>
    </p>
   </div>
   <div class='ocr_carea' id='block_1_71' title="bbox 1891 2884 3590 2958">
    <p class='ocr_par' dir='ltr' id='par_1_71' title="bbox 1891 2884 3590 2958">
     <span class='ocr_line' id='line_1_71' title="bbox 1891 2884 3590 2958; baseline 0.005 -20"><span class='ocrx_word' id='word_1_529' title='bbox 1891 2884 2135 2940; x_wconf 91' lang='lat' dir='ltr'><strong>stultum</strong></span> <span class='ocrx_word' id='word_1_530' title='bbox 2164 2899 2222 2939; x_wconf 92' lang='lat' dir='ltr'><strong>se</strong></span> <span class='ocrx_word' id='word_1_531' title='bbox 2259 2899 2380 2939; x_wconf 92' lang='lat' dir='ltr'><strong>esse</strong></span> <span class='ocrx_word' id='word_1_532' title='bbox 2411 2886 2787 2954; x_wconf 90' lang='lat' dir='ltr'><strong>demonstrat,</strong></span> <span class='ocrx_word' id='word_1_533' title='bbox 2821 2888 2962 2958; x_wconf 90' lang='lat' dir='ltr'><strong>quia</strong></span> <span class='ocrx_word' id='word_1_534' title='bbox 3005 2902 3094 2944; x_wconf 91' lang='lat' dir='ltr'><strong>me</strong></span> <span class='ocrx_word' id='word_1_535' title='bbox 3123 2888 3366 2946; x_wconf 88' lang='lat' dir='ltr'><strong>interius</strong></span> <span class='ocrx_word' id='word_1_536' title='bbox 3396 2893 3590 2947; x_wconf 87' lang='lat' dir='ltr'><strong>vocari</strong></span> 
     </span>
    </p>
   </div>
   <div class='ocr_carea' id='block_1_72' title="bbox 1892 2973 3591 3046">
    <p class='ocr_par' dir='ltr' id='par_1_72' title="bbox 1892 2973 3591 3046">
     <span class='ocr_line' id='line_1_72' title="bbox 1892 2973 3591 3046; baseline 0.006 -20"><span class='ocrx_word' id='word_1_537' title='bbox 1892 2973 2237 3039; x_wconf 87' lang='lat' dir='ltr'><strong>nesciebam,</strong></span> <span class='ocrx_word' id='word_1_538' title='bbox 2299 2974 2547 3043; x_wconf 89' lang='lat' dir='ltr'><strong>profecto</strong></span> <span class='ocrx_word' id='word_1_539' title='bbox 2609 2989 2959 3046; x_wconf 87' lang='lat' dir='ltr'><strong>consurgere</strong></span> <span class='ocrx_word' id='word_1_540' title='bbox 3024 2978 3095 3032; x_wconf 88' lang='lat' dir='ltr'><strong>ad</strong></span> <span class='ocrx_word' id='word_1_541' title='bbox 3169 2978 3342 3034; x_wconf 88' lang='lat' dir='ltr'><strong>nimis</strong></span> <span class='ocrx_word' id='word_1_542' title='bbox 3405 2980 3591 3037; x_wconf 90' lang='lat' dir='ltr'><strong>ardua</strong></span> 
     </span>
    </p>
   </div>
   <div class='ocr_carea' id='block_1_73' title="bbox 1891 3062 3588 3139">
    <p class='ocr_par' dir='ltr' id='par_1_73' title="bbox 1891 3062 3588 3139">
     <span class='ocr_line' id='line_1_73' title="bbox 1891 3062 3588 3139; baseline 0.005 -23"><span class='ocrx_word' id='word_1_543' title='bbox 1891 3062 2250 3131; x_wconf 89' lang='lat' dir='ltr'><strong>respuebam,</strong></span> <span class='ocrx_word' id='word_1_544' title='bbox 2320 3062 2625 3131; x_wconf 89' lang='lat' dir='ltr'><strong>impatiens</strong></span> <span class='ocrx_word' id='word_1_545' title='bbox 2690 3064 2977 3120; x_wconf 87' lang='lat' dir='ltr'><strong>interioris</strong></span> <span class='ocrx_word' id='word_1_546' title='bbox 3042 3065 3348 3136; x_wconf 86' lang='lat' dir='ltr'><strong>impulsus,</strong></span> <span class='ocrx_word' id='word_1_547' title='bbox 3415 3071 3588 3139; x_wconf 85' lang='lat' dir='ltr'><strong>fugit,</strong></span> 
     </span>
    </p>
   </div>
   <div class='ocr_carea' id='block_1_74' title="bbox 1891 3150 3506 3224">
    <p class='ocr_par' dir='ltr' id='par_1_74' title="bbox 1891 3150 3506 3224">
     <span class='ocr_line' id='line_1_74' title="bbox 1891 3150 3506 3224; baseline 0.004 -19"><span class='ocrx_word' id='word_1_548' title='bbox 1891 3151 2104 3206; x_wconf 90' lang='lat' dir='ltr'><strong>scilicet</strong></span> <span class='ocrx_word' id='word_1_549' title='bbox 2133 3150 2481 3206; x_wconf 88' lang='lat' dir='ltr'><strong>recurrendo</strong></span> <span class='ocrx_word' id='word_1_550' title='bbox 2511 3152 2583 3207; x_wconf 91' lang='lat' dir='ltr'><strong>ad</strong></span> <span class='ocrx_word' id='word_1_551' title='bbox 2616 3152 2931 3208; x_wconf 90' lang='lat' dir='ltr'><strong>remedium</strong></span> <span class='ocrx_word' id='word_1_552' title='bbox 2966 3154 3292 3224; x_wconf 87' lang='lat' dir='ltr'><strong>voluptuosi</strong></span> <span class='ocrx_word' id='word_1_553' title='bbox 3322 3164 3506 3213; x_wconf 87' lang='lat' dir='ltr'><strong>actus.</strong></span> 
     </span>
    </p>
   </div>
   <div class='ocr_carea' id='block_1_75' title="bbox 1975 3240 3588 3311">
    <p class='ocr_par' dir='ltr' id='par_1_75' title="bbox 1975 3240 3588 3311">
     <span class='ocr_line' id='line_1_75' title="bbox 1975 3240 3588 3311; baseline 0.004 -17"><span class='ocrx_word' id='word_1_554' title='bbox 1975 3241 2231 3306; x_wconf 78' lang='lat' dir='ltr'><strong>VEus.l9,</strong></span> <span class='ocrx_word' id='word_1_555' title='bbox 2280 3240 2370 3292; x_wconf 82' lang='lat'><strong>20.</strong></span> <span class='ocrx_word' id='word_1_556' title='bbox 2413 3269 2481 3278; x_wconf 94' lang='lat'><strong>—-</strong></span> <span class='ocrx_word' id='word_1_557' title='bbox 2519 3242 2619 3294; x_wconf 84' lang='lat' dir='ltr'><strong>His</strong></span> <span class='ocrx_word' id='word_1_558' title='bbox 2667 3240 2876 3295; x_wconf 87' lang='lat' dir='ltr'><strong>auditis</strong></span> <span class='ocrx_word' id='word_1_559' title='bbox 2934 3241 3203 3311; x_wconf 87' lang='lat' dir='ltr'><strong>dominus,</strong></span> <span class='ocrx_word' id='word_1_560' title='bbox 3255 3249 3305 3297; x_wconf 91' lang='lat' dir='ltr'><strong>et</strong></span> <span class='ocrx_word' id='word_1_561' title='bbox 3358 3248 3588 3301; x_wconf 86' lang='lat' dir='ltr'><strong>nimium</strong></span> 
     </span>
    </p>
   </div>
   <div class='ocr_carea' id='block_1_76' title="bbox 1892 3328 3591 3403">
    <p class='ocr_par' dir='ltr' id='par_1_76' title="bbox 1892 3328 3591 3403">
     <span class='ocr_line' id='line_1_76' title="bbox 1892 3328 3591 3403; baseline 0.004 -21"><span class='ocrx_word' id='word_1_562' title='bbox 1892 3328 2144 3389; x_wconf 84' lang='lat' dir='ltr'><strong>credulus</strong></span> <span class='ocrx_word' id='word_1_563' title='bbox 2182 3328 2359 3382; x_wconf 82' lang='lat' dir='ltr'><strong>verbis</strong></span> <span class='ocrx_word' id='word_1_564' title='bbox 2405 3330 2651 3399; x_wconf 84' lang='lat' dir='ltr'><strong>conjugis</strong></span> <span class='ocrx_word' id='word_1_565' title='bbox 2690 3331 2870 3384; x_wconf 87' lang='lat' dir='ltr'><strong>iratus</strong></span> <span class='ocrx_word' id='word_1_566' title='bbox 2908 3338 2984 3384; x_wconf 90' lang='lat' dir='ltr'><strong>est</strong></span> <span class='ocrx_word' id='word_1_567' title='bbox 3027 3331 3206 3399; x_wconf 85' lang='lat' dir='ltr'><strong>valde,</strong></span> <span class='ocrx_word' id='word_1_568' title='bbox 3250 3332 3591 3403; x_wconf 84' lang='lat' dir='ltr'><strong>tradiditque</strong></span> 
     </span>
    </p>
   </div>
   <div class='ocr_carea' id='block_1_77' title="bbox 1890 3417 3587 3492">
    <p class='ocr_par' dir='ltr' id='par_1_77' title="bbox 1890 3417 3587 3492">
     <span class='ocr_line' id='line_1_77' title="bbox 1890 3417 3587 3492; baseline 0.004 -22"><span class='ocrx_word' id='word_1_569' title='bbox 1890 3417 2087 3486; x_wconf 86' lang='lat' dir='ltr'><strong>Joseph</strong></span> <span class='ocrx_word' id='word_1_570' title='bbox 2127 3419 2185 3470; x_wconf 89' lang='lat' dir='ltr'><strong>in</strong></span> <span class='ocrx_word' id='word_1_571' title='bbox 2231 3432 2517 3482; x_wconf 84' lang='lat' dir='ltr'><strong>carcerem,</strong></span> <span class='ocrx_word' id='word_1_572' title='bbox 2568 3418 2665 3472; x_wconf 87' lang='lat' dir='ltr'><strong>ubi</strong></span> <span class='ocrx_word' id='word_1_573' title='bbox 2712 3421 2884 3473; x_wconf 84' lang='lat' dir='ltr'><strong>vincti</strong></span> <span class='ocrx_word' id='word_1_574' title='bbox 2931 3422 3075 3486; x_wconf 87' lang='lat' dir='ltr'><strong>regis</strong></span> <span class='ocrx_word' id='word_1_575' title='bbox 3123 3421 3587 3492; x_wconf 85' lang='lat' dir='ltr'><strong>custodiebantur,</strong></span> 
     </span>
    </p>
   </div>
   <div class='ocr_carea' id='block_1_78' title="bbox 1891 3502 3587 3580">
    <p class='ocr_par' dir='ltr' id='par_1_78' title="bbox 1891 3502 3587 3580">
     <span class='ocr_line' id='line_1_78' title="bbox 1891 3502 3587 3580; baseline 0.005 -21"><span class='ocrx_word' id='word_1_576' title='bbox 1891 3510 1942 3559; x_wconf 91' lang='lat' dir='ltr'><strong>et</strong></span> <span class='ocrx_word' id='word_1_577' title='bbox 1970 3511 2088 3560; x_wconf 87' lang='lat' dir='ltr'><strong>erat</strong></span> <span class='ocrx_word' id='word_1_578' title='bbox 2116 3506 2196 3559; x_wconf 87' lang='lat' dir='ltr'><strong>ibi</strong></span> <span class='ocrx_word' id='word_1_579' title='bbox 2240 3507 2475 3561; x_wconf 90' lang='lat' dir='ltr'><strong>clausus.</strong></span> <span class='ocrx_word' id='word_1_580' title='bbox 2524 3506 2721 3574; x_wconf 86' lang='lat' dir='ltr'><strong>Audit,</strong></span> <span class='ocrx_word' id='word_1_581' title='bbox 2758 3507 2810 3561; x_wconf 91' lang='lat' dir='ltr'><strong>id</strong></span> <span class='ocrx_word' id='word_1_582' title='bbox 2854 3515 2935 3563; x_wconf 88' lang='lat' dir='ltr'><strong>est</strong></span> <span class='ocrx_word' id='word_1_583' title='bbox 2984 3507 3249 3579; x_wconf 86' lang='lat' dir='ltr'><strong>intelligit</strong></span> <span class='ocrx_word' id='word_1_584' title='bbox 3298 3502 3587 3580; x_wconf 87' lang='lat' dir='ltr'><strong>dominus,</strong></span> 
     </span>
    </p>
   </div>
   <div class='ocr_carea' id='block_1_79' title="bbox 1892 3593 3588 3671">
    <p class='ocr_par' dir='ltr' id='par_1_79' title="bbox 1892 3593 3588 3671">
     <span class='ocr_line' id='line_1_79' title="bbox 1892 3593 3588 3671; baseline 0.004 -22"><span class='ocrx_word' id='word_1_585' title='bbox 1892 3594 1939 3649; x_wconf 92' lang='lat' dir='ltr'><strong>is</strong></span> <span class='ocrx_word' id='word_1_586' title='bbox 1968 3594 2232 3650; x_wconf 89' lang='lat' dir='ltr'><strong>videlicet</strong></span> <span class='ocrx_word' id='word_1_587' title='bbox 2262 3594 2365 3664; x_wconf 90' lang='lat' dir='ltr'><strong>qui</strong></span> <span class='ocrx_word' id='word_1_588' title='bbox 2400 3593 2619 3664; x_wconf 88' lang='lat' dir='ltr'><strong>pridem</strong></span> <span class='ocrx_word' id='word_1_589' title='bbox 2647 3595 3060 3652; x_wconf 90' lang='lat' dir='ltr'><strong>dominabatur</strong></span> <span class='ocrx_word' id='word_1_590' title='bbox 3087 3611 3337 3668; x_wconf 91' lang='lat' dir='ltr'><strong>nequam</strong></span> <span class='ocrx_word' id='word_1_591' title='bbox 3369 3600 3588 3671; x_wconf 85' lang='lat' dir='ltr'><strong>appeti-</strong></span> 
     </span>
    </p>
   </div>
   <div class='ocr_carea' id='block_1_80' title="bbox 1892 3682 3589 3756">
    <p class='ocr_par' dir='ltr' id='par_1_80' title="bbox 1892 3682 3589 3756">
     <span class='ocr_line' id='line_1_80' title="bbox 1892 3682 3589 3756; baseline 0.004 -18"><span class='ocrx_word' id='word_1_592' title='bbox 1892 3690 1986 3738; x_wconf 89' lang='lat' dir='ltr'><strong>tus</strong></span> <span class='ocrx_word' id='word_1_593' title='bbox 2033 3682 2510 3752; x_wconf 82' lang='lat' dir='ltr'><strong>concupiscentiae</strong></span> <span class='ocrx_word' id='word_1_594' title='bbox 2555 3696 2675 3738; x_wconf 63' lang='lat' dir='ltr'><strong>suae</strong></span> <span class='ocrx_word' id='word_1_595' title='bbox 2723 3685 2994 3752; x_wconf 91' lang='lat' dir='ltr'><strong>monitus,</strong></span> <span class='ocrx_word' id='word_1_596' title='bbox 3036 3692 3091 3741; x_wconf 90' lang='lat' dir='ltr'><strong>et</strong></span> <span class='ocrx_word' id='word_1_597' title='bbox 3120 3685 3247 3756; x_wconf 90' lang='lat' dir='ltr'><strong>ejus</strong></span> <span class='ocrx_word' id='word_1_598' title='bbox 3288 3686 3589 3744; x_wconf 90' lang='lat' dir='ltr'><strong>incentivis</strong></span> 
     </span>
    </p>
   </div>
   <div class='ocr_carea' id='block_1_81' title="bbox 1892 3771 3589 3849">
    <p class='ocr_par' dir='ltr' id='par_1_81' title="bbox 1892 3771 3589 3849">
     <span class='ocr_line' id='line_1_81' title="bbox 1892 3771 3589 3849; baseline 0.004 -23"><span class='ocrx_word' id='word_1_599' title='bbox 1892 3771 2173 3839; x_wconf 88' lang='lat' dir='ltr'><strong>invectus,</strong></span> <span class='ocrx_word' id='word_1_600' title='bbox 2221 3771 2277 3826; x_wconf 90' lang='lat' dir='ltr'><strong>in</strong></span> <span class='ocrx_word' id='word_1_601' title='bbox 2308 3785 2375 3827; x_wconf 91' lang='lat' dir='ltr'><strong>ea</strong></span> <span class='ocrx_word' id='word_1_602' title='bbox 2415 3785 2546 3842; x_wconf 75' lang='lat' dir='ltr'><strong>quae</strong></span> <span class='ocrx_word' id='word_1_603' title='bbox 2586 3772 2936 3841; x_wconf 91' lang='lat' dir='ltr'><strong>concupiscit</strong></span> <span class='ocrx_word' id='word_1_604' title='bbox 2985 3781 3263 3845; x_wconf 89' lang='lat' dir='ltr'><strong>tanquam</strong></span> <span class='ocrx_word' id='word_1_605' title='bbox 3297 3775 3355 3830; x_wconf 89' lang='lat' dir='ltr'><strong>in</strong></span> <span class='ocrx_word' id='word_1_606' title='bbox 3387 3777 3589 3849; x_wconf 90' lang='lat' dir='ltr'><strong>conju-</strong></span> 
     </span>
    </p>
   </div>
   <div class='ocr_carea' id='block_1_82' title="bbox 1892 3859 3591 3930">
    <p class='ocr_par' dir='ltr' id='par_1_82' title="bbox 1892 3859 3591 3930">
     <span class='ocr_line' id='line_1_82' title="bbox 1892 3859 3591 3930; baseline 0.004 -15"><span class='ocrx_word' id='word_1_607' title='bbox 1892 3873 2021 3930; x_wconf 88' lang='lat' dir='ltr'><strong>gem</strong></span> <span class='ocrx_word' id='word_1_608' title='bbox 2062 3867 2178 3915; x_wconf 88' lang='lat' dir='ltr'><strong>tota</strong></span> <span class='ocrx_word' id='word_1_609' title='bbox 2220 3859 2592 3915; x_wconf 85' lang='lat' dir='ltr'><strong>delectatione</strong></span> <span class='ocrx_word' id='word_1_610' title='bbox 2632 3859 2910 3925; x_wconf 78' lang='lat' dir='ltr'><strong>deﬂexus,</strong></span> <span class='ocrx_word' id='word_1_611' title='bbox 2954 3868 3154 3917; x_wconf 89' lang='lat' dir='ltr'><strong>contra</strong></span> <span class='ocrx_word' id='word_1_612' title='bbox 3190 3862 3591 3921; x_wconf 89' lang='lat' dir='ltr'><strong>intellectualis</strong></span> 
     </span>
    </p>
   </div>
   <div class='ocr_carea' id='block_1_83' title="bbox 1891 3946 3589 4019">
    <p class='ocr_par' dir='ltr' id='par_1_83' title="bbox 1891 3946 3589 4019">
     <span class='ocr_line' id='line_1_83' title="bbox 1891 3946 3589 4019; baseline 0.004 -16"><span class='ocrx_word' id='word_1_613' title='bbox 1891 3946 2181 4018; x_wconf 91' lang='lat' dir='ltr'><strong>profectus</strong></span> <span class='ocrx_word' id='word_1_614' title='bbox 2228 3947 2545 4018; x_wconf 87' lang='lat' dir='ltr'><strong>appetitum</strong></span> <span class='ocrx_word' id='word_1_615' title='bbox 2588 3948 2818 4017; x_wconf 89' lang='lat' dir='ltr'><strong>defurit,</strong></span> <span class='ocrx_word' id='word_1_616' title='bbox 2869 3955 2925 4004; x_wconf 89' lang='lat' dir='ltr'><strong>et</strong></span> <span class='ocrx_word' id='word_1_617' title='bbox 2968 3948 3170 4019; x_wconf 75' lang='lat' dir='ltr'><strong>Joseplt</strong></span> <span class='ocrx_word' id='word_1_618' title='bbox 3217 3953 3275 4004; x_wconf 88' lang='lat' dir='ltr'><strong>in</strong></span> <span class='ocrx_word' id='word_1_619' title='bbox 3327 3968 3589 4009; x_wconf 86' lang='lat' dir='ltr'><strong>carcerem</strong></span> 
     </span>
    </p>
   </div>
   <div class='ocr_carea' id='block_1_84' title="bbox 1890 4036 3588 4109">
    <p class='ocr_par' dir='ltr' id='par_1_84' title="bbox 1890 4036 3588 4109">
     <span class='ocr_line' id='line_1_84' title="bbox 1890 4036 3588 4109; baseline 0.004 -16"><span class='ocrx_word' id='word_1_620' title='bbox 1890 4037 2085 4104; x_wconf 90' lang='lat' dir='ltr'><strong>tradit,</strong></span> <span class='ocrx_word' id='word_1_621' title='bbox 2112 4050 2244 4092; x_wconf 91' lang='lat' dir='ltr'><strong>cum</strong></span> <span class='ocrx_word' id='word_1_622' title='bbox 2277 4037 2335 4091; x_wconf 92' lang='lat' dir='ltr'><strong>in</strong></span> <span class='ocrx_word' id='word_1_623' title='bbox 2375 4036 2744 4092; x_wconf 88' lang='lat' dir='ltr'><strong>tentationem</strong></span> <span class='ocrx_word' id='word_1_624' title='bbox 2779 4051 2838 4093; x_wconf 92' lang='lat' dir='ltr'><strong>se</strong></span> <span class='ocrx_word' id='word_1_625' title='bbox 2878 4038 3138 4109; x_wconf 91' lang='lat' dir='ltr'><strong>undique</strong></span> <span class='ocrx_word' id='word_1_626' title='bbox 3172 4048 3588 4109; x_wconf 88' lang='lat' dir='ltr'><strong>coarctantem,</strong></span> 
     </span>
    </p>
   </div>
   <div class='ocr_carea' id='block_1_85' title="bbox 1892 4124 3592 4196">
    <p class='ocr_par' dir='ltr' id='par_1_85' title="bbox 1892 4124 3592 4196">
     <span class='ocr_line' id='line_1_85' title="bbox 1892 4124 3592 4196; baseline 0.003 -16"><span class='ocrx_word' id='word_1_627' title='bbox 1892 4124 1970 4196; x_wconf 91' lang='lat' dir='ltr'><strong>pii</strong></span> <span class='ocrx_word' id='word_1_628' title='bbox 2001 4124 2299 4196; x_wconf 88' lang='lat' dir='ltr'><strong>augmenti</strong></span> <span class='ocrx_word' id='word_1_629' title='bbox 2345 4139 2443 4181; x_wconf 89' lang='lat' dir='ltr'><strong>cor</strong></span> <span class='ocrx_word' id='word_1_630' title='bbox 2491 4125 2766 4195; x_wconf 90' lang='lat' dir='ltr'><strong>cupidum</strong></span> <span class='ocrx_word' id='word_1_631' title='bbox 2818 4126 3019 4182; x_wconf 92' lang='lat' dir='ltr'><strong>trudit.</strong></span> <span class='ocrx_word' id='word_1_632' title='bbox 3071 4126 3155 4182; x_wconf 89' lang='lat' dir='ltr'><strong>Ibi</strong></span> <span class='ocrx_word' id='word_1_633' title='bbox 3211 4127 3366 4184; x_wconf 91' lang='lat' dir='ltr'><strong>enim</strong></span> <span class='ocrx_word' id='word_1_634' title='bbox 3418 4132 3592 4185; x_wconf 82' lang='lat' dir='ltr'><strong>vincti</strong></span> 
     </span>
    </p>
   </div>
   <div class='ocr_carea' id='block_1_86' title="bbox 1887 4214 3588 4287">
    <p class='ocr_par' dir='ltr' id='par_1_86' title="bbox 1887 4214 3588 4287">
     <span class='ocr_line' id='line_1_86' title="bbox 1887 4214 3588 4287; baseline 0.004 -18"><span class='ocrx_word' id='word_1_635' title='bbox 1887 4216 2030 4281; x_wconf 90' lang='lat' dir='ltr'><strong>regis</strong></span> <span class='ocrx_word' id='word_1_636' title='bbox 2072 4214 2532 4269; x_wconf 83' lang='lat' dir='ltr'><strong>custodiebantur.</strong></span> <span class='ocrx_word' id='word_1_637' title='bbox 2592 4214 2733 4285; x_wconf 91' lang='lat' dir='ltr'><strong>quia</strong></span> <span class='ocrx_word' id='word_1_638' title='bbox 2764 4214 2845 4281; x_wconf 91' lang='lat' dir='ltr'><strong>hi,</strong></span> <span class='ocrx_word' id='word_1_639' title='bbox 2887 4216 2989 4287; x_wconf 91' lang='lat' dir='ltr'><strong>qui</strong></span> <span class='ocrx_word' id='word_1_640' title='bbox 3033 4217 3290 4287; x_wconf 88' lang='lat' dir='ltr'><strong>corporis</strong></span> <span class='ocrx_word' id='word_1_641' title='bbox 3336 4219 3588 4276; x_wconf 87' lang='lat' dir='ltr'><strong>nexibus</strong></span> 
     </span>
    </p>
   </div>
   <div class='ocr_carea' id='block_1_87' title="bbox 1892 4302 3582 4379">
    <p class='ocr_par' dir='ltr' id='par_1_87' title="bbox 1892 4302 3582 4379">
     <span class='ocr_line' id='line_1_87' title="bbox 1892 4302 3582 4379; baseline 0.002 -20"><span class='ocrx_word' id='word_1_642' title='bbox 1892 4303 2090 4374; x_wconf 87' lang='lat' dir='ltr'><strong>pressi,</strong></span> <span class='ocrx_word' id='word_1_643' title='bbox 2123 4302 2367 4373; x_wconf 90' lang='lat' dir='ltr'><strong>cupiunt</strong></span> <span class='ocrx_word' id='word_1_644' title='bbox 2410 4303 2641 4358; x_wconf 88' lang='lat' dir='ltr'><strong>dissolvi</strong></span> <span class='ocrx_word' id='word_1_645' title='bbox 2677 4312 2732 4360; x_wconf 88' lang='lat' dir='ltr'><strong>et</strong></span> <span class='ocrx_word' id='word_1_646' title='bbox 2777 4318 2898 4360; x_wconf 89' lang='lat' dir='ltr'><strong>esse</strong></span> <span class='ocrx_word' id='word_1_647' title='bbox 2946 4319 3077 4361; x_wconf 86' lang='lat' dir='ltr'><strong>cum</strong></span> <span class='ocrx_word' id='word_1_648' title='bbox 3135 4305 3361 4362; x_wconf 89' lang='lat' dir='ltr'><strong>Christo</strong></span> <span class='ocrx_word' id='word_1_649' title='bbox 3409 4306 3582 4379; x_wconf 84' lang='lat' dir='ltr'><strong>(Phil.</strong></span> 
     </span>
    </p>
   </div>
   <div class='ocr_carea' id='block_1_88' title="bbox 1891 4392 3588 4467">
    <p class='ocr_par' dir='ltr' id='par_1_88' title="bbox 1891 4392 3588 4467">
     <span class='ocr_line' id='line_1_88' title="bbox 1891 4392 3588 4467; baseline 0.004 -19"><span class='ocrx_word' id='word_1_650' title='bbox 1891 4408 1928 4459; x_wconf 87' lang='grc' dir='ltr'>ι,</span> <span class='ocrx_word' id='word_1_651' title='bbox 1979 4393 2086 4461; x_wconf 84' lang='lat'><strong>23),</strong></span> <span class='ocrx_word' id='word_1_652' title='bbox 2136 4406 2270 4448; x_wconf 91' lang='lat' dir='ltr'><strong>cum</strong></span> <span class='ocrx_word' id='word_1_653' title='bbox 2311 4392 2554 4448; x_wconf 87' lang='lat' dir='ltr'><strong>diversis</strong></span> <span class='ocrx_word' id='word_1_654' title='bbox 2620 4392 3159 4465; x_wconf 88' lang='lat' dir='ltr'><strong>impugnationibus</strong></span> <span class='ocrx_word' id='word_1_655' title='bbox 3209 4403 3588 4467; x_wconf 89' lang='lat' dir='ltr'><strong>appetuntur,</strong></span> 
     </span>
    </p>
   </div>
   <div class='ocr_carea' id='block_1_89' title="bbox 85 4480 3589 4553">
    <p class='ocr_par' dir='ltr' id='par_1_89' title="bbox 85 4480 3589 4553">
     <span class='ocr_line' id='line_1_89' title="bbox 85 4480 3589 4553; baseline 0.003 -19"><span class='ocrx_word' id='word_1_656' title='bbox 85 4488 128 4535; x_wconf 89' lang='lat' dir='ltr'><strong>et</strong></span> <span class='ocrx_word' id='word_1_657' title='bbox 146 4485 291 4551; x_wconf 83' lang='lat' dir='ltr'><strong>fugit</strong></span> <span class='ocrx_word' id='word_1_658' title='bbox 330 4487 514 4551; x_wconf 88' lang='lat' dir='ltr'><strong>foras.</strong></span> <span class='ocrx_word' id='word_1_659' title='bbox 562 4483 730 4540; x_wconf 82' lang='lat' dir='ltr'><strong>Videt</strong></span> <span class='ocrx_word' id='word_1_660' title='bbox 769 4485 963 4538; x_wconf 87' lang='lat' dir='ltr'><strong>mulier</strong></span> <span class='ocrx_word' id='word_1_661' title='bbox 1008 4489 1202 4538; x_wconf 85' lang='lat' dir='ltr'><strong>vestem</strong></span> <span class='ocrx_word' id='word_1_662' title='bbox 1232 4486 1292 4537; x_wconf 90' lang='lat' dir='ltr'><strong>in</strong></span> <span class='ocrx_word' id='word_1_663' title='bbox 1337 4483 1589 4538; x_wconf 86' lang='lat' dir='ltr'><strong>manibus</strong></span> <span class='ocrx_word' id='word_1_664' title='bbox 1636 4486 1774 4553; x_wconf 84' lang='lat' dir='ltr'><strong>suis,</strong></span> <span class='ocrx_word' id='word_1_665' title='bbox 1817 4488 1860 4541; x_wconf 89' lang='lat' dir='ltr'><strong>D</strong></span> <span class='ocrx_word' id='word_1_666' title='bbox 1890 4480 1964 4537; x_wconf 91' lang='lat' dir='ltr'><strong>ab</strong></span> <span class='ocrx_word' id='word_1_667' title='bbox 1994 4481 2237 4537; x_wconf 84' lang='lat' dir='ltr'><strong>elatione</strong></span> <span class='ocrx_word' id='word_1_668' title='bbox 2275 4480 2477 4553; x_wconf 88' lang='lat' dir='ltr'><strong>utique</strong></span> <span class='ocrx_word' id='word_1_669' title='bbox 2518 4481 2768 4537; x_wconf 89' lang='lat' dir='ltr'><strong>vanitate</strong></span> <span class='ocrx_word' id='word_1_670' title='bbox 2816 4482 3246 4540; x_wconf 91' lang='lat' dir='ltr'><strong>custodiuntur.</strong></span> <span class='ocrx_word' id='word_1_671' title='bbox 3300 4485 3383 4541; x_wconf 90' lang='lat' dir='ltr'><strong>lbi</strong></span> <span class='ocrx_word' id='word_1_672' title='bbox 3416 4487 3589 4543; x_wconf 89' lang='lat' dir='ltr'><strong>etiam</strong></span> 
     </span>
    </p>
   </div>
   <div class='ocr_carea' id='block_1_90' title="bbox 85 4572 1783 4643">
    <p class='ocr_par' dir='ltr' id='par_1_90' title="bbox 85 4572 1783 4643">
     <span class='ocr_line' id='line_1_90' title="bbox 85 4572 1783 4643; baseline 0.001 -18"><span class='ocrx_word' id='word_1_673' title='bbox 85 4579 134 4627; x_wconf 90' lang='lat' dir='ltr'><strong>et</strong></span> <span class='ocrx_word' id='word_1_674' title='bbox 158 4587 213 4629; x_wconf 91' lang='lat' dir='ltr'><strong>se</strong></span> <span class='ocrx_word' id='word_1_675' title='bbox 244 4574 563 4641; x_wconf 90' lang='lat' dir='ltr'><strong>contemni,</strong></span> <span class='ocrx_word' id='word_1_676' title='bbox 591 4588 722 4629; x_wconf 92' lang='lat' dir='ltr'><strong>cum</strong></span> <span class='ocrx_word' id='word_1_677' title='bbox 756 4574 859 4629; x_wconf 91' lang='lat' dir='ltr'><strong>sibi</strong></span> <span class='ocrx_word' id='word_1_678' title='bbox 888 4580 1225 4643; x_wconf 87' lang='lat' dir='ltr'><strong>potestatem</strong></span> <span class='ocrx_word' id='word_1_679' title='bbox 1264 4587 1333 4627; x_wconf 88' lang='lat' dir='ltr'><strong>ac</strong></span> <span class='ocrx_word' id='word_1_680' title='bbox 1376 4572 1783 4643; x_wconf 87' lang='lat' dir='ltr'><strong>opportunita-</strong></span> 
     </span>
    </p>
   </div>
   <div class='ocr_carea' id='block_1_91' title="bbox 89 4659 1786 4732">
    <p class='ocr_par' dir='ltr' id='par_1_91' title="bbox 89 4659 1786 4732">
     <span class='ocr_line' id='line_1_91' title="bbox 89 4659 1786 4732; baseline 0.001 -17"><span class='ocrx_word' id='word_1_681' title='bbox 89 4669 189 4717; x_wconf 87' lang='lat' dir='ltr'><strong>tem</strong></span> <span class='ocrx_word' id='word_1_682' title='bbox 232 4661 585 4719; x_wconf 86' lang='lat' dir='ltr'><strong>attributam</strong></span> <span class='ocrx_word' id='word_1_683' title='bbox 635 4663 835 4732; x_wconf 90' lang='lat' dir='ltr'><strong>aspicit</strong></span> <span class='ocrx_word' id='word_1_684' title='bbox 879 4660 1281 4732; x_wconf 82' lang='lat' dir='ltr'><strong>impugnandi,</strong></span> <span class='ocrx_word' id='word_1_685' title='bbox 1323 4661 1419 4716; x_wconf 89' lang='lat' dir='ltr'><strong>sed</strong></span> <span class='ocrx_word' id='word_1_686' title='bbox 1452 4659 1786 4717; x_wconf 90' lang='lat' dir='ltr'><strong>nullatenus</strong></span> 
     </span>
    </p>
   </div>
   <div class='ocr_carea' id='block_1_92' title="bbox 90 4749 1781 4823">
    <p class='ocr_par' dir='ltr' id='par_1_92' title="bbox 90 4749 1781 4823">
     <span class='ocr_line' id='line_1_92' title="bbox 90 4749 1781 4823; baseline 0 -19"><span class='ocrx_word' id='word_1_687' title='bbox 90 4749 408 4808; x_wconf 77' lang='lat' dir='ltr'><strong>facultatem</strong></span> <span class='ocrx_word' id='word_1_688' title='bbox 446 4752 650 4807; x_wconf 88' lang='lat' dir='ltr'><strong>adfore</strong></span> <span class='ocrx_word' id='word_1_689' title='bbox 679 4751 915 4823; x_wconf 86' lang='lat' dir='ltr'><strong>ingemit</strong></span> <span class='ocrx_word' id='word_1_690' title='bbox 944 4750 1412 4821; x_wconf 88' lang='lat' dir='ltr'><strong>concupiscentia</strong></span> <span class='ocrx_word' id='word_1_691' title='bbox 1449 4749 1781 4819; x_wconf 90' lang='lat' dir='ltr'><strong>superandi.</strong></span> 
     </span>
    </p>
   </div>
   <div class='ocr_carea' id='block_1_93' title="bbox 90 4839 1784 4910">
    <p class='ocr_par' dir='ltr' id='par_1_93' title="bbox 90 4839 1784 4910">
     <span class='ocr_line' id='line_1_93' title="bbox 90 4839 1784 4910; baseline 0.001 -17"><span class='ocrx_word' id='word_1_692' title='bbox 90 4841 143 4893; x_wconf 91' lang='lat' dir='ltr'><strong>ln</strong></span> <span class='ocrx_word' id='word_1_693' title='bbox 168 4842 439 4909; x_wconf 88' lang='lat' dir='ltr'><strong>manibus,</strong></span> <span class='ocrx_word' id='word_1_694' title='bbox 480 4855 691 4910; x_wconf 89' lang='lat' dir='ltr'><strong>nempe</strong></span> <span class='ocrx_word' id='word_1_695' title='bbox 722 4842 915 4906; x_wconf 87' lang='lat' dir='ltr'><strong>vestis,</strong></span> <span class='ocrx_word' id='word_1_696' title='bbox 947 4840 1176 4896; x_wconf 86' lang='lat' dir='ltr'><strong>interna</strong></span> <span class='ocrx_word' id='word_1_697' title='bbox 1227 4839 1505 4895; x_wconf 89' lang='lat' dir='ltr'><strong>habitudo</strong></span> <span class='ocrx_word' id='word_1_698' title='bbox 1562 4846 1646 4895; x_wconf 89' lang='lat' dir='ltr'><strong>est</strong></span> <span class='ocrx_word' id='word_1_699' title='bbox 1675 4839 1784 4894; x_wconf 88' lang='lat' dir='ltr'><strong>sub</strong></span> 
     </span>
    </p>
   </div>
   <div class='ocr_carea' id='block_1_94' title="bbox 93 4928 1782 4999">
    <p class='ocr_par' dir='ltr' id='par_1_94' title="bbox 93 4928 1782 4999">
     <span class='ocr_line' id='line_1_94' title="bbox 93 4928 1782 4999; baseline -0.002 -15"><span class='ocrx_word' id='word_1_700' title='bbox 93 4929 451 4999; x_wconf 84' lang='lat' dir='ltr'><strong>gravitudine</strong></span> <span class='ocrx_word' id='word_1_701' title='bbox 512 4930 804 4986; x_wconf 87' lang='lat' dir='ltr'><strong>tentantis.</strong></span> <span class='ocrx_word' id='word_1_702' title='bbox 877 4929 1055 4986; x_wconf 87' lang='lat' dir='ltr'><strong>Vocat</strong></span> <span class='ocrx_word' id='word_1_703' title='bbox 1116 4930 1352 4983; x_wconf 86' lang='lat' dir='ltr'><strong>homines</strong></span> <span class='ocrx_word' id='word_1_704' title='bbox 1407 4928 1596 4982; x_wconf 88' lang='lat' dir='ltr'><strong>domus</strong></span> <span class='ocrx_word' id='word_1_705' title='bbox 1652 4943 1782 4995; x_wconf 79' lang='lat' dir='ltr'><strong>suae,</strong></span> 
     </span>
    </p>
   </div>
   <div class='ocr_carea' id='block_1_95' title="bbox 94 5016 1783 5087">
    <p class='ocr_par' dir='ltr' id='par_1_95' title="bbox 94 5016 1783 5087">
     <span class='ocr_line' id='line_1_95' title="bbox 94 5016 1783 5087; baseline 0.001 -17"><span class='ocrx_word' id='word_1_706' title='bbox 94 5017 220 5074; x_wconf 91' lang='lat' dir='ltr'><strong>dum</strong></span> <span class='ocrx_word' id='word_1_707' title='bbox 245 5020 463 5076; x_wconf 79' lang='lat' dir='ltr'><strong>excitat</strong></span> <span class='ocrx_word' id='word_1_708' title='bbox 496 5018 763 5074; x_wconf 89' lang='lat' dir='ltr'><strong>carnales</strong></span> <span class='ocrx_word' id='word_1_709' title='bbox 793 5025 983 5074; x_wconf 92' lang='lat' dir='ltr'><strong>motus</strong></span> <span class='ocrx_word' id='word_1_710' title='bbox 1017 5017 1397 5074; x_wconf 69' lang='lat' dir='ltr'><strong>conscientiae.</strong></span> <span class='ocrx_word' id='word_1_711' title='bbox 1430 5018 1544 5083; x_wconf 84' lang='lat' dir='ltr'><strong>En,</strong></span> <span class='ocrx_word' id='word_1_712' title='bbox 1573 5016 1783 5087; x_wconf 88' lang='lat' dir='ltr'><strong>inquit,</strong></span> 
     </span>
    </p>
   </div>
   <div class='ocr_carea' id='block_1_96' title="bbox 96 5105 1788 5178">
    <p class='ocr_par' dir='ltr' id='par_1_96' title="bbox 96 5105 1788 5178">
     <span class='ocr_line' id='line_1_96' title="bbox 96 5105 1788 5178; baseline 0.002 -21"><span class='ocrx_word' id='word_1_713' title='bbox 96 5108 409 5177; x_wconf 66' lang='lat' dir='ltr'><strong>introduxit,</strong></span> <span class='ocrx_word' id='word_1_714' title='bbox 457 5107 625 5164; x_wconf 87' lang='lat' dir='ltr'><strong>haud</strong></span> <span class='ocrx_word' id='word_1_715' title='bbox 670 5107 915 5164; x_wconf 90' lang='lat' dir='ltr'><strong>dubium</strong></span> <span class='ocrx_word' id='word_1_716' title='bbox 968 5107 1112 5178; x_wconf 91' lang='lat' dir='ltr'><strong>quin</strong></span> <span class='ocrx_word' id='word_1_717' title='bbox 1166 5106 1488 5162; x_wconf 90' lang='lat' dir='ltr'><strong>invalitudo</strong></span> <span class='ocrx_word' id='word_1_718' title='bbox 1536 5105 1788 5161; x_wconf 89' lang='lat' dir='ltr'><strong>carnalis</strong></span> 
     </span>
    </p>
   </div>
   <div class='ocr_carea' id='block_1_97' title="bbox 98 5194 1784 5267">
    <p class='ocr_par' dir='ltr' id='par_1_97' title="bbox 98 5194 1784 5267">
     <span class='ocr_line' id='line_1_97' title="bbox 98 5194 1784 5267; baseline 0 -18"><span class='ocrx_word' id='word_1_719' title='bbox 98 5194 329 5267; x_wconf 85' lang='lat' dir='ltr'><strong>affectus,</strong></span> <span class='ocrx_word' id='word_1_720' title='bbox 415 5197 719 5254; x_wconf 89' lang='lat' dir='ltr'><strong>horariam</strong></span> <span class='ocrx_word' id='word_1_721' title='bbox 790 5204 1372 5266; x_wconf 89' lang='lat' dir='ltr'><strong>momentaneamque</strong></span> <span class='ocrx_word' id='word_1_722' title='bbox 1424 5194 1784 5260; x_wconf 73' lang='lat' dir='ltr'><strong>religionem,</strong></span> 
     </span>
    </p>
   </div>
   <div class='ocr_carea' id='block_1_98' title="bbox 97 5282 1786 5355">
    <p class='ocr_par' dir='ltr' id='par_1_98' title="bbox 97 5282 1786 5355">
     <span class='ocr_line' id='line_1_98' title="bbox 97 5282 1786 5355; baseline -0.002 -16"><span class='ocrx_word' id='word_1_723' title='bbox 97 5288 471 5345; x_wconf 85' lang='lat' dir='ltr'><strong>transitoriam</strong></span> <span class='ocrx_word' id='word_1_724' title='bbox 518 5286 739 5343; x_wconf 88' lang='lat' dir='ltr'><strong>scilicet</strong></span> <span class='ocrx_word' id='word_1_725' title='bbox 772 5285 1122 5353; x_wconf 90' lang='lat' dir='ltr'><strong>virilitatem,</strong></span> <span class='ocrx_word' id='word_1_726' title='bbox 1172 5284 1328 5355; x_wconf 91' lang='lat' dir='ltr'><strong>quod</strong></span> <span class='ocrx_word' id='word_1_727' title='bbox 1366 5283 1650 5354; x_wconf 82' lang='lat' dir='ltr'><strong>significat</strong></span> <span class='ocrx_word' id='word_1_728' title='bbox 1681 5282 1786 5338; x_wconf 88' lang='lat' dir='ltr'><strong>viri</strong></span> 
     </span>
    </p>
   </div>
   <div class='ocr_carea' id='block_1_99' title="bbox 102 5373 1789 5438">
    <p class='ocr_par' dir='ltr' id='par_1_99' title="bbox 102 5373 1789 5438">
     <span class='ocr_line' id='line_1_99' title="bbox 102 5373 1789 5438; baseline -0.003 -9"><span class='ocrx_word' id='word_1_729' title='bbox 102 5375 298 5432; x_wconf 63' lang='lat' dir='ltr'><strong>Hebraei</strong></span> <span class='ocrx_word' id='word_1_730' title='bbox 336 5391 577 5434; x_wconf 90' lang='lat' dir='ltr'><strong>nomen.</strong></span> <span class='ocrx_word' id='word_1_731' title='bbox 623 5375 897 5431; x_wconf 64' lang='lat' dir='ltr'><strong>Hebraeus</strong></span> <span class='ocrx_word' id='word_1_732' title='bbox 940 5374 1091 5430; x_wconf 89' lang='lat' dir='ltr'><strong>enim</strong></span> <span class='ocrx_word' id='word_1_733' title='bbox 1135 5373 1349 5429; x_wconf 83' lang='lat' dir='ltr'><strong>dicitur</strong></span> <span class='ocrx_word' id='word_1_734' title='bbox 1384 5375 1680 5438; x_wconf 88' lang='lat' dir='ltr'><strong>transiens,</strong></span> <span class='ocrx_word' id='word_1_735' title='bbox 1729 5377 1789 5426; x_wconf 84' lang='lat' dir='ltr'><strong>ut</strong></span> 
     </span>
    </p>
   </div>
   <div class='ocr_carea' id='block_1_100' title="bbox 100 5459 1791 5534">
    <p class='ocr_par' dir='ltr' id='par_1_100' title="bbox 100 5459 1791 5534">
     <span class='ocr_line' id='line_1_100' title="bbox 100 5459 1791 5534; baseline -0.001 -18"><span class='ocrx_word' id='word_1_736' title='bbox 100 5464 327 5521; x_wconf 77' lang='lat' dir='ltr'><strong>illuderet</strong></span> <span class='ocrx_word' id='word_1_737' title='bbox 364 5467 548 5532; x_wconf 85' lang='lat' dir='ltr'><strong>nobis,</strong></span> <span class='ocrx_word' id='word_1_738' title='bbox 590 5462 693 5534; x_wconf 92' lang='lat' dir='ltr'><strong>qui</strong></span> <span class='ocrx_word' id='word_1_739' title='bbox 726 5462 830 5519; x_wconf 86' lang='lat' dir='ltr'><strong>iter</strong></span> <span class='ocrx_word' id='word_1_740' title='bbox 860 5462 1121 5519; x_wconf 88' lang='lat' dir='ltr'><strong>videlicet</strong></span> <span class='ocrx_word' id='word_1_741' title='bbox 1163 5461 1482 5518; x_wconf 87' lang='lat' dir='ltr'><strong>sanctitatis</strong></span> <span class='ocrx_word' id='word_1_742' title='bbox 1510 5459 1791 5516; x_wconf 90' lang='lat' dir='ltr'><strong>niteretur</strong></span> 
     </span>
    </p>
   </div>
   <div class='ocr_carea' id='block_1_101' title="bbox 103 5549 1788 5624">
    <p class='ocr_par' dir='ltr' id='par_1_101' title="bbox 103 5549 1788 5624">
     <span class='ocr_line' id='line_1_101' title="bbox 103 5549 1788 5624; baseline -0.005 -12"><span class='ocrx_word' id='word_1_743' title='bbox 103 5556 334 5624; x_wconf 81' lang='lat' dir='ltr'><strong>aggredi,</strong></span> <span class='ocrx_word' id='word_1_744' title='bbox 368 5555 468 5612; x_wconf 87' lang='lat' dir='ltr'><strong>sed</strong></span> <span class='ocrx_word' id='word_1_745' title='bbox 503 5552 851 5622; x_wconf 89' lang='lat' dir='ltr'><strong>neutiquam</strong></span> <span class='ocrx_word' id='word_1_746' title='bbox 884 5558 1275 5622; x_wconf 88' lang='lat' dir='ltr'><strong>perseveraret</strong></span> <span class='ocrx_word' id='word_1_747' title='bbox 1309 5549 1366 5604; x_wconf 91' lang='lat' dir='ltr'><strong>in</strong></span> <span class='ocrx_word' id='word_1_748' title='bbox 1410 5549 1646 5619; x_wconf 88' lang='lat' dir='ltr'><strong>aliquod</strong></span> <span class='ocrx_word' id='word_1_749' title='bbox 1676 5561 1788 5603; x_wconf 92' lang='lat' dir='ltr'><strong>au-</strong></span> 
     </span>
    </p>
   </div>
   <div class='ocr_carea' id='block_1_102' title="bbox 105 5636 1791 5715">
    <p class='ocr_par' dir='ltr' id='par_1_102' title="bbox 105 5636 1791 5715">
     <span class='ocr_line' id='line_1_102' title="bbox 105 5636 1791 5715; baseline -0.004 -18"><span class='ocrx_word' id='word_1_750' title='bbox 105 5650 371 5710; x_wconf 83' lang='lat' dir='ltr'><strong>gmentum</strong></span> <span class='ocrx_word' id='word_1_751' title='bbox 427 5641 726 5715; x_wconf 88' lang='lat' dir='ltr'><strong>progredi.</strong></span> <span class='ocrx_word' id='word_1_752' title='bbox 782 5643 1063 5710; x_wconf 86' lang='lat' dir='ltr'><strong>Ingressus</strong></span> <span class='ocrx_word' id='word_1_753' title='bbox 1094 5644 1171 5694; x_wconf 87' lang='lat' dir='ltr'><strong>est</strong></span> <span class='ocrx_word' id='word_1_754' title='bbox 1212 5639 1287 5693; x_wconf 88' lang='lat' dir='ltr'><strong>ad</strong></span> <span class='ocrx_word' id='word_1_755' title='bbox 1324 5653 1406 5692; x_wconf 91' lang='lat' dir='ltr'><strong>me</strong></span> <span class='ocrx_word' id='word_1_756' title='bbox 1453 5637 1560 5693; x_wconf 90' lang='lat' dir='ltr'><strong>sub</strong></span> <span class='ocrx_word' id='word_1_757' title='bbox 1606 5636 1791 5706; x_wconf 88' lang='lat' dir='ltr'><strong>specie</strong></span> 
     </span>
    </p>
   </div>
   <div class='ocr_carea' id='block_1_103' title="bbox 107 5716 1788 5808">
    <p class='ocr_par' dir='ltr' id='par_1_103' title="bbox 107 5716 1788 5808">
     <span class='ocr_line' id='line_1_103' title="bbox 107 5716 1788 5808; baseline -0.005 -20"><span class='ocrx_word' id='word_1_758' title='bbox 107 5732 303 5799; x_wconf 85' lang='lat' dir='ltr'><strong>pietatis</strong></span> <span class='ocrx_word' id='word_1_759' title='bbox 364 5733 669 5808; x_wconf 89' lang='lat' dir='ltr'><strong>appetitus</strong></span> <span class='ocrx_word' id='word_1_760' title='bbox 737 5729 1075 5796; x_wconf 90' lang='lat' dir='ltr'><strong>sanctitatis,</strong></span> <span class='ocrx_word' id='word_1_761' title='bbox 1144 5742 1261 5785; x_wconf 90' lang='lat' dir='ltr'><strong>non</strong></span> <span class='ocrx_word' id='word_1_762' title='bbox 1318 5734 1382 5783; x_wconf 90' lang='lat' dir='ltr'><strong>ut</strong></span> <span class='ocrx_word' id='word_1_763' title='bbox 1436 5716 1788 5795; x_wconf 86' lang='lat' dir='ltr'><strong>emendaret,</strong></span> 
     </span>
    </p>
   </div>
   <div class='ocr_carea' id='block_1_104' title="bbox 1891 4568 3591 4642">
    <p class='ocr_par' dir='ltr' id='par_1_104' title="bbox 1891 4568 3591 4642">
     <span class='ocr_line' id='line_1_104' title="bbox 1891 4568 3591 4642; baseline 0.004 -16"><span class='ocrx_word' id='word_1_764' title='bbox 1891 4569 2185 4626; x_wconf 89' lang='lat' dir='ltr'><strong>clauditur</strong></span> <span class='ocrx_word' id='word_1_765' title='bbox 2231 4570 2370 4640; x_wconf 89' lang='lat' dir='ltr'><strong>quia</strong></span> <span class='ocrx_word' id='word_1_766' title='bbox 2423 4568 2506 4625; x_wconf 90' lang='lat' dir='ltr'><strong>sic</strong></span> <span class='ocrx_word' id='word_1_767' title='bbox 2560 4570 2769 4639; x_wconf 69' lang='lat' dir='ltr'><strong>smpius</strong></span> <span class='ocrx_word' id='word_1_768' title='bbox 2817 4584 2977 4626; x_wconf 90' lang='lat' dir='ltr'><strong>mens</strong></span> <span class='ocrx_word' id='word_1_769' title='bbox 3025 4572 3259 4642; x_wconf 91' lang='lat' dir='ltr'><strong>propria</strong></span> <span class='ocrx_word' id='word_1_770' title='bbox 3312 4575 3591 4632; x_wconf 90' lang='lat' dir='ltr'><strong>seditione</strong></span> 
     </span>
    </p>
   </div>
   <div class='ocr_carea' id='block_1_105' title="bbox 1890 4658 3591 4729">
    <p class='ocr_par' dir='ltr' id='par_1_105' title="bbox 1890 4658 3591 4729">
     <span class='ocr_line' id='line_1_105' title="bbox 1890 4658 3591 4729; baseline 0.004 -15"><span class='ocrx_word' id='word_1_771' title='bbox 1890 4658 2161 4727; x_wconf 88' lang='lat' dir='ltr'><strong>vallatur,</strong></span> <span class='ocrx_word' id='word_1_772' title='bbox 2218 4665 2281 4714; x_wconf 90' lang='lat' dir='ltr'><strong>ut</strong></span> <span class='ocrx_word' id='word_1_773' title='bbox 2332 4671 2628 4728; x_wconf 90' lang='lat' dir='ltr'><strong>nusquam</strong></span> <span class='ocrx_word' id='word_1_774' title='bbox 2679 4666 2870 4728; x_wconf 90' lang='lat' dir='ltr'><strong>pateat</strong></span> <span class='ocrx_word' id='word_1_775' title='bbox 2922 4672 3041 4729; x_wconf 88' lang='lat' dir='ltr'><strong>qua</strong></span> <span class='ocrx_word' id='word_1_776' title='bbox 3089 4659 3312 4717; x_wconf 91' lang='lat' dir='ltr'><strong>instans</strong></span> <span class='ocrx_word' id='word_1_777' title='bbox 3359 4664 3591 4721; x_wconf 86' lang='lat' dir='ltr'><strong>miseria</strong></span> 
     </span>
    </p>
   </div>
   <div class='ocr_carea' id='block_1_106' title="bbox 1889 4748 2193 4804">
    <p class='ocr_par' dir='ltr' id='par_1_106' title="bbox 1889 4748 2193 4804">
     <span class='ocr_line' id='line_1_106' title="bbox 1889 4748 2193 4804; baseline -0.007 0"><span class='ocrx_word' id='word_1_778' title='bbox 1889 4748 2193 4804; x_wconf 87' lang='lat' dir='ltr'><strong>evadatur.</strong></span> 
     </span>
    </p>
   </div>
   <div class='ocr_carea' id='block_1_107' title="bbox 1961 4835 3591 4903">
    <p class='ocr_par' dir='ltr' id='par_1_107' title="bbox 1961 4835 3591 4903">
     <span class='ocr_line' id='line_1_107' title="bbox 1961 4835 3591 4903; baseline 0.001 -9"><span class='ocrx_word' id='word_1_779' title='bbox 1961 4836 2133 4894; x_wconf 73' lang='lat' dir='ltr'><strong>Vens.</strong></span> <span class='ocrx_word' id='word_1_780' title='bbox 2202 4839 2292 4900; x_wconf 77' lang='lat' dir='ltr'><strong>2t,</strong></span> <span class='ocrx_word' id='word_1_781' title='bbox 2358 4838 2445 4903; x_wconf 78' lang='lat'><strong>&#39;22,</strong></span> <span class='ocrx_word' id='word_1_782' title='bbox 2514 4837 2600 4889; x_wconf 81' lang='lat'><strong>23.</strong></span> <span class='ocrx_word' id='word_1_783' title='bbox 2645 4864 2713 4874; x_wconf 87' lang='lat'><strong>——</strong></span> <span class='ocrx_word' id='word_1_784' title='bbox 2755 4835 2888 4889; x_wconf 84' lang='lat' dir='ltr'><strong>Fuit</strong></span> <span class='ocrx_word' id='word_1_785' title='bbox 2943 4841 3124 4891; x_wconf 89' lang='lat' dir='ltr'><strong>autem</strong></span> <span class='ocrx_word' id='word_1_786' title='bbox 3175 4840 3430 4893; x_wconf 84' lang='lat' dir='ltr'><strong>Dominus</strong></span> <span class='ocrx_word' id='word_1_787' title='bbox 3471 4855 3591 4896; x_wconf 89' lang='lat' dir='ltr'><strong>cum</strong></span> 
     </span>
    </p>
   </div>
   <div class='ocr_carea' id='block_1_108' title="bbox 1890 4924 3595 5000">
    <p class='ocr_par' dir='ltr' id='par_1_108' title="bbox 1890 4924 3595 5000">
     <span class='ocr_line' id='line_1_108' title="bbox 1890 4924 3595 5000; baseline 0.002 -18"><span class='ocrx_word' id='word_1_788' title='bbox 1890 4926 2108 4996; x_wconf 83' lang='lat' dir='ltr'><strong>Joseph,</strong></span> <span class='ocrx_word' id='word_1_789' title='bbox 2147 4931 2198 4979; x_wconf 89' lang='lat' dir='ltr'><strong>et</strong></span> <span class='ocrx_word' id='word_1_790' title='bbox 2225 4928 2480 4981; x_wconf 86' lang='lat' dir='ltr'><strong>misertus</strong></span> <span class='ocrx_word' id='word_1_791' title='bbox 2528 4924 2684 4979; x_wconf 89' lang='lat' dir='ltr'><strong>illius</strong></span> <span class='ocrx_word' id='word_1_792' title='bbox 2731 4924 2883 4978; x_wconf 86' lang='lat' dir='ltr'><strong>dedit</strong></span> <span class='ocrx_word' id='word_1_793' title='bbox 2921 4927 2972 4979; x_wconf 89' lang='lat' dir='ltr'><strong>ei</strong></span> <span class='ocrx_word' id='word_1_794' title='bbox 3020 4928 3260 4993; x_wconf 88' lang='lat' dir='ltr'><strong>gratiam</strong></span> <span class='ocrx_word' id='word_1_795' title='bbox 3293 4929 3351 4981; x_wconf 90' lang='lat' dir='ltr'><strong>in</strong></span> <span class='ocrx_word' id='word_1_796' title='bbox 3380 4943 3595 5000; x_wconf 85' lang='lat' dir='ltr'><strong>conspe-</strong></span> 
     </span>
    </p>
   </div>
   <div class='ocr_carea' id='block_1_109' title="bbox 1892 5013 3593 5089">
    <p class='ocr_par' dir='ltr' id='par_1_109' title="bbox 1892 5013 3593 5089">
     <span class='ocr_line' id='line_1_109' title="bbox 1892 5013 3593 5089; baseline 0.003 -20"><span class='ocrx_word' id='word_1_797' title='bbox 1892 5017 1983 5070; x_wconf 84' lang='lat' dir='ltr'><strong>ctu</strong></span> <span class='ocrx_word' id='word_1_798' title='bbox 2031 5016 2303 5085; x_wconf 87' lang='lat' dir='ltr'><strong>principis</strong></span> <span class='ocrx_word' id='word_1_799' title='bbox 2348 5016 2597 5069; x_wconf 82' lang='lat' dir='ltr'><strong>carceris.</strong></span> <span class='ocrx_word' id='word_1_800' title='bbox 2657 5014 2762 5080; x_wconf 86' lang='lat' dir='ltr'><strong>Qui</strong></span> <span class='ocrx_word' id='word_1_801' title='bbox 2815 5013 3056 5070; x_wconf 87' lang='lat' dir='ltr'><strong>tradidit</strong></span> <span class='ocrx_word' id='word_1_802' title='bbox 3101 5017 3159 5069; x_wconf 90' lang='lat' dir='ltr'><strong>in</strong></span> <span class='ocrx_word' id='word_1_803' title='bbox 3205 5031 3369 5071; x_wconf 90' lang='lat' dir='ltr'><strong>manu</strong></span> <span class='ocrx_word' id='word_1_804' title='bbox 3416 5020 3593 5089; x_wconf 66' lang='lat' dir='ltr'><strong>ipsius</strong></span> 
     </span>
    </p>
   </div>
   <div class='ocr_carea' id='block_1_110' title="bbox 1892 5103 3595 5176">
    <p class='ocr_par' dir='ltr' id='par_1_110' title="bbox 1892 5103 3595 5176">
     <span class='ocr_line' id='line_1_110' title="bbox 1892 5103 3595 5176; baseline 0.004 -17"><span class='ocrx_word' id='word_1_805' title='bbox 1892 5107 2171 5159; x_wconf 82' lang='lat' dir='ltr'><strong>universos</strong></span> <span class='ocrx_word' id='word_1_806' title='bbox 2233 5109 2375 5159; x_wconf 68' lang='lat' dir='ltr'><strong>I44</strong></span> <span class='ocrx_word' id='word_1_807' title='bbox 2431 5105 2638 5159; x_wconf 86' lang='lat' dir='ltr'><strong>vinctos</strong></span> <span class='ocrx_word' id='word_1_808' title='bbox 2693 5105 2789 5172; x_wconf 86' lang='lat' dir='ltr'><strong>qui</strong></span> <span class='ocrx_word' id='word_1_809' title='bbox 2841 5103 3089 5159; x_wconf 87' lang='lat' dir='ltr'><strong>custodia</strong></span> <span class='ocrx_word' id='word_1_810' title='bbox 3149 5106 3487 5176; x_wconf 88' lang='lat' dir='ltr'><strong>tenebantur,</strong></span> <span class='ocrx_word' id='word_1_811' title='bbox 3544 5115 3595 5165; x_wconf 90' lang='lat' dir='ltr'><strong>et</strong></span> 
     </span>
    </p>
   </div>
   <div class='ocr_carea' id='block_1_111' title="bbox 1894 5192 3597 5267">
    <p class='ocr_par' dir='ltr' id='par_1_111' title="bbox 1894 5192 3597 5267">
     <span class='ocr_line' id='line_1_111' title="bbox 1894 5192 3597 5267; baseline 0.004 -20"><span class='ocrx_word' id='word_1_812' title='bbox 1894 5192 2169 5263; x_wconf 89' lang='lat' dir='ltr'><strong>quidquid</strong></span> <span class='ocrx_word' id='word_1_813' title='bbox 2221 5193 2385 5261; x_wconf 80' lang='lat' dir='ltr'><strong>ﬁebat</strong></span> <span class='ocrx_word' id='word_1_814' title='bbox 2432 5192 2530 5246; x_wconf 88' lang='lat' dir='ltr'><strong>sub</strong></span> <span class='ocrx_word' id='word_1_815' title='bbox 2574 5194 2693 5261; x_wconf 88' lang='lat' dir='ltr'><strong>ipso</strong></span> <span class='ocrx_word' id='word_1_816' title='bbox 2751 5198 2886 5246; x_wconf 89' lang='lat' dir='ltr'><strong>erat.</strong></span> <span class='ocrx_word' id='word_1_817' title='bbox 2941 5194 3047 5250; x_wconf 82' lang='lat' dir='ltr'><strong>Nec</strong></span> <span class='ocrx_word' id='word_1_818' title='bbox 3111 5200 3333 5249; x_wconf 88' lang='lat' dir='ltr'><strong>noverat</strong></span> <span class='ocrx_word' id='word_1_819' title='bbox 3379 5198 3597 5267; x_wconf 90' lang='lat' dir='ltr'><strong>aliquid</strong></span> 
     </span>
    </p>
   </div>
   <div class='ocr_carea' id='block_1_112' title="bbox 1895 5280 3597 5353">
    <p class='ocr_par' dir='ltr' id='par_1_112' title="bbox 1895 5280 3597 5353">
     <span class='ocr_line' id='line_1_112' title="bbox 1895 5280 3597 5353; baseline 0.002 -15"><span class='ocrx_word' id='word_1_820' title='bbox 1895 5284 2101 5338; x_wconf 87' lang='lat' dir='ltr'><strong>cunctis</strong></span> <span class='ocrx_word' id='word_1_821' title='bbox 2144 5283 2195 5335; x_wconf 87' lang='lat' dir='ltr'><strong>ei</strong></span> <span class='ocrx_word' id='word_1_822' title='bbox 2242 5280 2493 5347; x_wconf 85' lang='lat' dir='ltr'><strong>creditis;</strong></span> <span class='ocrx_word' id='word_1_823' title='bbox 2548 5283 2801 5336; x_wconf 86' lang='lat' dir='ltr'><strong>Dominus</strong></span> <span class='ocrx_word' id='word_1_824' title='bbox 2861 5284 3003 5336; x_wconf 91' lang='lat' dir='ltr'><strong>enim</strong></span> <span class='ocrx_word' id='word_1_825' title='bbox 3049 5289 3168 5338; x_wconf 88' lang='lat' dir='ltr'><strong>erat</strong></span> <span class='ocrx_word' id='word_1_826' title='bbox 3222 5300 3340 5339; x_wconf 90' lang='lat' dir='ltr'><strong>cum</strong></span> <span class='ocrx_word' id='word_1_827' title='bbox 3383 5287 3497 5353; x_wconf 89' lang='lat' dir='ltr'><strong>illo,</strong></span> <span class='ocrx_word' id='word_1_828' title='bbox 3547 5294 3597 5343; x_wconf 89' lang='lat' dir='ltr'><strong>et</strong></span> 
     </span>
    </p>
   </div>
   <div class='ocr_carea' id='block_1_113' title="bbox 1895 5368 3596 5442">
    <p class='ocr_par' dir='ltr' id='par_1_113' title="bbox 1895 5368 3596 5442">
     <span class='ocr_line' id='line_1_113' title="bbox 1895 5368 3596 5442; baseline 0.004 -16"><span class='ocrx_word' id='word_1_829' title='bbox 1895 5374 2074 5427; x_wconf 90' lang='lat' dir='ltr'><strong>omnia</strong></span> <span class='ocrx_word' id='word_1_830' title='bbox 2120 5386 2284 5440; x_wconf 85' lang='lat' dir='ltr'><strong>opera</strong></span> <span class='ocrx_word' id='word_1_831' title='bbox 2321 5368 2438 5441; x_wconf 85' lang='lat' dir='ltr'><strong>ejus</strong></span> <span class='ocrx_word' id='word_1_832' title='bbox 2472 5370 2767 5436; x_wconf 87' lang='lat' dir='ltr'><strong>dirigebat.</strong></span> <span class='ocrx_word' id='word_1_833' title='bbox 2804 5370 3074 5442; x_wconf 85' lang='lat' dir='ltr'><strong>Princeps</strong></span> <span class='ocrx_word' id='word_1_834' title='bbox 3117 5374 3364 5429; x_wconf 86' lang='lat' dir='ltr'><strong>carceris</strong></span> <span class='ocrx_word' id='word_1_835' title='bbox 3424 5374 3596 5432; x_wconf 81' lang='lat' dir='ltr'><strong>intel-</strong></span> 
     </span>
    </p>
   </div>
   <div class='ocr_carea' id='block_1_114' title="bbox 1896 5459 3601 5530">
    <p class='ocr_par' dir='ltr' id='par_1_114' title="bbox 1896 5459 3601 5530">
     <span class='ocr_line' id='line_1_114' title="bbox 1896 5459 3601 5530; baseline 0.002 -13"><span class='ocrx_word' id='word_1_836' title='bbox 1896 5462 2076 5517; x_wconf 90' lang='lat' dir='ltr'><strong>lectus</strong></span> <span class='ocrx_word' id='word_1_837' title='bbox 2095 5466 2199 5527; x_wconf 90' lang='lat' dir='ltr'><strong>est,</strong></span> <span class='ocrx_word' id='word_1_838' title='bbox 2229 5459 2610 5529; x_wconf 74' lang='lat' dir='ltr'><strong>praeeminens</strong></span> <span class='ocrx_word' id='word_1_839' title='bbox 2642 5460 2926 5530; x_wconf 62' lang='lat' dir='ltr'><strong>angustiae</strong></span> <span class='ocrx_word' id='word_1_840' title='bbox 2955 5460 3303 5517; x_wconf 91' lang='lat' dir='ltr'><strong>tentationis.</strong></span> <span class='ocrx_word' id='word_1_841' title='bbox 3342 5462 3395 5518; x_wconf 91' lang='lat' dir='ltr'><strong>Is</strong></span> <span class='ocrx_word' id='word_1_842' title='bbox 3425 5464 3601 5521; x_wconf 90' lang='lat' dir='ltr'><strong>tradit</strong></span> 
     </span>
    </p>
   </div>
   <div class='ocr_carea' id='block_1_115' title="bbox 1896 5547 3595 5620">
    <p class='ocr_par' dir='ltr' id='par_1_115' title="bbox 1896 5547 3595 5620">
     <span class='ocr_line' id='line_1_115' title="bbox 1896 5547 3595 5620; baseline 0.003 -18"><span class='ocrx_word' id='word_1_843' title='bbox 1896 5552 1954 5602; x_wconf 90' lang='lat' dir='ltr'><strong>in</strong></span> <span class='ocrx_word' id='word_1_844' title='bbox 2001 5563 2167 5602; x_wconf 89' lang='lat' dir='ltr'><strong>manu</strong></span> <span class='ocrx_word' id='word_1_845' title='bbox 2215 5547 2421 5617; x_wconf 72' lang='lat' dir='ltr'><strong>Ioseph</strong></span> <span class='ocrx_word' id='word_1_846' title='bbox 2478 5561 2575 5603; x_wconf 88' lang='lat' dir='ltr'><strong>eos</strong></span> <span class='ocrx_word' id='word_1_847' title='bbox 2626 5550 2830 5601; x_wconf 86' lang='lat' dir='ltr'><strong>vinctos</strong></span> <span class='ocrx_word' id='word_1_848' title='bbox 2888 5551 2987 5616; x_wconf 87' lang='lat' dir='ltr'><strong>qui</strong></span> <span class='ocrx_word' id='word_1_849' title='bbox 3032 5549 3280 5605; x_wconf 85' lang='lat' dir='ltr'><strong>custodia</strong></span> <span class='ocrx_word' id='word_1_850' title='bbox 3329 5556 3595 5620; x_wconf 83' lang='lat' dir='ltr'><strong>tenentur,</strong></span> 
     </span>
    </p>
   </div>
   <div class='ocr_carea' id='block_1_116' title="bbox 1897 5635 3601 5709">
    <p class='ocr_par' dir='ltr' id='par_1_116' title="bbox 1897 5635 3601 5709">
     <span class='ocr_line' id='line_1_116' title="bbox 1897 5635 3601 5709; baseline 0.002 -16"><span class='ocrx_word' id='word_1_851' title='bbox 1897 5637 2036 5693; x_wconf 92' lang='lat' dir='ltr'><strong>dum</strong></span> <span class='ocrx_word' id='word_1_852' title='bbox 2092 5636 2198 5691; x_wconf 91' lang='lat' dir='ltr'><strong>sub</strong></span> <span class='ocrx_word' id='word_1_853' title='bbox 2248 5635 2382 5691; x_wconf 90' lang='lat' dir='ltr'><strong>boni</strong></span> <span class='ocrx_word' id='word_1_854' title='bbox 2429 5636 2717 5705; x_wconf 88' lang='lat' dir='ltr'><strong>appetitus</strong></span> <span class='ocrx_word' id='word_1_855' title='bbox 2767 5643 3042 5706; x_wconf 88' lang='lat' dir='ltr'><strong>potestate</strong></span> <span class='ocrx_word' id='word_1_856' title='bbox 3100 5639 3307 5709; x_wconf 89' lang='lat' dir='ltr'><strong>redigit</strong></span> <span class='ocrx_word' id='word_1_857' title='bbox 3363 5649 3601 5697; x_wconf 88' lang='lat' dir='ltr'><strong>cunctas</strong></span> 
     </span>
    </p>
   </div>
   <div class='ocr_carea' id='block_1_117' title="bbox 1898 5723 3600 5797">
    <p class='ocr_par' dir='ltr' id='par_1_117' title="bbox 1898 5723 3600 5797">
     <span class='ocr_line' id='line_1_117' title="bbox 1898 5723 3600 5797; baseline 0.002 -18"><span class='ocrx_word' id='word_1_858' title='bbox 1898 5723 2312 5795; x_wconf 85' lang='lat' dir='ltr'><strong>cogitationum</strong></span> <span class='ocrx_word' id='word_1_859' title='bbox 2354 5723 2670 5790; x_wconf 82' lang='lat' dir='ltr'><strong>illecebras,</strong></span> <span class='ocrx_word' id='word_1_860' title='bbox 2707 5724 2923 5794; x_wconf 87' lang='lat' dir='ltr'><strong>quibus</strong></span> <span class='ocrx_word' id='word_1_861' title='bbox 2962 5727 3143 5783; x_wconf 87' lang='lat' dir='ltr'><strong>animi</strong></span> <span class='ocrx_word' id='word_1_862' title='bbox 3186 5729 3337 5784; x_wconf 83' lang='lat' dir='ltr'><strong>vires</strong></span> <span class='ocrx_word' id='word_1_863' title='bbox 3379 5743 3600 5797; x_wconf 65' lang='lat' dir='ltr'><strong>[irrepe—</strong></span> 
     </span>
    </p>
   </div>
  </div>
