3950 6462
331 465 429 523 271

1251 465 1310 520 ν.
1351 463 1681 521 GUIBERTI
1719 463 2008 521 ABBATIS
2045 465 2102 521 S.
2141 463 2376 521 ΜΑΒῘᾸΞ
2415 462 2502 521 DE
2539 462 2930 521 NOVIGENTO

3730 465 3827 518 2T2

331 601 596 660 diuntur.
650 601 934 670 Quidquid
974 601 1052 667 fit,
1101 600 1200 655 sub
1243 601 1362 670 ipso
1397 609 1500 666 est,
1552 599 1691 670 quia
1735 599 2021 669 quidquid
2063 604 2102 656 Δ
2133 601 2275 670 quia
2330 601 2516 658 solum
2574 601 2812 657 meliora
2867 601 3100 671 gerendi
3156 600 3525 667 desiderium,
3575 599 3829 656 defectus

329 691 692 745 extrinsecus
735 687 1196 754 administratur,
1242 689 1351 743 sub
1394 687 1632 743 rationis
1666 687 2024 757 providentia

329 787 432 832 est.
461 779 530 832 Et
559 793 692 834 cum
731 779 926 833 omnia
955 777 1258 832 rontradat
1307 776 1508 831 intima
1556 791 1662 830 sua
1711 775 1780 830 ad
1832 776 2023 844 profe-

329 875 456 921 ctus
481 867 760 931 studium,
792 880 904 921 non
940 866 1100 920 novit
1129 865 1382 936 profecto
1411 863 1628 932 aliquid
1661 871 1867 933 praeter
1898 864 2022 918 vir-

327 956 470 1009 tutis
525 961 926 1025 augmentum.
986 955 1241 1006 Dominus
1283 953 1422 1006 enim
1465 959 1549 1007 est
1607 967 1728 1006 cum
1791 952 1906 1014 illo,
1963 952 2022 1007 in

329 1042 660 1098 infirmitate
726 1042 996 1096 virtutem
1064 1038 1343 1106 faciendo,
1392 1047 1446 1095 et
1518 1053 1616 1108 per
1681 1039 2023 1095 tentationes

327 1144 522 1200 opera,
588 1143 656 1184 ac
701 1128 746 1182 si
816 1129 961 1184 inter
1017 1127 1219 1183 hiemis
1281 1136 1534 1196 torpores
1599 1128 1821 1183 semina
1875 1127 2023 1183 diri-

331 1219 536 1288 gendo.

985 1286 1217 1342 CAPUT
1257 1286 1374 1342 XL.

400 1394 567 1450 Vens.
607 1395 655 1460 l,
702 1395 753 1447 '2.
787 1422 854 1431 —
885 1393 983 1446 His
1021 1395 1130 1446 ista
1167 1396 1354 1460 gestis,
1403 1393 1604 1447 accidit
1641 1399 1700 1448 ut
1740 1398 2025 1463 peccarent

329 1482 436 1536 duo
512 1485 761 1542 eunuchi,
847 1484 1109 1550 pincerna
1185 1486 1329 1546 regis
1393 1483 1641 1552 Egypti,
1713 1489 1763 1535 et
1826 1485 2021 1550 pistor,

329 1571 546 1626 domino
575 1585 692 1624 suo.
736 1571 1033 1638 [ratusque
1059 1571 1274 1624 Pharao
1326 1576 1512 1624 contra
1559 1587 1642 1624 eos
1691 1570 1837 1640 (nam
1886 1571 2025 1624 alter

325 1662 600 1729 pincernis
625 1664 878 1728 praeerat,
913 1660 1052 1712 alter
1091 1657 1405 1727 pistoribus)
1438 1661 1591 1712 misit
1628 1674 1712 1711 eos
1743 1661 1801 1712 in
1843 1674 2023 1713 carce-

330 1762 440 1800 rem
483 1748 755 1816 principis
795 1747 1049 1808 militum,
1086 1750 1143 1798 in
1194 1761 1298 1813 quo
1326 1751 1443 1798 erat
1480 1748 1693 1798 vinctus
1729 1750 1779 1798 et
1807 1747 2019 1814 Joseph.

331 1835 642 1904 Postquam
705 1833 852 1888 inter
908 1833 1250 1888 tentationes
1305 1833 1384 1888 ita
1432 1833 1664 1888 animus
1720 1833 2020 1900 solidatur,

331 1932 470 1978 tunc
497 1922 749 1976 duorum
785 1921 1013 1976 illorum
1045 1921 1144 1991 qui
1177 1935 1235 1976 se
1266 1935 1368 1991 pro
1406 1921 1503 1976 Dei
1552 1935 1730 1992 regno
1769 1930 2023 1978 castraut

329 2009 730 2064 cunuchorum
765 2017 961 2064 reatus
990 2010 1342 2078 agnoscitur.
1381 2010 1485 2065 Per
1533 2009 1798 2078 pistorem
1847 2012 2022 2066 ratio-

330 2098 420 2153 nis
470 2098 554 2152 vis
623 2097 926 2166 accipitur,
1003 2113 1134 2168 quze
1194 2112 1371 2154 manu
1435 2099 1791 2154 discretionis
1846 2099 2024 2155 dubia

327 2185 598 2257 quaelibet
638 2194 794 2240 novrt
827 2188 1091 2254 pinsere;
1126 2200 1226 2257 per
1259 2189 1594 2256 pinccrnam
1635 2187 1788 2242 bona
1813 2188 2019 2243 volun-

330 2283 437 2342 tas,
495 2288 626 2344 quae
682 2274 1000 2343 spiritualis
1052 2274 1323 2343 poculum
1353 2274 1674 2330 dilectionis
1721 2277 2024 2332 consuevit

329 2364 614 2432 excipere.
656 2352 964 2431 Postquam
997 2364 1191 2432 itaque
1213 2362 1398 2433 gratia
1427 2363 1484 2418 in
1515 2372 1822 2432 conspectu
1859 2365 2024 2434 prin-

329 2451 472 2520 cipis
500 2451 746 2506 carceris
797 2450 1110 2515 invenitur,
1141 2451 1363 2506 fructus
1393 2451 1648 2520 ejusdem
1684 2452 1882 2522 gratiae
1924 2465 2026 2522 per

329 2540 768 2610 intelligentiam
805 2539 1009 2608 culpze,
1053 2539 1290 2594 rationis
1325 2540 1541 2595 scilicet
1585 2553 1651 2595 ac
1687 2541 2018 2608 voluntatis,

330 2631 608 2699 aperitur.
652 2629 907 2698 Utraque
945 2636 1139 2684 autem
1182 2631 1334 2698 regis
1373 2629 1604 2698 [Egypti
1653 2643 1773 2684 esse
1810 2629 2022 2684 dicun-

332 2725 446 2785 tur,
479 2717 619 2787 quia
647 2724 702 2772 ct
747 2715 890 2771 ratio
937 2729 1005 2770 ac
1037 2716 1304 2771 voluntas
1335 2725 1548 2780 nostra,
1594 2727 1728 2772 ante
1771 2731 2020 2772 conver-

327 2806 566 2872 sionem,
607 2805 834 2860 diabolo
876 2804 1079 2860 mundi
1115 2805 1358 2873 principi
1403 2805 1646 2860 servisse
1677 2813 2016 2861 noscuntur.

329 2901 501 2949 Porro
551 2902 806 2963 peccant,
863 2908 997 2948 cum
1037 2908 1145 2948 sua
1196 2903 1424 2963 peccata
1468 2909 1579 2949 non
1634 2895 2018 2950 dissimulant.

329 2982 490 3038 Unde
556 2991 611 3038 et
659 2983 803 3053 justi
860 2983 1153 3048 dicuntur,
1213 2984 1316 3052 qui
1373 2997 1432 3037 se
1488 2983 1630 3038 falso
1679 2985 2017 3054 jnstilicant.

327 3073 445 3127 Non
472 3075 613 3138 veni,
657 3071 868 3141 inquit,
900 3087 1090 3125 vocare
1129 3074 1308 3139 justos
1357 3072 1575 3137 (Matth.
1627 3085 1708 3137 lx,
1758 3074 1862 3137 l3).
1913 3071 2019 3126 Sed

2130 704 2328 744 eorum
2362 690 2561 756 reficit,
2593 697 2648 745 ct
2679 691 2935 744 innovat.

2203 777 2384 833 Vens.
2439 783 2488 831 5.
2537 808 2605 816 —
2639 779 2999 846 Aliquantum
3045 780 3298 845 temmris
3347 779 3605 846 ﬂumcrat,
3652 782 3705 831 et
3747 778 3829 830 illi

2130 868 2188 919 in
2247 865 2495 920 custodia
2533 867 2870 920 tenebantur.
2944 865 3309 934 Videruutque
3349 865 3504 919 ambo
3551 868 3821 919 somnium

2129 959 2278 1007 nocte
2341 970 2474 1018 una,
2534 955 2705 1022 juxta
2773 955 3270 1022 interpretationem
3339 969 3634 1022 congruam
3696 957 3825 1008 sibi.

2135 1045 2408 1111 Temporis
2447 1042 2962 1112 ﬂuitaliquantum,
3009 1057 3141 1098 cum
3191 1057 3264 1098 ex
3305 1050 3465 1112 parte
3511 1042 3583 1098 ab
3633 1042 3830 1097 animo

2130 1131 2462 1187 destituitur
2485 1131 2730 1186 aviditas
2765 1131 3180 1201 temporalium.
3215 1131 3429 1186 Partim
3461 1145 3596 1186 vero
3625 1140 3830 1186 custo-

2130 1220 2226 1275 dia
2281 1219 2419 1275 lenti
2467 1223 2704 1273 omnium
2745 1226 2896 1273 nocte
2941 1235 3052 1272 una
3101 1219 3315 1286 vident,
3363 1218 3503 1289 quia
3561 1220 3825 1276 nondum

2130 1308 2444 1378 corporalis
2479 1315 2740 1376 eXpertes
2774 1307 3063 1370 molestiae,
3102 1315 3166 1362 ut
3205 1308 3276 1362 ad
3308 1307 3698 1363 confitendum
3734 1323 3833 1362 nn-

2131 1397 2270 1452 mini
2333 1397 2431 1452 Det
2480 1395 2740 1451 custodia
2794 1396 3090 1466 prodeant,
3137 1395 3208 1451 ad
3263 1396 3463 1452 horam
3503 1410 3536 1451 a
3584 1397 3836 1467 negotiis
3923 1417 3925 1422 τ

2129 1485 2468 1540 extrinsccis
2528 1486 2837 1553 sopiuntur
2895 1491 2950 1540 et
3011 1484 3180 1539 corde
3247 1484 3512 1554 vigilant.
3577 1484 3634 1540 in
3707 1499 3829 1555 quo

2133 1574 2260 1629 luce
2311 1573 2538 1629 clariori
2593 1587 2791 1629 somno
2837 1573 3044 1629 mentis
3083 1572 3299 1628 intuitu
3347 1573 3534 1637 utilia,
3577 1573 3836 1642 vitaeque

2131 1677 2394 1732 congrua
2423 1676 2541 1716 suae
2569 1669 2831 1716 tractant.
2869 1660 3064 1731 (Vnus.
3089 1660 3144 1728 6,
3175 1660 3256 1726 7.)
3292 1661 3382 1714 Ad
3413 1675 3544 1729 quos
3589 1676 3710 1715 cum
3751 1663 3836 1714 in-

2134 1755 2344 1806 troisset
2370 1752 2564 1819 Joseph
2605 1765 2780 1814 mane,
2809 1756 2858 1804 et
2901 1750 3127 1803 vidisset
3159 1765 3244 1802 eos
3282 1752 3487 1816 tristes,
3519 1751 3836 1804 sciscitatus

2132 1845 2229 1906 est,
2257 1840 2476 1892 dicens:
2511 1840 2629 1891 Cur
2667 1841 2878 1892 tristior
2910 1845 2988 1892 est
3018 1838 3174 1892 hodie
3202 1840 3358 1892 solito
3393 1840 3566 1904 facies
3599 1845 3786 1892 vestra
3809 1839 3836 1890 ?

2131 1928 2210 1983 Ad
2255 1927 2356 1982 hos
2399 1927 2608 1996 Joseph
2646 1942 2804 1980 mane
2856 1926 3200 1997 ingreditur,
3244 1941 3376 1982 cum
3425 1927 3637 1981 divinae
3691 1926 3834 1982 illu-

2129 2016 2404 2072 stratione
2476 2017 2822 2070 visitationis
2892 2022 3226 2084 penetrante
3279 2013 3570 2079 affectum,
3640 2015 3834 2070 omnis

2131 2104 2488 2160 conscientia:
2534 2117 2790 2158 recessus
2839 2103 2977 2172 quid
3017 2102 3318 2172 intelligat,
3362 2102 3648 2172 quidquid
3695 2104 3835 2159 velit

2130 2192 2446 2248 secundum
2481 2192 2658 2246 Deum
2688 2191 3014 2257 discutitur,
3045 2198 3100 2246 et
3132 2199 3271 2246 tunc
3310 2196 3494 2245 tristes
3531 2191 3830 2258 videntur,

2132 2282 2273 2352 quia
2315 2289 2472 2336 tanto
2514 2280 2696 2349 magis
2743 2280 3061 2334 intellectus
3096 2293 3162 2334 ac
3211 2277 3478 2333 voluntas
3521 2277 3830 2347 afﬂigitur,

2131 2377 2350 2440 quanto
2378 2368 2449 2422 ad
2481 2369 2753 2422 interiora
2783 2367 3054 2422 subtilius
3079 2381 3176 2436 per
3215 2379 3480 2436 supernae
3511 2365 3658 2420 lucis
3686 2377 3833 2420 exa-

2134 2473 2261 2512 men
2304 2457 2571 2512 intratur.
2615 2457 2720 2522 Qui
2744 2459 2884 2509 enim
2916 2456 3077 2509 addit
3115 2457 3419 2520 scientiam,
3465 2453 3625 2507 addit
3671 2454 3824 2507 dolo-

2131 2563 2240 2600 rem
2298 2545 2558 2614 (Ecclet,
2627 2546 2738 2611 l8).
2808 2544 2986 2610 Quem
3058 2552 3246 2599 tamen
3310 2542 3534 2613 pietatis
3598 2540 3827 2597 affectio

2129 2634 2380 2688 dolorem
2430 2641 2703 2702 temperat
2741 2641 2794 2686 et
2835 2632 3072 2698 solatur,
3119 2639 3173 2686 et
3206 2630 3405 2685 faciem
3450 2628 3662 2697 cordis,
3709 2642 3834 2699 qua

2129 2723 2281 2776 Deus
2312 2721 2594 2776 videndus
2624 2728 2730 2788 est,
2767 2722 2822 2775 in
2849 2721 3047 2775 eodem
3095 2720 3212 2788 ipso
3251 2719 3354 2789 qui
3391 2717 3555 2773 hodie
3603 2717 3833 2772 indefe-

2127 2810 2336 2865 ctibilis
2367 2811 2510 2865 lucis
2542 2810 2710 2866 habet
2735 2810 3123 2875 constitutam,
3152 2822 3259 2864 cur
3298 2808 3371 2862 ab
3419 2807 3630 2862 interni
3679 2805 3833 2861 lasti-

2128 2899 2207 2955 tia
2235 2899 2470 2954 luminis
2501 2899 2847 2953 aversiorem
2877 2897 3040 2952 solito
3072 2904 3294 2964 gerant,
3334 2903 3629 2952 causatur.
3677 2895 3832 2949 Solet

2128 2989 2281 3042 enim
2333 2987 2486 3042 utilis
2541 2986 2885 3056 plerumque
2931 2985 3296 3053 tristitia,nisi
3345 2993 3511 3040 caute
3561 2982 3831 3038 modere-

2130 3083 2243 3140 tur,
2278 3076 2333 3130 in
2365 3075 2562 3130 acidize
2589 3076 2853 3130 morbum
2879 3073 3042 3129 verti.

327 3170 561 3230 peccant
599 3175 704 3215 suo
754 3161 1012 3226 Domino,
1047 3163 1185 3230 quia
1229 3159 1386 3229 quod
1429 3173 1487 3214 se
1537 3174 1794 3229 peccasse
1843 3159 2016 3230 p:eni-
2053 3171 2094 3225 c
2199 3163 2367 3219 Vens.
2415 3165 2467 3218 8.
2511 3192 2580 3204 —
2625 3164 2924 3230 Somnium,
2977 3160 3270 3230 inquiunt,
3318 3154 3576 3224 vidimus,
3621 3163 3672 3213 et
3718 3174 3831 3212 non

327 3251 494 3305 tendo
555 3250 809 3304 fatentur
875 3257 1056 3304 totum
1118 3250 1182 3304 tit
1240 3248 1518 3304 irritando
1580 3249 2020 3319 adjiciendaque

325 3337 571 3394 diabolo.
632 3338 776 3393 Cum
832 3346 1026 3393 autem
1082 3337 1279 3392 multa:
1330 3339 1598 3403 rationes,
1663 3339 1856 3392 multa:
1914 3352 2017 3407 pro

324 3428 517 3482 causis
567 3427 893 3481 voluntates
934 3426 1068 3492 sint,
1119 3439 1234 3480 una
1292 3433 1482 3480 tamen
1521 3425 1800 3480 divinitus
1847 3426 2020 3495 inspi-

325 3522 452 3570 rata
504 3514 773 3569 voluntas
826 3527 894 3568 ac
941 3513 1104 3578 ratio,
1159 3511 1328 3582 quasi
1385 3511 1660 3581 pincerna
1722 3514 2017 3583 pistorque

324 3602 676 3672 praeminet.
726 3602 791 3656 Hi
826 3603 1140 3656 mittuntur
1167 3603 1225 3654 in
1257 3615 1522 3654 carcerem
1560 3604 1828 3670 principis
1865 3604 2012 3655 mili-

324 3697 440 3745 tum
468 3706 502 3745 a
534 3691 829 3745 Pharaone
871 3690 1034 3756 irato,
1067 3703 1199 3744 cum
1246 3689 1355 3744 sub
1397 3689 1536 3759 jura
1585 3690 1840 3755 rationis,
1884 3705 2016 3760 qua}

325 3779 565 3835 internae
648 3778 863 3832 militiae
923 3786 1131 3832 nostra?
1215 3780 1430 3846 primas
1489 3785 1592 3844 est,
1670 3779 2018 3849 rediguntur

323 3875 567 3938 urgente
591 3866 815 3922 diabolo
833 3865 1003 3922 etiam
1039 3867 1158 3936 ipsa
1183 3881 1312 3922 cum
1351 3865 1642 3922 voluntate
1682 3868 1846 3922 ratio.
1889 3869 2016 3937 Ipsa

322 3958 473 4012 enim
497 3957 641 4012 ratio
667 3955 778 4012 sibi
806 3955 1134 4026 subjicitur,
1164 3969 1296 4011 cum
1331 3957 1586 4013 humana
1617 3956 1837 4026 aliquid
1869 3957 2015 4013 sub-

314 4045 518 4102 tilitate
565 4054 859 4115 appetens,
893 4045 1092 4100 divina
1142 4044 1530 4100 moderatione
1576 4045 1892 4100 reducitur.
1943 4046 2015 4101 Et

313 4135 585 4190 voluntas
613 4135 662 4188 si
687 4133 836 4188 bona
865 4141 968 4200 est,
1001 4132 1082 4188 uil
1113 4133 1273 4188 aliud
1318 4145 1496 4202 quam
1533 4133 1680 4188 ratio
1707 4141 1811 4188 est.
1846 4134 2007 4188 Atta-

313 4237 445 4279 men
481 4237 598 4278 nou
627 4223 749 4276 sine
791 4223 1045 4276 maximo
1085 4221 1443 4276 discretionis
1492 4221 1744 4291 intuitu;
1789 4221 1872 4277 sic
1912 4235 2012 4292 per

314 4311 568 4377 nomina,
604 4320 658 4366 et
705 4309 876 4364 etiam
927 4325 1015 4366 res
1044 4309 1439 4380 distinguitur.
1483 4310 1644 4366 Unde
1681 4319 1736 4366 et
1767 4309 1822 4365 in
1858 4310 2010 4380 Apo-

313 4397 526 4468 calypsi
574 4399 786 4466 throni,
837 4398 1131 4466 animalia,
1179 4399 1392 4468 angeli,
1439 4399 1692 4454 seniores
1729 4399 2009 4455 dicuntur

313 4489 502 4560 (Apoc.
544 4504 594 4556 ν,
642 4491 722 4559 6),
772 4487 919 4544 idem
965 4487 1200 4558 quidem
1257 4487 1664 4558 significantia,
1711 4495 1766 4544 et
1814 4495 2004 4544 tamen

312 4577 424 4634 alio
473 4579 639 4634 modo
689 4578 935 4634 diversa.
988 4579 1063 4633 De
1107 4577 1215 4634 hac
1263 4577 1526 4646 captione
1571 4577 1628 4630 in
1669 4575 2004 4647 Apocalypsi

310 4667 566 4724 dicitur:
634 4669 768 4722 Ecce
825 4668 1091 4721 missurus
1151 4671 1230 4720 est
1293 4681 1360 4720 ea:
1426 4667 1575 4720 vobis
1631 4665 1880 4720 diabolus
1945 4668 2006 4720 in

309 4771 575 4812 carcerem
649 4761 699 4811 et
765 4755 1030 4810 habebitis
1097 4755 1500 4810 tribulationem
1571 4755 1761 4809 diebus
1827 4755 2005 4809 decem

309 4844 504 4915 (Apoc.
535 4859 596 4914 ιι,
632 4847 740 4912 l0).
768 4845 834 4900 In
867 4845 972 4900 hoc
1000 4857 1228 4899 carcere
1259 4842 1487 4899 vinctus
1515 4842 1724 4913 Ioseph
1756 4850 2000 4910 tenetur,

307 4948 441 4989 eum
468 4934 574 5004 ipsi
608 4933 817 4990 interni
837 4933 1124 5003 appetitus
1147 4931 1444 5000 augmenti
1470 4938 1798 5000 tempestate
1817 4931 2005 4988 diabo-

306 5019 417 5075 lica
451 5021 816 5091 praepeditur.
859 5020 1052 5088 (Vens.
1085 5020 1161 5090 4.)
1205 5019 1310 5075 Sed
1356 5021 1536 5090 pistor
1577 5028 1630 5075 et
1665 5021 1937 5090 pincerna
1967 5033 2001 5074 a

307 5109 540 5164 custode
599 5108 846 5164 carceris
905 5109 1106 5178 Joseph
1180 5109 1507 5178 traduntur,
1564 5123 1698 5165 cum
1751 5109 1898 5164 ratio
1945 5115 2000 5164 et

305 5198 575 5254 voluntas
611 5211 646 5252 a
693 5197 890 5254 divino
937 5199 1040 5266 qui
1083 5197 1188 5252 sibi
1223 5198 1486 5268 prmsidet
1531 5198 1842 5265 intellectu,
1895 5197 1997 5268 qui

304 5287 456 5343 inter
500 5300 793 5343 aerumnas
839 5285 995 5342 solus
1033 5286 1319 5342 custodire
1357 5286 1588 5352 sufficit,
1638 5286 1710 5343 ad
1753 5285 2000 5342 ccelestis

303 5375 599 5446 augmenti
621 5375 964 5430 desiderium
991 5375 1158 5444 quasi
1193 5374 1490 5446 singulare
1519 5373 1810 5446 refugium
1840 5388 1994 5429 com-

303 5463 622 5534 pelluntur.
655 5464 830 5520 Aliud
855 5473 938 5521 est
967 5472 1162 5520 autem
1199 5465 1348 5520 bona
1367 5464 1652 5531 voluntas,
1676 5463 1834 5519 aliud
1862 5462 1994 5519 boni

302 5552 592 5622 appetitus
621 5553 938 5623 augmenti,
967 5551 1098 5607 licet
1118 5553 1234 5620 ipse
1265 5553 1338 5607 sit
1363 5552 1510 5608 bona
1541 5555 1829 5618 voluntas,
1855 5551 1996 5622 quia

302 5647 461 5706 sunt,
503 5640 602 5711 qui
655 5639 817 5696 bonae
867 5641 940 5696 ad
987 5641 1281 5710 proximos
1330 5639 1644 5696 affectionis
1681 5646 1840 5705 sunt,
1896 5639 1993 5695 sed

301 5729 626 5799 promoveri
657 5729 729 5786 ad
770 5731 975 5786 altiora
1024 5727 1250 5784 nolunt.
1295 5728 1500 5797 .Ioseph
1549 5729 1639 5784 his
1685 5727 1990 5796 ministrat,

2129 3257 2207 3306 est
2262 3255 2359 3323 qui
2408 3255 2794 3321 interpretetur
2837 3253 3012 3304 nobis.
3077 3251 3338 3318 Dixitque
3381 3249 3621 3317 Joseph:
3672 3249 3830 3302 Nun-

2129 3341 2262 3410 quid
2317 3355 2421 3394 nou
2475 3340 2576 3393 Dei
2631 3346 2710 3392 est
2764 3339 3192 3408 interpretatio?
3237 3339 3450 3402 Referte
3500 3337 3639 3390 mihi
3686 3336 3834 3406 quid

2129 3429 2398 3484 videritis.
2435 3429 2713 3484 Somnium
2760 3427 3018 3493 vidimus,
3071 3425 3166 3481 sed
3212 3441 3319 3479 non
3369 3430 3447 3479 est
3497 3427 3594 3494 qui
3645 3425 3829 3477 inter-

2121 3523 2386 3586 pretetur.
2419 3517 2559 3586 quia
2593 3515 2777 3571 multa
2827 3516 2896 3570 de
2949 3521 3105 3570 statu
3160 3521 3328 3570 rectae
3374 3514 3506 3568 vita:
3563 3519 3830 3568 contem-

2126 3606 2336 3676 plando
2367 3603 2824 3660 intellectualiter
2847 3603 3207 3674 attingimus,
3235 3602 3332 3658 sed
3367 3601 3654 3672 quomodo
3682 3615 3831 3657 con-

2125 3694 2288 3765 gruis
2334 3693 2631 3749 ell‘ectibus
2677 3692 2962 3747 intellecta
3001 3696 3143 3746 I45
3176 3703 3462 3760 exponere
3509 3689 3831 3760 possimus,

2123 3787 2344 3853 copiam
2403 3782 2595 3837 adhuc
2655 3795 2770 3836 non
2832 3781 3128 3836 habemus.
3192 3781 3264 3834 At
3321 3777 3550 3848 Joseph,
3612 3777 3666 3832 id
3735 3787 3832 3834 est

2123 3871 2304 3927 sancti
2366 3868 2651 3941 profectus
2703 3868 2967 3936 aviditas,
3018 3881 3150 3938 quae
3205 3865 3377 3922 totius
3428 3865 3577 3922 tzedii
3637 3865 3832 3922 vincit

2122 3960 2471 4024 acredinem,
2520 3957 2624 4010 Dei
2663 3963 2761 4024 est,
2802 3957 2900 4024 ait,
2955 3957 3358 4028 interpretatio,
3409 3955 3550 4025 quia
3594 3953 3654 4009 iu
3699 3969 3832 4024 quo

2122 4047 2440 4103 mortalitas
2498 4053 2692 4102 nostra
2745 4044 3096 4115 praepeditur
3149 4043 3221 4099 ad
3268 4043 3552 4098 destinata
3611 4055 3830 4112 geren-

2120 4137 2277 4203 dum,
2312 4135 2412 4190 Dei
2466 4133 2811 4204 expenditur
2851 4133 3162 4203 adjutorio.
3211 4133 3428 4198 Referte
3470 4129 3608 4200 quid
3652 4131 3828 4184 cide-

2117 4226 2263 4291 ritis,
2321 4223 2394 4279 ad
2460 4223 2642 4278 Deum
2707 4221 2921 4278 scilicet
2987 4224 3343 4290 reportantes
3385 4219 3646 4289 opificem
3677 4233 3824 4289 quae.

2119 4311 2457 4382 proponitis.

2191 4401 2358 4457 Vens.
2432 4389 2626 4464 9,10,
2687 4401 2772 4453 ll.
2824 4427 2894 4438 —
2949 4397 3213 4452 Narravit
3270 4397 3428 4466 prior
3479 4396 3822 4464 praepositus

2045 4469 2088 4524 Ῑ)
2112 4491 2501 4558 pincernarum
2563 4489 2829 4542 somnium
2884 4501 3086 4542 suum:
3163 4484 3420 4540 Videbam
3487 4498 3666 4538 coram
3729 4499 3824 4538 me

2113 4580 2297 4645 vitem,
2341 4579 2401 4630 in
2443 4591 2554 4645 qua
2599 4580 2755 4630 erant
2786 4580 2894 4630 tres
2940 4575 3292 4644 propagines,
3333 4586 3564 4626 crescere
3595 4570 3815 4642 paula-

2113 4669 2211 4722 tim
2243 4681 2498 4735 gemmas,
2547 4671 2598 4720 et
2623 4669 2746 4735 post
2782 4667 2937 4733 ﬂores
2967 4678 3102 4718 uvas
3130 4668 3504 4728 maturescere,
3549 4663 3818 4716 calicem-

2113 4771 2216 4825 que
2258 4755 2561 4809 Pharaonis
2607 4757 2666 4808 in
2705 4769 2873 4808 manu
2906 4768 3044 4807 mea.
3097 4751 3221 4806 Tuli
3249 4767 3374 4819 ergo
3420 4766 3576 4819 uvas,
3609 4755 3659 4804 et
3705 4767 3817 4805 ea:—

2106 4845 2287 4914 pressi
2339 4846 2400 4898 in
2440 4843 2604 4897 calice
2659 4857 2815 4913 quem
2861 4841 3125 4908 tenebam,
3174 4845 3224 4894 et
3279 4839 3492 4894 tradidi
3544 4840 3817 4909 poculum

2109 4933 2400 4987 Pharaoni.
2450 4932 2777 5000 Praepositus
2822 4933 3208 5000 pincernarum
3251 4928 3415 4984 bonae
3457 4933 3541 4982 est
3588 4925 3818 4984 volun-

2106 5021 2240 5076 tatis
2267 5019 2522 5086 afiectus,
2557 5034 2690 5090 quas
2719 5033 2792 5074 ex
2827 5034 2892 5075 eo
2925 5018 3078 5090 quod
3114 5018 3214 5073 Dei
3258 5015 3541 5072 voluntati
3597 5015 3816 5072 inniti-

2108 5117 2225 5175 tur,
2283 5108 2506 5165 cunctis
2558 5107 2686 5165 aliis
2737 5107 3132 5164 voluntatibus
3197 5106 3577 5177 principatur.
3639 5105 3814 5160 Prior

2106 5205 2324 5266 narrat,
2361 5198 2502 5268 quia
2531 5195 2652 5266 ipsa
2684 5196 2794 5252 nisi
2836 5203 3066 5266 praeest,
3100 5195 3250 5251 ratio
3296 5194 3545 5250 inaniter
3589 5207 3806 5263 specu-

2106 5286 2259 5342 latur
2283 5293 2338 5342 et
2368 5285 2598 5356 cogitat.
2653 5287 2823 5339 Vitem
2855 5284 3009 5340 videt
3029 5297 3222 5339 coram
3253 5297 3331 5349 se,
3364 5296 3498 5339 cum
3528 5283 3799 5351 seipsam,

2105 5375 2315 5430 bonam
2361 5372 2574 5429 scilicet
2618 5373 2998 5440 voluntatem,
3047 5372 3169 5428 vini
3221 5369 3557 5441 spiritualis,
3610 5371 3666 5426 id
3717 5380 3807 5428 est

2103 5461 2402 5518 charitatis
2448 5461 2730 5533 originem
2783 5461 2892 5516 sibi
2944 5461 3208 5532 prepouit
3249 5460 3578 5516 amandam.
3629 5459 3796 5526 Quod

2101 5552 2254 5608 enim
2304 5563 2584 5614 amamus.
2621 5564 2739 5620 prae
2788 5549 2972 5607 oculis
3025 5549 3236 5606 habere
3279 5548 3566 5618 cupimus.
3622 5548 3688 5604 In
3729 5563 3800 5604 ea

2103 5645 2209 5694 tres
2235 5642 2565 5709 propagines
2593 5647 2752 5706 sunt,
2788 5637 2928 5708 quia
2967 5639 3078 5694 tria
3117 5637 3458 5708 principalia
3493 5637 3797 5694 charitatis

2101 5727 2361 5784 membra
2396 5736 2549 5782 sunt.
2593 5727 2848 5782 Primum
2901 5725 3134 5797 quidem
3165 5725 3278 5782 Deo
3326 5726 3670 5794 intendens;
3700 5740 3792 5782 se-
