3950 6438
102 406 206 459 273

1326 400 1693 457 MOBALIUM
1736 402 1804 456 1N
1843 400 2142 458 GENESIN
2186 401 2319 457 LIB.
2366 400 2452 456 IX.

3525 402 3631 457 274

99 536 369 591 cundum
417 535 491 591 ad
541 533 793 604 seipsum
848 533 1169 603 pertinens;
1224 532 1453 588 tertium
1505 546 1740 603 quoque
1784 545 1818 586 a
1854 536 1894 589 Α
1929 530 2020 587 vel
2050 529 2287 587 vincula
2324 531 2536 601 solvat;
2587 531 2729 601 quia
2772 530 3129 588 clandestina
3171 532 3540 604 suggestione
3571 534 3636 588 de

101 625 191 681 sui
240 623 433 695 ipsius
475 622 738 693 exemplo
796 621 868 676 ad
916 620 1165 692 proximi
1212 620 1573 676 dilectionem
1630 620 1815 690 respi-

101 715 284 770 ciens.
319 714 409 770 lta
437 713 593 769 enim
623 718 789 767 sonat
826 725 893 767 ac
923 710 967 766 si
996 710 1224 765 dicatur
1263 724 1275 764 :
1313 711 1514 777 Diliges
1542 711 1812 779 teipsum,

100 812 155 861 et
214 806 541 873 promimum
586 810 736 857 tuum
793 803 934 856 sicut
983 803 1212 870 teipsum
1260 800 1481 870 (Matth.
1533 812 1658 866 XIX,
1710 799 1813 867 l9).

101 892 361 949 Gemmze
409 892 686 961 paulatim
746 896 1058 956 crescunt,
1117 902 1252 944 cum
1311 895 1466 943 certa
1526 887 1816 958 proposita

102 980 434 1037 sanctitatis
471 978 576 1050 piae
607 978 848 1035 interius
884 977 1245 1047 cogitationis
1284 978 1440 1032 succi
1471 978 1813 1046 exculpunt.

100 1071 171 1125 Et
203 1070 345 1140 jure
376 1069 666 1137 pautatim,
702 1068 843 1138 quia
870 1066 1079 1138 grandi
1110 1066 1448 1122 difﬁcultate
1484 1066 1603 1122 haec
1645 1067 1811 1121 tiunt.

103 1160 230 1213 Post
284 1161 445 1226 ﬂores
487 1170 617 1213 uvze
672 1162 1089 1223 maturescunt,
1148 1169 1282 1210 cum
1335 1164 1460 1224 post
1514 1153 1819 1210 exhibitio-

103 1261 235 1302 nem
266 1260 536 1316 operum,
568 1260 699 1315 quae
734 1252 1066 1301 sanctarum
1108 1243 1455 1314 fragrantias
1480 1244 1813 1313 opinionum

102 1336 506 1406 undecunque
551 1334 906 1402 dill'undunt,
946 1333 1307 1389 conscientiae
1346 1333 1648 1390 dulcedine
1678 1348 1818 1389 san-

104 1424 178 1479 cti
211 1424 433 1479 amoris
475 1422 683 1478 vividae
731 1423 802 1478 ad
834 1423 1067 1493 plenum
1119 1422 1445 1491 proliciunt.
1481 1423 1640 1478 (lalix
1675 1423 1812 1478 Pha-

107 1513 306 1569 raonis
358 1512 417 1568 in
469 1526 646 1568 manu
676 1519 780 1579 est,
829 1525 961 1567 cum
1008 1509 1279 1581 quaelibet
1338 1509 1501 1580 pravi
1552 1511 1817 1567 desiderii

109 1602 297 1672 passio
331 1615 365 1656 a
405 1601 633 1657 diabolo
685 1601 959 1663 immissa,
1006 1599 1115 1655 sub
1160 1598 1456 1655 rationalis
1504 1600 1819 1656 voluntatis

108 1698 389 1762 potestate
420 1690 683 1746 abstenta
727 1698 832 1745 est.
865 1688 1031 1745 Tollit
1076 1704 1199 1755 ergo
1230 1704 1384 1756 uvas,
1440 1695 1503 1743 ut
1546 1690 1818 1759 exprimft

108 1783 165 1834 in
207 1781 382 1834 calice
413 1794 587 1849 quem
622 1786 794 1846 tenet,
837 1792 969 1834 cum
1001 1777 1259 1834 divinam
1305 1792 1436 1849 quae
1482 1777 1637 1834 intra
1681 1779 1816 1835 latet

1923 624 2077 675 terra
2116 621 2481 681 Hebraeorum,
2532 620 2589 676 id
2632 628 2717 676 est
2762 620 2830 676 de
2883 620 3166 677 soliditate
3214 620 3630 693 cogitationum

1918 709 2041 779 jam
2097 709 2171 765 ab
2229 709 2358 765 imis
2427 710 2499 765 ad
2578 724 2830 780 superna
2886 709 3314 766 transeuntium
3369 710 3633 766 sublatus

1925 813 2076 865 sum,
2127 808 2182 854 et
2226 802 2284 854 in
2332 800 2507 854 lacum
2559 799 2954 856 ﬂuctuationis
3010 808 3199 855 tamen
3250 799 3322 854 ab
3371 800 3632 869 appetitu

1924 888 2195 959 peccandi
2276 892 2529 944 innocens
2605 892 2804 944 missus
2879 905 3026 943 sum.
3110 889 3244 945 Haec
3316 897 3631 960 augmenta

1923 991 2192 1047 quaerens
2222 976 2460 1033 aliectus
2493 978 2567 1034 ab
2614 992 2715 1044 ea,
2762 994 2892 1049 quae
2939 978 3048 1034 sibi
3091 986 3436 1048 cooperatur
3483 978 3632 1034 bona

1925 1066 2222 1121 voluntate
2248 1066 2594 1136 expostulat.

2001 1155 2168 1211 Vens.
2224 1158 2305 1220 l6,
2360 1160 2443 1211 l7.
2497 1188 2564 1198 —
2619 1157 2818 1212 Videas
2860 1159 3130 1227 pistorum
3179 1159 3439 1224 magister
3485 1157 3630 1225 quod

1926 1246 2193 1299 somnium
2252 1245 2553 1314 prudenter
2606 1247 2981 1311 dissolvisset,
3041 1248 3121 1299 ait
3172 1262 3185 1299 :
3236 1248 3305 1300 Et
3354 1261 3452 1312 ego
3506 1245 3631 1301 vidi

1926 1336 2213 1399 somnium,
2262 1334 2409 1402 quod
2456 1334 2709 1390 haberem
2752 1337 2863 1388 tria
2909 1336 3157 1389 canistra
3219 1336 3419 1401 farina
3466 1350 3629 1403 super

1926 1428 2090 1491 caput
2129 1439 2303 1476 meum
2345 1437 2357 1476 :
2405 1429 2453 1478 et
2493 1426 2551 1477 in
2594 1440 2700 1478 uno
2744 1428 2981 1478 canistro
3020 1423 3167 1493 quod
3194 1428 3312 1478 erat
3340 1425 3625 1489 excelsius,

1925 1516 2144 1581 portare
2173 1527 2253 1565 me
2300 1527 2477 1566 omnes
2523 1513 2665 1567 cibos
2714 1515 2811 1581 qui
2834 1514 2978 1581 ﬁunt
3019 1518 3138 1566 arte
3180 1515 3437 1582 pistoria,
3474 1528 3626 1567 aves-

1928 1614 2030 1666 que
2059 1598 2327 1651 comedere
2374 1613 2441 1651 ea:
2488 1615 2563 1653 eo.
2621 1599 2888 1671 lntclligit
2938 1599 3271 1669 principalis
3317 1608 3542 1667 nostra,
3594 1613 3628 1655 a

1929 1688 2042 1743 Deo
2085 1687 2299 1743 scilicet
2330 1687 2652 1743 illuminata
2702 1689 2863 1755 ratio,
2916 1689 3067 1744 unde
3114 1696 3169 1744 et
3213 1688 3472 1744 omnium
3513 1689 3626 1744 hu-

1928 1789 2237 1831 manarum
2285 1776 2578 1833 rationum
2626 1777 2902 1848 magistra
2944 1784 3056 1844 est,
3109 1777 3264 1848 quod
3298 1777 3628 1847 proficiendi

106 1838 501 1937 dulcedinem,
547 1838 909 1938 passionibus
952 1880 1101 1937 quas
1143 1880 1295 1937 aegre
1322 1838 1542 1936 .swpius
1589 1867 1811 1934 tolerat,
1853 1838 1895 1892 Β
1925 1864 2216 1935 appetitus
2256 1864 2466 1934 optime
2528 1838 3006 1933 benevolentiam,
3041 1838 3199 1936 quae
3255 1838 3473 1935 praevia
3521 1875 3625 1933 est,

106 1958 417 2025 admiscet;
453 1955 836 2026 exprimimus
870 1954 1045 2019 enim,
1079 1968 1211 2009 cum
1246 1968 1426 2010 manu
1456 1954 1817 2010 discretionis

112 2040 460 2101 discutimus
497 2044 750 2100 futuram
787 2043 1050 2115 gloriam,
1081 2058 1212 2113 qua:
1243 2042 1598 2098 revelabitur
1627 2043 1686 2099 in
1714 2058 1816 2099 no-

109 2136 192 2191 bis
239 2135 433 2204 (Rom.
486 2149 604 2201 vnt,
658 2135 782 2201 18),
832 2140 896 2188 ut
961 2131 1381 2188 amaritudines
1435 2131 1613 2203 hujus
1666 2140 1814 2188 tem-

109 2224 259 2295 poris
295 2223 659 2280 condiamus.
694 2221 897 2277 Calicis
940 2220 1168 2276 nomine
1210 2221 1533 2291 passionem
1572 2221 1810 2292 signari,

109 2320 242 2368 teste
288 2320 377 2369 est
411 2311 798 2382 Evangelium
852 2326 865 2365 :
924 2312 1170 2376 Potestis,
1223 2307 1321 2377 ait,
1370 2309 1548 2363 bibere
1593 2311 1815 2364 calicem

108 2400 324 2469 (Matth.
374 2415 481 2468 xx,
532 2403 630 2467 22;
681 2401 833 2456 Marc
881 2413 941 2465 x,
1001 2399 1113 2466 38),
1173 2405 1280 2454 etc.
1330 2398 1471 2453 Inde
1526 2398 1814 2454 tradimus

110 2488 377 2558 poculum
438 2488 767 2555 Pharaoni,
822 2487 961 2542 dum
1018 2487 1069 2541 ei
1128 2485 1504 2542 retribuimus
1558 2486 1814 2542 retribu-

111 2578 314 2633 tionem
363 2591 557 2643 suam,
607 2589 783 2647 quam
833 2575 1101 2631 retribuit
1140 2574 1305 2631 nobis
1350 2575 1516 2645 (Psat.
1567 2589 1809 2643 cxxxvx,

109 2664 182 2733 8).
239 2667 302 2721 In
357 2666 572 2735 poculo,
632 2664 748 2732 ait,
802 2680 907 2733 quo
953 2666 1174 2717 miscuit
1227 2663 1410 2730 vobis,
1464 2665 1677 2718 miscete
1727 2666 1814 2719 illi

112 2756 330 2824 duplum
374 2756 571 2826 (Apoc.
619 2768 783 2821 xvm,
832 2756 910 2822 6).
944 2752 1299 2808 Pharaonem
1331 2765 1465 2806 vero
1504 2750 1608 2822 qui
1638 2751 1811 2807 dissi-

114 2852 269 2915 p.-.tor
293 2844 533 2911 dicitur,
566 2843 858 2899 diabolum
903 2830 1304 2913 intelligimus.

177 2932 345 2990 V'Bas.
387 2936 477 3000 l2,
540 2935 622 2986 l3.
668 2962 737 2971 —
788 2931 1083 3001 Respondit
1114 2930 1325 2999 Joseph
1377 2946 1390 2984 :
1439 2932 1560 2985 Haec
1603 2936 1681 2984 est
1730 2932 1811 2985 in-

114 3024 422 3091 tm‘pretatio
451 3023 651 3077 somnii
702 3035 713 3075 :
759 3022 884 3074 Tres
919 3022 1273 3089 propagines,
1313 3024 1420 3073 tres
1472 3020 1650 3074 adhuc
1694 3021 1809 3075 dies

1924 1953 1991 2009 de
2047 1953 2439 2011 invisibilibus
2470 1956 2786 2021 imbuisset,
2838 1955 2945 2012 hoc
2973 1955 3126 2011 enim
3163 1954 3387 2025 praefert
3418 1970 3628 2011 nomen

1923 2043 2129 2100 somnii
2186 2044 2432 2115 propriis
2476 2044 2793 2113 effectibus,
2846 2053 2901 2101 et
2949 2045 3072 2115 ipsa
3121 2044 3310 2100 infert.
3361 2046 3490 2100 Tria
3533 2048 3623 2111 fa-

1920 2136 2065 2189 rina
2110 2136 2357 2188 canistra
2404 2148 2462 2188 se
2513 2134 2724 2189 habere
2768 2134 2906 2189 dicit
2957 2147 3133 2203 super
3188 2141 3363 2203 caput
3410 2148 3621 2200 suum,

1922 2221 2062 2277 dum
2116 2221 2225 2278 tria
2268 2221 2611 2292 principalia
2657 2221 2846 2278 ofﬁcia
2892 2221 3250 2291 cogitationis
3296 2236 3354 2277 se
3413 2221 3625 2277 habere

1921 2308 2216 2379 cognoscit
2268 2308 2327 2364 in
2360 2317 2575 2375 mente,
2633 2309 2954 2365 intellectus
3000 2310 3232 2374 scilicet,
3286 2308 3620 2375 voluntatis,

1921 2410 1989 2451 ac
2018 2398 2326 2453 memoriae.
2361 2396 2567 2467 Liquet
2606 2404 2768 2467 caput
2800 2398 2857 2452 in
2911 2397 3223 2468 Scripturis
3267 2397 3398 2467 poni
3442 2397 3625 2453 solere

1922 2500 2025 2556 pro
2069 2491 2261 2541 mente.
2305 2488 2520 2541 Farina
2572 2496 2763 2543 autem
2820 2488 2893 2543 ob
2951 2487 3226 2542 minutias
3258 2494 3408 2543 recte
3460 2487 3621 2557 poni-

1922 2582 2019 2632 tur
2049 2590 2151 2646 pro
2194 2578 2536 2643 cogitatione.
2600 2577 2761 2633 Unde
2807 2584 2892 2632 est
2950 2591 2963 2630 :
3026 2577 3166 2632 Tolle
3214 2577 3433 2643 motam,
3490 2577 3626 2629 mole

1918 2664 2167 2732 farinam
2201 2664 2341 2735 (Isa.
2390 2665 2478 2733 47,
2527 2665 2606 2735 2).
2656 2665 2847 2721 Unum
2879 2665 3199 2721 canistrum
3248 2664 3402 2735 quod
3432 2664 3624 2721 excel-

1920 2754 2041 2809 sius
2069 2754 2288 2810 caeteris
2325 2762 2428 2823 est,
2466 2756 2589 2825 ipsa
2619 2755 2763 2809 ratio
2795 2762 2899 2819 est,
2931 2769 3062 2825 quae
3092 2753 3374 2809 voluntati
3407 2767 3475 2809 ac
3501 2768 3625 2809 me-

1920 2844 2116 2899 moriae
2142 2857 2373 2913 prorsus
2404 2844 2752 2913 praeeminet.
2786 2844 2868 2900 lbi
2901 2852 3196 2912 portamus
3220 2857 3417 2898 onmes
3445 2842 3622 2909 cibos,

1920 2932 2022 3003 qui
2057 2933 2202 2988 fiunt
2242 2939 2365 2988 arte
2404 2932 2655 3001 pistoria,
2706 2933 2844 3003 quia
2876 2933 2952 2989 ibi
2984 2931 3346 2988 continetnus
3376 2946 3625 3002 quaeque

1917 3021 2139 3086 vitalia,
2185 3036 2317 3092 quae
2370 3022 2652 3078 discutere
2701 3030 2881 3092 potest
2910 3020 3265 3077 discretionis
3304 3020 3620 3091 diligentia.

112 3112 248 3172 sunt,
290 3111 413 3175 post
462 3122 593 3176 quos
640 3104 1017 3159 recordabitur
1065 3104 1322 3158 Pharaon
1368 3107 1664 3159 ministerii
1702 3109 1802 3172 tui,
1846 3141 1886 3194 Ο
1923 3115 2069 3165 146
2099 3110 2239 3164 Aves
2284 3118 2479 3166 autem
2533 3111 2664 3165 inde
2693 3110 3020 3175 comedunt,
3066 3124 3199 3165 cum
3233 3123 3334 3180 per
3362 3109 3625 3166 elationis

113 3200 157 3247 et
194 3197 442 3248 restituet
485 3200 534 3247 te
578 3195 636 3247 in
681 3193 917 3260 gradum
955 3195 1273 3262 pristinum,
1320 3192 1585 3261 dabisque
1632 3196 1682 3247 ei
1711 3211 1802 3247 ca-

114 3285 255 3337 licem
297 3286 476 3353 juxta
535 3285 775 3352 officium
827 3288 1020 3349 tuum,
1076 3286 1216 3336 sicut
1269 3285 1452 3349 facere
1498 3287 1622 3335 ante
1677 3298 1808 3336 con-

113 3386 369 3427 sueveras.
441 3372 528 3428 Ad
600 3372 740 3427 bene
796 3371 1126 3439 agendum,
1192 3371 1425 3441 inquit,
1493 3381 1692 3425 sancta
1750 3372 1807 3425 in

117 3460 284 3517 Deum
336 3460 670 3531 proficiendi
717 3459 964 3515 aviditas
1021 3473 1093 3515 ex
1153 3466 1253 3515 tua
1294 3459 1614 3515 conditione
1656 3473 1808 3529 prae-

118 3550 336 3618 pediris,
387 3549 488 3605 sed
538 3549 609 3604 ad
655 3562 723 3604 ea
771 3562 901 3619 quae
955 3547 1128 3619 digne
1171 3550 1347 3604 sentis
1394 3550 1617 3620 agenda
1665 3547 1807 3603 solvi

118 3640 330 3707 poteris.
369 3642 500 3693 Tres
527 3639 878 3708 propagines,
921 3644 1027 3692 tres
1057 3638 1172 3692 dies
1201 3642 1353 3706 sunt,
1384 3638 1523 3708 quia
1554 3637 1807 3708 primum

119 3728 207 3783 Dei
236 3742 338 3783 nos
385 3742 550 3783 amor
595 3727 862 3794 illustrat,
908 3726 1113 3782 deinde
1163 3741 1265 3782 nos
1303 3726 1480 3782 nostri
1524 3726 1724 3782 notitia
1754 3736 1809 3781 et

119 3830 247 3872 cura
276 3817 574 3883 clarilicat,
610 3824 673 3872 ut
702 3816 774 3872 ad
807 3816 1133 3885 proximum
1173 3815 1277 3872 lux
1312 3824 1519 3872 nostrae
1549 3816 1808 3871 dilectio-

120 3906 197 3960 nis
235 3906 752 3976 exemplorumque
795 3905 1081 3961 deveniat.
1137 3905 1266 3961 Post
1320 3905 1442 3961 hmc
1473 3906 1808 3960 recordatur

122 3992 326 4051 Pharao
372 3993 679 4050 ministerii
727 3994 935 4061 nostri,
996 4001 1051 4049 et
1095 3993 1154 4049 in
1198 3994 1446 4066 gradum
1496 3995 1804 4064 pristinum

123 4082 369 4150 restituit,
402 4096 538 4138 cum
577 4082 868 4138 recordari
913 4096 1016 4138 nos
1063 4081 1197 4139 facit
1243 4082 1543 4152 praeteritae
1575 4091 1801 4149 nostrze,

122 4184 228 4240 qua
279 4172 350 4227 ad
397 4179 661 4227 nostrum
709 4170 1002 4227 interitum
1056 4171 1281 4227 diabolo
1327 4171 1800 4237 inserviebamus,

124 4258 446 4331 voluptatis;
501 4260 578 4315 ita
618 4267 679 4315 ut
728 4260 1048 4316 innumeris
1091 4261 1472 4317 tentationum
1535 4263 1802 4332 ingestio-

122 4348 278 4403 nibus
307 4349 377 4404 ad
422 4363 557 4404 eum
590 4363 708 4420 quo
755 4349 1058 4404 saculares
1101 4348 1318 4404 fuimus
1349 4348 1604 4417 modum,
1641 4348 1806 4404 nobis

1918 3198 2125 3255 vitium
2159 3199 2278 3269 ipsa
2330 3199 2480 3255 elata
2520 3199 2803 3255 daemonia
2850 3214 2954 3254 nos
3003 3199 3285 3267 deceptos,
3333 3206 3621 3268 quantum

1919 3288 1991 3343 ad
2054 3288 2201 3343 bona
2248 3295 2465 3358 spectat
2508 3303 2641 3359 quae
2690 3288 3001 3358 prudenter
3062 3287 3426 3358 attingimus,
3484 3302 3621 3343 con-

1919 3386 2179 3433 sumunt.

1989 3466 2162 3523 Vens.
2220 3469 2302 3531 l8,
2355 3466 2438 3520 l9.
2485 3496 2552 3507 -—
2611 3466 2778 3529 Tria,
2832 3466 3023 3536 inquit
3068 3467 3298 3537 Joseph,
3355 3466 3619 3531 canistra,

1918 3562 2026 3611 tres
2056 3555 2234 3608 adhuc
2284 3555 2398 3608 dies
2440 3559 2585 3621 sunt,
2616 3562 2741 3625 post
2777 3570 2909 3624 quos
2956 3557 3168 3622 auferet
3211 3557 3426 3610 Pharao
3456 3558 3621 3624 caput

1919 3649 2091 3708 tuum,
2124 3660 2187 3698 ac
2234 3644 2523 3713 suspendet
2554 3649 2603 3698 te
2641 3647 2698 3698 in
2738 3661 2909 3712 cruce,
2943 3651 2992 3699 et
3022 3644 3336 3699 lacerabunt
3381 3644 3619 3698 volucres

1916 3750 2104 3788 carnes
2136 3739 2278 3788 tuas.
2328 3733 2675 3798 Intellectus,
2726 3734 3000 3790 memoria
3048 3748 3115 3790 ac
3143 3734 3431 3800 voluntas,
3484 3746 3619 3788 cum

1918 3822 2208 3893 quaedam,
2256 3829 2320 3879 ut
2364 3822 2447 3878 sic
2498 3823 2717 3885 dicam,
2763 3823 2990 3879 diurnae
3035 3822 3192 3880 luces
3248 3822 3424 3878 animi
3482 3820 3615 3883 sint,

1917 3912 2167 3967 canistra
2213 3919 2406 3968 tamen
2456 3919 2623 3978 sunt,
2674 3912 2744 3967 ad
2794 3926 2995 3967 cannae
3043 3911 3278 3967 modum
3311 3925 3382 3966 ex
3428 3909 3620 3965 carnis

1917 4000 2239 4057 conditione
2290 4000 2534 4071 fragilia.
2585 4000 2689 4056 Sed
2736 4002 2952 4055 Pharao
2986 4008 3112 4069 post
3156 4001 3259 4056 hos
3306 3999 3425 4054 dies
3454 4003 3618 4067 caput

1915 4092 2119 4156 aufert,
2172 4105 2304 4145 cum
2353 4098 2477 4160 post
2508 4090 2844 4146 interiorum
2893 4103 3166 4145 sensuum
3207 4086 3618 4143 illustrationes

1915 4178 2188 4248 superbia
2236 4178 2521 4245 illabente,
2566 4179 2831 4248 capitalis
2876 4179 3083 4244 virtus,
3117 4191 3248 4247 quae
3278 4184 3363 4231 est
3393 4174 3618 4231 humili-

1914 4274 2020 4334 tas,
2054 4280 2090 4322 a
2128 4267 2414 4324 virtutum
2450 4268 2723 4324 membris
2756 4274 3018 4337 separata
3048 4266 3319 4336 disparet.
3357 4263 3615 4333 Suspen-

1913 4356 1996 4411 dit
2028 4356 2247 4412 Pharao
2290 4356 2349 4411 in
2380 4372 2554 4423 cruce,
2595 4371 2728 4411 cum
2779 4355 3083 4426 principali
3115 4353 3439 4410 humilitate
3482 4352 3617 4408 sub~

122 4437 189 4492 ab
240 4438 356 4508 ipso
394 4438 700 4494 videamur
747 4437 999 4493 abducti.
1052 4437 1156 4493 Sed
1212 4438 1419 4493 damus
1468 4437 1519 4494 ei
1566 4437 1798 4494 calicem
1841 4424 1883 4478 D
1913 4444 2048 4510 lata,
2084 4458 2120 4500 a
2152 4452 2263 4500 toto
2301 4446 2582 4501 bonorum
2614 4424 2850 4514 operum
2890 4424 3051 4500 mens
3092 4445 3386 4509 damnata,
3432 4440 3615 4511 impos

117 4526 274 4591 juxta
318 4527 573 4583 ofticium
609 4534 893 4594 nostrum,
934 4528 1081 4583 sicut
1114 4534 1245 4582 ante
1294 4540 1801 4592 consueveramus,

124 4628 243 4669 cum
277 4615 494 4671 fortiter
524 4616 596 4670 ad
635 4630 734 4670 cor
774 4616 1094 4683 redeuntes,
1137 4617 1286 4671 sicut
1314 4610 1579 4687 dignitati
1624 4616 1805 4670 ratio-

126 4701 361 4759 nalitatis
400 4711 611 4759 nostra
658 4704 944 4773 competit,
994 4712 1048 4759 et
1091 4717 1125 4759 a
1176 4710 1427 4774 tempore
1474 4703 1801 4759 conversio-

127 4789 205 4844 nis
229 4792 629 4847 consuevimus
670 4792 902 4847 calicem
935 4791 1185 4862 recipere
1230 4792 1704 4863 impugnationis,
1744 4792 1801 4847 in

127 4888 390 4947 quantum
423 4895 752 4951 possumus,
786 4882 1062 4937 audacter
1091 4880 1408 4937 inferimus.

190 4967 344 5023 VERS.
400 4973 485 5034 l4,
524 4971 606 5022 l5.
653 4999 721 5008 ——
768 4971 1000 5023 Tantum
1041 4976 1299 5024 memento
1341 4973 1463 5037 mei,
1511 4987 1630 5026 cum
1677 4970 1803 5023 bene

128 5054 216 5107 tibi
245 5059 429 5125 fuerit,
470 5062 524 5112 et
566 5060 739 5124 facies
768 5074 974 5113 mecum
1010 5060 1461 5127 misericordiam,
1503 5064 1563 5113 ut
1599 5076 1801 5129 sugge-

129 5157 207 5196 ras
237 5144 508 5201 Pharaoni
550 5151 609 5199 ut
642 5146 833 5201 educat
873 5163 955 5200 me
995 5148 1060 5201 de
1091 5150 1191 5202 isto
1220 5164 1451 5216 carcere,
1486 5152 1617 5218 quia
1647 5151 1801 5215 furto

127 5232 345 5289 sublatus
372 5251 492 5291 sum
537 5236 605 5290 de
633 5241 779 5290 terra
822 5237 1202 5303 Hebraeorum,
1244 5242 1293 5292 et
1323 5238 1410 5291 hic
1446 5240 1699 5291 innocens
1742 5239 1799 5291 in

131 5317 280 5376 locum
314 5325 507 5378 missus
555 5339 695 5378 sum.
750 5326 1002 5392 Tantum,
1054 5324 1266 5395 inquit,
1315 5324 1477 5396 jugis
1536 5324 1799 5381 intentio-

132 5419 238 5463 netn
268 5413 547 5479 profectus
597 5426 709 5466 non
764 5421 1088 5482 postponas,
1139 5427 1272 5469 cum
1323 5414 1475 5469 vires
1521 5413 1680 5469 calici
1740 5414 1797 5468 in

134 5492 450 5556 Pharaonem
499 5500 733 5557 ferendo
773 5501 1109 5571 susceperis,
1144 5509 1206 5558 ut
1251 5508 1332 5557 tot
1376 5502 1563 5571 ipsum
1605 5502 1795 5557 virtu-

133 5588 234 5639 tum
266 5588 510 5656 jactibus
555 5602 787 5657 urgeas,
838 5591 1019 5645 donec
1076 5590 1265 5644 victus
1315 5590 1542 5653 educat,
1607 5590 1659 5645 id
1712 5597 1797 5646 est

134 5669 272 5730 educi
312 5677 499 5735 sinens
546 5676 677 5734 belli
720 5676 881 5746 illati,
932 5678 1068 5734 velit
1095 5679 1256 5747 nolit,
1288 5679 1374 5734 vel
1419 5678 1791 5747 obsidionem,

1911 4541 1967 4588 et
2024 4533 2210 4588 inanis
2255 4532 2455 4589 effecta
2507 4533 2839 4589 destituitur
2887 4547 3168 4602 corpore;
3223 4539 3276 4587 et
3329 4531 3451 4586 hzec
3498 4536 3615 4585 tota

1912 4620 2197 4678 adiabolo
2252 4622 2420 4688 ﬁunt,
2478 4622 2665 4692 typico
2710 4622 2924 4678 scilicet
2982 4622 3299 4677 Pharaone.
3362 4620 3613 4673 Votucres

1910 4726 2098 4765 carnes
2128 4710 2455 4779 comedunt,
2496 4711 2635 4766 dum
2667 4711 2917 4779 superba
2948 4709 3233 4765 daemonia
3279 4706 3615 4763 carnalibus

1904 4798 2027 4868 jam
2067 4813 2199 4868 quae
2228 4806 2558 4869 sequuntur
2586 4798 2855 4868 operibus
2897 4799 3107 4854 nostris
3145 4810 3266 4852 sese
3322 4794 3609 4849 reliciunt.

1912 4885 2166 4943 Atiectus
2195 4901 2333 4958 ergo
2388 4897 2598 4955 noster,
2651 4887 2705 4943 id
2758 4895 2842 4942 est
2886 4886 3094 4957 Joseph
3129 4885 3250 4955 jam
3295 4880 3614 4952 spiritualis

1910 4976 2204 5046 augmenti
2254 4984 2568 5045 appetens,
2622 4989 2722 5045 per
2769 4975 3023 5031 divinam
3082 4972 3448 5044 prudentiam
3497 4969 3611 5025 duo

1910 5062 2018 5117 iSia
2048 5064 2317 5134 mysteria
2366 5078 2432 5119 ac
2476 5063 2522 5119 si
2562 5064 2677 5120 duo
2720 5062 2943 5119 somnia
2974 5061 3234 5130 resolvit;
3286 5059 3345 5115 in
3395 5058 3613 5130 quibus

1909 5150 2006 5207 illa
2038 5152 2154 5208 duo
2205 5151 2634 5224 intelliguntur,
2676 5152 2930 5209 Charitas
2973 5150 3255 5216 videlicet,
3306 5163 3439 5219 qum
3488 5147 3614 5217 ipsa

1906 5247 1991 5295 est
2030 5240 2447 5308 benevolentia,
2489 5255 2590 5310 per
2619 5241 2932 5312 principem
2967 5241 3379 5311 pincernarum
3411 5236 3613 5307 signa—

1906 5334 1987 5396 ta,
2043 5335 2098 5383 et
2150 5327 2387 5384 scientia
2448 5343 2547 5400 per
2607 5331 2947 5401 magistrum
3001 5330 3284 5399 pistorum
3338 5325 3609 5397 ﬁgurata.

1908 5414 2189 5482 Charitas,
2241 5431 2373 5487 quae
2424 5432 2540 5473 non
2598 5418 2911 5475 tentatione
2967 5417 3250 5488 probatur
3281 5456 3297 5482 ,
3360 5414 3613 5471 charitas

1905 5519 2020 5560 non
2064 5512 2180 5569 est;
2230 5505 2327 5559 sed
2374 5504 2499 5575 ipsa
2553 5514 2656 5574 est,
2709 5521 2841 5576 quae
2877 5506 3146 5576 poculum
3188 5501 3608 5567 retributionis,

1902 5600 1959 5648 et
2007 5608 2039 5648 a
2088 5593 2388 5648 Pharaone
2436 5593 2657 5650 fortiter
2708 5594 3071 5664 viriliterque
3116 5593 3305 5649 refert.
3359 5590 3608 5661 Simplex

1901 5695 2041 5753 ergo
2073 5681 2343 5738 voluntas
2387 5682 2619 5753 perlatis
2668 5682 3032 5754 passionibus
3080 5680 3320 5752 proiicit.
3353 5678 3612 5737 Charitas
