3950 6412
352 421 419 471 75
1222 419 1283 472 ν.
1322 417 1656 474 GUIBER'I‘I
1698 418 1988 473 ABBATIS
2023 420 2079 473 S.
2124 417 2360 473 MARIAC
2399 417 2488 473 DE
2528 416 2917 475 NOVIGENTO

315 544 508 616 enim,
599 548 740 619 quia
814 547 1156 604 naturaliter
1239 546 1473 603 humilis
1553 556 1680 614 est,

317 636 365 706 (ι
423 638 554 690 Cor.
606 649 724 703 vnt,
770 634 840 706 l).
892 635 1136 692 Scientia
1191 649 1342 703 vero,
1392 635 1533 706 quia
1584 636 1794 706 sapius
1846 635 2009 691 inflat

315 725 539 795 (Μία),
581 724 868 780 daemones
913 724 1111 794 pascit.
1157 723 1318 780 Unde
1364 731 1419 780 et
1463 723 1572 780 tria
1618 738 1792 795 super
1833 732 2009 794 caput

318 810 491 868 fuisse
521 811 797 868 dicuntur
825 813 1100 879 canistra,
1133 811 1272 883 quia
1310 812 1419 868 tria
1448 818 1584 868 sunt
1630 811 1753 867 sine
1795 811 2011 883 quibus

318 898 541 972 integra
579 915 692 956 non
741 908 918 971 potest
959 909 1219 956 constare
1265 900 1520 968 scientia,
1564 899 1861 971 ingenium
1901 900 2007 955 sci-

315 987 465 1056 licet,
519 1004 662 1045 usus
698 1004 766 1044 ac
818 989 1112 1045 memoria.
1147 989 1212 1044 In
1265 989 1353 1045 his
1402 989 1586 1045 farina
1616 995 1900 1057 versatur,
1953 988 2007 1044 id

315 1085 400 1134 est
440 1077 727 1134 subtilitas
778 1077 1141 1148 cogitationis
1189 1077 1549 1147 transigitur.
1608 1077 1712 1133 Per
1762 1091 2009 1133 cannam

315 1174 530 1232 autem,
571 1165 724 1222 unde
765 1167 1018 1222 canistra
1067 1172 1364 1232 vocantur,
1411 1165 1850 1234 supervacuitas
1903 1180 2011 1222 vo-

316 1254 561 1310 calitatis
607 1262 661 1310 et
690 1254 1032 1325 eloquentia
1063 1253 1358 1324 signatur;
1388 1268 1640 1324 quorum
1683 1267 1886 1310 sensus
1928 1261 2012 1310 est

319 1343 543 1414 aliquos
582 1357 682 1413 per
709 1343 1021 1412 simplicem
1072 1341 1524 1398 benevolentiam
1567 1342 1786 1412 absque
1828 1342 2009 1398 scien-

319 1430 412 1492 tia.
446 1439 500 1488 et
549 1430 770 1499 litteris,
823 1446 921 1501 per
952 1431 1282 1501 patientiam
1327 1431 1622 1500 prolicere;
1659 1430 1882 1501 aliquos
1913 1445 2012 1500 per

315 1519 616 1575 elationem
673 1534 746 1576 ex
795 1519 947 1575 fastu
989 1519 1282 1589 sapientia
1336 1527 1597 1586 tractam,
1655 1520 2013 1575 datnontbus

317 1607 530 1663 scilicet
561 1607 914 1663 nutrimenta
945 1607 1220 1662 conferre.

390 1696 564 1752 Vens.
613 1698 702 1749 20.
752 1726 818 1734 -
867 1695 1094 1750 Exinde
1139 1695 1252 1750 dies
1291 1697 1483 1749 tertius
1524 1697 1814 1750 natalitius
1863 1695 2008 1749 Pha-

317 1787 504 1838 raonis
555 1789 694 1837 erat.
749 1782 973 1839 Abhinc
1037 1782 1128 1838 die
1187 1782 1352 1838 tertio
1425 1782 1650 1839 Pharao
1711 1783 2009 1849 nascitur,

319 1887 448 1926 cum
510 1879 634 1942 post
683 1871 934 1940 ineptam
987 1885 1118 1942 qua
1159 1870 1342 1941 primo
1399 1871 1555 1928 intus
1611 1871 1798 1927 oritur
1845 1869 2013 1941 quasi

318 1959 584 2030 quadam
617 1960 720 2014 lux
768 1957 1042 2023 latitiam,
1084 1966 1138 2014 et
1172 1959 1476 2016 verborum
1502 1959 1766 2029 deinceps
1788 1960 2011 2030 jactan-

321 2049 482 2116 tiam,
531 2054 585 2102 et
623 2054 878 2117 apertam
915 2054 1198 2117 postremo
1241 2047 1382 2118 jam,
1433 2055 1487 2103 et
1538 2063 1820 2115 securam,
1870 2061 1938 2103 ac
1965 2047 2013 2102 si

319 2137 388 2192 de
440 2135 760 2192 clarissima
818 2135 1072 2192 scientia
1112 2149 1232 2191 sua
1284 2135 1375 2191 die
1427 2135 1715 2192 fiduciam.
1769 2136 2009 2203 Pharao,

321 2224 372 2280 id
402 2231 485 2280 est
513 2224 819 2295 dissipator
855 2224 1195 2290 sanctitatis,
1243 2224 1297 2278 in
1332 2223 1524 2279 animo
1555 2238 1804 2294 nequam
1836 2239 2014 2294 appe-

319 2313 460 2368 titus
487 2312 768 2384 exsurgit.
822 2312 1084 2368 Vicissim
1131 2312 1284 2367 enim
1321 2312 1408 2368 ha
1456 2312 1514 2367 in
1563 2313 1730 2368 nobis
1776 2313 2013 2369 funesta

319 2401 690 2456 claritudines
721 2400 827 2456 sibi
868 2399 1172 2456 succedere
1205 2399 1404 2455 solent.
1446 2402 1550 2466 Qui
1571 2403 1780 2466 faciens
1807 2403 2016 2469 grande

320 2491 623 2544 convivium
685 2491 874 2558 pueris
943 2490 1058 2544 suis
1125 2489 1439 2543 recordatus
1507 2494 1584 2544 est
1639 2493 1780 2544 inter
1825 2493 2016 2560 epulas

319 2579 576 2646 magistri
619 2579 1021 2648 pincernarum,
1071 2583 1122 2632 et
1165 2580 1433 2646 pistorum
1469 2580 1761 2648 principis.
1815 2579 2010 2646 (Vnus.

319 2667 424 2729 21,
472 2665 581 2731 22.)
659 2663 1019 2734 Restituitque
1078 2663 1310 2718 alterum
1367 2667 1423 2716 in
1478 2665 1646 2718 locum
1712 2680 1887 2733 suum,
1954 2670 2016 2720 ut

316 2755 622 2822 porrigeret
671 2753 789 2818 regi
829 2752 1106 2820 poculum,
1159 2752 1390 2805 alterum
1435 2752 1716 2821 suspendit
1763 2756 1821 2807 in
1864 2756 2015 2823 pati-

323 2841 463 2895 bulo.
493 2839 811 2910 Conceptus
855 2839 1023 2895 corde
1065 2839 1288 2895 Pharao
1325 2855 1506 2910 usque
1557 2841 1629 2896 ab
1676 2841 1852 2897 robur
1883 2855 2014 2912 per-

321 2929 547 2988 tinacia
596 2943 697 3000 per
741 2928 1025 2996 triduum,
1071 2929 1223 3000 quod
1280 2930 1673 3000 praediximus,
1727 2931 2012 2999 evehitur,

321 3026 377 3075 et
415 3027 554 3075 tunc
597 3017 975 3087 pessimarum
1022 3017 1233 3088 pabulo
1281 3018 1617 3088 gloriarum,
1668 3019 1914 3089 pueriles
1962 3028 2017 3077 et

3706 417 3814 470 276

1765 545 2012 604 adilicat
2047 550 2091 603 A
2116 549 2444 616 prapositus
2492 550 2880 618 pincernarum
2937 549 3250 618 interpretis
3305 551 3397 602 sui
3450 548 3811 603 obliviscitur.

2114 635 2260 692 Nam
2300 635 2428 692 licet
2472 636 2741 694 molestia
2790 637 3086 693 interiores
3131 652 3264 694 cum
3311 637 3650 693 difficultate
3684 636 3811 691 vin-

2117 732 2357 790 cantur,
2411 740 2548 796 pace
2593 734 2782 782 tamen
2825 726 3346 796 quantulacunque
3392 733 3589 782 secuta
3634 725 3817 795 profi-

2117 812 2303 870 ciendi
2337 815 2627 885 appetitus
2658 815 2818 870 facile
2851 815 2922 868 ah
2951 815 3144 870 animo
3174 815 3488 871 diducitur.

2749 954 2982 1012 CAPUT
3023 955 3168 1011 XLI.

2191 1082 2362 1138 Vens.
2422 1081 2468 1134 l.
2529 1109 2594 1122 —
2629 1082 2751 1135 Post
2809 1079 2943 1134 duos
2995 1095 3164 1134 annos
3209 1079 3350 1134 vidit
3399 1080 3616 1134 Pharao
3672 1095 3819 1133 som-

2119 1173 2289 1224 nium.
2325 1169 2530 1224 Annus
2573 1168 2795 1238 primus
2841 1167 2900 1224 in
2952 1167 3152 1223 divina
3183 1167 3554 1239 cogitatione;
3599 1182 3820 1222 secun-

2118 1259 2228 1313 dus
2263 1257 2318 1312 in
2351 1257 2480 1313 boni
2511 1257 2699 1328 operis
2743 1257 3025 1327 accipitur
3071 1256 3456 1312 exsecutione.
3494 1256 3570 1310 De
3600 1255 3823 1326 quibus

2121 1347 2178 1402 in
2235 1346 2453 1416 psalmo
2508 1353 2593 1401 est
2660 1361 2673 1400 :
2733 1347 3074 1400 Intellectum
3126 1346 3230 1399 tibi
3277 1344 3438 1409 dabo,
3496 1343 3706 1415 inquit,
3769 1349 3823 1397 et

2119 1438 2387 1490 instruant
2434 1439 2481 1488 te
2537 1433 2916 1503 (Psal.xxx1,
2959 1437 3028 1502 3),
3075 1441 3136 1489 ut
3186 1432 3496 1488 intellectui
3547 1446 3821 1502 coopere-

2121 1524 2200 1579 ris
2259 1531 2374 1579 tuo.
2427 1523 2584 1578 Sicut
2631 1523 2781 1577 enim
2836 1536 3027 1578 annus
3075 1521 3296 1587 diebus,
3361 1521 3438 1577 ita
3499 1528 3824 1590 utrumque

2122 1612 2227 1683 piis
2273 1610 2457 1681 fulget
2505 1612 2648 1666 actis
2693 1619 2749 1666 et
2795 1612 3079 1667 sensibus.
3134 1612 3359 1666 Tertius
3417 1611 3473 1664 in
3523 1623 3639 1680 quo
3668 1625 3825 1663 som-

2119 1703 2268 1755 nium
2318 1699 2564 1764 videtur,
2603 1700 3043 1768 perseverantia
3085 1697 3324 1753 intentio
3353 1705 3456 1764 est,
3509 1696 3662 1753 unde
3702 1696 3826 1751 illic

2121 1789 2385 1858 sequitur
2420 1804 2432 1842 :
2469 1788 2724 1842 Firmabo
2757 1803 2918 1857 super
2963 1793 3012 1842 te
3041 1789 3216 1841 oculos
3261 1801 3399 1840 meos
3431 1785 3637 1856 (lbid.),
3665 1784 3822 1840 scili-

2123 1885 2209 1934 cet
2250 1885 2310 1933 ut
2355 1876 2663 1933 secundem
2695 1883 3006 1946 proventus
3053 1883 3197 1932 tuos.
3248 1874 3376 1930 Post
3405 1887 3627 1930 annum
3656 1887 3823 1943 ergo,

2125 1966 2180 2021 id
2209 1973 2292 2020 est
2333 1965 2770 2020 illustrationem
2816 1964 3056 2019 emlestis
3099 1963 3368 2029 scientia,
3424 1963 3676 2031 itemque
3727 1975 3829 2015 an-

2123 2069 2266 2110 num
2311 2053 2674 2124 operationis,
2729 2053 2988 2109 videlicet
3051 2051 3462 2108 institutionem
3522 2051 3628 2121 pia
3683 2065 3826 2106 cunt

2125 2141 2366 2198 firmitas
2413 2143 2756 2212 proponitur
2809 2141 3276 2211 perseverantia,
3333 2139 3588 2210 pravitas
3638 2139 3825 2194 nostri

2131 2235 2269 2285 14⁸3
2320 2229 2622 2300 appetitus,
2656 2231 2757 2300 qui
2803 2229 3179 2299 dissipatoris,
3233 2228 3387 2298 quod
3436 2235 3520 2283 est
3569 2227 3824 2293 Pharao,

2118 2319 2250 2389 jure
2279 2326 2543 2374 censetur
2585 2318 2814 2373 nomine
2859 2334 2872 2372 :
2907 2317 2994 2374 vel
3023 2319 3194 2373 etiam
3244 2317 3361 2386 ipse
3390 2315 3654 2372 diabolus
3680 2315 3824 2372 sub-

2125 2405 2206 2461 tili
2255 2407 2506 2476 quadam
2557 2405 2791 2460 scientia
2838 2420 2964 2470 sua,
3003 2413 3056 2460 et
3101 2405 3280 2460 instar
3311 2403 3515 2459 somnii
3561 2403 3667 2458 sibi
3718 2403 3821 2458 soli

2121 2494 2369 2563 cognita,
2405 2493 2688 2563 portendit
2731 2493 2888 2562 apud
2929 2508 2986 2548 se
3032 2507 3098 2548 ac
3149 2491 3410 2562 providet
3457 2491 3655 2546 futura
3698 2498 3825 2560 post

2125 2581 2326 2652 gratia
2354 2581 2768 2650 experientiam
2801 2581 2888 2636 dis
2925 2581 3152 2636 ritnina.

2197 2670 2368 2726 VERS.
2417 2674 2474 2734 7,
2519 2672 2572 2724 8.
2620 2701 2685 2710 -—
2730 2671 2972 2737 Eeiyilat
3013 2674 3135 2738 post
3183 2671 3413 2738 quietem
3471 2669 3724 2731 Pharao,
3775 2672 3826 2720 et

2125 2761 2270 2825 facto
2313 2774 2468 2811 mane
2522 2773 2723 2826 pavore
2762 2761 3118 2828 perterritus,
3175 2759 3326 2810 misit
3373 2757 3447 2810 ad
3503 2753 3826 2825 conjectures

2126 2847 2388 2916 Egypti,
2439 2852 2756 2914 cunctosque
2799 2849 3101 2915 sapientes;
3155 2850 3206 2900 et
3249 2847 3521 2900 accersitis
3568 2847 3828 2897 narravit

2124 2937 2413 3001 somnium,
2428 2949 2522 2988 nec
2549 2940 2666 2988 erat
2687 2937 2785 3004 qui
2802 2937 3274 3005 interpretaretur.
3288 2933 3458 3001 Quies
3481 2932 3825 2998 Pharaonis,

2127 3022 2409 3078 calliditas
2457 3030 2558 3090 est,
2601 3037 2721 3092 qua
2757 3023 2831 3078 ad
2879 3023 3076 3079 horam
3119 3021 3310 3079 differt
3358 3021 3674 3078 molestiam
3711 3020 3830 3075 im-

322 3105 689 3164 circumlatas
733 3106 887 3161 omni
930 3113 1097 3161 vento
1153 3106 1426 3162 doctrina
1477 3107 1851 3177 cogitationes
1896 3108 2018 3165 dis—
2054 3119 2093 3175 c
2125 3111 2511 3181 pttgnationis.
2548 3112 2820 3180 Evigilat,
2851 3127 2983 3168 cum
3015 3112 3274 3167 animum
3306 3125 3404 3180 per
3436 3109 3663 3166 turbam
3695 3115 3830 3164 ten—

323 3196 523 3252 tendit.
583 3197 730 3252 Inter
781 3197 969 3265 epulas
1027 3197 1363 3252 recordatur
1414 3199 1671 3266 magistri
1719 3201 2018 3269 pincerna-

323 3301 468 3354 rum,
489 3290 538 3338 et
563 3287 838 3354 pistorum
867 3286 1156 3353 principis,
1177 3299 1308 3340 cum
1341 3293 1465 3354 post
1485 3285 1572 3358 vel
1596 3287 1743 3342 inter
1764 3287 2020 3344 fastuum

323 3372 492 3444 quasi
528 3373 918 3443 quarumdam
966 3372 1202 3442 dapium
1254 3371 1752 3444 ingurgitationes,
1785 3390 1858 3430 ex
1900 3375 2019 3444 ipso

323 3461 726 3530 superbiarum
771 3461 1020 3530 pondere
1063 3460 1352 3516 recordari
1392 3475 1494 3517 nos
1539 3460 1694 3528 facit,
1729 3463 1860 3518 hinc
1889 3463 2017 3534 qui-

323 3551 452 3606 dem
507 3548 840 3619 principalis
868 3548 1047 3604 nostri
1095 3548 1254 3613 boni,
1290 3550 1444 3620 quod
1485 3557 1568 3606 est
1599 3551 1776 3621 pietas
1809 3551 2019 3608 volun-

325 3637 475 3703 tatis,
509 3652 639 3708 qua
671 3636 884 3692 scilicet
919 3636 1210 3708 ergastulo
1251 3637 1556 3705 addicitur,
1593 3639 1751 3695 illinc
1781 3639 2022 3696 rationis

324 3725 710 3782 subtilitatum
731 3724 1062 3780 divinarum
1085 3725 1374 3796 magistra
1399 3741 1529 3797 qua
1547 3727 1740 3784 itidem
1763 3737 1895 3798 typo
1907 3728 2024 3785 alli-

325 3813 492 3869 citur.
523 3814 771 3868 Alterum
813 3827 952 3884 ergo
997 3817 1052 3867 in
1091 3815 1261 3868 locum
1303 3830 1480 3881 suum,
1514 3821 1574 3870 ut
1616 3819 1733 3884 regi
1768 3817 2022 3886 poculum

319 3904 626 3973 porrigeret
671 3901 886 3956 Pharao
925 3903 1189 3969 restituit;
1241 3903 1470 3958 alterum
1505 3904 1752 3972 patibulo
1797 3919 2024 3974 suspen-

327 3991 430 4056 dit,
482 3991 624 4062 quia
663 3990 802 4046 dum
849 4004 918 4046 ex
970 3991 1234 4046 contuitu
1282 3991 1582 4058 fatuitatis,
1633 4001 1690 4048 et
1735 3993 2020 4063 superbia

325 4087 532 4136 nostra
572 4077 800 4150 fatigari
851 4078 1180 4148 incipimus,
1227 4093 1300 4133 ex
1349 4079 1468 4148 ipsa
1499 4093 1606 4136 sua
1655 4081 2021 4152 instigatione

325 4169 677 4225 occasionem
752 4167 1168 4235 restitutionis,
1221 4166 1445 4223 diabolo
1501 4167 1629 4224 licet
1676 4167 1855 4225 invito
1907 4169 2021 4225 mi-

326 4256 626 4321 nistrante,
677 4255 948 4310 voluntas
1001 4261 1196 4310 nostra
1256 4255 1500 4326 accipit,
1559 4263 1614 4312 et
1670 4256 1858 4313 locum
1912 4259 2021 4328 pia

325 4342 673 4411 intentionis,
725 4343 825 4412 qui
858 4341 1086 4412 proprie
1123 4349 1314 4398 noster
1353 4351 1454 4410 est,
1489 4345 1727 4414 repetiit,
1777 4353 1840 4402 ut
1888 4346 2018 4402 ﬁlia

2129 3199 2356 3254 tationis
2395 3199 2670 3255 incursat.
2728 3199 2894 3254 Facto
2932 3215 3088 3254 mane
3130 3215 3332 3268 pavore
3384 3205 3646 3263 terretur,
3689 3211 3831 3252 cum

2128 3285 2277 3341 inter
2313 3285 2648 3342 tentandum
2679 3287 2991 3343 clariticata
3017 3286 3297 3343 divinitus
3317 3294 3506 3343 mente
3533 3285 3602 3341 de.
3632 3283 3833 3341 subita

2129 3372 2453 3443 repulsione
2515 3373 2800 3430 turbatur.
2853 3374 3024 3431 Mittit
3092 3375 3168 3429 ad
3223 3375 3544 3443 conjectores
3595 3375 3833 3444 ὥρῃ)τί

2127 3467 2446 3531 cunctosque
2493 3464 2762 3530 sapientes
2818 3477 2951 3519 cum
3009 3463 3362 3532 spiritualem
3420 3460 3832 3534 cogitationem

2125 3548 2564 3616 circumvenire,
2589 3564 2655 3606 ac
2685 3552 2966 3621 vestigare
2995 3553 3122 3622 ejus
3151 3551 3494 3608 intentiones
3525 3564 3624 3620 per
3643 3564 3832 3605 mun-

2127 3637 2291 3693 dana
2326 3637 2532 3693 nititur
2563 3637 2789 3694 astutia
2824 3639 3306 3696 ratiocinationes.
3348 3640 3644 3692 Accersitis
3673 3653 3832 3692 som-

2123 3728 2276 3779 nium
2317 3733 2536 3794 narrat,
2569 3740 2702 3782 cum
2753 3736 3090 3783 coacervata
3140 3728 3503 3782 internorum
3559 3734 3831 3781 motuum

2128 3814 2489 3884 frequentia,
2553 3815 2621 3871 de
2666 3814 3071 3872 incertitudine
3125 3815 3498 3871 invisibilium
3557 3813 3835 3870 diabolus

2127 3901 2404 3972 disputat.
2446 3903 2570 3959 Non
2617 3911 2703 3960 est
2732 3903 2835 3975 qui
2881 3903 3308 3974 interpretetur,
3345 3904 3485 3974 quia
3509 3902 3836 3972 spiritualis

2127 3991 2358 4047 animus
2395 4005 2527 4047 cum
2571 3991 2766 4048 omnia
2809 3991 3027 4063 judicet
3071 4008 3105 4046 ει
3162 3992 3500 4047 carnalitate
3546 4006 3660 4046 non
3712 3992 3836 4046 cir-

2127 4079 2553 4136 cumscribitur.

2203 4169 2366 4225 VEns.
2397 4171 2446 4222 9.
2490 4199 2558 4208 —
2610 4171 2752 4224 Tunc
2796 4169 3012 4223 demum
3059 4171 3404 4224 reminiscens
3440 4171 3834 4238 pincernarum

2127 4258 2389 4324 magister
2437 4260 2519 4310 ait
2575 4271 2587 4311 :
2642 4259 2903 4325 Conﬁteor
2937 4264 3216 4327 peccatum
3259 4273 3461 4322 meum,
3505 4264 3610 4312 etc.
3660 4256 3833 4312 Tunc

2131 4344 2538 4415 pincernarum
2591 4345 2861 4415 magister
2917 4346 3348 4413 reminiscitur,
3407 4351 3832 4414 peccatumque

326 4431 656 4501 Babylonis,
703 4430 756 4486 id
805 4437 890 4486 est
939 4430 1128 4487 fluxui
1180 4432 1536 4500 tentationis,
1598 4448 1716 4504 qua
1773 4435 2014 4492 confun-
2056 4414 2100 4468 Β
2133 4414 2361 4499 fatetur,
2415 4446 2548 4488 cum
2597 4414 2748 4488 bona
2798 4432 3080 4497 voluntas,
3136 4449 3268 4504 qua
3319 4433 3570 4490 salubris
3623 4439 3830 4502 potum

326 4520 540 4587 dimur,
592 4519 1028 4576 retributionem
1091 4533 1266 4590 quam
1317 4521 1482 4577 nobis
1535 4522 1799 4579 retribuit
1852 4523 2018 4594 (Psal.

325 4622 568 4676 cxxxvr,
599 4608 673 4676 8),
703 4607 871 4678 quasi
901 4608 1170 4678 poculum
1207 4608 1492 4664 Pharaoni
1519 4610 1940 4679 retribuamus;
1966 4621 2022 4669 et

327 4696 677 4754 intellectum
727 4711 1098 4768 quarumque
1145 4695 1516 4753 scientiarum
1567 4699 1732 4768 quasi
1777 4699 2020 4770 pistoria

325 4785 464 4841 artis
503 4784 821 4856 principem
869 4786 994 4856 (per
1039 4784 1147 4840 hoc
1184 4787 1335 4840 enim
1382 4800 1632 4856 quaque
1673 4801 1740 4842 ac
1793 4787 1838 4842 si
1887 4786 2022 4857 pin-

327 4873 504 4930 sendo
542 4873 905 4940 discutimus,
950 4887 1022 4928 ne
1072 4873 1128 4928 in
1180 4873 1510 4942 superbiam
1554 4872 1885 4945 ell‘cramur)
1929 4875 2022 4930 di-

327 4960 448 5016 vini
479 4960 698 5016 timoris
723 4959 981 5030 patibulo
1019 4959 1328 5031 attigimus,
1366 4959 1476 5016 imo
1506 4961 1930 5030 suspendimus,
1965 4961 2022 5018 id

328 5055 412 5102 est
471 5045 543 5102 ab
591 5047 848 5116 appetitu
903 5046 1100 5101 infimo
1159 5046 1551 5102 sublevamus.
1614 5049 1744 5104 Hac
1799 5048 2022 5104 Pharao

329 5134 472 5206 agit,
513 5134 674 5204 quia,
702 5134 842 5190 dum
890 5148 994 5190 nos
1021 5141 1197 5190 tentat
1225 5134 1504 5202 diabolus,
1544 5144 1646 5192 aut
1673 5151 1888 5206 pravus
1913 5151 2022 5208 ap-

329 5223 541 5293 petitus
570 5221 643 5278 ad
680 5221 788 5278 ista
829 5221 1163 5278 necessitate
1211 5237 1314 5278 nos
1364 5224 1532 5294 cogit,
1582 5231 1828 5280 mentem
1869 5224 2020 5281 enim

329 5310 400 5366 ad
447 5311 628 5367 Deum
678 5317 734 5366 et
766 5309 838 5366 ad
867 5323 926 5366 se
975 5309 1157 5378 ipsam
1205 5310 1491 5366 coadunat
1538 5318 1591 5366 et
1629 5313 1878 5383 stringit.
1912 5311 2020 5367 Ve-

327 5397 470 5454 ritas
522 5395 858 5468 conjectoris
915 5396 1046 5452 inde
1106 5396 1404 5467 probatur,
1460 5397 1598 5452 dum
1655 5399 1836 5454 sancti
1892 5412 2020 5468 pro-

328 5485 512 5542 fectus
543 5484 890 5542 desiderium
942 5499 1140 5552 verax,
1185 5492 1240 5542 et
1285 5484 1576 5554 aquitatis
1617 5487 1933 5554 continens,
1963 5485 2022 5542 in

327 5581 676 5631 aternorum
708 5574 1290 5645 transitoriorumque
1329 5573 1668 5630 discretione
1703 5589 1776 5630 ex
1803 5573 2023 5631 eﬁecti—

332 5661 441 5718 bus
487 5659 802 5732 judicatur.
852 5661 1046 5731 (Vnus.
1097 5662 1213 5730 23.)
1263 5657 1681 5716 Succedentibus
1717 5663 2020 5730 prosperis,

2126 4519 2346 4576 consilii
2384 4521 2540 4576 cordi
2585 4521 2864 4577 adversus
2913 4522 3262 4576 Pharaonem
3321 4520 3600 4592 propinat,
3634 4519 3832 4590 negli-

2128 4611 2334 4682 gentia
2363 4625 2422 4666 se
2468 4612 2682 4681 arguit,
2717 4611 2872 4681 quod
2915 4611 3281 4681 aliquantula
3311 4611 3502 4681 quiete
3535 4608 3830 4666 arridente

2125 4698 2301 4753 animi
2351 4699 2663 4768 appetitum
2707 4699 3073 4754 intermiserit
3115 4697 3498 4761 excrescendi,
3545 4696 3698 4766 quod
3743 4706 3831 4753 est

2129 4787 2455 4856 interpretis
2503 4786 2784 4842 oblivisci.
2835 4787 3072 4857 Josepb,
3129 4787 3230 4856 qui
3261 4791 3606 4854 augmentum
3635 4794 3827 4852 sonat,

2128 4873 2252 4930 ideo
2296 4874 2571 4944 interpres
2601 4875 2833 4944 dicitur,
2880 4876 3019 4946 quia
3069 4890 3374 4946 nunquam
3415 4873 3610 4929 arcani
3639 4887 3830 4943 capax

2128 4961 2309 5018 divini
2358 4977 2520 5019 mens
2566 4979 2688 5020 esse
2718 4971 2914 5034 potest,
2965 4977 3095 5033 qua
3147 4979 3261 5019 non
3312 4976 3534 5032 semper
3583 4961 3832 5018 calestis

2130 5049 2461 5106 incrementi
2508 5061 2784 5121 appetens
2811 5061 2913 5108 est.
2953 5051 3150 5121 (Vens.
3207 5050 3310 5121 l0.)
3340 5053 3528 5107 Iratus
3565 5066 3664 5104 rea:
3711 5065 3829 5104 ser-

2128 5139 2210 5192 vis
2255 5140 2390 5205 suis,
2421 5154 2502 5193 me
2537 5145 2588 5194 et
2632 5143 2956 5208 magistrum
2997 5141 3263 5210 pistorum
3300 5139 3512 5194 retrudi
3548 5137 3722 5208 jussit
3769 5141 3830 5194 in
3854 5173 3867 5177 -

2129 5241 2392 5280 carcerem
2420 5229 2690 5296 principis
2719 5231 2975 5282 militum.
3022 5229 3166 5290 Rem,
3217 5229 3270 5282 id
3297 5236 3380 5283 est
3409 5226 3690 5293 diabolus,
3723 5225 3826 5296 qui

2131 5312 2261 5369 filiis
2312 5315 2599 5384 superbia
2629 5315 2964 5371 dominatur
3003 5316 3125 5386 (Job
3182 5329 3299 5384 xu,
3331 5317 3446 5382 25),
3487 5316 3656 5368 servis
3687 5317 3824 5379 suis,

2129 5415 2243 5456 non
2297 5401 2399 5471 qui
2447 5411 2602 5470 sunt,
2654 5403 2751 5458 sed
2808 5403 2909 5473 qui
2965 5403 3220 5468 fuerunt,
3253 5411 3308 5458 et
3340 5404 3461 5474 jam
3509 5415 3543 5457 a
3590 5401 3828 5458 veritate

2129 5486 2351 5544 liberati
2398 5498 2553 5558 sunt,
2588 5491 2884 5560 irascitur;
2917 5491 2972 5546 in
3022 5491 3126 5547 hos
3169 5491 3321 5547 enim
3369 5489 3620 5547 atrocius
3665 5488 3824 5544 inve-

2129 5574 2308 5642 hitur,
2368 5575 2488 5646 ipse
2531 5577 2905 5645 voluntatem,
2949 5579 3194 5635 liberum
3252 5579 3463 5635 scilicet
3493 5577 3823 5643 arbitrium,

2127 5670 2184 5718 et
2226 5663 2566 5730 discutiendi
2611 5678 2678 5720 ac
2719 5665 2764 5720 si
2808 5664 3068 5734 pinsendi
3129 5664 3444 5736 principem
3498 5664 3822 5722 intellecum
