3950 6420
164 420 229 475 7⁸7
1327 413 1685 471 MORALIUM
1721 411 1797 470 1N
1832 411 2140 470 GENESIN
2183 412 2314 470 LIB.
2345 412 2441 469 1X.

3533 417 3639 470 278

129 548 367 607 retrudit
425 550 486 603 in
536 563 803 603 carcerem
849 548 1121 617 principis
1173 546 1429 611 militum,
1487 543 1627 614 quia
1670 544 1822 615 cogit
1859 545 1906 597 Α
1933 557 2034 613 per
2064 558 2237 614 quem
2270 551 2381 600 stat
2406 545 2651 611 Pharao,
2686 544 2888 602 mundi
2926 546 3105 617 hujus
3133 552 3217 602 est
3251 544 3636 602 abrenuntia-

129 653 226 710 per
295 635 760 709 impugnationis
837 635 1142 698 ambitum,
1211 641 1265 689 et
1349 639 1571 688 coercet
1643 632 1823 687 veluti

130 729 275 784 intra
339 725 706 797 ergastulum
780 724 1037 795 ejusdem
1095 723 1340 785 Satanze,
1391 722 1492 791 qui
1559 721 1824 791 princeps

127 831 319 873 eorum
363 824 470 881 est,
517 829 649 886 quas
697 813 946 869 militant
1001 812 1281 867 adversus
1332 810 1607 877 animam,
1655 810 1822 866 vitio-

129 920 253 962 rum
287 906 343 975 (I
373 908 522 960 Petr.
575 919 634 966 ιι.
676 905 776 973 11).
824 901 1088 972 Reliqua,
1120 908 1199 957 .ut
1240 899 1510 968 superius
1560 899 1824 968 exposita

126 1003 279 1062 sunt,
311 994 587 1065 intellige.

192 1082 354 1151 Quod
412 1096 551 1138 vero
600 1081 774 1137 dicit:
837 1079 1036 1151 (Vsus.
1077 1078 1341 1148 12.)Erat
1383 1078 1463 1130 ibi
1510 1093 1649 1146 puer
1714 1080 1823 1132 IIe-

129 1174 318 1237 brzus,
376 1170 618 1242 ejusdem
688 1171 844 1225 ducis
899 1168 1165 1234 famulus,
1225 1167 1427 1222 ducem
1488 1179 1626 1221 sane
1686 1165 1823 1221 olim
1870 1172 1875 1177 '

130 1262 312 1333 ipsum
384 1260 680 1317 diabolum
738 1264 990 1321 secutus,
1053 1256 1150 1312 sed
1209 1256 1281 1311 ad
1334 1254 1595 1325 pueritiae
1654 1254 1824 1310 novi-

127 1358 297 1407 tatem
400 1347 906 1418 innocentiamque
1007 1358 1295 1410 reversus,
1381 1344 1565 1399 t‘actus
1669 1343 1823 1398 enim

127 1446 246 1495 erat
304 1438 605 1505 transitor,
662 1436 817 1507 quod
872 1442 954 1491 est
1008 1434 1286 1490 Hebraeus
1339 1432 1396 1487 in
1448 1446 1696 1498 carcere,
1754 1432 1823 1487 de

128 1542 239 1598 quo
280 1526 498 1597 legitur
544 1526 597 1580 in
653 1523 1011 1594 Apocalypsi.
1079 1522 1463 1578 constitutus:
1515 1523 1675 1588 Ecce,
1727 1521 1821 1576 in-

126 1616 270 1686 quit,
342 1618 608 1669 missurus
665 1618 745 1667 est
812 1629 880 1666 ea:
928 1612 1081 1666 vobis
1138 1611 1387 1665 diabolus
1441 1614 1500 1665 in
1558 1626 1824 1664 carcerem

129 1707 313 1774 (Apoc.
365 1719 427 1771 II,
492 1704 605 1773 10),
652 1710 760 1758 etc.
810 1701 1007 1770 (Vens.
1068 1700 1176 1770 14.)
1224 1702 1498 1755 Protinus.
1552 1699 1627 1753 ad
1673 1713 1823 1766 regis

125 1795 431 1863 imperium,
466 1792 715 1846 eductum
749 1790 815 1844 de
858 1804 1069 1846 carcere
1097 1789 1294 1857 Joseph
1342 1787 1726 1853 tetenderunt;
1759 1802 1821 1841 ac

126 1887 262 1937 veste
303 1887 522 1936 mutata
575 1880 884 1935 obtulerunt
921 1880 987 1933 ei.
1049 1878 1142 1932 Ad
1204 1878 1349 1945 regis
1414 1878 1705 1945 imperium
1756 1876 1823 1930 de

126 1986 328 2025 carcere
353 1969 564 2039 Joseph
594 1969 877 2029 educitur,
922 1980 1036 2021 non
1072 1966 1227 2036 quod
1258 1964 1471 2021 diaboli
1513 1963 1821 2033 imperium

127 2060 193 2116 ad
244 2060 432 2116 nostri
484 2059 560 2129 pii
601 2058 871 2114 desiderii
915 2056 1330 2122 liberationem,
1376 2055 1484 2109 nisi
1516 2055 1692 2110 solius
1723 2053 1822 2109 Dei

126 2150 325 2217 valeat,
386 2149 485 2204 sed
556 2148 716 2219 quia,
771 2147 944 2217 juxta
1007 2143 1399 2214 quorumdam
1460 2142 1819 2213 pravitatem,

126 2253 321 2295 sensus
356 2239 558 2294 laxare
597 2235 872 2302 creditur,
907 2248 942 2290 a
972 2246 1225 2304 quorum
1260 2231 1820 2302 impugnationibus,

130 2330 233 2383 Deo
256 2327 522 2397 jubentc,
555 2331 757 2382 cessat.
794 2323 955 2379 Unde
987 2329 1043 2378 et
1073 2321 1230 2392 apud
1278 2320 1570 2376 Danielem
1618 2320 1823 2376 Nabu-

127 2416 480 2472 chodonosor
511 2421 821 2485 percutere,
866 2410 1175 2467 humiliare
1207 2419 1262 2465 et
1308 2408 1565 2465 occidere
1613 2409 1825 2465 dicitur

128 2517 266 2573 quos
284 2501 519 2558 volebat
547 2501 716 2572 (Dan.
756 2516 810 2567 v,
847 2501 953 2570 t9),
986 2513 1085 2554 cor
1113 2498 1284 2568 cujus
1328 2505 1521 2553 tamen
1566 2512 1681 2552 non
1714 2498 1821 2553 nisi

130 2590 181 2644 in
227 2604 409 2645 manu
457 2590 550 2645 Dei
601 2596 743 2645 erat.
804 2588 1119 2652 Tondetur,
1164 2587 1302 2641 dum
1350 2599 1439 2653 ea,
1484 2600 1617 2655 quae
1676 2585 1823 2641 inter

128 2679 465 2735 tentationcs
497 2683 862 2735 succreverat
898 2674 1315 2746 superﬂuitate,
1350 2682 1628 2743 promptae
1675 2674 1824 2729 ferro

130 2766 484 2823 discretionis
533 2774 588 2821 et
636 2765 879 2836 geminze
927 2764 1139 2833 forcipe
1185 2762 1485 2817 charitatis
1534 2762 1820 2831 privatur.

134 2855 305 2912 Vestis
340 2863 627 2921 mutatur,
670 2855 810 2911 dum
851 2852 1059 2909 mentis
1102 2851 1336 2907 habitus
1371 2850 1703 2905 innovatur.
1739 2851 1823 2906 Ab

133 2944 214 2999 his
257 2959 290 3000 a
334 2945 556 3015 quibus
595 2951 854 2999 attonsus
892 2950 992 3009 est,
1040 2939 1323 2997 Pharaoni
1378 2938 1639 3005 oﬂ‘ertur,
1689 2953 1820 2995 cum

130 3046 222 3101 per
249 3031 644 3103 spiritualium
676 3031 933 3087 subsidia
966 3036 1226 3085 motuum
1259 3027 1332 3082 ad
1364 3027 1470 3081 hoc
1500 3035 1564 3082 ut
1594 3026 1823 3082 diabolo

130 3122 377 3188 obsistat,
440 3128 829 3191 promovetur.
885 3118 1102 3175 Offerre
1148 3117 1301 3173 enim
1340 3130 1413 3171 ex
1460 3115 1524 3169 ob
1570 3122 1625 3170 et
1682 3117 1822 3181 fero,

130 3214 253 3279 fers,
274 3211 678 3281 compositum,
715 3207 945 3279 proprie
986 3206 1200 3262 dicitur
1239 3210 1429 3260 contra
1466 3206 1630 3271 ferre.
1668 3205 1827 3260 Unde

130 3308 180 3355 et
220 3300 376 3370 apud
430 3299 716 3355 comicum
781 3296 990 3353 vitium
1044 3295 1285 3352 feliciter
1331 3294 1546 3349 dicitur
1606 3294 1822 3365 virgini

129 3388 399 3455 oblatum,
451 3387 789 3443 violentiam
823 3385 993 3456 plane
1039 3383 1377 3455 signiﬁcans
1404 3383 1549 3454 (Ter.
1598 3383 1708 3437 Ad.
1743 3398 1821 3449 lli,

140 3481 182 3543 1,
214 3481 282 3545 9).

195 3566 361 3623 Vnus.
430 3569 513 3621 15.
562 3593 634 3605 -
686 3564 833 3630 Vidi,
890 3562 1098 3633 inquit,
1158 3564 1390 3627 somnia,
1450 3576 1540 3615 nec
1596 3565 1677 3614 est
1730 3562 1826 3630 qui

131 3655 403 3710 edisserat.
435 3655 528 3709 Ex
557 3653 842 3709 industria
875 3651 1071 3717 hostis,
1109 3658 1162 3706 et
1190 3650 1359 3719 quasi
1390 3650 1462 3704 ad
1495 3649 1824 3718 imperium,

132 3751 191 3799 ut
211 3744 610 3814 praemisimus,
635 3755 829 3808 suum,
858 3740 928 3796 ab
950 3740 1317 3810 oppressione
1339 3745 1536 3794 nostra
1557 3737 1823 3807 quiescit,

134 3841 192 3888 ut
234 3833 444 3903 quietis
484 3846 552 3887 ac
599 3830 835 3891 securis.
872 3829 1039 3899 quasi
1080 3842 1182 3898 per
1226 3827 1614 3897 quaestionum
1660 3840 1824 3881 revo-

135 3920 369 3978 lutiones
436 3921 667 3985 inferat,
724 3919 878 3990 quod
932 3917 1333 3988 impugnando
1395 3930 1509 3971 non
1577 3923 1817 3985 poterat.

137 4010 224 4065 Est
267 4025 405 4081 ergo
451 4023 695 4065 sensus:
737 4007 890 4076 Vidi,
927 4006 1137 4077 inquit,
1183 4006 1240 4061 id
1280 4012 1382 4072 est,
1432 4004 1685 4060 intellexi
1730 4004 1824 4059 in-

135 4102 526 4158 certitudinem
557 4099 1025 4156 invisibilitatum
1067 4112 1199 4168 quae
1239 4097 1480 4167 appetis,
1518 4095 1659 4165 quia
1687 4094 1823 4165 qui-

138 4190 365 4247 busdam
397 4190 569 4261 quasi
610 4188 846 4245 somniis
874 4187 1147 4251 illuderit,
1192 4202 1283 4239 nec
1322 4189 1401 4240 est
1431 4188 1528 4254 qui
1561 4185 1826 4239 cdisserat

134 4294 196 4335 ea
229 4295 355 4351 quae
397 4279 619 4351 cogitas
654 4279 819 4350 vigor
861 4276 1113 4348 alicujus
1154 4275 1432 4342 rationis;
1475 4290 1594 4344 quae
1635 4274 1827 4329 audivi

138 4372 184 4418 te
225 4367 653 4436 prudentissime
702 4365 995 4436 conjicere,
1041 4366 1097 4420 id
1155 4372 1241 4421 est
1286 4378 1418 4434 qute
1469 4364 1721 4433 comperi
1770 4371 1823 4420 te

137 4468 242 4509 non
295 4456 540 4512 scientia
594 4455 895 4526 attingere,
955 4453 1053 4510 sed
1109 4453 1459 4523 conjecturis
1516 4453 1817 4508 aestimare.

137 4543 269 4601 Nota
316 4544 472 4616 quod
534 4544 757 4599 somnia
814 4543 1041 4610 vidisse,
1102 4542 1448 4613 conjectum
1494 4540 1709 4596 famam
1768 4555 1827 4597 se

136 4634 328 4689 asserit
354 4634 609 4690 audisse.
644 4632 863 4689 Certior
897 4640 980 4689 est
1010 4640 1205 4688 autem
1248 4632 1408 4687 visus
1442 4644 1620 4701 quam
1654 4630 1826 4685 audi-

139 4728 243 4778 tus.
287 4724 468 4787 Certo,
522 4722 623 4791 ait,
671 4730 838 4778 teneo
880 4721 1237 4777 somniorum
1283 4720 1381 4776 illa
1421 4719 1632 4775 similia
1682 4734 1823 4787 esse,

141 4824 261 4879 qua:
300 4819 350 4868 te
388 4826 458 4868 ac
502 4811 548 4866 si
590 4825 663 4867 ex
719 4824 949 4867 rumore
998 4810 1205 4866 haurio
1256 4808 1722 4880 prudentissime,
1773 4808 1825 4864 id

142 4906 216 4955 est
264 4900 666 4971 providentius
708 4913 883 4970 quam
930 4913 1160 4955 necesse
1198 4906 1282 4955 est
1332 4898 1474 4954 velle
1521 4897 1823 4968 conjicere.

144 4988 313 5056 (Vsus.
380 4990 500 5061 16.)
572 4989 876 5059 Respondit
937 4989 1173 5058 Joseph:
1244 4988 1462 5057 Absque
1524 5002 1607 5040 me
1684 4987 1827 5039 Deus

145 5079 472 5148 respondebit
527 5093 790 5147 prospera
849 5078 1140 5132 Pharaoni.
1205 5076 1367 5144 Quod
1433 5082 1517 5131 est
1591 5074 1824 5130 dicere:

145 5165 253 5223 Non
272 5169 412 5224 meis
440 5166 943 5232 zestimationibus,
985 5166 1084 5222 sed
1125 5166 1339 5221 divinis
1380 5163 1831 5234 aspirationibus

147 5254 257 5322 tibi,
304 5256 553 5320 diabole,
601 5262 656 5311 et
685 5255 801 5311 tuis
849 5254 1207 5311 illationibus
1236 5254 1417 5319 utilia,
1466 5259 1523 5309 et
1568 5266 1832 5323 congrua

150 5344 469 5402 referentur.

208 5432 367 5491 Vsus.
432 5439 521 5501 17,
584 5432 670 5489 18.
702 5461 772 5473 -
819 5434 918 5488 Ait
976 5448 1101 5500 ergo
1155 5433 1403 5487 Pharao:
1443 5430 1708 5485 Putabam
1748 5444 1833 5485 me

150 5526 277 5577 stare
313 5539 475 5594 super
520 5526 705 5593 ripam
743 5523 1005 5590 ﬂuminis,
1052 5526 1103 5575 et
1132 5526 1331 5590 septem
1370 5520 1521 5573 boves
1568 5518 1635 5572 de
1673 5533 1833 5571 amne

152 5624 467 5681 consurgere,
518 5612 784 5683 pulchras
829 5613 1011 5678 nimis,
1052 5615 1103 5665 et
1153 5610 1324 5664 obesis
1373 5608 1671 5669 carnibus;
1715 5621 1834 5674 quae

153 5699 202 5752 in
223 5706 379 5769 pastu
402 5700 639 5772 paludis
672 5701 877 5755 virecta
914 5698 1228 5769 carpebant.
1260 5697 1406 5766 Ripa
1446 5693 1702 5751 ﬂuminis
1733 5708 1830 5749 su-

1935 632 2030 698 tio,
2067 632 2125 687 in
2167 647 2305 703 qua.
2347 634 2486 689 dum
2516 648 2549 689 a
2576 634 2771 690 saeculi
2811 634 3087 691 ﬂuctibus
3117 635 3224 691 tuti
3262 648 3487 701 sumus,
3526 633 3634 689 sub

1934 722 2062 777 aliis
2100 723 2414 792 speciebus,
2464 723 2856 793 spiritualium
2907 724 3120 780 scilicet
3163 723 3460 791 vitiorum,
3511 722 3633 778 dia-

1936 811 2046 867 boli
2080 812 2425 883 subjicimur
2452 812 2713 882 vestigio.
2748 812 2987 880 Quidem
3017 813 3170 869 enim
3205 816 3404 883 portus
3438 813 3632 877 maris,

1932 909 2297 971 contemptus
2342 911 2424 958 est
2482 917 2638 959 curae
2691 902 3025 959 mundialis.
3094 904 3270 971 Super
3321 903 3526 969 ripam,
3578 908 3634 956 et

1932 991 2217 1059 superius,
2273 1006 2437 1060 super
2477 993 2703 1056 ﬂuvium
2753 1000 2904 1047 stare
2942 1004 3002 1045 se
3066 996 3253 1058 putat,
3322 988 3463 1059 quia
3516 1002 3632 1043 non

1933 1079 2117 1134 solum
2152 1078 2399 1135 ﬂuvium
2428 1079 2831 1135 saecularitalis
2860 1079 2969 1134 sibi
3000 1078 3300 1149 subjugat,
3335 1077 3428 1133 sed
3461 1078 3633 1133 etiam

1937 1167 2203 1222 fiduciam
2228 1167 2398 1223 habet
2428 1167 2581 1239 quod
2610 1168 2895 1233 Iordanis,
2930 1167 2986 1223 hi
3028 1166 3241 1222 scilicet
3274 1165 3374 1236 qui
3406 1180 3440 1221 a
3471 1165 3635 1221 fasti-

1936 1255 2046 1310 bus
2089 1255 2283 1310 szeculi
2332 1256 2695 1323 descendere,
2743 1257 2800 1311 in
2848 1271 2944 1312 eos
3005 1254 3303 1327 potestatis
3356 1253 3629 1310 inﬂuant.

1934 1344 2145 1413 Septem
2171 1343 2347 1408 boves,
2369 1353 2583 1414 septem
2611 1346 2750 1401 mihi
2778 1345 3049 1401 videntur
3068 1344 3284 1416 signari
3306 1342 3635 1413 spirituales

1932 1432 2195 1499 virtutes,
2254 1438 2395 1487 I48
2444 1448 2591 1503 quas
2639 1434 2913 1503 propheta
2954 1440 3251 1499 memorat,
3301 1446 3479 1502 super
3525 1430 3627 1487 ﬂo-

1936 1536 2054 1577 rem
2087 1521 2441 1591 quiescentes
2487 1523 2637 1593 (lsai.
2664 1538 2740 1587 χι,
2786 1526 2831 1585 1,
2867 1522 2942 1592 2),
2978 1537 3079 1592 per
3117 1536 3266 1593 quas
3297 1521 3490 1577 innuit
3528 1520 3634 1576 bo-

1934 1624 2142 1665 norum
2207 1610 2466 1665 omnium
2524 1611 2929 1679 plenitudines,
2991 1612 3085 1666 hic
3139 1612 3293 1666 enim
3353 1622 3636 1666 numerus

1933 1698 2125 1769 signat
2169 1698 2596 1754 universitates.
2649 1700 2835 1756 Potest
2883 1707 2939 1755 et
2986 1706 3242 1770 quatuor
3293 1696 3635 1768 principales

1934 1788 2197 1855 virtutes,
2254 1800 2386 1843 cum
2429 1786 2618 1843 tribus
2657 1788 3025 1845 naturalibus
3078 1788 3307 1855 nostris,
3345 1785 3636 1842 intellectu

1936 1876 2219 1942 videlicet,
2270 1877 2492 1931 ratione
2541 1884 2596 1933 et
2635 1877 3048 1949 imaginatione
3096 1878 3315 1943 mistas,
3364 1875 3633 1947 signare;

1933 1980 2065 2037 qum
2095 1973 2309 2022 terram
2357 1966 2745 2022 sensualitatis
2776 1974 3005 2033 nostrae,
3041 1980 3107 2022 ac
3156 1965 3200 2022 si
3245 1965 3439 2031 boves,
3471 1962 3638 2020 subi-

1934 2055 2118 2126 gendo
2150 2054 2490 2110 discutiunt.
2521 2054 2787 2111 Pulchrae
2818 2065 3010 2112 autem
3045 2062 3184 2111 sunt
3211 2056 3395 2117 nimis,
3428 2059 3479 2109 et
3508 2054 3637 2108 obe-

1933 2146 2010 2199 sis
2056 2144 2332 2211 carnibus,
2396 2144 2531 2215 quia
2577 2145 2677 2210 eis,
2734 2159 2868 2201 cum
2913 2144 3302 2214 possidentur,
3357 2142 3438 2198 nil
3478 2141 3634 2198 omni

1934 2240 2097 2303 parte
2126 2233 2368 2299 beatius,
2401 2241 2606 2303 praeter
2644 2234 2823 2288 Deum
2861 2233 3006 2289 nihil
3049 2240 3133 2288 est
3177 2231 3400 2302 purius.
3445 2229 3630 2286 Femi-

1933 2336 2041 2378 neo
2090 2329 2280 2379 autem
2329 2322 2606 2379 dicuntur
2653 2336 2883 2393 genere,
2932 2321 3071 2392 quia
3124 2321 3297 2377 totius
3346 2317 3639 2390 religionis

1933 2419 2069 2467 sunt
2100 2420 2311 2467 matres
2338 2426 2405 2467 ac
2448 2411 2723 2467 materiae.
2761 2411 3098 2466 Ascendunt
3131 2411 3200 2467 de
3233 2409 3496 2477 ﬂumine,
3533 2408 3638 2477 qui

1933 2514 2053 2556 sese
2120 2500 2450 2570 proripiunt
2501 2514 2535 2556 a
2591 2500 2788 2555 saeculi
2852 2499 3271 2555 conformitate.
3342 2499 3404 2553 In
3469 2505 3638 2568 pastu

1933 2588 2159 2660 paludis
2187 2589 2406 2645 virecta
2431 2597 2681 2660 carpunt
2725 2589 2865 2644 dum
2912 2589 2971 2644 in
3023 2588 3288 2658 praesenti
3322 2588 3463 2653 vita,
3506 2601 3637 2657 quae

1936 2678 2123 2748 palus,
2176 2686 2231 2733 et
2274 2678 2542 2734 illecebra
2580 2685 2684 2744 est,
2737 2678 2856 2746 spei
2904 2676 3351 2733 immortalitatis
3393 2676 3635 2732 amoeni-

1935 2775 2049 2823 tate
2078 2767 2320 2837 carptim
2355 2774 2565 2834 tamen,
2603 2782 2704 2837 per
2731 2766 3032 2837 speculum
3062 2766 3275 2822 scilicet
3306 2774 3358 2822 et
3390 2765 3640 2837 aenigma

1934 2871 2053 2912 sese
2084 2856 2373 2913 reficiunt.

2007 2946 2186 3001 Vens.
2244 2948 2327 3012 l9,
2379 2947 2467 3011 20,
2516 2948 2605 2999 21.
2652 2974 2719 2986 -
2762 2946 2843 2999 Et
2878 2960 2991 2998 ecce
3040 2943 3468 3013 assequebantur
3513 2943 3638 2997 alia:

1931 3040 2131 3104 septem
2188 3033 2362 3101 boves,
2419 3038 2476 3088 in
2516 3038 2727 3088 tantum
2778 3034 3065 3100 deformes,
3108 3038 3158 3086 et
3203 3033 3520 3098 macilenta,
3577 3036 3638 3086 ut

1865 3116 1905 3171 C
1936 3138 2218 3192 nunquam
2249 3124 2383 3177 tales
2414 3125 2473 3176 in
2499 3127 2646 3177 terra
2687 3124 2914 3190 Egypti
2949 3121 3181 3175 viderim
3206 3136 3220 3186 ;
3260 3136 3381 3189 quae
3409 3120 3635 3174 devora-

1936 3215 2009 3266 tis
2041 3216 2090 3265 et
2128 3212 2472 3279 consumptis
2510 3209 2809 3278 prioribus,
2841 3210 3052 3262 nullum
3088 3208 3403 3261 saturitatis
3444 3206 3638 3261 dedere

1933 3303 2260 3367 vestigium;
2309 3299 2404 3353 sed
2458 3301 2630 3354 simili
2683 3301 2855 3352 macie
2910 3303 2961 3352 et
3018 3297 3272 3366 squalore
3329 3296 3632 3365 torpebant.

1934 3391 2042 3445 Per
2069 3396 2277 3457 septem
2307 3388 2452 3443 alias
2484 3388 2655 3444 boves
2679 3395 2781 3443 aut
2809 3385 3218 3456 temporalitas,
3254 3399 3386 3455 quae
3416 3392 3632 3455 septem

1935 3478 2138 3534 diebus
2173 3477 2453 3543 excurrit,
2496 3484 2596 3532 aut
2639 3484 2753 3532 tota
2802 3474 3155 3541 humanitas,
3204 3487 3335 3544 quae
3380 3482 3635 3543 quatuor

1934 3582 2037 3638 per
2056 3580 2269 3636 corpus
2297 3566 2594 3621 elementis
2640 3572 2881 3631 constat,
2916 3571 2970 3620 et
3014 3564 3072 3619 in
3105 3563 3320 3629 anima,
3380 3562 3630 3633 ingenio,

1932 3656 2250 3722 voluntate,
2285 3662 2340 3710 et
2369 3654 2577 3710 affectu
2611 3653 2959 3723 praeminet,
2990 3652 3299 3721 figuratur.
3340 3650 3471 3706 Haec
3499 3664 3633 3706 cum

1934 3745 2155 3814 absque
2188 3745 2283 3799 Dei
2328 3757 2520 3799 amore
2552 3743 2862 3807 habentur,
2896 3755 2930 3795 a
2974 3740 3293 3811 spiritualis
3322 3738 3454 3794 boni
3501 3739 3636 3808 pin-

1934 3834 2202 3904 guedine,
2235 3840 2289 3888 et
2319 3846 2352 3887 a
2377 3831 2475 3887 Dei
2508 3831 2760 3901 imagine
2800 3828 3221 3893 deformantur,
3257 3842 3389 3897 quae
3420 3826 3638 3897 priores

1933 3931 1989 3979 et
2017 3928 2346 3992 sequuntur
2369 3927 2421 3975 et
2452 3920 2749 3985 devorant,
2775 3918 2917 3988 quia
2938 3917 3136 3972 multis
3165 3924 3288 3985 post
3314 3914 3638 3971 sanctitatis

1933 4011 2302 4068 eminentiam
2349 4008 2596 4078 turpiter
2648 4007 2827 4077 ingeri
2876 4005 3115 4076 contigit
3162 4011 3217 4059 et
3259 4003 3638 4059 humanitatis

1933 4099 2231 4168 desidiam,
2287 4107 2341 4154 et
2375 4096 2812 4168 temporalitatis
2862 4094 3174 4160 luxuriam,
3217 4093 3298 4149 ita
3330 4099 3394 4149 ut
3421 4106 3523 4163 per
3554 4107 3638 4148 re—

1934 4190 2097 4261 probi
2130 4203 2335 4244 sensus
2383 4187 2672 4243 miseriam
2716 4184 3139 4257 Egyptiorum,
3174 4182 3230 4238 id
3267 4189 3351 4237 est
3397 4181 3638 4237 szecula-

1935 4279 2110 4345 rium,
2147 4279 2245 4348 qui
2299 4277 2378 4333 nil
2428 4289 2691 4346 unquam
2743 4286 3090 4344 proposuere
3138 4270 3291 4337 boni,
3337 4277 3637 4341 tranSgre-

1935 4366 2172 4422 diantur
2213 4365 2572 4436 spurcitiam,
2619 4371 2674 4419 et
2722 4377 2837 4418 non
2883 4360 3090 4432 prioris
3128 4360 3314 4417 solum
3356 4360 3489 4415 vitae
3522 4373 3638 4415 non

1936 4454 2164 4510 doleant
2217 4468 2442 4520 casum,
2508 4459 2608 4508 aut
2661 4451 2729 4507 de
2776 4452 2903 4522 ejus
2954 4449 3250 4517 memoria,
3316 4447 3457 4519 quia
3510 4462 3638 4503 eam

1933 4543 2415 4613 consumpserint,
2478 4540 2872 4611 lacrymarum
2926 4539 3153 4594 tandem
3205 4538 3457 4609 aliquem
3509 4536 3639 4593 exi-

1935 4639 2075 4703 gant
2100 4645 2219 4702 quo
2249 4629 2585 4685 reﬁciantur
2613 4635 2910 4697 sumptum
2944 4627 3077 4697 gsed
3112 4626 3287 4681 simili
3315 4640 3432 4696 quo
3459 4624 3632 4681 semel

1938 4720 2140 4776 imbuti
2172 4727 2308 4775 sunt
2330 4717 2547 4788 peccati
2573 4716 2843 4788 squalore
2866 4715 3184 4771 tabescunt.

2005 4808 2177 4865 Vsus.
2224 4810 2313 4874 22,
2355 4809 2446 4875 23,
2489 4809 2576 4861 24.
2608 4836 2676 4845 -
2720 4803 3029 4873 Evigilans,
3073 4817 3267 4857 rursus
3304 4816 3497 4870 sopore
3541 4800 3636 4854 de-

1931 4913 2172 4968 pressus,
2222 4897 2342 4951 vidi
2392 4898 2697 4951 somnium:
2730 4895 2945 4962 Septem
2993 4894 3157 4962 spicae
3199 4890 3549 4960 pullulabant
3578 4892 3635 4943 in

1934 4989 2106 5042 culmo
2154 5001 2281 5054 uno,
2343 4986 2513 5055 plena
2561 4990 2726 5054 atque
2777 4983 3178 5054 pulcherrimae.
3243 4980 3384 5035 Alia:
3429 4995 3639 5049 quoque

1934 5079 2136 5144 septem
2188 5078 2369 5127 tenues
2418 5078 2468 5127 et
2516 5086 2786 5141 percussae
2849 5069 3101 5129 teredine.
3179 5067 3496 5122 oriebantur
3564 5084 3631 5121 ea;

1936 5163 2180 5231 stipula;
2222 5176 2341 5231 qua
2391 5163 2644 5230 priorum
2700 5158 3166 5230 pulchritudinem
3217 5156 3632 5211 devoraverunt.

1939 5246 2088 5308 Dum
2116 5248 2323 5305 nostris
2350 5248 2406 5303 in
2439 5247 2906 5319 cogitationibus,
2952 5245 3271 5301 sanctitatis
3306 5244 3465 5315 quod
3495 5244 3642 5301 arri-

1940 5339 2175 5409 puimus
2207 5336 2511 5407 proposito,
2545 5336 2715 5406 quasi
2760 5336 2963 5391 ruinas
3005 5332 3370 5390 comminans
3412 5331 3641 5403 typicus

1940 5428 2165 5483 Pharao
2216 5426 2337 5481 haec
2387 5424 2668 5495 loquitur.
2714 5423 2987 5495 Evigilat,
3020 5422 3162 5493 quia
3194 5435 3296 5491 per
3341 5420 3545 5478 talium
3587 5421 3643 5475 in

1942 5516 2133 5574 animo
2193 5513 2521 5570 meditantis
2577 5513 3038 5571 retractationem
3088 5513 3454 5568 fortunarum
3516 5524 3646 5565 ma-

1944 5618 2116 5678 gnam
2152 5603 2615 5673 inquietudinem
2644 5601 2879 5657 excitat.
2924 5601 3182 5658 Rursum
3225 5607 3419 5655 tamen
3450 5598 3648 5669 depri-

1944 5693 2143 5757 mitur,
2172 5690 2313 5762 quia
2344 5690 2515 5747 timor
2558 5690 2734 5763 hujus
2768 5689 3106 5761 ingestionis
3140 5686 3456 5758 aliquando
3487 5686 3643 5756 sopi—
