3950 6420
303 393 409 445 279

1210 389 1272 443 V.
1313 387 1640 446 GUIBERTI
1681 390 1972 444 ABBATIS
2009 391 2066 446 S.
2110 388 2350 443 HARLE
2387 387 2479 444 DE
2519 387 2903 445 NOVIGENTO

3704 390 3824 443 280

293 531 412 581 tur.
475 522 606 580 Vidi
663 521 799 578 item
860 523 1148 590 somnium,
1198 527 1262 577 ιιι
1318 523 1473 592 quod
1527 519 1995 591 suggestionibus
2031 521 2078 575 Δ
2111 517 2392 576 virtutum
2429 525 2486 574 et
2513 519 2629 588 spei
2666 520 2846 588 (Prov.
2879 532 3036 583 xxxv.
3075 521 3183 588 16).
3208 519 3604 588 Septenarium
3639 517 3826 574 famis

294 613 417 685 jam
472 610 726 681 impegit,
784 609 1160 680 perniciosius
1216 623 1318 680 per
1356 623 1698 664 consensum
1753 607 1995 674 intimet,

298 699 657 758 somniorum
683 697 944 754 videlicet
974 698 1216 754 similem
1245 698 1531 754 bonorum
1570 697 1810 766 spiritus
1843 695 1998 751 invi-

298 789 576 847 sibilium.
632 789 792 846 Unde
827 795 884 845 et
915 787 1085 844 hodie
1129 787 1278 843 inter
1327 786 1553 856 aliquos
1596 785 1999 857 grammaticos

300 879 374 936 ad
431 878 855 936 illitteratorum
899 877 1077 934 exitia
1127 877 1323 947 gravis
1379 875 1448 932 de
1503 874 2000 946 praedestinatione

302 967 548 1041 quzestio
576 975 680 1024 est.

374 1059 550 1128 Spicea
596 1061 796 1126 septem
856 1055 1139 1111 virtutum
1199 1054 1494 1125 plenitudo
1553 1061 1657 1120 est,
1729 1052 1882 1109 unde
1945 1059 2002 1109 et

297 1147 473 1218 plena
505 1145 877 1216 pulchraque
907 1145 1204 1209 dicuntur,
1238 1143 1335 1199 ubi
1367 1157 1501 1198 cum
1533 1142 1824 1212 palearum
1856 1140 2003 1196 inte-

306 1241 603 1307 gumenta,
631 1241 688 1288 et
712 1232 1023 1288 aristarum
1077 1231 1225 1286 adsit
1256 1230 1576 1300 hispiditas,
1626 1228 2005 1299 superﬂuita-

307 1331 389 1381 tes
429 1321 845 1393 cogitationum
887 1335 1195 1391 oppansas,
1242 1326 1296 1376 et
1344 1334 1598 1390 nequam
1637 1318 2005 1375 affectionum

305 1411 720 1468 sollicitudines
751 1411 808 1466 in
859 1410 1109 1466 excitato
1148 1409 1270 1479 jam
1303 1408 1495 1464 animo
1533 1408 1723 1479 signat
1767 1415 2002 1463 erectas.

304 1501 377 1556 In
395 1501 568 1554 culmo
587 1507 779 1556 autem
809 1513 915 1553 uno
943 1497 1249 1568 pullulant.
1278 1497 1417 1567 quia
1447 1511 1578 1552 cum
1602 1511 1720 1553 una
1745 1497 1815 1552 sit
1847 1496 2003 1565 fides,

312 1602 499 1645 unum
550 1587 854 1657 baptisma,
899 1600 1171 1655 unusque
1203 1587 1350 1640 Deus
1383 1585 1614 1654 (Ephes.
1668 1601 1742 1651 iv,
1800 1587 1880 1654 5),
1931 1600 2005 1641 ex

311 1677 420 1732 hac
471 1677 592 1747 ipsa
640 1675 862 1732 unitate
912 1689 1141 1730 necesse
1181 1681 1267 1730 est
1317 1682 1579 1743 surgant.
1633 1674 1817 1729 Potest
1853 1681 1910 1730 et
1948 1678 2006 1729 in

308 1765 480 1819 culmo
521 1777 683 1819 mens
712 1764 852 1832 ipsa,
897 1762 969 1817 ob
1010 1761 1103 1817 sui
1152 1761 1591 1818 inconstantiam
1637 1761 1746 1817 dici
1788 1769 2002 1830 notata,

311 1864 487 1922 quam
518 1864 651 1906 cum
685 1850 807 1906 suis
837 1848 1142 1917 fructibus,
1169 1857 1384 1918 septem
1415 1848 1540 1904 alia;
1574 1849 2007 1918 temporalitatis

308 1938 796 2008 animalitatisque
843 1937 1066 2008 stipulae
1105 1937 1342 2007 steriles,
1373 1945 1429 1994 et
1476 1937 1736 1993 inanium
1787 1938 2005 2008 gloria—

317 2042 450 2084 rum
490 2041 590 2098 per
617 2040 793 2082 auras
819 2033 1040 2082 exusta:
1059 2026 1375 2088 subruunt,
1409 2025 1802 2095 subrutasque
1836 2026 2008 2082 totius

321 2116 397 2186 pii
429 2123 594 2172 actus
636 2114 923 2171 oblivione
969 2120 1340 2170 consumunt.
1395 2114 1541 2168 Hinc
1592 2121 1647 2170 et
1689 2115 1833 2179 fetas
1881 2114 2009 2170 illas

321 2210 500 2259 tenues
545 2204 699 2258 boves
763 2201 920 2268 dicit,
978 2216 1094 2257 non
1143 2210 1373 2271 propter
1426 2201 1854 2269 fecunditatem,
1911 2203 2009 2258 sed

315 2293 458 2363 quia
482 2291 647 2348 virile
672 2305 819 2362 opus
861 2289 1075 2346 vicinia
1105 2288 1446 2346 effeminata:
1489 2289 1802 2346 voluntatis
1839 2304 2010 2346 ener-

315 2389 414 2437 vat
441 2387 496 2437 et
528 2379 705 2436 illicit.

388 2469 630 2526 Narravi
658 2466 1046 2538 conjectoribus
1089 2469 1440 2532 somniorum,
1481 2482 1575 2520 nec
1621 2471 1699 2521 est
1748 2468 1845 2536 qui
1872 2465 2012 2522 edis-

317 2561 484 2612 serat.
516 2555 678 2624 Quod
715 2563 800 2612 est
828 2555 1047 2611 dicere:
1094 2555 1246 2622 Hec,
1295 2554 1506 2624 inquit,
1541 2569 1672 2625 quae
1705 2564 1819 2610 tuae
1867 2569 2014 2626 sug-

319 2645 468 2716 gessi
521 2643 840 2715 prudentiae
889 2643 1084 2698 multis
1144 2642 1272 2698 aliis
1332 2642 1560 2712 ingenio
1634 2643 1901 2712 praeditis,
1959 2650 2014 2698 et

323 2733 633 2789 invisibilia
705 2731 986 2802 sagaciter
1048 2731 1491 2786 discutientibus
1550 2729 1738 2796 intuli,
1791 2730 1888 2786 sed
1933 2730 2013 2786 nil

322 2829 609 2889 constans,
636 2819 726 2876 vel
757 2821 867 2876 fide
896 2820 1139 2890 dignum
1173 2819 1246 2875 ab
1283 2819 1372 2874 his
1419 2818 1629 2888 accepi.
1665 2818 1862 2887 (Vens.
1901 2819 2013 2889 25.)

323 2911 397 2967 At
428 2909 668 2979 Joseph:
711 2910 1005 2975 Somnium,
1047 2908 1146 2975 ait,
1208 2910 1353 2976 regis
1391 2923 1558 2962 unum
1595 2913 1711 2972 est;
1757 2923 1877 2976 qua
1921 2910 2010 2975 fa-

325 3003 510 3053 cturus
563 3003 662 3065 est,
714 3000 852 3053 Deus
909 2998 1144 3052 ostendit
1201 2999 1495 3052 Pharaoni.
1556 3001 1633 3053 Ac
1696 2996 1743 3052 si
1815 2996 2014 3053 dicat:

327 3084 674 3153 Praeponere
687 3097 776 3138 me
804 3083 1106 3152 praesentia
1137 3089 1236 3137 tua
1261 3081 1330 3136 de
1377 3080 1608 3147 futuris,
1654 3088 1708 3136 et
1743 3081 2015 3137 tentatio-

328 3185 471 3228 num
497 3170 734 3240 insuper
776 3184 865 3226 me
891 3169 979 3226 vis
1027 3170 1346 3226 absterrere
1392 3169 1682 3235 molestiis,
1739 3169 1836 3225 sed
1884 3168 2015 3225 novi

329 3259 467 3330 quia
521 3258 729 3315 fabulae
778 3271 926 3329 quas
971 3257 1239 3324 intendis,
1291 3264 1417 3327 post
1462 3256 1782 3313 sanctitatis
1825 3257 2019 3313 studia

329 3347 559 3404 ruinam
609 3346 667 3404 in
711 3346 1001 3413 tentando,
1051 3359 1239 3401 unum
1282 3345 1647 3416 portendant.
1693 3353 1757 3400 ut
1804 3345 2019 3401 scilicet

330 3451 419 3492 me
447 3449 482 3491 a
503 3435 648 3492 bene
683 3435 906 3506 agendo
934 3434 1207 3500 divertas,
1238 3440 1293 3488 et
1322 3447 1454 3488 cum
1492 3447 1660 3490 omne
1698 3433 2021 3490 sublimiter

330 3524 544 3589 videas,
583 3529 638 3579 et
685 3536 788 3578 rex
829 3523 906 3578 sis
936 3535 1112 3591 super
1148 3535 1345 3577 omnes
1391 3521 1532 3577 ﬁlios
1577 3522 1859 3591 superbiae
1902 3523 2018 3593 (Job

332 3627 448 3679 xu,
475 3612 587 3678 25),
619 3609 840 3666 osendit
878 3609 980 3666 tibi
1011 3610 1163 3666 Deus
1197 3609 1483 3680 quomodo
1521 3611 1815 3681 justorum
1845 3611 2020 3667 corda

333 3715 434 3771 per
476 3699 814 3756 tentationes
853 3697 1134 3766 humiliet,
1177 3707 1232 3754 et
1273 3713 1368 3754 eos
1412 3713 1484 3754 ex
1525 3698 1848 3756 humilitate
1894 3713 2021 3755 ser-

331 3797 514 3855 vatos,
546 3787 604 3843 in
625 3795 966 3857 perpetuum
999 3794 1049 3843 te
1069 3802 1202 3843 cum
1227 3786 1358 3854 tuis,
1386 3787 1559 3858 juxta
1589 3802 1796 3843 nomen
1827 3795 2017 3852 tuum,

331 3873 801 3946 dissipationibus
856 3875 1146 3942 damnato,
1227 3883 1484 3932 coronet.
1551 3876 1824 3931 Eamdem
1884 3889 2020 3946 ergo

332 3965 451 4021 vim
495 3964 700 4021 somnii
735 3965 1230 4035 comprehendunt
1259 3964 1452 4035 (Vsus.
1501 3968 1587 4032 26)
1621 3970 1820 4034 septem
1869 3965 2021 4018 boves

329 4055 594 4124 pulchra,
623 4059 675 4110 et
720 4060 920 4124 septem
967 4056 1128 4124 spicae
1172 4055 1362 4122 plenae,
1395 4052 1537 4123 quia
1579 4053 1684 4108 etsi
1716 4053 1785 4108 de
1825 4060 2022 4108 nostra

337 4143 697 4214 provectione
745 4143 1020 4212 graveris,
1059 4149 1249 4198 tamen
1287 4141 1478 4212 ipsum
1529 4148 1791 4197 nostrum
1839 4141 2020 4211 profe~

334 4240 490 4287 ctum
521 4231 644 4286 ideo
682 4230 937 4301 loqueris
971 4239 1036 4286 ut
1064 4230 1136 4286 ab
1167 4230 1274 4285 hoc
1313 4230 1432 4300 ipso
1465 4244 1569 4286 nos
1598 4243 1847 4297 revoces,
1881 4230 2020 4286 dum

337 4318 654 4375 infortunia
681 4325 929 4374 ventura
959 4317 1218 4373 minaris.

407 4405 642 4463 Somnia
677 4419 835 4477 ergo,
871 4406 924 4462 id
957 4413 1042 4462 est
1076 4419 1226 4462 vana
1254 4413 1309 4462 et
1337 4420 1500 4462 cassa
1549 4407 1688 4474 haec,
1735 4416 2021 4478 quantum

335 4497 407 4554 ad
439 4503 491 4552 te
520 4501 676 4560 sunt,
710 4495 810 4566 qui
842 4510 959 4552 non
983 4495 1092 4551 nisi
1127 4495 1282 4566 quod
1313 4510 1560 4566 pravum
1589 4503 1672 4552 est
1699 4497 1862 4552 nobis
1892 4511 2025 4566 pro—

335 4584 526 4655 spicis,
568 4584 734 4641 nobis
764 4591 958 4640 autem
993 4599 1126 4641 cum
1175 4585 1421 4641 adversa
1465 4585 1769 4656 vigilanter
1810 4585 2022 4656 praevi-

333 4675 539 4731 demus
583 4673 871 4730 somnium
915 4680 1084 4730 tuum
1130 4673 1247 4730 vim
1281 4674 1492 4729 habere
1533 4688 1841 4745 cognosces
1889 4688 2024 4744 per-

339 4763 552 4834 spicuae
612 4763 890 4831 veritatis,
937 4762 1078 4819 dum
1137 4777 1252 4818 non
1300 4762 1600 4818 deficimus
1647 4777 1749 4832 per
1790 4776 1878 4830 ea,
1925 4763 2022 4818 sed

335 4851 720 4908 subsistimus.
775 4851 1103 4909 Ubertatem
1165 4851 1319 4908 enim
1382 4865 1647 4920 supernae
1705 4850 2024 4908 dulcedinis

334 4947 548 5008 septem
584 4939 722 4994 anni
750 4939 1141 5008 spiritualium
1169 4937 1461 4994 luminum
1505 4938 1874 5008 plenitudinis
1905 4939 2023 5009 typi

337 5026 502 5084 nobis
548 5027 879 5096 important,
913 5027 1010 5083 sed
1052 5027 1121 5082 de
1151 5026 1408 5094 flumine,
1451 5027 1606 5098 quod
1649 5027 1822 5097 juxta
1861 5027 2024 5083 Psal-

333 5117 562 5172 mistam
591 5115 1115 5185 pertranseundum
1160 5123 1244 5171 est
1283 5116 1453 5186 (Psal.
1501 5131 1632 5186 va,
1670 5118 1745 5186 6),
1783 5115 2022 5172 humili-

333 5203 466 5260 tatis
497 5202 662 5273 pede,
714 5201 773 5258 id
801 5209 887 5258 est
931 5202 1000 5259 de
1048 5203 1340 5273 praesentis
1388 5219 1639 5261 excursu
1687 5204 1902 5272 saeculi,
1949 5218 2023 5259 ex

331 5290 518 5364 surgit
547 5290 702 5347 succi
739 5291 981 5347 caelestis
1017 5305 1217 5361 egena,
1260 5291 1442 5348 instar
1490 5307 1796 5348 vaccarum
1834 5291 2022 5361 imago

331 5387 476 5436 tetra
497 5363 830 5447 iibidinum,
861 5394 992 5450 quae
1021 5380 1273 5436 absumit
1302 5379 1609 5450 quidquid,
1638 5387 1924 5450 quantum
1951 5379 2024 5434 ad

330 5467 457 5538 ejus
503 5467 940 5524 aestimationem
993 5469 1096 5540 qui
1157 5468 1393 5537 patitur,
1459 5475 1488 5523 l
1519 5473 1604 5522 Io
1651 5467 1893 5524 interius
1940 5475 2026 5522 est

329 5556 631 5613 virtutum.
666 5556 828 5614 Unde
857 5556 1104 5613 dicitur:
1139 5557 1346 5624 Septies
1371 5556 1540 5624 cadit,
1571 5557 1776 5624 justus,
1810 5569 2024 5610 secun-

334 5644 476 5702 dum
505 5644 908 5703 demissionem
947 5644 1149 5711 animi,
1191 5649 1242 5698 et
1285 5647 1522 5710 resurgit
1558 5644 1732 5714 juxta
1775 5643 2021 5700 reditum

2108 608 2180 664 ad
2225 616 2446 664 motum
2495 608 2691 664 sazculi
2740 605 3063 676 referimus,
3089 621 3161 663 ex
3197 621 3314 678 qua
3361 615 3522 678 parte
3555 606 3832 678 penuriis

2108 697 2498 754 abundamus.

2181 786 2341 851 Quod
2383 787 2575 842 vidisti
2625 786 2876 842 secundo
2914 786 2984 840 ad
3026 785 3288 841 eamdem
3333 799 3452 841 rem
3498 784 3830 856 pertinens,

2109 875 2373 932 omnium
2415 875 2706 931 ﬁrmitatis
2749 876 3026 930 iuit-num
3066 882 3171 939 est,
3201 889 3266 930 eo
3296 875 3453 944 quod
3493 874 3594 930 fiat
3626 888 3834 930 sermo

2112 965 2232 1030 Dei,
2265 973 2319 1020 et
2358 965 2611 1020 velocius
2632 964 2965 1034 impleatur.
3010 964 3232 1030 Vidisti,
3267 963 3479 1033 inquit,
3506 963 3562 1020 id
3592 971 3677 1020 est
3704 978 3834 1019 ex-

2111 1053 2283 1123 periri
2333 1053 2706 1124 singulariter
2752 1067 2844 1108 me
2896 1051 3096 1108 fecisti.
3132 1051 3232 1107 His
3275 1051 3452 1117 enim,
3502 1051 3606 1122 qui
3653 1052 3836 1107 nobis

2111 1142 2298 1198 infesti
2328 1150 2484 1208 sunt,
2506 1143 2692 1197 dicere
2722 1141 2990 1206 solemus,
3024 1154 3115 1196 me
3143 1140 3331 1197 solum
3363 1139 3574 1196 vidisti.
3615 1141 3832 1209 Expe—

2115 1231 2217 1286 riri
2240 1244 2329 1286 me
2354 1245 2492 1301 ergo
2525 1230 2702 1286 fecisti
2735 1229 2920 1300 primo
2949 1243 3048 1299 per
3075 1229 3522 1299 suggestionem,
3554 1228 3832 1284 secundo

2114 1333 2216 1391 per
2255 1318 2704 1386 delectationem,
2747 1318 2820 1374 ad
2848 1317 3106 1375 eamdem
3138 1325 3250 1372 tuae
3297 1332 3412 1372 non
3463 1332 3602 1372 mea;
3633 1317 3831 1372 desti—

2115 1407 2364 1464 nationis
2413 1423 2531 1462 rem
2575 1407 2971 1477 pertinentem,
3025 1405 3316 1462 firmitatis
3353 1407 3615 1461 omnium
3661 1420 3834 1462 meo-

2114 1512 2244 1554 rum
2286 1496 2674 1565 spiritualium
2713 1505 3002 1562 votorum,
3036 1509 3166 1550 cum
3207 1495 3357 1550 inter
3397 1494 3685 1550 incentiva
3716 1503 3835 1550 tua

2116 1586 2463 1655 perstiterint
2512 1584 2786 1640 indicium
2841 1592 2945 1646 est,
2994 1600 3060 1638 eo
3110 1583 3266 1652 quod
3315 1597 3502 1638 sermo
3551 1583 3649 1638 Dei
3693 1583 3832 1649 fiat,

2119 1674 2211 1729 ille
2265 1673 2496 1740 scilicet,
2545 1673 2593 1728 si
2641 1673 2878 1742 spiritus
2914 1675 3246 1742 potestatem
3303 1671 3567 1727 habentis
3610 1685 3837 1727 ascen-

2117 1762 2264 1818 derit
2293 1775 2468 1832 super
2499 1769 2571 1827 te,
2608 1761 2795 1816 locum
2823 1768 2991 1817 tuum
3023 1775 3094 1816 ne
3138 1760 3441 1826 dimiseris,
3478 1767 3534 1816 et
3563 1759 3836 1817 velocius

2119 1850 2446 1921 impleatur,
2481 1857 2544 1906 ut
2578 1863 2692 1905 non
2723 1849 2928 1920 illapsa
2957 1849 3256 1905 delectatio
3287 1849 3358 1905 ad
3397 1848 3666 1906 effectum
3702 1849 3832 1905 du-

2115 1947 2302 1996 catur.

2185 2027 2357 2084 Vens.
2396 2029 2483 2094 33,
2520 2028 2608 2093 34,
2646 2030 2736 2092 35,
2781 2029 2868 2082 36.
2899 2055 2974 2068 —
3003 2028 3158 2082 Nunc
3208 2041 3334 2094 ergo
3388 2025 3680 2096 provideat
3716 2041 3830 2080 rea:

2114 2117 2297 2169 virum
2327 2118 2624 2184 sapientem
2657 2122 2707 2169 et
2736 2116 3089 2181 industrium,
3129 2121 3178 2168 et
3205 2118 3473 2185 praeﬁciat
3511 2130 3632 2168 eum
3663 2120 3834 2170 terra:

2114 2205 2368 2272 Egypti,
2408 2207 2505 2272 qui
2529 2206 2821 2258 constituat
2867 2206 3182 2273 prapositos
3224 2219 3323 2272 per
3360 2203 3607 2270 singulas
3638 2205 3831 2268 regio-

2119 2308 2231 2357 nes,
2281 2298 2333 2346 et
2381 2295 2638 2362 quintam
2683 2298 2896 2361 partem
2929 2295 3215 2359 fructuum
3250 2308 3349 2362 per
3397 2297 3598 2360 septem
3645 2307 3828 2346 annos

2116 2382 2452 2448 fertilitatis,
2484 2384 2582 2450 qui
2604 2381 2724 2448 jam
2748 2397 2890 2435 nunc
2921 2383 3104 2446 futuri
3140 2386 3268 2435 sunt
3289 2384 3572 2449 congreget
3595 2382 3653 2434 in
3685 2381 3830 2434 hor—

2117 2486 2245 2536 rea;
2277 2475 2326 2524 et
2357 2486 2509 2524 omne
2538 2473 2875 2534 frumentum
2909 2469 3012 2524 sub
3042 2471 3347 2524 Pharaonis
3385 2474 3650 2538 potestate
3692 2485 3828 2523 con-

2120 2559 2304 2625 datur,
2346 2565 2692 2628 serveturque
2720 2561 2777 2612 in
2822 2559 3048 2613 urbibus
3077 2560 3282 2624 futurae
3309 2563 3511 2626 septem
3547 2572 3828 2611 annorum

2119 2650 2278 2715 fami.
2341 2649 2424 2703 Ac
2475 2647 2522 2702 si
2576 2646 2814 2702 diceret:
2877 2649 3017 2702 Dum
3059 2646 3200 2701 mihi
3257 2647 3376 2702 haec
3431 2653 3824 2716 augmentum

2122 2736 2344 2791 cmleste
2379 2735 2663 2805 quaerenti
2709 2735 3012 2790 fallacibus
3043 2735 3210 2790 minis
3252 2735 3517 2801 intentas,
3566 2732 3826 2788 intellec-

2126 2831 2248 2880 tum
2297 2824 2368 2879 ad
2420 2823 2749 2892 hujusmodi
2803 2823 3028 2879 viribus
3071 2830 3129 2878 et
3176 2821 3462 2878 industria
3510 2821 3829 2878 refellenda

2125 2911 2409 2966 valentem
2439 2910 2580 2966 mihi
2613 2911 2792 2966 inesse
2821 2910 2919 2965 Dei
2962 2910 3148 2980 gratia
3182 2909 3482 2980 providere
3511 2909 3825 2974 debueras,

2124 2999 2247 3070 qui,
2278 2999 2417 3054 dum
2451 2997 2662 3054 terreni
2692 2998 2950 3068 corporis
2980 2998 3159 3069 hujus
3187 2997 3486 3054 desideriis
3516 3012 3605 3053 me
3637 2997 3828 3068 subji-

2055 3096 2096 3151 c
2125 3102 2251 3144 cere
2279 3087 2516 3154 moliris,
2551 3085 2655 3156 ipsi
2675 3085 2830 3156 quod
2853 3099 3052 3142 revera
3075 3095 3227 3142 terra
3253 3087 3502 3158 Egypti,
3535 3087 3830 3157 angustiae

2125 3175 2338 3232 scilicet
2387 3182 2442 3231 et
2491 3175 2859 3231 tenebrarum
2909 3182 3022 3243 est;
3068 3175 3209 3231 dum
3242 3189 3332 3231 me
3363 3189 3556 3245 urges,
3613 3189 3831 3231 causas

2130 3262 2493 3334 principandi
2526 3261 2756 3332 ingeris,
2790 3261 2983 3318 taliter
3013 3277 3152 3318 sane
3196 3263 3533 3320 sollicitatus
3563 3262 3683 3333 ipse
3728 3263 3831 3317 in-

2127 3351 2406 3418 tellectus,
2443 3364 2542 3420 per
2567 3349 2826 3420 singulas
2857 3365 3131 3406 sensuum
3152 3351 3504 3407 exteriorum
3537 3351 3829 3422 regiones,

2128 3447 2382 3509 potentes
2413 3438 2652 3495 rationis
2681 3446 2873 3494 motus
2900 3439 2971 3494 ad
3012 3439 3248 3495 tutelam
3297 3439 3556 3495 intimam
3601 3440 3831 3509 praesti-

2129 3529 2257 3596 tuit,
2293 3527 2395 3596 qui
2421 3527 2755 3583 eorumdem
2789 3528 3051 3598 quinque
3091 3542 3364 3583 sensuum
3407 3527 3828 3597 frugalitatem,

2129 3615 2394 3686 quandiu
2421 3614 2715 3684 plenitudo
2745 3614 3060 3672 introrsum
3090 3615 3332 3672 caelestis
3349 3616 3650 3682 exuberat,
3684 3631 3830 3672 con-

2127 3702 2377 3760 scientiae
2427 3703 2629 3758 horreo
2684 3703 2938 3759 condens
2996 3705 3346 3760 necessitatis
3395 3704 3635 3774 tempori
3693 3719 3833 3760 con-

2127 3799 2313 3848 servet
2340 3799 2396 3848 et
2434 3800 2686 3863 augeat:
2719 3793 2897 3860 Illius,
2943 3793 3202 3862 inquam.
3237 3793 3472 3864 quando
3506 3801 3570 3850 tu
3611 3794 3684 3848 ad
3718 3794 3836 3849 dis-

2127 3880 2466 3950 sipationem
2505 3879 2684 3936 animi
2737 3887 3069 3951 potestatem
3115 3881 3370 3938 tentandi
3417 3882 3728 3950 acceperis,
3774 3891 3834 3939 et

2127 3970 2187 4026 in
2220 3969 2465 4025 urbibus
2508 3969 2751 4025 internae
2797 3982 3170 4039 quarumque
3207 3971 3490 4026 virtutum
3523 3971 3829 4036 custodiae,

2131 4057 2216 4112 vel
2262 4057 2513 4126 ipsorum
2545 4071 2819 4113 sensuum
2870 4058 3256 4127 temperantiae
3288 4058 3475 4114 omnis
3519 4058 3837 4114 fertilitatis

2133 4145 2304 4213 illius,
2337 4160 2450 4214 quo
2479 4145 2657 4200 valles
2687 4146 2987 4201 abundant
3021 4146 3290 4202 frumenti
3323 4148 3487 4212 (Psal.
3523 4161 3678 4215 wa,
3715 4148 3830 4213 Η),

2130 4249 2396 4304 supernae
2441 4234 2654 4290 scilicet
2690 4235 3004 4304 sapientiae,
3055 4235 3192 4290 fami
3238 4235 3650 4304 dispensatoris
3686 4251 3833 4305 gus-

2135 4323 2294 4379 tandi
2340 4322 2501 4378 verbi
2553 4323 2648 4378 Dei
2690 4323 2763 4378 ad
2806 4323 3228 4393 depressionem
3258 4337 3291 4378 a
3323 4325 3435 4379 Deo
3489 4324 3695 4379 mentis
3742 4325 3834 4379 in-

2062 4391 2105 4446 Ῑ)
2133 4412 2339 4478 ductze,
2391 4418 2646 4482 paretur.
2695 4410 2832 4477 Quae
2880 4391 3111 4481 quidem
3153 4411 3330 4468 fames
3370 4413 3680 4482 IEgyptum
3726 4427 3834 4482 op-

2134 4501 2349 4572 primit,
2420 4499 2560 4570 quia
2629 4500 2836 4556 mentis
2901 4507 3291 4568 coangustatae
3355 4498 3836 4556 tribulationibus

2133 4589 2351 4647 crebris
2379 4587 2786 4644 obscuritatem
2825 4588 3078 4658 quadam
3118 4588 3339 4644 consilii
3363 4596 3612 4658 egestate
3641 4591 3833 4660 magis

2134 4679 2299 4749 quasi
2337 4677 2405 4732 ad
2456 4676 2592 4732 mali
2624 4676 2925 4732 cumulum
2976 4684 3342 4746 conquassat,
3389 4684 3445 4731 et
3493 4676 3749 4746 contegit
3779 4684 3834 4732 et

2132 4781 2265 4822 cum
2292 4766 2369 4821 ita
2401 4765 2515 4830 fiet,
2548 4779 2661 4820 non
2686 4773 3062 4820 consumetur
3089 4772 3240 4819 terra
3279 4765 3492 4834 inopia,
3536 4773 3833 4821 reservato

2133 4855 2285 4911 enim
2340 4854 2445 4924 piae
2495 4853 2827 4909 intentionis
2873 4853 3089 4908 semine
3135 4853 3350 4908 aestivis
3398 4853 3829 4915 serenitatibus.

2133 4943 2204 4999 ad
2235 4943 2417 4998 instar
2441 4941 2708 5008 formicae,
2739 4942 2797 4997 in
2829 4941 3062 4996 modum
3097 4949 3260 4996 terra:
3303 4940 3599 5006 cultibilis,
3639 4943 3832 4997 cordis

2133 5029 2309 5086 nostri
2344 5028 2604 5084 feracitas
2631 5029 2941 5085 subsistere
2994 5029 3197 5094 poterit
3239 5027 3564 5083 tentationis
3603 5027 3828 5096 hyeme.

2205 5119 2366 5174 VERS.
2420 5120 2508 5183 37,
2576 5119 2661 5172 38.
2703 5149 2771 5157 —
2823 5119 3034 5172 Placuit
3079 5117 3357 5172 Pharaoni
3403 5117 3709 5181 consilium,
3783 5119 3832 5168 et

2134 5209 2340 5261 cunctis
2387 5209 2658 5261 ministris
2701 5209 2842 5261 suis.
2899 5209 3235 5274 Locutusque
3282 5211 3359 5260 est
3408 5206 3482 5260 ad
3532 5221 3654 5259 eos:
3688 5206 3832 5260 Nam

2132 5297 2374 5349 invenire
2393 5299 2692 5365 poterimus
2724 5297 2882 5349 talem
2912 5298 3112 5358 virum,
3155 5298 3252 5364 qui
3279 5297 3484 5363 spiritu
3513 5297 3610 5348 Dei
3638 5295 3828 5362 plenus

2129 5382 2251 5440 sit?
2282 5383 2510 5439 Placere
2544 5385 2820 5438 Pharaoni
2861 5383 3003 5440 nihil
3047 5383 3205 5439 aliud
3231 5391 3334 5450 est,
3387 5383 3496 5438 nisi
3526 5382 3826 5438 evidentiae

2131 5471 2370 5526 rationis
2398 5470 2564 5540 quasi
2587 5471 2803 5538 cedere,
2838 5478 2940 5526 aut
2983 5485 3159 5540 pravo
3189 5469 3436 5536 etl‘ectui,
3487 5470 3590 5542 qui
3620 5477 3675 5526 et
3710 5471 3824 5540 ipse

2131 5559 2351 5615 Pharao
2375 5567 2478 5626 est,
2511 5558 2742 5629 subjici,
2775 5565 2950 5628 atque
2996 5558 3380 5628 acquiescere.
3433 5559 3680 5616 Ministri
3721 5573 3820 5615 au-

2133 5654 2246 5703 tem
2314 5654 2451 5703 sunt
2514 5653 2702 5702 motus
2765 5645 3139 5702 animalitatis
3205 5653 3432 5702 nostrae.
3503 5649 3817 5708 Poterimus,
