3950 6420
82 395 167 447 '28l
1302 392 1670 449 MOBALIUM
1714 394 1778 449 IN
1819 394 2115 450 GENESIN
2158 392 2291 449 LIB.
2337 394 2424 449 IX.

3496 402 3599 455 282

78 532 237 586 aiunt
269 527 381 599 ipsi
411 527 705 599 appetitus
745 529 879 583 cum
915 496 1045 584 suis
1074 526 1342 597 stimulis,
1376 530 1677 600 quidpiam
1724 538 1791 587 ιιι
1828 533 1876 585 Α
1905 532 2030 601 Ego
2070 546 2212 600 sum,
2261 530 2472 603 inquit,
2525 533 2763 601 Pharao,
2821 534 3024 603 absque
3072 540 3163 590 tuo
3222 539 3449 604 imperio
3495 554 3602 594 non

78 620 154 674 sic
201 618 442 675 dicatur
484 617 815 684 virtuosius,
855 624 910 673 et
940 618 1093 687 quod
1136 617 1321 689 magis
1350 618 1449 673 Dei
1497 627 1787 690 congruat

78 707 306 777 spiritui
334 707 601 764 invenire
632 719 808 776 quam
844 704 1192 761 intellectum
1223 706 1325 777 qui
1359 714 1437 763 tot
1469 706 1787 763 incommo—

78 798 161 853 dis
216 798 414 853 valeat
467 796 625 852 solus
680 794 1002 851 obsistere?
1059 795 1251 867 (Vsus.
1299 796 1413 865 39.)
1473 798 1615 861 Quia
1660 812 1787 865 ergo

77 886 306 943 ostendit
334 888 443 940 tibi
486 888 619 940 Deus
650 900 770 954 qua
811 886 1017 939 locutus
1047 899 1140 953 es;
1172 884 1230 941 id
1260 893 1345 941 est
1374 885 1521 965 quia
1554 885 1787 956 ingenio

81 976 422 1046 praemines
460 974 832 1045 providentia
871 988 903 1029 a
936 975 1050 1030 Deo
1092 974 1194 1031 tibi
1238 975 1390 1042 dato,
1443 977 1587 1045 quia
1631 976 1785 1031 enim

81 1068 190 1123 Deo
216 1065 507 1134 adhares,
542 1078 698 1119 unus
743 1062 982 1133 spiritus
1017 1077 1096 1118 es.
1151 1063 1348 1131 (Vnus.
1399 1064 1515 1135 40.)
1555 1064 1636 1118 Tu
1678 1066 1786 1119 eris

78 1171 238 1224 super
267 1154 495 1208 domum
533 1168 727 1219 meam,
760 1151 814 1207 id
855 1159 941 1207 est
974 1159 1026 1207 te
1062 1151 1361 1221 praferam
1404 1153 1645 1218 mundo,
1676 1152 1787 1209 do-

80 1245 196 1300 mui
230 1243 534 1313 quondam
578 1256 736 1307 mea,
770 1254 947 1309 quam
978 1239 1024 1296 si
1069 1240 1188 1296 tilia
1230 1240 1402 1311 Regis
1438 1256 1560 1297 esse
1592 1243 1783 1310 velim,

80 1331 338 1390 oblivisci
387 1332 600 1402 jubeor
649 1330 829 1401 (Psal.
880 1344 1032 1396 xuv,
1088 1332 1171 1396 ll,
1222 1330 1330 1399 l2),
1385 1330 1527 1400 quia
1574 1330 1787 1387 veteris

84 1421 259 1493 patris
289 1421 409 1476 mei
439 1419 653 1475 diaboli
680 1420 888 1475 domus
924 1426 1030 1486 est,
1062 1433 1167 1474 nec
1205 1418 1392 1475 solum
1431 1419 1529 1475 sed
1563 1428 1616 1475 et
1643 1435 1786 1476 con-

82 1510 459 1582 cupiscentiis
506 1510 654 1581 ejus.
710 1511 783 1566 Et
834 1509 909 1563 ad
959 1510 1072 1563 oris
1118 1513 1200 1562 tui
1241 1510 1530 1577 imperium
1564 1514 1786 1564 cunctus

80 1602 312 1670 populus
333 1601 566 1655 obediet.
603 1598 699 1654 Ille
728 1598 1003 1654 nimirum
1036 1598 1135 1668 qui
1171 1598 1228 1653 in
1260 1597 1482 1667 psalmo
1515 1597 1787 1654 oblivioni

85 1688 493 1760 tradijubetur
523 1701 655 1743 cum
678 1686 916 1757 prafata
951 1685 1137 1742 Patris
1157 1686 1327 1742 domo
1357 1686 1784 1757 (Psal.cxxxv1,

86 1781 137 1846 5)
164 1795 177 1843 ;
203 1778 303 1833 sed
336 1777 471 1833 licet
499 1776 635 1842 oris,
678 1775 733 1832 id
764 1778 848 1832 est
888 1775 1127 1831 rationis
1159 1773 1399 1845 imperio
1430 1774 1788 1844 popularitas

84 1866 363 1923 vitiorum
405 1865 778 1935 obtemperet,
814 1878 930 1920 uno
959 1871 1155 1920 tamen
1202 1863 1342 1920 solio
1384 1863 1635 1919 carnalis
1678 1877 1790 1933 ap-

87 1952 352 2022 petentia
390 1952 754 2023 praceditur,
800 1952 942 2022 quia
972 1966 1006 2008 a
1036 1952 1266 2008 nemine
1314 1951 1666 2019 mortalium,
1697 1952 1788 2009 vel

87 2042 143 2097 in
166 2042 445 2104 minimis.
478 2055 551 2098 ex
578 2048 692 2097 toto
716 2048 1048 2111 superatur.

152 2130 328 2187 Vnus.
361 2131 451 2186 41.
480 2161 549 2170 —-
597 2131 752 2197 Ecce,
802 2128 1012 2200 inquit,
1062 2131 1319 2185 constitui
1357 2134 1406 2185 te
1453 2144 1617 2199 super
1662 2132 1788 2184 uni-

87 2235 295 2275 versam
345 2226 554 2274 terram
594 2221 843 2289 Egypti.
904 2218 960 2275 Si
1016 2218 1224 2274 domus
1265 2226 1320 2274 et
1382 2218 1635 2288 populus
1685 2218 1789 2275 tibi

87 2309 417 2379 subjicitur,
443 2316 560 2382 tota
583 2322 720 2379 ergo
751 2307 1055 2364 terrenitas
1082 2307 1487 2364 sacularitatis
1517 2307 1665 2363 illico
1687 2307 1789 2364 tibi

91 2414 287 2470 parere
337 2408 600 2472 cogetur.
635 2400 768 2455 Hac
804 2399 984 2455 verba
1011 2399 1121 2455 sub
1151 2398 1466 2455 Pharaonis
1494 2400 1679 2469 specie
1708 2399 1791 2455 sic

90 2488 310 2545 diabolo
342 2495 713 2559 coaptantur,
744 2495 809 2544 ut
840 2502 955 2544 non
998 2487 1415 2554 benevolentia,
1452 2488 1550 2543 sed
1592 2502 1785 2544 neces-

91 2576 241 2643 sitas,
279 2591 405 2647 qua
430 2576 599 2633 nobis
636 2576 825 2633 victus
866 2590 981 2633 non
1024 2575 1252 2632 officere
1296 2576 1528 2643 sinitur,
1579 2577 1786 2633 intelli-

93 2673 259 2735 gatur
278 2681 296 2735 ;
329 2674 387 2722 et
417 2665 501 2722 sic
531 2663 812 2735 appetitui
842 2663 1196 2721 conveniunt
1240 2678 1418 2734 pravo
1446 2672 1517 2721 ιιι
1542 2665 1789 2721 eviden-

96 2754 201 2808 tius
240 2755 574 2824 rectiusque
615 2753 846 2809 valeant
891 2753 1239 2809 concordare
1281 2760 1554 2809 correcto.
1589 2754 1786 2822 (Vens.

94 2842 198 2913 42.)
234 2844 491 2911 Tulitqne
536 2843 797 2897 annulum
839 2842 905 2897 de
932 2858 1100 2897 manu
1136 2858 1260 2909 sua,
1305 2847 1355 2897 et
1384 2842 1534 2897 dedit
1565 2845 1623 2897 in
1669 2859 1787 2897 ma-

93 2948 161 2985 nu
188 2932 346 3000 ejus:
406 2934 742 3001 Vestivitque
771 2947 890 2987 eum
930 2933 1072 2986 stola
1100 2932 1373 3000 bysssina,
1413 2936 1464 2986 et
1506 2932 1638 2986 collo
1674 2937 1790 2986 tor-

94 3038 242 3089 quem
266 3038 495 3076 auream
522 3021 897 3076 circumdedit.
932 3020 1207 3077 Annulus
1235 3020 1296 3076 in
1328 3035 1510 3076 manu
1539 3021 1790 3076 Pharao-

1896 620 2130 677 movebit
2180 623 2474 690 quisquam
2527 637 2749 676 manum
2798 629 2896 677 aut
2921 623 3112 692 pedem
3171 626 3227 678 in
3284 632 3395 680 tota
3452 634 3601 682 terra

1897 713 2144 781 Egypti.
2177 712 2298 781 Ego
2337 711 2683 768 naturaliter
2711 727 2845 768 cum
2885 713 2992 769 sim
3033 713 3278 769 levitatis
3315 724 3369 771 et
3416 715 3599 772 malo~

1898 813 2032 855 rum
2073 807 2370 869 appetens,
2424 799 2539 855 tuis
2583 814 2619 855 a
2661 800 2829 856 modo
2876 800 3150 871 imperiis,
3202 817 3305 858 nec
3348 806 3408 857 in
3452 810 3598 860 terra

1896 890 2147 960 Egypti
2174 902 2432 959 corpore,
2481 888 2693 945 scilicet
2736 890 3099 960 corruptibili
3132 892 3286 961 quod
3317 902 3599 964 aggravat

1897 978 2151 1034 animam
2187 977 2337 1048 (Sap.
2382 992 2459 1044 ix,
2493 977 2599 1049 15),
2629 978 2820 1047 pedem
2865 978 3200 1046 allectionis,
3252 986 3348 1034 aut
3378 998 3599 1037 manum

1896 1066 2244 1137 operationis
2273 1074 2540 1123 moturus
2567 1074 2651 1123 est
2672 1067 2939 1139 deinceps
2968 1068 3113 1125 citra
3140 1069 3601 1127 convenientiam

1897 1162 2079 1211 tuam.

1970 1245 2141 1301 VERS.
2170 1245 2261 1299 45.
2292 1275 2361 1283 —
2399 1246 2678 1315 Vertitque
2718 1262 2908 1300 nomen
2948 1246 3118 1315 illius,
3150 1252 3201 1302 et
3238 1252 3451 1303 vocavit
3478 1265 3600 1304 eum

1898 1334 2088 1401 lingua
2136 1335 2421 1403 quptia,
2471 1333 2807 1388 Salvatorem
2842 1336 3055 1388 mundi.
3114 1337 3293 1391 Vertit
3345 1351 3502 1407 ergo,
3542 1337 3596 1394 id

1897 1431 1981 1478 est
2036 1422 2184 1478 verti
2242 1422 2376 1478 facit
2438 1422 2615 1492 quod.
2678 1424 2999 1479 secundum
3054 1433 3300 1481 veterem
3358 1434 3595 1494 statum,

1898 1524 2117 1580 pravus
2162 1511 2481 1566 vocabatur
2535 1512 2844 1581 appetitus,
2895 1527 3052 1568 nunc
3103 1514 3316 1569 dicitur
3370 1514 3597 1583 pietatis

1899 1598 2155 1655 affectus.
2227 1598 2447 1667 Lingua
2496 1602 2762 1669 {Egyptia
2840 1608 3006 1657 vocat
3070 1618 3189 1655 eum
3262 1605 3598 1657 Salvatorem

1897 1688 2109 1755 mundi,
2164 1688 2400 1758 quando
2440 1702 2540 1757 per
2584 1689 3001 1758 experientiam
3046 1690 3435 1746 tribulationis
3480 1706 3599 1747 sese

1827 1818 1870 1873 Β
1899 1776 2335 1847 coangustantis
2382 1776 2491 1833 hoc
2536 1777 2690 1833 enim
2728 1784 2894 1833 sonat
2931 1779 3249 1849 Egyptus;
3299 1781 3508 1848 lingua,
3544 1779 3599 1835 id

1898 1873 1984 1922 est
2040 1866 2327 1921 sententia
2391 1880 2494 1936 per
2553 1866 2949 1936 paniteutiam
3012 1867 3270 1936 pristina
3326 1868 3600 1924 vanitatis

1894 1963 2268 2021 commutata,
2336 1955 2649 2012 carnalitas
2715 1956 3210 2027 mundialitasque
3277 1958 3595 2013 calestium

1897 2044 2219 2115 appetitum
2261 2044 2463 2100 salutis
2493 2044 2740 2115 propria
2785 2044 2998 2101 fatetur
3037 2053 3351 2101 auctorem.
3398 2046 3595 2100 Dedit-

1899 2150 2000 2203 que
2021 2133 2111 2191 illi
2139 2149 2362 2188 umorem
2408 2135 2669 2195 Aseneth.
2705 2135 2887 2199 ﬁliam
2934 2135 3256 2203 Putipharis
3296 2136 3597 2190 sacerdotis

1896 2222 2264 2292 Heliopoleos.
2297 2222 2548 2278 Aseneth
2595 2224 2762 2276 ruina
2804 2222 3249 2292 interpretatur;
3294 2223 3599 2293 Putiphar,

1897 2326 1953 2366 os
1995 2312 2267 2366 inclinans
2314 2310 2389 2365 ad
2438 2311 2860 2377 dissecandum;
2908 2311 3285 2380 Heliopoleos,
3335 2314 3467 2366 solis
3513 2314 3599 2366 ci-

1897 2403 2063 2456 vitas.
2113 2400 2257 2456 Filia
2305 2400 2469 2470 pravi
2524 2400 2704 2456 nostri
2763 2399 3072 2470 appetitus,
3124 2399 3227 2469 qui
3275 2414 3357 2464 os,
3411 2400 3465 2455 id
3516 2407 3601 2457 est

1897 2489 2120 2545 aditum
2149 2488 2511 2545 conscientia
2542 2502 2768 2559 semper
2798 2488 3055 2555 inclinat,
3089 2496 3153 2544 ut
3195 2488 3349 2558 quod
3393 2489 3599 2558 spiritu

1900 2579 1997 2635 Dei
2046 2578 2280 2635 unitum
2335 2585 2441 2643 est,
2492 2578 2729 2634 dissecet
2756 2584 2811 2633 et
2862 2576 3113 2645 dirimat,
3163 2577 3338 2632 ruina
3388 2576 3598 2645 peccati

1896 2675 2000 2724 est.
2050 2669 2497 2737 Concupiscentia
2539 2666 2693 2721 enim
2745 2681 2866 2719 cum
2927 2668 3224 2734 conceperit
3276 2663 3429 2734 parit
3466 2682 3599 2735 pec-

1897 2760 2077 2811 catum
2133 2756 2269 2824 (Jac.
2324 2771 2363 2822 1,
2431 2755 2536 2824 15).
2592 2754 2815 2810 Pharao
2873 2754 3087 2810 dicitur
3154 2755 3453 2824 dissipans,
3510 2754 3597 2811 vel

1897 2846 2297 2914 discooperiens
2349 2860 2489 2898 eum.
2555 2844 2688 2899 Hac
2754 2857 2904 2899 uxor
2964 2843 3169 2913 Josepb
3222 2858 3256 2899 a
3304 2844 3601 2899 Pharaone

1897 2934 2093 3000 datur,
2132 2932 2369 3003 quando
2411 2933 2485 2989 ab
2517 2932 2637 3002 ipso
2666 2946 2921 3001 nequam
2966 2932 3225 3002 appetitu
3276 2933 3348 2988 ob
3396 2946 3602 2989 causas

1898 3036 2019 3079 sua
2085 3022 2271 3092 primo
2328 3034 2429 3091 per
2491 3020 2633 3075 vitia
2696 3020 3087 3090 dissipationis
3151 3021 3389 3089 superni
3446 3034 3597 3091 aug-

95 3110 197 3176 nis,
243 3110 584 3181 mysterium
622 3117 707 3166 est
737 3110 1060 3180 iniquitatis
1091 3110 1149 3165 in
1189 3110 1379 3166 studio
1417 3110 1787 3179 operationis,
1829 3122 1870 3178 c
1902 3110 2080 3167 menti
2137 3108 2434 3175 desiderio,
2494 3107 2652 3164 velut
2713 3121 2865 3164 uxor
2922 3108 3288 3180 adjungitur,
3347 3116 3411 3165 ut
3458 3109 3599 3165 dum

97 3198 185 3254 sed
215 3199 288 3255 ab
321 3200 446 3269 ipso
465 3200 673 3269 Joseph
703 3199 895 3266 datur,
929 3213 1063 3255 cum
1102 3199 1175 3254 ad
1214 3199 1535 3256 sanctitatis
1564 3199 1777 3255 deside-

98 3286 242 3342 rium
264 3286 507 3343 allectus
537 3300 572 3342 a
596 3287 981 3358 cupiditatum
1012 3288 1387 3358 perversitate
1420 3287 1786 3345 transfertur.

96 3373 321 3431 Annulo
352 3384 548 3432 autem
575 3376 815 3433 celanda
842 3376 1171 3446 signantur,
1208 3390 1309 3446 per
1330 3377 1488 3447 quod
1519 3376 1792 3446 nequitia

99 3464 484 3521 velamentum
525 3465 823 3535 accipitur.
873 3465 1028 3521 Stola
1085 3466 1318 3537 byssina
1358 3474 1442 3522 est
1489 3466 1792 3535 incorrup-

101 3552 263 3610 tionis
295 3555 354 3610 in
385 3568 484 3624 spe
524 3554 647 3625 jam
690 3554 894 3626 gloria,
934 3554 1026 3611 vel
1076 3556 1439 3612 conscientia
1483 3554 1789 3611 munditia.

101 3641 211 3696 Hac
238 3658 343 3699 nos
371 3644 556 3711 vestit,
591 3658 724 3701 cum
751 3644 824 3700 ad
874 3646 1022 3700 hanc
1062 3644 1415 3701 induendam
1460 3659 1575 3701 non
1613 3647 1790 3714 impe-

100 3729 195 3785 dit.
226 3731 430 3788 Recole
478 3733 859 3803 Evangelium
902 3733 972 3788 de
1022 3732 1280 3804 prodigo,
1326 3734 1423 3789 sed
1472 3732 1789 3804 panitenti,

103 3817 229 3887 filio,
261 3836 393 3891 qua
425 3835 694 3877 reversus
731 3834 766 3877 a
806 3828 966 3891 patre
996 3821 1149 3877 dona
1193 3822 1471 3892 percipiat
1510 3822 1660 3892 (Luc.
1694 3838 1789 3890 xv,

102 3907 205 3978 22.)
234 3908 387 3965 Collo
417 3924 614 3966 vocem
634 3909 973 3977 emittimus,
996 3910 1313 3981 cibumque
1332 3918 1387 3967 et
1409 3910 1788 3978 admittimus,

106 4009 198 4063 per
224 3999 374 4067 quod
408 3999 526 4054 vim
558 3998 777 4054 consilii
811 3998 1145 4069 accipimus,
1170 4001 1325 4069 quod
1353 4000 1518 4056 nobis
1546 4000 1792 4071 aliisque

104 4081 494 4154 impendimus.
533 4088 674 4143 Huic
696 4097 931 4157 torques
947 4102 1128 4144 aurea
1146 4089 1622 4159 circumponitur,
1657 4105 1791 4146 cum

103 4185 355 4243 superna
384 4178 731 4233 documento
769 4176 1047 4243 veritatis,
1081 4190 1201 4247 qua
1235 4178 1317 4232 nil
1349 4178 1653 4248 pretiosius
1683 4185 1787 4245 est,

102 4269 153 4317 et
182 4265 442 4323 munitur
473 4265 777 4322 locutionis
808 4265 969 4323 nullo
1003 4266 1333 4334 obsistente,
1373 4274 1428 4323 et
1468 4266 1792 4323 illustratus

106 4360 301 4409 nostra
328 4355 689 4411 discretionis
716 4355 923 4412 virtus.

177 4444 317 4496 I50
362 4442 535 4500 Vsus.
601 4443 689 4497 43.
750 4473 819 4483 -
853 4444 1002 4499 Fecit
1038 4458 1249 4513 quoque
1294 4444 1580 4499 ascendere
1626 4459 1791 4512 super

106 4540 314 4584 currum
347 4547 509 4587 suum
547 4533 860 4599 secundum,
906 4534 1175 4587 clamante
1219 4548 1462 4602 pracone
1506 4538 1567 4588 ut
1613 4548 1791 4588 omnes

105 4630 274 4672 coram
315 4636 372 4675 eo
424 4624 852 4689 genu/lecterent.
903 4621 1127 4678 Curras
1166 4622 1485 4678 Pharaonis
1544 4622 1794 4692 impetus

104 4711 179 4759 est
207 4708 553 4766 ambitionis.
583 4709 882 4766 Secundus
914 4718 1110 4767 autem
1149 4724 1362 4767 currus
1389 4718 1493 4779 est,
1528 4726 1642 4768 non
1670 4712 1792 4782 jam

109 4797 480 4854 materialium
511 4798 813 4869 cupiditas,
842 4799 940 4855 sed
962 4798 1061 4854 illa
1089 4814 1222 4869 qua
1253 4802 1539 4870 pracipue
1564 4809 1794 4856 sanctos

109 4881 248 4939 viros
269 4887 594 4944 voluntarie
651 4901 933 4958 pauperes
970 4888 1212 4958 impetit,
1272 4889 1543 4945 humana
1603 4890 1793 4947 laudis

110 4970 354 5031 aviditas.
385 4976 568 5045 Major
595 4990 731 5031 vero
765 4976 973 5046 priore,
1016 4976 1313 5048 sequentis
1342 4978 1645 5035 acerbitas.
1679 4979 1793 5035 Su-

111 5070 200 5124 per
226 5060 378 5121 hunc
414 5064 723 5121 ascendere
748 5080 883 5120 eum
915 5065 1067 5131 facit,
1104 5080 1239 5121 cum
1269 5066 1478 5122 calesti
1512 5068 1792 5124 desiderio

112 5150 345 5208 avaritia
395 5167 714 5208 excursum
763 5153 1007 5223 deprimi
1056 5154 1355 5223 permittit.
1405 5155 1473 5210 Hi
1522 5156 1675 5212 enim
1734 5156 1792 5211 in

110 5238 357 5297 curribus
385 5248 441 5297 et
466 5240 956 5310 hijucnndantur
985 5241 1044 5296 in
1073 5241 1241 5311 equis
1270 5242 1449 5308 (Psal.
1483 5258 1599 5304 xix.
1630 5243 1707 5313 8),
1731 5243 1790 5299 id

115 5329 205 5389 est,
252 5326 305 5383 bi
351 5330 409 5386 in
447 5328 880 5399 cupiditatibus,
932 5337 988 5386 et
1033 5330 1091 5385 hi
1134 5331 1194 5386 in
1237 5331 1545 5400 superbiis.
1601 5332 1794 5388 Praco

116 5408 303 5472 clamat
337 5432 471 5474 cum
516 5431 696 5473 sacra
726 5418 975 5488 pagina,
1028 5427 1130 5475 aut
1175 5418 1362 5474 divini
1411 5420 1633 5476 timoris
1676 5434 1790 5476 vox

120 5498 286 5561 vicina
325 5507 530 5563 crebro
576 5506 735 5561 cordi
785 5514 840 5562 et
884 5508 1127 5564 auribus
1175 5507 1445 5564 enuntiat
1493 5518 1558 5565 nt
1605 5508 1793 5566 omnis

119 5598 370 5658 corporea
428 5594 748 5651 insolentia
808 5595 987 5666 rigor,
1047 5596 1121 5652 ad
1172 5597 1494 5666 appetenda
1552 5605 1788 5666 aterna,

123 5679 374 5752 qmdquid
407 5684 522 5742 sibi
552 5685 697 5741 inest
727 5684 1135 5742 cervicositatis
1163 5684 1435 5741 inﬂectat.
1472 5684 1665 5756 (Vsus.
1698 5687 1786 5741 44.

1899 3206 2357 3270 perpetratorum
2401 3197 2686 3253 malorum
2732 3198 2907 3253 ruina
2947 3196 3342 3267 perpenditur,
3398 3204 3453 3252 et
3500 3196 3602 3251 ini-

1901 3289 2196 3360 quitatum
2238 3288 2574 3343 earumdem
2615 3286 2858 3353 fructus,
2893 3299 3066 3355 quem
3110 3286 3299 3356 signat
3349 3287 3597 3341 Pharao-

1900 3378 2011 3443 nis,
2065 3376 2516 3446 Putipharisque
2564 3389 2792 3443 nomen,
2844 3374 3193 3442 attenditur;
3240 3374 3368 3429 inde
3413 3374 3601 3444 proles

1902 3467 1981 3537 pii
2006 3466 2193 3536 operis
2216 3465 2557 3535 propensius
2602 3470 2975 3535 propagetur.
3017 3463 3297 3532 Putiphar
3338 3463 3602 3518 sacerdos

1900 3564 2005 3623 est,
2071 3555 2439 3624 Heliopoleos,
2491 3553 2630 3623 quia
2672 3553 2935 3622 nequitia
2982 3552 3461 3621 concupiscentia
3507 3565 3598 3607 sa-

1902 3659 2020 3711 cra,
2063 3643 2120 3699 id
2166 3652 2251 3699 est
2294 3642 2667 3698 exsecrabilis
2712 3642 2835 3697 dux
2882 3650 2964 3696 est
3012 3640 3139 3705 via,
3188 3654 3306 3710 qua
3363 3640 3477 3695 itur
3528 3639 3599 3695 ad

1903 3733 2215 3800 civitatem,
2254 3746 2367 3787 non
2407 3730 2529 3786 veri
2577 3731 2731 3798 solis,
2771 3731 2943 3799 cujus
2984 3730 3192 3785 artifex
3238 3738 3293 3784 et
3340 3729 3600 3784 conditor

1905 3825 2055 3878 Deus
2100 3829 2186 3878 est
2235 3821 2419 3892 (Hebr.
2464 3834 2542 3887 x1,
2608 3821 2715 3886 10),
2762 3820 2859 3875 sed
2930 3833 3107 3889 quam
3169 3832 3297 3874 eam
3357 3817 3602 3873 adificat

1903 3910 2002 3968 ubi
2027 3908 2253 3966 fervent
2284 3908 2549 3965 incendia
2578 3908 2877 3965 multifida
2903 3907 3255 3963 tentationis.

1978 4000 2147 4056 Vsus.
2193 4000 2282 4053 46.
2331 4028 2402 4040 —
2450 4000 2714 4065 Egressus
2770 3999 2959 4065 itaque
3020 3996 3217 4064 Ioseph
3268 3994 3343 4047 ad
3398 4000 3600 4048 terram

1900 4090 2126 4157 ὥρῃ)ιί
2172 4089 2430 4158 (triginta
2466 4092 2646 4141 autem
2684 4101 2951 4139 annorum
2998 4089 3136 4149 erat,
3188 4084 3408 4153 quando
3451 4085 3601 4138 stetit

1902 4182 1958 4233 in
2012 4182 2296 4246 conspectu
2341 4180 2486 4244 regis
2541 4175 2865 4244 Pharaonis)
2922 4175 3230 4228 circumivit
3276 4188 3458 4226 omnes
3508 4188 3600 4225 re—

1900 4271 2084 4337 giones
2115 4268 2362 4337 Egypti.
2396 4265 2494 4321 Ad
2531 4270 2735 4320 terram
2775 4267 3003 4335 Ερμιπί
3046 4263 3241 4335 egredi
3280 4262 3513 4329 dicitur,
3545 4270 3601 4317 et

1900 4358 1982 4414 sic
2015 4357 2255 4424 Egypti
2298 4358 2542 4423 regiones
2570 4353 2894 4420 circumire,
2926 4353 3068 4424 quia
3112 4352 3218 4407 nisi
3261 4350 3456 4407 saculi
3496 4357 3601 4406 ter-

1831 4427 1871 4480 ί)
1901 4446 2201 4502 renitatem
2276 4443 2455 4499 animi
2532 4441 2830 4512 majestate
2900 4440 3337 4506 excesserimus,
3406 4454 3603 4496 omnes

1898 4533 2290 4591 sensualitatis
2340 4540 2550 4588 nostra
2615 4538 2817 4600 partes.
2886 4530 3057 4600 quasi
3107 4529 3339 4600 Egypti
3399 4529 3599 4595 latera,

1900 4623 2093 4680 debita
2158 4621 2500 4677 auctoritate
2550 4619 2841 4689 despicere
2892 4632 3009 4673 non
3068 4631 3398 4687 possumus.
3452 4617 3601 4672 Licet

1898 4727 2036 4783 ergo
2099 4711 2154 4766 in
2211 4724 2446 4780 corpore
2493 4707 2809 4774 constituti,
2878 4714 3047 4762 extra
3107 4707 3236 4776 ejus
3300 4706 3598 4773 desideria,

1900 4801 2066 4873 quasi
2097 4807 2263 4856 extra
2300 4807 2507 4863 castra,
2541 4797 2613 4853 ad
2646 4811 2801 4862 eum,
2852 4795 2954 4865 qui
2995 4802 3163 4849 extra
3197 4803 3419 4864 portam
3464 4807 3599 4863 pas-

1900 4905 2000 4947 sus
2027 4897 2133 4956 est,
2160 4888 2319 4944 exire
2357 4888 2631 4943 debemus
2671 4885 2854 4955 (Hebr.
2905 4897 3026 4951 xm,
3080 4882 3191 4951 l2).
3244 4882 3403 4937 Sicut
3443 4881 3597 4937 enim

1900 4978 2191 5049 quispiam
2252 4977 2528 5033 fetoribus
2572 4982 2858 5039 assuetus,
2921 4971 3211 5027 miseriam
3276 4984 3453 5040 quam
3506 4984 3601 5039 pa-

1899 5068 2043 5125 titur
2074 5066 2295 5137 puteris
2343 5065 2588 5135 ignorat.
2638 5063 2818 5118 donec
2848 5062 2916 5117 a.l
2958 5060 3120 5117 liberi
3148 5073 3215 5115 ac
3247 5059 3409 5114 nitidi
3453 5059 3602 5115 aeris

1901 5155 2212 5226 puritatem
2264 5153 2554 5223 procedat,
2613 5153 2693 5207 ita
2735 5152 3012 5207 vitiorum
3064 5148 3402 5205 confusione
3457 5148 3601 5203 sub-

1901 5258 2143 5307 mersus,
2210 5242 2362 5312 ipsas
2405 5241 2693 5297 malorum
2733 5254 3131 5310 nequaquam,
3186 5238 3401 5309 quibus
3445 5236 3601 5293 obsi-

1900 5333 2086 5401 detur,
2120 5332 2447 5388 atrocitates
2476 5330 2740 5398 attendit,
2784 5330 2965 5385 donec
3014 5329 3167 5397 ipsas
3214 5336 3398 5398 pestes
3449 5340 3602 5396 pra-

1902 5422 2076 5478 libato
2110 5428 2367 5475 aromate
2398 5418 2712 5475 honestatis
2752 5418 3010 5475 excedat.
3062 5417 3223 5474 Unde
3251 5424 3306 5472 et
3360 5416 3416 5469 in
3448 5416 3600 5484 Apo-

1899 5510 2118 5580 calypsi
2147 5524 2182 5565 a
2226 5509 2393 5579 longe
2442 5508 2741 5563 dilectores
2786 5506 3095 5576 Babylonis
3131 5506 3410 5562 dicuntur
3451 5513 3602 5559 stare

1899 5599 2098 5668 (Apoc.
2132 5613 2290 5663 xvni,
2327 5599 2434 5665 15),
2464 5604 2528 5653 ιιι
2555 5596 2817 5667 ejusdem
2855 5594 3152 5650 interitum
3183 5594 3256 5650 ab
3296 5607 3365 5649 ea
3398 5592 3599 5647 semoti

1901 5686 2135 5743 valeant
2175 5700 2436 5757 pensare.
2486 5684 2798 5741 Ternarins
2825 5683 2896 5739 ad
2922 5681 3281 5748 Trinitatem,
3325 5680 3601 5735 denarius
