3950 6410
339 416 446 470 283

1227 412 1290 468 V.
1330 410 1666 469 GUIBERTI
1703 406 1994 467 ABBATIS
2033 409 2087 466 S.
2131 409 2368 465 MARUE
2403 408 2498 464 DE
2559 407 2945 466 NOVIGENTO

3735 408 3841 462 284

338 545 414 601 ad
474 543 737 614 praecepti
797 541 1001 599 attinet
1045 543 1491 608 exsecutionem,
1538 555 1669 610 quas
1720 540 1836 596 duo
1891 554 2025 595 cum
2064 538 2112 593 Α
2140 544 2338 608 septem
2367 542 2503 593 anni
2528 541 2743 606 inopiae,
2779 554 2912 608 quos
2940 517 3280 608 praediaierat
3305 539 3523 608 Ioseph,
3556 544 3607 594 et
3637 543 3694 594 in
3719 541 3849 594 uni-

339 633 505 690 nobis
533 639 670 688 sunt
715 630 774 686 in
817 629 1118 697 desiderio,
1150 629 1288 684 satis
1311 629 1434 700 jam
1480 628 1748 698 congruit
1803 631 1861 682 in
1907 643 2032 682 con-

336 726 519 791 spectu
568 721 887 778 Pharaonis.
940 718 1096 788 quod
1151 727 1236 773 est
1281 731 1533 787 praesens
1581 717 1854 772 violentia
1910 717 2032 772 dae-

338 809 546 874 monis,
575 808 764 874 statio,
787 807 841 864 id
870 815 952 862 est
979 807 1050 861 ad
1073 806 1205 876 ejus
1239 806 1522 861 illationes
1549 805 1877 861 decertatio.

410 897 582 954 Vnus.
607 898 696 961 47,
720 899 806 950 48.
836 924 903 937 -
936 897 1195 964 Venitque
1215 895 1480 960 fertilitas
1506 900 1705 962 septem
1731 909 2031 960 annorum;

339 989 469 1042 etin
498 986 807 1054 manipulos
839 983 1070 1038 redacta!
1096 989 1294 1050 segetes
1317 989 1650 1051 congregatae
1675 987 1803 1036 sunt
1821 984 1876 1035 in
1908 982 2033 1036 hor-

339 1091 434 1129 rea
474 1074 729 1143 (Egi/pii.
773 1074 960 1128 Omnis
988 1074 1154 1126 etiam
1193 1074 1420 1137 frugum
1449 1070 1795 1125 abundantia
1821 1073 1880 1124 in
1917 1073 2030 1124 sin.

339 1164 484 1232 gulis
513 1162 738 1216 urbibus
763 1161 982 1216 condita
1009 1165 1107 1214 est.
1153 1160 1442 1216 Ubertatis
1471 1167 1722 1228 tempore
1752 1160 1810 1212 in
1847 1160 2034 1212 mani-

335 1253 493 1322 pulos
524 1251 868 1321 rediguntur
897 1254 1112 1316 segetes,
1137 1262 1272 1304 cum
1296 1247 1672 1317 prosperitate
1700 1246 1912 1302 divinae
1941 1260 2033 1302 ar-

339 1337 560 1392 ridente
606 1333 946 1400 dulcedinis,
979 1333 1129 1388 bona
1173 1339 1368 1388 nostra
1407 1332 1620 1402 passim
1651 1345 1720 1386 ac
1765 1331 2035 1401 quaelibet

340 1433 468 1481 acta
496 1424 606 1480 sub
638 1436 882 1478 censura
911 1435 978 1478 ac
1009 1421 1055 1476 si
1081 1420 1193 1477 sub
1225 1420 1457 1476 vinculo
1482 1419 1719 1489 superni
1745 1420 2034 1475 constrin-

340 1521 562 1585 guntur
591 1511 826 1576 amoris,
859 1509 1016 1580 quod
1049 1517 1132 1564 est
1165 1509 1358 1564 oleum
1400 1509 1610 1564 habere
1660 1509 1718 1562 in
1767 1509 1938 1564 vasis.
1972 1510 2036 1563 In

338 1602 532 1656 horrea
545 1605 974 1669 congregantur
987 1597 1248 1666 Egypti,
1264 1596 1405 1666 quia
1419 1596 1756 1651 thesaurum
1771 1595 1928 1651 hunc
1939 1596 2039 1652 ha-

341 1690 543 1746 bemus
567 1687 627 1743 in
659 1685 929 1742 ﬁctilibus
963 1686 1135 1740 vasis.
1172 1685 1417 1751 Frugum
1446 1683 1794 1740 abundantia
1822 1687 1882 1738 in
1913 1688 2037 1739 sin-

340 1779 485 1846 gulis
523 1776 747 1830 urbibus
777 1781 1184 1844 congregatur,
1217 1787 1347 1828 cum
1383 1772 1638 1842 plenaria
1673 1773 2038 1828 continentiae

2139 643 2292 682 verso
2342 628 2468 681 orbe
2505 630 2680 694 fames
2718 628 3028 696 praevaluit.
3067 627 3286 683 Divinas
3335 627 3638 684 infusionis
3667 629 3849 699 pleni-

2144 716 2344 772 tudine
2373 720 2596 782 exacta,
2640 716 2927 771 interioris
2963 717 3148 772 victus
3191 717 3411 772 accedit
3445 717 3654 783 inedia,
3701 718 3851 787 quia

2143 805 2252 860 nisi
2293 804 2478 874 gratia
2525 805 2597 860 ad
2633 814 2858 874 tempus
2907 804 3150 871 deserat,
3195 805 3431 860 tentatio
3474 805 3662 862 locum
3721 819 3847 860 non

2141 892 2380 960 invenit,
2426 907 2542 962 quo
2591 908 2649 948 se
2690 893 2914 957 inferat,
2961 898 3016 947 et
3052 896 3110 946 in
3149 895 3400 947 universo
3452 895 3595 959 orbe,
3649 893 3854 949 omni-

2144 982 2312 1037 moda
2342 981 2602 1036 videlicet
2651 982 3018 1051 perfectione,
3049 997 3182 1052 quae
3222 982 3443 1052 pridem
3489 982 3678 1038 fuerat
3715 983 3849 1038 lan-

2143 1072 2339 1142 guoris
2361 1071 2568 1125 interni
2601 1070 2829 1125 miseria
2859 1071 3117 1126 incubat.
3151 1070 3318 1126 Orbis
3354 1070 3428 1125 ob
3461 1070 3550 1125 sui
3573 1070 3854 1126 rotundi-

2142 1167 2313 1216 tatem
2349 1172 2452 1228 pro
2474 1161 2711 1227 perfecto
2743 1158 2997 1228 ponitur,
3051 1166 3115 1213 ut
3145 1166 3262 1214 est:
3306 1158 3550 1212 Auribus
3577 1161 3856 1227 percipite

2143 1250 2240 1316 qui
2288 1247 2552 1300 habitatis
2593 1247 2774 1300 orbem
2806 1248 2969 1313 (Psal.
3003 1260 3195 1314 XLVIII,
3229 1247 3308 1312 2).
3359 1247 3425 1302 In
3453 1251 3648 1300 cuncta
3687 1252 3856 1300 terra

2143 1336 2386 1404 Αἶρε]ρεὶ
2413 1351 2518 1390 non
2545 1340 2662 1388 erat
2687 1338 2870 1404 panis.
2897 1335 3089 1402 (VERS.
3126 1337 3239 1401 55).
3260 1340 3378 1404 ()ua
3415 1337 3682 1389 esuriente
3736 1335 3854 1388 cla-

2142 1427 2314 1479 mavit
2375 1424 2609 1492 populus
2669 1423 2744 1476 ad
2797 1425 3134 1478 Pharaonem
3199 1425 3461 1476 alimenta
3515 1429 3723 1491 petens.
3793 1425 3858 1477 In

2144 1520 2259 1568 tota
2326 1517 2473 1565 terra
2531 1514 2760 1581 Αἶρε]ρεὶ
2813 1527 2918 1565 non
2974 1520 3058 1566 est
3115 1513 3300 1580 panis,
3359 1510 3501 1580 quia
3566 1511 3622 1565 in
3686 1511 3859 1566 omni

2146 1601 2426 1656 mundiali
2491 1601 2769 1656 desiderio
2817 1613 2932 1655 non
2980 1607 3064 1654 est
3118 1598 3236 1654 ulla
3285 1598 3559 1653 alimonia
3613 1599 3855 1654 mentis.

2145 1692 2261 1744 Non
2297 1693 2443 1744 enim
2470 1692 2704 1754 invenio,
2737 1689 2818 1743 ait
2854 1688 3176 1757 Apostolus,
3211 1690 3266 1740 in
3295 1703 3458 1741 carne
3494 1703 3613 1740 mea
3645 1687 3855 1740 bonum

2147 1779 2314 1843 (Rom.
2355 1791 2450 1842 vu,
2507 1776 2614 1844 18).
2665 1776 2818 1830 Pane
2867 1789 3003 1829 vero
3047 1775 3246 1845 gratiae
3289 1781 3628 1843 consumpto
3675 1774 3858 1845 Egy-

342 1865 530 1921 virtus
561 1864 620 1920 in
665 1877 1019 1932 unoquoque
1068 1875 1343 1916 sensuum
1393 1860 1704 1926 stabilitur,
1755 1861 1868 1916 imo
1901 1877 2035 1917 con-
2074 1884 2116 1938 Β
2147 1868 2281 1934 ptus
2348 1865 2738 1929 tenebrarum,
2789 1871 2844 1918 et
2899 1862 3194 1918 tribulatio
3253 1870 3665 1930 coangustans,
3729 1878 3854 1918 non

341 1953 517 2017 ditur,
551 1951 707 2022 quod
736 1949 1172 2006 occultationem
1199 1948 1508 2020 vigilanter
1531 1962 1734 2004 sonare
1758 1949 2034 2021 intelligi-

343 2049 455 2098 tur.
477 2040 670 2106 (Vans.
695 2039 807 2109 49.)
829 2040 1105 2108 Tantaque
1122 2040 1234 2103 fuit
1253 2036 1542 2092 multitudo
1565 2039 1756 2102 tritici,
1779 2042 1838 2092 ut
1859 2055 2036 2094 arenae

341 2133 510 2184 maris
531 2133 918 2197 cozquaretur,
949 2132 998 2180 et
1030 2130 1188 2196 copia
1225 2141 1530 2180 mensuram
1561 2126 1854 2181 excederet.
1891 2129 2033 2182 Mul-

341 2217 518 2273 titudo
563 2219 737 2271 tritici
786 2219 955 2270 maris
986 2231 1164 2269 arena:
1216 2222 1571 2284 coaequatur,
1624 2230 1755 2270 cum
1802 2215 2036 2272 virtutis

339 2305 739 2369 exuberantia,
768 2311 892 2360 tum
915 2303 1119 2359 mentis
1157 2302 1452 2366 serenitas,
1491 2317 1559 2357 ac
1589 2302 1791 2358 levitas
1821 2318 2032 2360 conve-

342 2395 514 2452 niunt
533 2403 587 2449 et
603 2394 956 2464 junguntur.
974 2393 1162 2446 Arena
1174 2390 1328 2445 enim
1350 2390 1534 2446 mollis
1553 2398 1606 2446 et
1623 2399 1788 2461 grata
1802 2391 2035 2460 planitie

341 2491 444 2538 est.
473 2481 648 2552 Copia
676 2492 1002 2534 mensuram
1029 2477 1269 2541 excedit,
1302 2493 1433 2532 cum
1461 2477 1602 2532 bene
1628 2479 1834 2548 agendi
1865 2479 2035 2534 facul-

343 2577 430 2627 tas
481 2569 634 2626 ultra
682 2568 954 2623 humana;
996 2565 1429 2620 consuetudinis
1473 2580 1643 2622 usum
1692 2566 2036 2637 plerumque

343 2657 609 2728 suppetit.

413 2747 586 2804 VERS.
630 2747 717 2800 50.
748 2775 810 2784 —
843 2745 977 2801 Nati
1007 2748 1133 2797 sunt
1171 2747 1350 2796 autem
1395 2743 1591 2812 Ioseph
1612 2743 1729 2812 lilii
1764 2743 1894 2809 duo,
1933 2759 2037 2797 an-

345 2841 562 2903 tequam
601 2835 806 2888 veniret
845 2835 1054 2899 fames;
1089 2846 1220 2900 quos
1271 2834 1323 2885 ei
1364 2833 1576 2900 peperit
1623 2833 1876 2897 Aseneth,
1925 2840 2032 2888 etc.

345 2923 472 2978 Filii
505 2923 630 2993 ejus
671 2922 878 2976 animas
925 2919 1167 2976 caelestis
1219 2919 1513 2989 augmenti
1568 2920 1752 2976 avida;
1793 2934 2038 2976 nascun-

345 3020 460 3078 tur,
521 3011 662 3066 dum
731 3008 1022 3080 praemisso
1101 3007 1446 3077 paenitentiae
1514 3007 1661 3062 bono
1719 3009 2038 3064 sanctitatis

343 3114 488 3170 opus
532 3097 930 3168 subsequitur.
974 3099 1102 3152 Haec
1145 3111 1214 3152 ex
1248 3095 1419 3152 ruina
1471 3096 1808 3152 dissecantis
1857 3111 2034 3168 appe-

343 3189 480 3244 titus
538 3187 673 3251 lilia,
733 3200 906 3257 quem
963 3185 1258 3241 ductorem
1323 3185 1528 3240 habuit
1587 3185 1658 3240 ad
1719 3187 2030 3242 criminum

343 3275 614 3344 solstitia;
683 3275 1026 3346 gignuntur,
1110 3278 1244 3328 I6!
1313 3274 1456 3343 quia
1524 3273 1846 3330 abundavit
1906 3290 2037 3344 pec-

341 3367 552 3427 catum,
609 3363 795 3433 gratia
837 3361 1069 3417 uberior
1111 3361 1282 3430 juxta
1328 3361 1660 3430 Apostolum
1712 3362 2038 3420 infunditur

344 3452 518 3519 (Rom.
560 3467 614 3518 v,
659 3451 769 3520 20).
819 3450 961 3506 Solis
1009 3450 1242 3504 nomine
1295 3457 1498 3504 aestum
1557 3451 1888 3505 tentationis
1941 3465 2035 3507 ac-

339 3539 471 3608 cipi,
519 3547 657 3594 teste
707 3546 791 3594 est
851 3537 1012 3604 illud,
1075 3537 1232 3607 quod
1287 3540 1412 3592 orto
1468 3537 1586 3593 sole
1641 3547 2037 3596 aestuaverunt

341 3627 601 3684 homines
632 3627 847 3696 (Matth,
879 3640 1000 3690 xui,
1030 3628 1104 3692 6),
1149 3631 1210 3680 ut
1244 3624 1520 3680 Dominus
1549 3625 1661 3681 ait:
1697 3627 1873 3695 (Vens
1921 3628 2034 3698 5t.)

343 3714 770 3785 Primogenitus
821 3713 1032 3770 dicitur
1087 3714 1389 3779 Manasses,
1442 3713 1542 3784 qui
1595 3714 1808 3770 dicitur
1843 3716 2037 3770 oblivi-

340 3817 510 3870 scens,
544 3801 704 3872 quia,
733 3801 937 3872 inquit,
969 3801 1216 3856 oblivisci
1250 3816 1330 3854 me
1357 3803 1488 3867 fecit
1520 3804 1661 3858 Deus
1695 3806 1933 3858 omnium
1953 3805 2038 3858 la-

343 3892 534 3946 borum
576 3906 831 3958 meorum,
881 3894 931 3944 et
962 3890 1150 3944 domus
1194 3891 1375 3958 patris
1417 3893 1540 3944 mei.
1597 3890 1698 3946 llla
1735 3889 1890 3948 enim
1925 3906 2038 3962 pus-

342 3979 625 4035 nitudinis
652 3987 734 4035 est
781 3979 1012 4044 veritas,
1055 3979 1098 4032 si
1133 3985 1328 4032 vetera
1356 3984 1412 4032 et
1443 3977 1755 4046 praeterita,
1807 3979 1865 4034 in
1903 3981 2034 4050 qui-

343 4069 453 4126 bus
504 4069 894 4125 laboravimus
935 4076 990 4125 et
1029 4067 1250 4123 onerati
1297 4066 1536 4131 fuimus,
1586 4067 2032 4138 obliviscentes;

340 4165 398 4213 et
445 4157 652 4212 domus
696 4157 993 4213 diabolicae
1051 4153 1412 4224 paternitatis
1459 4155 1624 4212 nobis
1670 4156 1892 4212 aditum
1933 4157 2036 4213 ob-

341 4251 647 4306 struentes,
735 4245 809 4300 ad
888 4244 1143 4299 futuram
1227 4241 1539 4299 novitatem
1629 4245 2032 4302 extendamur.

345 4333 538 4401 (Vens.
584 4333 696 4400 5‘2.)
742 4331 1038 4388 Secundus
1082 4329 1356 4400 Ephraim
1396 4339 1656 4398 vocatur,
1703 4333 1860 4403 quod
1907 4333 2036 4390 fru-

2147 1953 2363 2008 habens
2425 1953 2576 2008 unde
2633 1951 2968 2007 inanitatem
3037 1951 3256 2006 ventris
3306 1949 3638 2020 adimpleat,
3689 1958 3750 2006 et
3797 1952 3856 2006 in

2143 2041 2371 2111 siliquis
2415 2049 2684 2095 constans
2723 2039 2862 2094 nihil
2911 2039 3175 2108 reperiat,
3229 2039 3430 2094 merito
3475 2037 3676 2094 esurit.
3724 2039 3857 2094 Cla-

2144 2136 2263 2184 mat
2294 2129 2369 2182 ad
2393 2129 2746 2193 Pharaonem,
2783 2126 2942 2196 quia,
2985 2127 3157 2197 juxta
3191 2125 3596 2197 Evangelium,
3628 2128 3856 2196 expetit

2145 2217 2394 2286 regionis
2436 2215 2774 2286 principem,
2814 2214 2911 2270 sed
2953 2215 3093 2270 dum
3138 2228 3251 2269 non
3305 2214 3486 2269 reficit
3526 2229 3599 2270 ex
3645 2229 3856 2285 porco-

2144 2318 2274 2360 rum
2325 2304 2450 2359 cibo
2498 2303 2702 2358 famem
2751 2305 2901 2372 (Luc.
2953 2317 3049 2367 xv,
3085 2306 3171 2369 t5,
3209 2302 3325 2370 ‘16),
3358 2302 3526 2372 quasi
3567 2317 3642 2358 ex
3695 2304 3856 2372 prin-

2143 2393 2283 2462 cipis
2340 2391 2424 2447 vel
2477 2391 2792 2445 Pharaonis
2853 2405 3121 2460 responso
3181 2389 3402 2459 repetit,
3458 2397 3514 2445 et
3566 2399 3852 2460 exoptare

2143 2479 2372 2550 cogitur
2433 2479 2920 2534 merccnariorum
2977 2492 3205 2548 panem.
3246 2480 3325 2533 ite
3373 2478 3582 2548 inquit,
3628 2479 3707 2532 ad
3751 2484 3850 2534 Jo-

2144 2569 2294 2636 seph,
2328 2567 2550 2622 caeleste
2584 2575 2966 2637 augmentum
3001 2566 3266 2636 appetito,
3305 2571 3356 2620 et
3386 2566 3664 2634 quidquid
3694 2568 3850 2621 vobis

2144 2657 2434 2724 indixerit,
2472 2659 2660 2721 facite.
2706 2656 2863 2711 Sicut
2890 2656 3045 2711 enim
3085 2655 3372 2725 cupiditas
3412 2655 3722 2722 malorum,
3766 2658 3850 2711 sic

2147 2744 2406 2800 omnium
2439 2753 2522 2799 est
2554 2745 2646 2814 pia
2672 2743 2893 2800 affectio
2929 2745 3206 2814 magistra
3234 2744 3535 2799 bonorum.

2221 2834 2384 2888 Vnus.
2426 2836 2512 2888 56.
2561 2863 2619 2874 —
2691 2833 2970 2889 Crescebat
3027 2837 3208 2886 autem
3247 2831 3490 2901 quotidie
3535 2833 3715 2897 fames
3781 2836 3840 2886 in

2145 2923 2292 2974 omni
2351 2925 2516 2985 terra,
2585 2920 2746 2990 quia,
2803 2920 3074 2990 gliscente
3133 2927 3396 2974 motuum
3452 2919 3846 2988 corporalium

2148 3008 2365 3074 morbo,
2412 3022 2525 3063 non
2557 3008 2726 3064 habet
2774 3008 2931 3078 quod
2980 3005 3227 3062 defectui
3272 3020 3378 3062 suo
3407 3006 3700 3077 propinet,
3741 3017 3851 3064 aut

2147 3104 2420 3166 suggerat
2451 3097 2613 3166 inops
2653 3095 3039 3164 conscientia;
3073 3095 3372 3165 quaerendi
3421 3110 3560 3166 ergo
3600 3104 3746 3152 sunt
3775 3097 3848 3152 ab

2147 3186 2332 3242 amico
2376 3185 2582 3254 Ioseph
2629 3192 2740 3240 tres
2790 3197 2985 3253 panes,
3033 3186 3134 3253 qui
3185 3191 3556 3253 apponantur
3594 3184 3851 3255 Egypto

2145 3288 2388 3330 reversae
2432 3273 2502 3328 de
2534 3271 2628 3328 via
2667 3274 2816 3338 (Luc.
2864 3287 2924 3339 ll,
2975 3275 3052 3339 5).
3090 3273 3432 3342 Aperuitque
3471 3273 3683 3344 Ioseph
3721 3277 3849 3326 uni-

2143 3378 2301 3418 versa
2366 3365 2577 3427 horrea,
2629 3365 2679 3415 et
2734 3361 2999 3415 vendebat
3067 3363 3375 3429 Egyptiis;
3432 3375 3560 3414 nam
3618 3369 3671 3415 et
3723 3363 3851 3416 illos

2143 3455 2486 3520 Oppresserat
2539 3453 2734 3517 fames.
2779 3449 2980 3519 (Vens.
3032 3450 3142 3517 57.)
3195 3449 3492 3517 Omnesque
3541 3452 3851 3518 provincia

2143 3541 2429 3594 veniebant
2476 3542 2536 3594 in
2579 3541 2890 3608 Egyptum,
2933 3544 2994 3593 ut
3042 3542 3274 3593 emerent
3315 3552 3484 3606 escas,
3534 3543 3586 3592 et
3635 3541 3849 3594 malum

2143 3629 2347 3698 inopia
2398 3632 2776 3696 temperarent.
2834 3627 3032 3694 Ioseph
3080 3629 3337 3681 universa
3385 3627 3579 3680 horrea
3633 3628 3854 3698 aperit,

2143 3731 2278 3772 cum
2308 3716 2514 3771 interni
2556 3715 2802 3770 aviditas
2841 3715 3126 3785 profectus
3164 3729 3496 3786 assurgens,
3530 3714 3712 3770 totius
3745 3730 3855 3772 ra-

2143 3803 2498 3868 tionalitatis,
2542 3804 2715 3872 juxta
2759 3803 2915 3872 quod
2963 3803 3176 3872 cuique
3227 3803 3307 3858 rei
3357 3812 3685 3874 congruum
3735 3813 3852 3870 est,

2144 3893 2338 3962 copias
2397 3891 2616 3960 pandit.
2661 3893 2940 3962 AEgyptiis
2993 3891 3214 3958 vendit,
3261 3891 3402 3947 dum
3447 3891 3521 3946 ab
3567 3891 3652 3946 eis
3686 3895 3856 3962 quod

2143 3980 2377 4052 Egypti
2403 3987 2558 4047 sunt,
2601 3979 2658 4035 id
2704 3989 2789 4036 est
2817 3981 2974 4050 quod
3019 3979 3390 4035 saecularitati
3441 3980 3852 4048 intenderunt,

2144 4083 2247 4140 per
2300 4068 2710 4126 confessionem
2780 4069 2986 4138 accipit
3045 4076 3102 4123 et
3148 4067 3509 4137 postmodum
3557 4066 3858 4137 stipendia

2143 4159 2335 4228 dignae
2377 4157 2780 4214 consolationis
2843 4157 3133 4226 expendit.
3180 4157 3306 4212 Illos
3357 4155 3510 4212 enim
3567 4155 3861 4226 opprimit

2142 4248 2336 4312 fames,
2365 4246 2506 4316 quia
2538 4253 2725 4300 motus
2755 4243 3044 4314 praecipue
3083 4245 3479 4316 aegrimoniam
3511 4245 3667 4301 hanc
3711 4259 3859 4314 per-

2143 4333 2338 4391 ferunt
2377 4333 2674 4390 animales.
2728 4335 2920 4391 Omnes
2965 4335 3262 4403 provincia
3302 4332 3544 4389 veniunt
3573 4332 3633 4388 in
3668 4335 3858 4402 Egy-

342 4419 602 4475 ctilicans
625 4420 871 4475 dicitur:
910 4423 1150 4476 Crescere
1177 4419 1341 4484 enim,
1385 4420 1484 4487 ait,
1526 4437 1610 4475 me
1635 4423 1768 4486 fecit
1803 4424 1944 4476 Deus
1973 4424 2033 4477 in
2074 4435 2117 4489 ι)
2139 4429 2298 4494 ptum
2345 4429 2406 4477 ut
2434 4437 2580 4477 escas
2620 4429 2833 4488 emant,
2879 4437 3012 4478 cuin
3052 4435 3251 4476 omnes
3293 4420 3703 4476 exterioritatis
3751 4436 3860 4477 no-

344 4513 493 4562 terra
529 4510 873 4578 paupertatis
910 4524 1075 4572 mea;
1106 4506 1164 4562 in
1210 4519 1327 4574 quo
1372 4507 1776 4580 intelliguntur
1813 4510 2036 4579 pietatis

342 4595 632 4662 exercitia,
667 4611 797 4668 quae
823 4596 1046 4653 fructus
1085 4605 1222 4652 sunt
1272 4596 1472 4654 vitales
1527 4606 1885 4668 emergentes
1908 4598 2029 4668 jam

343 4683 402 4740 in
457 4699 712 4754 corpore,
771 4686 924 4755 quod
989 4685 1093 4742 fuit
1158 4687 1295 4744 olim
1367 4687 1604 4741 interna;
1665 4686 2032 4754 paupertatis,

2144 4521 2278 4568 strae
2308 4511 2688 4580 dispersiones
2717 4510 2785 4565 ad
2820 4509 3210 4566 tribulationis
3237 4510 3544 4580 angustias,
3579 4511 3855 4566 maeroris

2139 4600 2312 4656 etiam
2353 4613 2420 4654 ac
2451 4598 2866 4655 tenebrositatis
2911 4599 3154 4668 propria
3196 4597 3457 4652 miserias
3485 4598 3855 4656 contuendas

2141 4689 2443 4754 accedunt,
2499 4687 2598 4742 ubi
2647 4686 2960 4742 remedium
3013 4685 3121 4742 sibi
3173 4684 3491 4740 refectionis
3534 4684 3852 4756 cujusdam

344 4773 488 4828 dans
523 4776 817 4828 materiam
842 4781 1016 4838 terra,
1052 4775 1150 4830 ubi
1179 4783 1234 4830 et
1277 4773 1596 4844 accipimus
1644 4787 1810 4828 verso
1838 4774 2038 4830 ordine
2138 4791 2213 4832 ex
2244 4775 2452 4830 doloris
2475 4772 2823 4844 impensione
2841 4775 3106 4844 exigunt.
3138 4774 3394 4828 Fuerunt
3423 4772 3578 4828 enim
3599 4771 3852 4830 cuidam

347 4875 505 4916 nunc
535 4861 904 4918 incrementa.

2141 4863 2410 4932 lacrymw
2465 4875 2584 4917 suae
2641 4875 2816 4931 panes
2867 4860 2960 4916 die
3025 4874 3092 4916 ac
3148 4868 3311 4916 nocte
3361 4860 3528 4928 (Psat.
3593 4875 3710 4928 xm,
3769 4863 3848 4932 4).

421 4949 595 5004 Vnus.
661 4952 748 5015 ‘53,
800 4952 888 5004 54.
937 4981 1006 4991 -
1063 4953 1238 5018 Igitur
1285 4953 1579 5006 transactis
1623 4958 1824 5022 septem
1876 4953 2036 5008 annis
2139 4952 2424 5021 Egyptus
2497 4957 2690 5006 autem
2744 4955 2799 5004 et
2861 4947 3290 5004 tribulationem
3340 4955 3396 5004 et
3444 4955 3655 5004 caetera
3712 4964 3851 5020 quas

348 5035 634 5103 ubertatis,
693 5040 792 5105 qui
831 5041 1053 5104 fuerant
1107 5041 1168 5093 in
1214 5040 1484 5110 Egypto,
1533 5045 1804 5109 cmperunt
1853 5042 2038 5094 venire

2143 5038 2526 5109 praemisimus
2556 5037 2788 5094 nomine
2812 5044 2996 5094 sonat.

1291 5301 1595 5344 EXPLICI'I‘
1639 5302 1834 5345 LIBER
1876 5300 2234 5344 MORALIUM
2278 5299 2609 5344 GENESEOS
2653 5299 2898 5344 NONUS.
