3950 6450
108 438 199 491 ‘285
1384 439 1752 497 MOBALIUM
1792 442 1860 499 IN
1887 443 2185 500 GENESIN
2216 444 2343 499 LIB.
2374 444 2433 498 X.
3519 448 3621 501 286

1265 768 1622 843 INCIPIT
1685 770 1969 844 LIBER
2027 771 2476 847 DECIMUS.

856 979 1704 1085 MOBALIUM
1845 981 2005 1084 IN
2148 980 2856 1088 GENESIN.

176 1392 503 1449 Auxiliante
534 1395 647 1448 Deo
690 1392 998 1455 decimum,
1033 1406 1206 1461 quem
1252 1399 1307 1448 et
1356 1398 1631 1463 putamus
1660 1391 1803 1448 ulti-
1840 1393 1888 1446 Α
1916 1395 2174 1447 cess-aria.
2232 1392 2489 1451 Adorant
2522 1436 2537 1461 ,
2606 1410 2737 1451 cum
2799 1396 2855 1452 in
2924 1400 3289 1455 veneratione
3358 1398 3618 1467 habent,

114 1495 282 1546 mum,
314 1480 372 1536 in
403 1480 609 1536 Genesi
644 1479 899 1536 libellum
933 1479 1253 1547 adorimur,
1296 1479 1459 1536 illum
1482 1480 1583 1550 qui
1618 1493 1719 1550 pro
1748 1494 1808 1535 se

112 1570 507 1626 laborantibus
555 1570 831 1625 denarius
885 1576 989 1636 est,
1047 1577 1375 1636 exorantes,
1425 1577 1489 1625 ut
1538 1569 1640 1640 qui
1692 1568 1809 1624 huc

115 1674 288 1729 usque
333 1672 652 1714 excursum
706 1657 879 1719 dedit.
928 1658 1102 1713 ﬁnem
1147 1658 1431 1729 largiatur
1478 1659 1803 1714 honestum.

113 1747 317 1803 Honori
350 1761 610 1817 namque
638 1760 763 1813 suo,
800 1746 859 1801 in
904 1746 1012 1801 hoc
1048 1745 1351 1817 opusculo,
1379 1754 1434 1802 et
1462 1745 1636 1802 saluti
1667 1760 1810 1801 suo-

111 1849 233 1891 rum
259 1834 534 1891 volumus
568 1833 813 1890 militare
832 1848 1151 1890 servorum.
1186 1833 1460 1905 Sequitur
1480 1849 1618 1906 ergo
1643 1848 1809 1890 sacra

112 1924 359 1980 historia.

738 1993 970 2051 CAPUT
1009 1993 1178 2049 XLII.

175 2102 342 2158 Vnus.
378 2105 433 2167 l,
482 2103 533 2156 2.
582 2129 650 2140 —
683 2100 924 2157 Audiens
955 2105 1132 2155 autem
1174 2101 1336 2156 Jacob
1365 2100 1511 2170 quod
1548 2101 1808 2155 alimenta

110 2191 465 2246 venderentur
490 2192 551 2245 in
588 2192 821 2260 Egypto
849 2190 993 2244 dixit
1011 2191 1153 2258 [iliis
1180 2192 1295 2246 suis
1322 2209 1339 2245 :
1370 2196 1548 2262 Quare
1577 2192 1808 2259 negligi-

112 2283 210 2337 tis!
245 2286 391 2335 15⁸8
446 2280 657 2334 Audivi
685 2278 831 2350 quod
861 2281 1105 2333 triticum
1132 2279 1491 2334 venumdetur
1526 2282 1586 2333 in
1632 2282 1806 2348 Egy-

111 2374 211 2438 pto.
246 2368 588 2434 Descendite,
639 2374 689 2421 et
720 2369 875 2422 emite
906 2367 1059 2422 nobis
1090 2370 1413 2435 necessaria,
1446 2373 1506 2423 ut
1535 2372 1806 2439 possimus

113 2460 296 2523 vivere,
340 2463 392 2513 et
439 2473 552 2512 non.
604 2471 984 2511 consumamur
1037 2458 1246 2526 inopia.
1305 2456 1581 2527 Intelligit
1632 2471 1807 2513 verus

113 2546 312 2616 peccati
365 2545 787 2616 supplantator,
838 2543 1159 2601 intellectus
1195 2544 1408 2601 scilicet
1452 2553 1664 2611 noster,
1700 2545 1806 2601 hoc

113 2636 255 2691 enim
300 2634 512 2691 audire
558 2648 732 2690 suum
778 2640 881 2701 est,
918 2635 1074 2704 quod
1124 2637 1185 2688 in
1230 2636 1488 2704 Egypto,
1538 2633 1591 2689 id
1632 2635 1803 2689 estin

117 2724 347 2796 prepriae
396 2722 643 2779 miseriae
707 2721 1062 2779 confessione
1122 2722 1423 2793 spirituale
1467 2723 1809 2793 acquiratur

115 2812 443 2868 alimentum
494 2827 507 2866 :
560 2812 631 2869 Os
676 2813 818 2866 enim
849 2826 1024 2866 meum
1071 2814 1284 2881 aperui,
1320 2817 1371 2866 et
1403 2815 1621 2866 attraxi
1647 2815 1808 2882 spiri-

116 2908 215 2956 tum
262 2903 434 2972 (Psat.
487 2915 686 2969 cxvm,
744 2899 887 2970 131),
919 2908 975 2957 et
1017 2901 1391 2972 cogitationes
1433 2916 1505 2957 ex
1556 2901 1806 2958 scientiae

113 2992 315 3046 semine
346 2990 576 3062 genitas
620 2997 900 3059 tanquam
933 2989 1077 3045 ﬁlios
1106 2990 1175 3046 de
1205 2990 1559 3062 negligentia
1588 2991 1803 3062 arguit.

115 3080 433 3144 Descendite,
485 3078 695 3148 inquit,
748 3078 803 3132 id
847 3085 931 3134 est
981 3077 1389 3147 humiliamini,
1436 3086 1492 3135 et
1536 3080 1645 3149 pize
1678 3093 1802 3149 pre-

114 3167 247 3223 tium
279 3165 658 3238 puznitudinis
700 3165 1033 3236 impendite,
1070 3174 1131 3223 ut
1160 3182 1324 3238 opem
1363 3166 1805 3238 consequamini

116 3271 235 3327 quae
274 3256 602 3311 neCessaria
649 3262 735 3311 est
765 3255 919 3311 vitae.
965 3255 1161 3325 (Vens.
1214 3258 1266 3324 3,
1300 3256 1381 3327 4.)
1416 3256 1805 3311 Descendentes

117 3348 277 3412 igitur
319 3348 531 3412 fratres
562 3343 757 3414 Ioseph
801 3343 998 3413 decem,
1040 3350 1101 3400 ut
1143 3351 1376 3400 emerent
1413 3348 1713 3412 frumenta,
1746 3347 1807 3399 in

114 3436 417 3505 Egyptum,
472 3431 758 3502 Benjamin
800 3433 949 3488 domi
983 3439 1186 3489 retento
1217 3435 1285 3489 ab
1319 3436 1498 3489 .Iacob
1529 3437 1626 3504 qui
1655 3434 1807 3488 dixe-

113 3526 194 3573 rat
220 3521 498 3586 fratribus
529 3521 644 3589 ejus
690 3536 703 3574 :
756 3522 831 3575 Ne
872 3522 1017 3586 forte
1061 3523 1121 3575 in
1160 3523 1353 3576 itinere
1383 3520 1685 3591 quidquam
1713 3536 1808 3589 pa-

115 3612 276 3664 tiatur
302 3612 462 3664 mali.
501 3611 685 3664 Decem
711 3610 919 3676 fratres
945 3610 1167 3681 Ioseph,
1196 3609 1284 3665 vel
1315 3610 1502 3665 virtus
1532 3608 1806 3665 universa

115 3698 178 3751 ad
221 3698 575 3767 Decalogum
620 3696 901 3764 instituta,
949 3697 1037 3752 vel
1066 3710 1278 3766 corpus
1304 3703 1359 3752 et
1389 3697 1583 3751 anima
1621 3694 1805 3752 amori

114 3785 395 3841 Trinitatis
445 3783 672 3851 innixa,
725 3783 933 3840 caelesti
968 3783 1316 3840 incremento
1365 3797 1640 3855 germane
1669 3797 1807 3840 con-

112 3873 321 3943 juncta,
353 3875 427 3930 ad
462 3873 678 3945 pabula
718 3872 944 3929 interna
974 3873 1289 3943 quaerenda
1326 3888 1384 3929 se
1414 3873 1679 3942 ﬂectunt;
1708 3872 1806 3928 sed

1918 1488 2338 1551 agnoscuntur,
2388 1497 2523 1538 cum
2575 1483 2754 1539 nostri
2799 1484 3108 1540 rationales
3139 1494 3327 1542 motus
3359 1486 3622 1543 dulcedi-

1917 1583 2047 1624 nem
2079 1568 2206 1639 ejus
2223 1570 2612 1640 experiuntur
2631 1585 2699 1627 ac
2718 1571 2988 1643 diligunt.
3022 1574 3323 1644 Appetitus
3352 1575 3618 1643 caelestis,

1918 1659 2084 1727 quasi
2126 1658 2197 1712 ad
2232 1658 2468 1726 alienos,
2511 1660 2718 1716 durius
2763 1660 3042 1731 loquitur,
3078 1663 3216 1718 dum
3271 1664 3470 1719 divina
3512 1664 3622 1720 dis-

1918 1747 2252 1816 pensatione
2305 1747 2501 1803 minus
2548 1748 2765 1805 arridet
2814 1749 3156 1820 plerumque
3210 1753 3386 1808 menti
3442 1766 3621 1823 quam

1918 1835 2043 1905 ipsa
2081 1835 2346 1891 voluerit.
2400 1836 2581 1903 Unde,
2624 1837 2721 1905 ait,
2768 1853 3022 1908 superna
3069 1854 3301 1910 sperare
3346 1842 3619 1910 poteritis,

1916 1923 2085 1994 quia
2126 1925 2389 1980 saeculari
2419 1939 2615 1981 amore
2661 1941 2779 1982 non
2818 1926 3143 1984 disceditis?
3186 1930 3619 2000 Terrenitatem,

1914 2012 2099 2079 aiunt,
2133 2027 2253 2083 qua
2295 2012 2593 2069 diemouiis
2624 2021 2687 2070 ut
2717 2016 3028 2071 transirent
3071 2016 3287 2087 iniquas
3318 2017 3620 2074 humilita-

1918 2099 1987 2156 tis
2028 2100 2262 2156 dorsum
2311 2102 2731 2170 przebebamus,
2780 2118 2882 2159 nos
2934 2106 3227 2161 incurvari
3277 2106 3620 2177 jubentibus

1916 2189 2301 2259 reliquimus,
2358 2198 2413 2247 et
2454 2191 2789 2248 alimoniam
2847 2192 3147 2249 vitalitatis
3191 2202 3420 2251 aeternae
3473 2195 3621 2252 datis

1916 2280 2287 2348 praesentium
2320 2278 2624 2350 impendiis
2654 2280 3028 2351 requirimus.

1989 2368 2160 2425 VERS.
2193 2372 2246 2424 8.
2306 2398 2367 2408 —
2414 2369 2495 2423 Et
2524 2374 2703 2424 tamen
2730 2373 2937 2437 fratres
2971 2373 3086 2439 ipse
3129 2386 3465 2439 cognoscens,
3516 2388 3620 2426 non

1915 2461 1994 2511 est
2023 2459 2245 2526 agnitus
2271 2457 2340 2511 ab
2370 2459 2468 2512 eis.
2503 2458 2732 2513 Fratres
2769 2458 3083 2529 cegnoscit,
3116 2474 3248 2514 cum
3284 2461 3456 2515 totius
3486 2474 3616 2516 san-

1915 2544 2128 2600 ctitatis
2179 2559 2368 2601 mores
2422 2559 2457 2600 a
2502 2545 2670 2601 nobis
2718 2547 2985 2617 cognosci
3037 2548 3197 2613 facit;
3250 2547 3323 2603 ab
3371 2547 3452 2603 eis
3484 2563 3619 2605 vero

1914 2649 2032 2690 non
2064 2634 2418 2705 agnoscitur,
2454 2634 2592 2705 quia
2630 2643 2685 2692 et
2727 2636 2773 2692 si
2804 2650 2876 2692 ex
2930 2636 3127 2707 aliquo
3174 2650 3368 2692 amore
3409 2638 3618 2706 partim

1918 2723 2151 2780 videtur
2196 2733 2251 2779 et
2287 2723 2486 2791 scitur,
2520 2739 2825 2795 nunquam
2859 2732 3051 2782 tamen
3089 2734 3467 2797 augmentum
3501 2727 3619 2797 spi-

1916 2809 2126 2866 rituale
2153 2810 2211 2866 in
2260 2811 2368 2867 hac
2405 2811 2526 2868 vita
2573 2813 2642 2868 ad
2679 2813 2995 2882 perfectum
3041 2813 3286 2883 capitur.
3323 2814 3514 2881 (Vnus.
3548 2814 3618 2883 9.)

1914 2899 2350 2970 Recordatusque
2406 2906 2485 2955 est
2552 2904 2885 2957 somniorum
2957 2918 3077 2971 quas
3144 2902 3448 2971 aliquando
3530 2904 3618 2960 vi-

1915 2988 2091 3056 derat,
2141 2994 2192 3043 et
2237 2991 2319 3043 ait
2347 2989 2422 3043 ad
2464 3005 2553 3045 eos
2598 3006 2611 3044 :
2648 2992 3036 3060 Exploratores
3085 2993 3253 3054 estis;
3298 2995 3359 3045 ut
3384 2992 3618 3048 videatis

1914 3076 2223 3147 inﬁrmiora
2283 3082 2439 3131 terrae
2498 3080 2744 3133 venistis.
2817 3078 3174 3135 Recordatur
3237 3083 3569 3135 somniorum
3598 3121 3614 3148 ,

1913 3179 2046 3221 cum
2095 3165 2200 3221 sibi
2232 3167 2516 3236 praeponit
2563 3166 2793 3223 assidue
2822 3181 2942 3237 qua
2986 3167 3247 3223 imbutus
3283 3175 3368 3223 est
3418 3169 3618 3237 provi-

1913 3253 2168 3310 dentiam
2213 3253 2566 3310 futurorum.
2616 3254 2742 3310 Non
2774 3255 2871 3323 ita,
2908 3254 3117 3325 inquit,
3152 3261 3215 3310 ut
3258 3254 3447 3309 dicitis
3476 3255 3617 3311 Cha-

1913 3341 2231 3398 nanitidem
2280 3342 2612 3412 respuistis,
2661 3342 2759 3398 sed
2809 3358 2921 3399 non
2972 3340 3157 3398 solum
3207 3342 3436 3398 inﬁrma
3484 3358 3615 3414 quae

1914 3430 2263 3488 humanitati
2306 3431 2572 3499 attinent,
2604 3447 2810 3488 verum
2855 3434 3178 3501 inﬁrmiora,
3233 3432 3450 3503 quibus
3498 3440 3613 3489 ter-

1914 3520 2037 3576 reni
2092 3519 2269 3575 animi
2302 3520 2553 3587 sordent,
2605 3520 2814 3577 scilicet
2841 3521 2981 3577 vitia
3022 3521 3364 3577 intentiones
3416 3530 3614 3578 vestrae

1913 3608 2212 3677 explorare
2260 3608 2513 3664 student.
2567 3609 2764 3678 (Vnus.
2814 3612 2922 3675 l0.)
2970 3611 3107 3676 Non,
3158 3612 3335 3675 aiunt,
3385 3613 3468 3664 ita
3513 3617 3612 3677 est,

1914 3697 2147 3764 domine,
2197 3696 2292 3753 sed
2338 3696 2492 3752 servi
2540 3697 2623 3753 tui
2670 3696 2994 3754 ofﬁciorum
3044 3698 3359 3755 cmlestium
3409 3714 3616 3754 memo-

1914 3798 2024 3852 res,
2063 3785 2152 3839 his
2195 3798 2261 3840 ac
2291 3784 2338 3840 si
2387 3784 2515 3841 cibo
2557 3785 2713 3842 reﬁci
2755 3800 3008 3856 expensa
3052 3786 3109 3841 in
3161 3786 3408 3856 pretium
3458 3786 3613 3842 omni

1914 3874 2207 3943 voluptate
2254 3873 2599 3929 desiderant.
2651 3874 2846 3944 (Vnus.
2905 3877 3014 3941 11.)
3067 3876 3258 3930 Omnes
3301 3876 3408 3945 ﬁlii
3455 3878 3615 3929 unius

118 3963 411 4033 Benjamin,
459 3962 564 4033 qui
602 3962 763 4033 ﬁlius
809 3961 1046 4017 dexterx
1090 3962 1342 4030 dicitur,
1393 3976 1555 4019 amor
1594 3961 1807 4018 scilicet
1845 3979 1886 4035 ο
1914 3966 2026 4018 viri
2070 3978 2273 4018 sumus.
2339 3962 2519 4024 Illius,
2572 3962 2834 4019 videlicet
2877 3977 3049 4032 quem
3100 3976 3201 4032 pro
3254 3962 3342 4018 sui
3396 3962 3615 4018 unitate

119 4053 346 4109 cmlestis
385 4053 539 4118 vitae,
573 4051 641 4105 ab
686 4051 848 4106 Jacob
892 4050 1048 4107 domi
1099 4058 1345 4119 tenetur,
1392 4052 1533 4122 quia
1574 4051 1803 4121 spiritui

120 4138 257 4196 intra
298 4141 709 4198 conscientiam
749 4152 975 4209 semper
1006 4153 1234 4196 necesse
1260 4149 1361 4208 est,
1399 4148 1461 4197 ut
1504 4140 1805 4196 individuo

118 4230 489 4301 astringatur;
540 4243 611 4283 ne
655 4228 700 4284 si
749 4228 1007 4285 exterius
1055 4229 1310 4299 prodeat,
1361 4229 1509 4285 inter
1537 4228 1803 4285 inanium

118 4318 364 4374 favorum
391 4332 570 4373 auras
599 4317 826 4374 damnis
857 4317 1155 4388 aliquibus
1182 4325 1470 4374 tenuetur.

180 4406 343 4463 Vnus.
377 4408 424 4459 5.
474 4436 544 4444 —
582 4396 816 4472 Ingressi
842 4412 969 4459 sunt
1011 4412 1212 4460 terram
1242 4408 1488 4477 1Egypti,
1520 4421 1639 4460 cum
1679 4408 1804 4461 aliis

118 4497 205 4562 qui
248 4495 548 4565 pergebant
592 4494 667 4548 ad
710 4494 1010 4549 emendum.
1050 4497 1271 4550 Terram
1321 4497 1548 4564 Egypti
1602 4494 1805 4565 ingre-

117 4582 362 4651 diuntur,
410 4597 549 4639 cum
598 4590 834 4639 terrente
864 4582 1179 4640 affectionis
1226 4584 1493 4641 tenebras
1522 4592 1577 4640 et
1624 4598 1808 4656 angu-

118 4671 261 4734 stias.
310 4672 464 4727 vires
508 4670 791 4727 interioris
834 4672 1085 4728 hominis
1137 4680 1421 4744 congestae
1461 4673 1801 4742 irrumpere,

118 4771 175 4813 ac
203 4759 453 4815 obtinere
501 4760 803 4828 nituntur;
852 4760 1007 4817 unde
1035 4768 1090 4816 et
1120 4760 1283 4829 alios,
1316 4761 1419 4832 qui
1450 4761 1649 4817 iisdem
1700 4761 1806 4831 piis

119 4847 489 4904 mercimoniis
543 4847 797 4905 institere
827 4890 842 4915 ,
904 4849 992 4904 vel
1047 4850 1314 4917 instant,
1369 4857 1597 4906 sanctos
1656 4850 1807 4906 viros

122 4934 425 4993 imitantur.
461 4940 602 4993 Erat
631 4943 809 4991 autem
850 4940 1024 5004 fames
1056 4941 1116 4992 in
1148 4943 1295 4993 terra
1333 4940 1625 4994 Chanaan.
1658 4938 1805 4995 Cha-

122 5038 255 5080 naan
286 5026 500 5083 dicitur
536 5031 770 5095 paratus
800 5027 1120 5093 humilitati,
1156 5022 1801 5099 signiﬁcans’animum,

124 5113 299 5171 eadem
330 5130 462 5187 quae
521 5127 624 5184 per
651 5114 966 5185 Egyptum
1018 5115 1337 5187 ﬁguratum
1376 5118 1630 5173 terrestri
1663 5116 1801 5172 affe-

127 5204 309 5272 ctione,
358 5203 534 5275 quasi
566 5202 769 5273 iniqua
807 5204 1062 5274 quadam
1109 5204 1453 5275 humilitate,
1497 5206 1802 5277 dejectum,

1913 4060 2127 4122 septem
2159 4051 2427 4108 mulieres
2471 4051 2918 4121 apprehendunt
2965 4050 3107 4122 (lsa.
3143 4066 3219 4119 ιν,
3282 4054 3354 4119 1),
3387 4058 3443 4107 et
3472 4051 3614 4120 quia

1912 4140 2004 4196 vir
2032 4147 2115 4196 est
2160 4146 2214 4196 et
2249 4155 2403 4197 unus
2431 4148 2532 4208 est,
2580 4141 2804 4209 paciﬁci
2841 4139 2960 4210 jam
3009 4140 3165 4208 apud
3215 4140 3392 4195 Deum
3425 4146 3480 4194 et
3511 4138 3613 4193 ho-

1915 4227 2097 4284 mines
2138 4230 2401 4283 venimus.
2457 4228 2721 4299 Cumque
2770 4228 2884 4283 Deo
2932 4235 2987 4283 et
3036 4226 3317 4298 proximis
3359 4241 3459 4296 pro
3499 4226 3613 4281 Deo

1914 4317 2137 4387 placere
2169 4317 2465 4386 gestimus,
2507 4314 2648 4387 quid
2691 4316 2826 4372 mali
2877 4315 3125 4371 aestimas
3174 4316 3612 4371 machinemur?

1914 4406 2113 4477 (Vnus.
2152 4405 2262 4475 l2.)
2285 4403 2716 4473 Immunita,ait.
2743 4410 2897 4459 terra:
2918 4406 3082 4474 hujus
3110 4404 3451 4460 considerare
3470 4404 3614 4457 veni-

1912 4496 2031 4549 stis.
2075 4493 2236 4560 Quod
2267 4502 2352 4550 est
2392 4494 2847 4564 opportunitates
2887 4494 3082 4549 adhuc
3113 4494 3386 4565 peccandi
3417 4494 3613 4549 obser-

1914 4581 2083 4647 vatis,
2120 4596 2224 4637 nec
2268 4582 2341 4636 ad
2372 4581 2525 4637 vires
2555 4580 2757 4647 animi,
2800 4579 2897 4636 sed
2932 4579 3134 4651 fragile
3176 4594 3387 4650 corpus
3428 4586 3614 4635 atten-

1913 4671 2112 4727 dentes
2143 4670 2416 4740 desipitis.

1987 4759 2156 4816 Vnus.
2196 4760 2278 4813 13.
2321 4786 2394 4799 -
2438 4757 2749 4823 Duodecim,
2796 4759 3073 4825 inquiunt,
3109 4759 3253 4811 servi
3294 4758 3376 4809 tui
3405 4758 3612 4823 fratres

1912 4862 2118 4902 sumus.
2152 4846 2317 4915 Quia,
2354 4860 2455 4917 per
2490 4845 2786 4901 Trinitatis
2829 4859 3107 4914 amorem,
3140 4852 3395 4915 quatuor
3419 4844 3614 4898 Evan—

1915 4935 2219 5007 geliorum,
2250 4935 2335 4991 vel
2381 4942 2634 5005 quatuor
2680 4932 3087 5005 principalium
3136 4931 3420 4987 virtutum
3444 4930 3617 5001 perfe-

1914 5026 2127 5081 ctiones
2173 5037 2452 5095 germana
2502 5022 2715 5094 pariter
2746 5022 3043 5078 devotione
3086 5019 3512 5091 prosequimur,
3560 5026 3615 5074 et

1914 5128 2048 5170 cum
2081 5116 2137 5166 in
2170 5118 2315 5166 terra
2353 5114 2616 5169 Chanaan
2662 5126 2937 5175 essemus,
2970 5110 3040 5166 ad
3084 5109 3413 5166 ﬁliationem
3461 5108 3615 5164 illius

1917 5202 2092 5259 unius
2119 5201 2188 5257 de
2219 5216 2338 5272 quo
2362 5202 2483 5272 jam
2515 5201 2731 5258 dictum
2763 5208 2846 5256 est
2888 5199 2997 5256 viri
3028 5200 3217 5255 vocati
3247 5213 3470 5255 sumus.
3505 5199 3613 5252 Mi-

127 5296 173 5344 et
222 5290 452 5348 internae
512 5292 938 5362 praestolantem
996 5292 1164 5349 famis
1224 5294 1544 5360 interitum,
1603 5293 1712 5350 nisi
1769 5307 1805 5350 a
1842 5284 1884 5337 Ι)
1913 5293 2094 5346 nimus
2135 5305 2249 5347 non
2296 5298 2529 5361 propter
2568 5289 2988 5362 indignitatem,
3038 5289 3132 5344 sed
3180 5296 3413 5359 propter
3454 5286 3615 5356 spiri-

129 5375 310 5448 Joseph
364 5381 603 5450 praelato
674 5380 903 5453 Egypti
967 5380 1159 5438 vitalis
1222 5382 1329 5438 sibi
1397 5381 1570 5438 tritici
1632 5382 1804 5438 fuerit

130 5462 407 5537 largitione
455 5468 829 5525 subventum.
887 5470 1078 5541 (Vens.
1131 5473 1183 5535 6,
1244 5470 1320 5541 7.)
1375 5471 1612 5540 Cumque
1664 5470 1805 5525 ado-

132 5563 317 5612 rassent
344 5574 461 5613 mm
488 5560 720 5637 fratres,
755 5563 806 5612 et
835 5560 1143 5625 agnovisset
1171 5572 1278 5625 eos,
1313 5561 1480 5627 quasi
1507 5559 1581 5614 ad
1599 5559 1807 5612 alienos

134 5642 299 5701 durius
352 5648 680 5718 loquebatur
702 5687 716 5713 ,
767 5649 1111 5716 interrogans
1157 5662 1242 5703 eos
1291 5664 1305 5702 :
1361 5648 1513 5704 Unde
1565 5647 1803 5703 venitis?

135 5731 372 5804 Deterra,
419 5733 723 5805 inquiunt,
774 5734 1058 5799 Chanaan,
1105 5738 1167 5788 ut
1213 5748 1450 5788 emamus
1493 5735 1664 5788 victui
1704 5749 1804 5788 ne~

1915 5379 2195 5437 tualitatis
2230 5378 2627 5444 subtilitatem,
2664 5393 2793 5449 spes
2840 5378 3049 5435 scilicet
3084 5385 3279 5433 nostra
3322 5389 3454 5432 cum
3501 5376 3615 5431 Pa-

1913 5462 1999 5525 tre
2028 5467 2239 5525 cualesti
2285 5476 2388 5535 est,
2424 5466 2527 5524 ubi
2572 5466 2744 5523 etiam
2788 5467 3109 5523 secundum
3158 5466 3310 5521 hanc
3352 5465 3615 5521 diversa-

1915 5571 2069 5613 mur.
2118 5557 2280 5611 Alius
2333 5571 2441 5610 non
2488 5560 2568 5610 est
2613 5570 2795 5626 super,
2852 5556 2993 5626 quia
3048 5553 3252 5610 mundi
3303 5554 3612 5624 appetitus,

1914 5645 2017 5716 qui
2048 5659 2153 5701 nos
2181 5659 2359 5716 super
2387 5644 2751 5715 equitaverat
2778 5643 2913 5700 olim
2941 5643 3061 5714 jam
3092 5656 3479 5713 supernorum
3511 5642 3615 5698 de-

1913 5733 2118 5790 siderio
2168 5741 2253 5790 est
2296 5734 2513 5791 subter.
2561 5733 2757 5803 (Vnus.
2812 5732 2922 5802 14.)
2952 5734 3063 5787 Hoc
3099 5736 3198 5796 est,
3233 5734 3334 5798 ait,
3363 5730 3510 5799 quod
3538 5731 3614 5784 lo-
