3950 6420
339 375 440 429 287

1236 371 1292 424 V.
1335 369 1665 426 GUIBERTI
1707 367 2000 424 ABBATIS
2035 368 2094 424 S.
2137 367 2378 422 MARIA'I
2419 367 2506 423 DE
2547 365 2942 423 NOVIGENTO

3735 371 3852 424 288

341 513 497 564 cutus
542 523 689 573 sum,
741 507 1110 576 exploratores
1165 507 1293 560 estis
1342 505 1480 573 (14).
1539 503 1770 560 Tharsis
1821 503 2034 559 dicitur
2070 503 2115 556 Α
2145 509 2328 570 zetur,
2360 502 2416 559 in
2444 510 2724 558 aeternum
2771 517 3004 559 carnem
3047 517 3161 560 non
3193 504 3507 562 manducat
3537 505 3859 577 Apostolus

339 596 661 668 exploratio
686 595 904 666 gaudii,
940 594 997 650 in
1026 594 1230 664 spiritu
1261 600 1451 650 autem
1487 592 1806 648 vehementi
1839 598 2038 647 conte-

341 684 417 742 rit
458 686 609 740 Deus
655 697 833 739 naves
879 683 1112 739 Tharsis
1161 683 1323 750 (Psal.
1374 695 1551 748 xcvu,
1588 682 1664 750 8).
1711 681 1835 735 Jam
1880 694 2038 735 nunc

341 773 802 843 experimentum
824 772 1048 840 capiam
1080 770 1378 826 mundana
1409 784 1510 824 vos
1535 770 1727 824 adhuc
1755 767 2037 838 aucupari

344 861 576 934 gaudia.
625 861 817 927 (Vnus.
854 863 966 927 15.)
1005 863 1108 915 Per
1137 861 1366 914 salutem
1398 860 1722 924 Pharaonis,
1756 873 1860 911 non
1889 873 2038 924 egre-

345 949 576 1004 diemini
605 950 748 1015 hinc,
802 947 965 1002 donec
997 950 1178 1002 veniat
1201 949 1383 1014 [mter
1412 951 1582 1000 vester
1607 946 1890 1000 minimus.
1946 943 2042 1001 Sa-

345 1038 438 1094 lus
463 1037 778 1094 Pbaraonis
801 1044 903 1096 est.
937 1051 1050 1091 non
1081 1050 1200 1106 qua
1231 1035 1452 1090 Pharao
1482 1034 1761 1099 salvatur.
1797 1034 1893 1089 sed
1923 1047 2041 1104 qua

348 1126 538 1196 potius
575 1140 610 1181 a
655 1124 828 1194 typici
878 1125 1194 1180 Pharaonis
1225 1123 1553 1179 incursione
1583 1123 1899 1178 salvantur.
1931 1122 2037 1186 Ita,

345 1213 559 1285 inquit,
601 1227 635 1268 a
665 1213 950 1269 bonorum
980 1213 1239 1268 omnium
1272 1211 1608 1282 dissipatore
1646 1211 1853 1278 salvcr,
1882 1211 2040 1282 quod

346 1317 461 1359 non
517 1302 678 1368 hinc,
723 1302 779 1357 id
828 1309 912 1358 est
966 1302 1040 1358 ab
1087 1301 1346 1370 appetitu
1397 1299 1639 1356 omlestis
1693 1299 2036 1371 augmenti,

344 1391 620 1447 excedere
659 1389 730 1445 ad
773 1392 1003 1445 terrena
1053 1403 1154 1444 vos
1202 1388 1386 1451 liceat,
1438 1388 1617 1443 donec
1648 1388 1766 1456 spei
1814 1397 2040 1443 aeterna:

346 1479 592 1544 fructus,
635 1477 828 1547 quiin
875 1476 1032 1533 caelis
1063 1476 1220 1546 apud
1267 1477 1491 1532 Patrem
1535 1475 1905 1532 absconditus
1935 1483 2038 1543 est,

345 1567 561 1622 veniat.
597 1567 852 1621 Minimus
879 1565 1052 1620 etiam
1098 1564 1220 1619 ideo
1249 1571 1351 1631 est,
1398 1563 1536 1634 quia
1566 1572 1622 1620 et
1661 1564 1884 1620 minimi
1915 1578 2040 1619 am-

351 1655 503 1725 plius
546 1653 730 1724 diligi,
762 1660 818 1708 et
850 1650 1042 1708 curari
1089 1651 1290 1718 solent,
1323 1651 1479 1722 quod
1519 1657 1701 1707 totum
1740 1652 1940 1708 attinet
1969 1652 2040 1707 ad

347 1756 527 1812 spem.

420 1829 592 1886 Vnus.
647 1831 728 1883 16.
784 1859 854 1868 -—
906 1830 1106 1884 Mittite
1152 1845 1220 1882 ea:
1256 1828 1406 1883 vobis
1452 1843 1650 1896 unum,
1696 1832 1748 1882 et
1800 1828 2042 1884 adducat

346 1933 466 1972 eum
521 1932 533 1972 :
578 1932 669 1972 tos
720 1921 898 1970 autem
929 1917 1082 1970 eritis
1129 1919 1187 1970 in
1229 1917 1481 1980 vinculis,
1531 1915 1694 1969 donec
1746 1915 2044 1984 probentur

347 2021 468 2076 qua
504 2011 644 2060 I58
674 2005 920 2071 dixistis,
968 2010 1151 2059 utrum
1191 2019 1317 2058 vera
1365 2019 1437 2056 an
1484 2005 1634 2069 falsa
1683 2006 1818 2057 sint.
1870 2003 2040 2059 Illum

347 2109 515 2149 unum
542 2093 913 2164 principalem
945 2095 1162 2159 mittite,
1195 2106 1262 2148 ac
1304 2090 1351 2147 si
1394 2099 1755 2162 sequestrum
1787 2091 2043 2147 charita-

350 2183 422 2238 tis
447 2181 736 2248 affectum,
785 2189 846 2237 ut
876 2181 1029 2251 quod
1061 2181 1384 2251 prospicitis
1428 2194 1524 2250 spe
1561 2179 1832 2235 exhibeat
1881 2194 1937 2234 VL
1956 2180 2043 2236 bis

349 2269 410 2325 in
459 2284 540 2325 re.
586 2271 687 2324 Vos
736 2276 950 2336 autem,
1003 2269 1228 2324 interim
1278 2282 1312 2322 a
1359 2267 1624 2323 saeculari
1671 2268 2037 2331 cohibendos,

349 2357 459 2414 sub
491 2357 804 2428 disciplinae
851 2355 1100 2412 vinculis
1130 2356 1324 2412 scitote
1371 2355 1624 2422 lascivia,
1673 2363 1737 2411 ut
1769 2356 2044 2426 probetur

349 2446 456 2501 sub
487 2447 628 2500 meis
661 2444 1141 2510 accusationibus,
1176 2452 1378 2499 vestrae
1409 2443 1723 2499 devotionis
1753 2457 1818 2498 ac
1852 2457 2038 2512 perse-
2073 2507 2079 2513 ι

350 2532 626 2589 verantite
681 2533 934 2588 defensio
993 2532 1162 2588 facta.
1219 2532 1410 2601 (Vitas.
1472 2534 1557 2596 l7,
1621 2531 1729 2601 t8.)
1787 2532 2040 2587 Tradidit

347 2637 474 2688 ergo
505 2637 590 2677 eos
639 2623 697 2675 in
744 2621 988 2675 custodia
1020 2621 1197 2675 tribus
1237 2619 1447 2673 diebus.
1506 2621 1606 2672 Die
1659 2623 1838 2674 autem
1884 2621 2040 2673 tertio

347 2711 553 2766 eductis
585 2727 611 2764 e
654 2726 884 2777 carcere,
928 2712 1010 2763 ait
1058 2726 1070 2762 :
1115 2711 1301 2764 Facite
1349 2708 1493 2778 quod
1533 2709 1675 2771 dixi,
1724 2715 1773 2762 et
1803 2710 2036 2762 vicetis:

351 2803 520 2854 Deum
547 2802 688 2853 enim
721 2801 896 2852 timeo.
930 2799 1120 2853 Prima
1146 2798 1266 2853 dies
1294 2804 1378 2852 est
1408 2795 1730 2864 conversio;
1764 2796 2038 2864 secunda,

348 2885 635 2942 virtutum
685 2886 992 2956 promotio;
1051 2887 1262 2952 tertia,
1333 2885 1574 2940 caelestis
1630 2884 2036 2940 remuneratio.

349 2974 466 3030 Sub
505 2974 893 3030 conversionis
937 2989 1074 3044 ergo
1121 2972 1444 3038 vocatione,
1506 2974 1614 3028 sub
1667 2973 2042 3043 promotionis

2148 593 2196 664 (Ι
2221 594 2350 647 Cor.
2401 607 2520 658 vni,
2575 592 2682 658 l3).
2731 592 2924 662 (Vens.
2961 595 3076 660 22.)
3120 595 3167 648 E
3214 594 3411 662 quibus
3466 609 3607 650 unus
3658 595 3859 651 Ruben

2146 686 2227 737 ait
2261 698 2274 736 ε
2321 681 2585 752 Nunquid
2618 697 2722 735 non
2760 681 2886 735 dixi
2912 682 3107 736 vobis:
3157 683 3334 737 Nolite
3360 698 3583 752 peccare
3628 686 3684 738 in
3713 699 3860 754 pue-

2146 787 2290 840 rum,
2337 777 2387 826 et
2427 787 2532 825 non
2565 771 2802 826 audistis
2838 770 2958 824 me?
2998 787 3062 824 en
3103 775 3329 840 sanguis
3371 773 3490 840 ejus
3528 775 3863 840 exquiritur

2146 859 2594 928 Conqueramur
2647 857 2835 913 taliter
2899 857 3207 914 adversum
3270 873 3328 914 se
3385 866 3574 915 motus
3637 858 3866 914 interni

2149 948 2244 1002 sed
2277 946 2500 1012 Ruben,
2549 946 2649 1014 qui
2681 945 2894 1002 dicitur
2937 946 3130 999 videns
3170 949 3228 1000 in
3276 947 3469 1014 medio,
3503 947 3554 1002 id
3585 955 3670 1003 est
3701 947 3864 1003 ratio

2149 1051 2280 1106 qua:
2310 1021 2626 1105 corporalia
2654 1035 3036 1091 communiter
3080 1035 3519 1106 spiritualiaqne
3543 1036 3863 1106 dijudicat,

2148 1139 2321 1194 super
2368 1139 2475 1181 sua
2519 1140 2614 1180 eos
2659 1124 3067 1194 redargntione
3111 1133 3538 1192 commemorat,
3590 1126 3754 1196 quod
3801 1126 3865 1181 in

2150 1231 2207 1270 se
2239 1215 2492 1270 hebetem
2525 1213 2738 1269 scilicet
2777 1213 2988 1279 adhuc,
3034 1221 3088 1269 et
3116 1213 3186 1268 ad
3219 1215 3591 1270 conﬂictuum
3625 1215 3868 1271 labores

2152 1312 2412 1360 tenerum
2461 1316 2693 1373 peccare
2745 1301 2990 1357 vetuerit
3040 1310 3095 1358 et
3151 1303 3382 1370 audire,
3437 1305 3865 1373 spernentibus

2151 1391 2386 1463 peccati,
2419 1391 2572 1461 quod
2603 1398 2686 1446 est
2710 1389 3034 1462 sanguinis,
3069 1391 3219 1446 Deus
3248 1406 3442 1462 pmnas
3473 1393 3755 1448 intulerit.

2221 1481 2396 1536 Vens.
2445 1482 2532 1546 23,
2577 1479 2666 1546 24,
2727 1482 2815 1533 25.
2857 1509 2926 1519 -
2975 1481 3294 1534 Nesciebant
3339 1487 3519 1534 autem
3566 1481 3715 1549 quod
3763 1484 3866 1536 in-

2152 1571 2409 1636 telligeret
2450 1567 2665 1636 Joseph,
2715 1583 2772 1621 eo
2817 1567 2962 1638 quod
3007 1584 3104 1636 per
3155 1571 3500 1635 interpretem
3537 1571 3864 1638 loqueretur

2150 1658 2225 1710 ad
2255 1673 2360 1710 (os.
2394 1659 2720 1725 Avertitque
2747 1671 2802 1709 se
2848 1671 3162 1724 parumper,
3212 1663 3262 1710 et
3290 1658 3474 1724 ﬂevit;
3519 1661 3569 1710 et
3598 1673 3862 1713 reversus

2152 1747 2358 1800 locutus
2410 1749 2487 1799 est
2541 1744 2616 1799 ad
2669 1760 2776 1799 eos.
2835 1746 3038 1800 Totiens
3091 1745 3331 1811 Simeon,
3391 1749 3442 1799 et
3495 1745 3676 1812 ligans
3732 1748 3861 1802 illis

2150 1834 2524 1902 praesentibus.
2569 1832 2715 1887 Dum
2767 1833 2842 1887 ita
2895 1833 2963 1889 de
3019 1833 3346 1889 animorum
3397 1834 3862 1903 aegritudinibus

2149 1937 2352 1978 sensus
2404 1921 2612 1977 interni
2646 1923 2968 1992 ingemunt,
3013 1922 3163 1978 hanc
3189 1923 3371 1992 ipsam
3405 1923 3858 1994 intelligentiam

2149 2025 2183 2067 a
2208 2011 2445 2081 mystico
2494 2011 2702 2080 Joscph
2744 2010 2849 2066 sibi
2885 2010 3108 2069 infundi
3142 2012 3482 2082 plerumque
3527 2013 3808 2068 nesciunt
3843 2029 3858 2068 :

2150 2098 2257 2155 nisi
2307 2099 2459 2154 enim
2525 2098 2922 2167 spiritualibns
2966 2099 3292 2169 angmentis
3342 2099 3643 2166 instarent,
3687 2116 3861 2156 nun—

2149 2201 2325 2258 quam
2356 2202 2450 2243 eos
2474 2186 2796 2257 corporalia
2843 2186 2984 2242 vitia
3012 2186 3336 2266 fatigarent,
3381 2201 3447 2242 eo
3476 2187 3629 2257 quod
3660 2189 3862 2244 media

2149 2273 2298 2329 inter
2348 2281 2622 2343 utrosque
2663 2272 3024 2343 cogitationis
3078 2272 3314 2343 querela
3363 2271 3659 2343 discurrit,
3715 2290 3858 2344 qua:

2146 2371 2339 2419 tamen
2391 2362 2640 2432 idipsum
2675 2361 2828 2431 quod
2877 2360 3101 2416 fastidio
3149 2361 3516 2430 praesentium
3560 2363 3854 2432 tangitur,

2149 2451 2422 2521 quodque
2449 2450 2517 2504 de
2567 2450 2672 2505 hoc
2705 2449 2822 2520 ipso
2863 2448 3017 2519 apud
3060 2463 3119 2504 se
3156 2449 3490 2514 altercatur,
3521 2449 3594 2505 ab
3621 2451 3852 2515 eodem,

2149 2537 2252 2609 qui
2315 2538 2650 2594 melioribus
2705 2537 2905 2608 augeri
2934 2545 3188 2607 exoptat,
3247 2537 3590 2594 infunditur.
3625 2540 3857 2594 Avertit

2147 2641 2282 2697 ergo
2337 2641 2394 2680 se
2430 2642 2726 2694 parumper
2770 2634 2824 2682 et
2877 2625 2991 2694 flet,
3038 2640 3172 2682 cum
3223 2640 3259 2681 a
3308 2625 3477 2682 corde
3517 2627 3855 2682 transitoria

2149 2714 2426 2780 dimovet,
2482 2721 2537 2769 et
2583 2714 2868 2784 quidquid
2919 2714 3074 2770 noxii
3131 2715 3188 2770 in
3235 2714 3534 2770 allectibus
3587 2715 3856 2771 humoris

2148 2803 2359 2869 existit,
2393 2817 2428 2858 a
2469 2817 2528 2857 se
2560 2810 2816 2872 patenter
2853 2809 3178 2873 extorquet.
3210 2805 3510 2872 Parumper
3541 2802 3592 2858 id
3626 2804 3849 2872 agitur,

2149 2891 2290 2960 quia
2320 2898 2476 2945 tanta
2521 2892 2607 2946 sui
2639 2890 2951 2946 auctoritas
2981 2905 3095 2946 non
3139 2891 3239 2946 diu
3272 2891 3447 2946 menti
3490 2891 3850 2958 conceditur,

2151 2979 2305 3035 unde
2339 2986 2392 3034 et
2419 2993 2663 3033 reversus
2692 2979 2765 3032 ad
2797 2995 2880 3033 eos
2915 2979 3192 3048 loquitur,
3226 2979 3366 3048 quia
3396 2979 3565 3034 citius
3594 2979 3666 3036 ad
3700 2995 3856 3050 prte-

342 3061 768 3132 justilicatione,
815 3063 924 3118 sub
974 3061 1450 3118 remunerationis
1483 3063 1676 3117 adhuc
1721 3070 1908 3117 tamen
1947 3075 2042 3131 per
2080 3073 2120 3130 c
2152 3068 2304 3123 dicta
2351 3067 2650 3123 ratiocinia
2694 3067 2831 3122 velit
2875 3067 3015 3123 nolit
3065 3076 3389 3123 revocatur.
3441 3068 3690 3136 Simeon,
3747 3069 3852 3138 qni

346 3165 502 3221 spem
534 3151 963 3222 glorificatione,
1015 3150 1252 3205 rationis
1293 3149 1696 3220 mancipamur
1737 3150 2038 3218 custodias;

348 3239 443 3295 sed
487 3254 621 3295 cum
659 3241 729 3296 de
768 3239 988 3295 timoris
1034 3240 1122 3292 die
1152 3241 1308 3292 tertio
1337 3238 1603 3295 eruimur
1643 3253 1890 3306 carcere,
1917 3239 2039 3308 jam

348 3327 631 3399 placidius
663 3335 852 3384 monet
888 3328 1062 3383 vitam
1096 3327 1496 3382 mandatorum
1531 3327 1856 3396 impletione
1886 3341 2041 3382 mer-

348 3417 466 3472 cari
523 3419 684 3471 Deum
731 3419 892 3482 enim,
943 3416 1150 3486 inquit,
1186 3419 1363 3479 timeo,
1409 3430 1524 3470 non
1574 3415 1872 3484 pmnaliter
1896 3414 2038 3484 jam,

347 3504 444 3561 sed
487 3518 560 3560 ex
609 3513 768 3574 parte
810 3504 1170 3574 paternitatis
1204 3503 1504 3558 desiderio.
1564 3504 1756 3573 (Vens.
1820 3507 1929 3571 t9.)
1985 3502 2040 3558 Si

347 3607 486 3663 ergo
511 3607 704 3662 pacem
737 3606 772 3647 a
802 3592 957 3648 vitiis
988 3606 1213 3647 mecum
1234 3590 1352 3662 jam
1387 3591 1596 3647 habere
1621 3592 1884 3662 coepistis.
1919 3595 2042 3658 fru-

351 3685 430 3735 ter
457 3685 631 3734 vester
676 3695 812 3734 unus
844 3681 1061 3748 ligetur,
1092 3679 1343 3735 charitas
1387 3679 1482 3734 illa
1531 3679 1608 3734 nil
1631 3681 1751 3750 jam
1783 3687 2044 3748 suspecta

351 3768 421 3824 de
451 3767 730 3838 supplicio
777 3782 1060 3824 carcerem
1113 3769 1318 3823 amodo
1350 3767 1565 3838 lugeat,
1607 3782 1723 3838 quo
1765 3767 2044 3822 retinetur

351 3870 385 3912 a
415 3871 629 3928 regno;
675 3872 766 3913 vos
815 3863 993 3911 autem
1021 3857 1167 3910 abite
1203 3856 1275 3913 ab
1303 3855 1618 3912 intentione
1661 3855 1944 3922 forastica,
1988 3863 2042 3910 et

351 3946 532 4001 divini
564 3947 784 4016 saporis
822 3946 893 4000 ad
943 3945 1306 4016 singularum
1346 3943 1689 4000 diverticula
1725 3943 2040 4005 virtutum;

348 4038 489 4101 ferte
512 4038 806 4103 frumenta.
842 4035 1030 4105 (Vens.
1075 4034 1188 4104 '20.)
1228 4035 1315 4089 Ex
1364 4047 1482 4102 quo
1524 4032 1800 4088 minimus
1844 4031 2041 4101 frater,

349 4139 479 4194 spes
518 4123 778 4180 videlicet
826 4123 966 4178 mihi
1008 4123 1282 4192 ampliata
1319 4122 1637 4191 proveniat,
1679 4127 1734 4176 et
1785 4122 2043 4175 veracior

348 4220 552 4268 vestrae
592 4211 950 4282 allegationis
993 4211 1063 4266 ad
1112 4212 1242 4265 vita
1276 4209 1572 4280 praemium
1619 4209 1894 4280 professio
1941 4223 2039 4280 pa-

348 4307 480 4355 lem.

423 4387 598 4444 Vens.
653 4390 742 4442 21.
795 4418 862 4426 -
917 4388 1180 4443 Fecerunt
1225 4393 1285 4442 ut
1317 4387 1558 4453 diarerat,
1604 4391 1655 4440 tt
1704 4388 1869 4441 locuti
1911 4392 2038 4442 sunt
2077 4355 2120 4410 Β

351 4477 428 4531 ad
458 4479 683 4532 invicem
726 4492 739 4530 :
788 4478 976 4532 Mm'to
1015 4478 1124 4531 haec
1154 4479 1418 4546 patimur,
1453 4479 1585 4547 quia
1619 4479 1957 4546 peccavimus
1985 4478 2042 4530 in

349 4569 584 4633 fratrem
635 4571 874 4620 nostrum
905 4606 920 4632 ,
989 4565 1230 4620 videntes
1297 4567 1609 4633 angustiam
1683 4567 1878 4618 animae
1928 4567 2042 4634 ejus

353 4671 472 4710 cum
501 4655 882 4724 deprecaretur
922 4670 1036 4718 nos,
1067 4659 1119 4708 et
1150 4671 1257 4709 non
1293 4654 1620 4708 audivimus.
1655 4653 1870 4708 Idcirco
1893 4657 2043 4710 venit

253 4733 260 4740 ’
350 4746 460 4798 ista
517 4743 802 4798 tribulatio
849 4759 1014 4814 suptr
1063 4759 1178 4798 nos.
1228 4743 1536 4812 Postquam
1589 4741 1867 4798 desiderio
1923 4759 2041 4798 cte-

351 4831 470 4888 lesti
504 4832 668 4888 factis
714 4832 1156 4901 acquiescimus,
1188 4839 1243 4887 et
1291 4831 1716 4899 gravitudinem
1747 4831 1880 4886 vita:
1913 4845 2039 4886 mu-

352 4919 583 4976 tationis
621 4921 990 4984 attendimus,
1040 4921 1190 4975 intra
1220 4934 1324 4974 nos
1355 4920 1457 4974 ista
1491 4918 1841 4975 conferimus
1870 4935 1883 4971 :
1922 4921 2042 4973 Hac

348 5009 536 5060 merito
585 5007 992 5062 difficultatum
1024 5007 1177 5062 mala
1226 5007 1497 5076 patimur,
1549 5007 1688 5076 quia
1720 5014 1922 5062 contra
1955 5006 2042 5061 in-

351 5093 613 5150 teriorem
665 5094 955 5150 hominem
999 5095 1383 5164 peccavimus,
1433 5111 1552 5149 cum
1603 5095 1715 5164 ipse
1764 5095 1873 5165 legi
1909 5094 2038 5164 Dei;

350 5181 625 5252 quoniam
668 5181 820 5236 bona
849 5190 951 5247 est,
983 5183 1360 5249 consentiens,
1395 5183 1544 5238 inter
1591 5183 1892 5253 angustias
1923 5191 2041 5238 ten-

353 5269 580 5326 tationis
614 5270 847 5335 invitus,
897 5278 951 5324 et
995 5269 1161 5338 quasi
1202 5269 1553 5326 ratiocinans
1602 5272 1927 5326 traheretur
1969 5269 2041 5325 ad

349 5358 603 5428 culpam,
647 5363 696 5412 et
725 5374 831 5412 non
877 5359 1209 5414 audivimus.
1253 5359 1457 5414 Idcirco
1512 5359 1569 5414 in
1615 5374 1731 5430 quo
1781 5358 1959 5429 gratis
1987 5365 2043 5413 et

348 5443 507 5501 nullo
537 5452 772 5515 cogente
799 5446 1044 5512 ruimus,
1073 5447 1226 5517 juste
1251 5447 1359 5502 sub
1389 5447 1732 5502 indesinenti
1759 5447 2039 5502 malorum

349 5533 561 5590 tribula.
585 5535 862 5606 jacemns.
909 5535 1143 5606 Propter
1172 5536 1331 5592 hunc
1365 5535 1618 5603 fratrem,
1653 5551 1724 5592 ne
1757 5534 2041 5591 scandali-

421 5657 534 5730 (14)
565 5658 840 5716 Nonnihil
867 5659 959 5716 hic
987 5659 1178 5716 deesse
1211 5659 1454 5714 videtur.

2154 3155 2368 3212 dicitur
2397 3157 2624 3210 audiens
2672 3158 2978 3223 tristitiam,
3034 3156 3148 3225 ipse
3189 3156 3426 3226 spiritus
3472 3164 3576 3223 est,
3629 3157 3733 3224 qui
3783 3158 3856 3212 de

2151 3259 2259 3302 sua
2307 3259 2533 3314 semper
2575 3243 2948 3300 instabilitate
2993 3243 3271 3300 tristatur.
3331 3245 3385 3299 Is
3431 3244 3670 3310 tollitur,
3714 3260 3852 3301 cum

2151 3334 2225 3390 ab
2267 3333 2476 3388 infimis
2526 3333 2806 3395 elevatur,
2858 3334 2970 3387 illis
3017 3333 3373 3402 prementibus
3421 3332 3656 3402 ligatur,
3709 3334 3855 3404 quia

2152 3424 2460 3478 contractis
2491 3421 2559 3476 ad
2595 3421 2750 3477 hunc
2794 3421 2980 3490 ipsum
3017 3420 3273 3477 externis
3322 3419 3681 3490 internisque
3713 3436 3852 3475 sen-

2152 3511 2332 3575 sibus,
2379 3509 2560 3565 divini
2620 3510 2837 3566 timoris
2895 3509 3072 3565 clavis
3122 3509 3484 3580 astringitur.
3549 3509 3743 3565 Potest
3797 3518 3853 3564 et

2153 3613 2256 3670 per
2299 3598 2616 3655 Simeonem
2659 3597 2898 3655 allectus
2945 3598 3194 3654 carnalis
3233 3597 3436 3668 aeeipi,
3467 3597 3568 3667 qui
3612 3598 3855 3654 crebras

2153 3687 2533 3744 tentationum
2582 3688 2881 3756 experitur
2923 3686 3200 3742 tristitias.
3251 3689 3534 3756 Jussitque
3573 3689 3853 3741 ministris

2150 3781 2214 3831 ut
2242 3777 2488 3846 impleret
2525 3790 2705 3830 saccos
2749 3791 2931 3830 eorum
2978 3777 3178 3841 tritico,
3219 3780 3270 3829 et
3315 3780 3632 3845 reponerent
3675 3791 3852 3844 pecu—

2150 3867 2274 3919 nias
2316 3864 2653 3931 siugulorum
2685 3866 2744 3917 in
2781 3864 3008 3918 sacculis
3056 3866 3192 3930 suis,
3235 3863 3380 3918 datis
3417 3879 3586 3932 supra
3617 3864 3855 3919 cibariis

2150 3954 2208 4004 in
2252 3953 2378 4018 via;
2413 3953 2510 4020 qui
2551 3953 2794 4017 fecerunt
2843 3954 2942 4005 ita.
2991 3951 3236 4007 Ministri
3267 3951 3639 4022 cogitationes
3685 3961 3853 4020 sunt,

2152 4039 2370 4108 quibus
2408 4038 2667 4108 jubetur,
2715 4046 2778 4094 ut
2825 4053 3020 4094 saccos
3051 4038 3238 4095 tritico
3289 4038 3582 4109 impleant,
3633 4040 3856 4096 scilicet

2150 4125 2536 4195 corporalium
2585 4127 2914 4196 passionum
2967 4127 3254 4184 molestias
3298 4127 3480 4182 divini
3532 4127 3694 4184 verbi
3747 4145 3855 4199 pa-

2152 4214 2287 4270 bulo
2334 4215 2616 4270 consolari
2662 4216 2953 4284 studeant,
3006 4223 3066 4272 nt
3112 4215 3424 4271 Psalmistaa
3477 4215 3790 4273 concinant
3838 4234 3852 4272 :

2152 4303 2478 4358 Conscidisti
2508 4319 2720 4358 saccum
2763 4319 2957 4370 meum,
2986 4309 3040 4358 et
3078 4303 3484 4358 circumdedisti
3527 4319 3609 4358 me
3647 4305 3854 4361 laetitia

2153 4393 2320 4462 (Psal.
2372 4405 2539 4458 χχιχ,
2578 4395 2681 4454 12).
2723 4392 2823 4446 Per
2849 4391 2951 4447 hos
2986 4391 3278 4447 ministros
3325 4391 3595 4461 quaelibet
3634 4391 3853 4448 hausta

2150 4480 2464 4536 forinsecus
2514 4487 2913 4550 suggeruntur
2955 4480 3256 4536 tractanda
3302 4479 3530 4536 rationi.
3581 4481 3852 4536 Pecunias

2149 4570 2488 4636 singulorum
2539 4572 2599 4622 in
2668 4570 2898 4623 sacculis
2960 4575 3288 4638 reponunt,
3351 4581 3481 4623 cum
3531 4569 3852 4624 sententias

2150 4658 2485 4728 quibusque
2531 4657 2794 4713 sensibus
2835 4655 3166 4712 muniendis
3221 4663 3384 4726 aptas
3437 4655 3495 4710 in
3551 4657 3852 4714 memoriis

2149 4747 2426 4800 condunt.
2479 4745 2708 4800 Cibaria
2765 4745 3000 4814 insuper
3053 4745 3232 4812 dant,
3285 4758 3418 4800 cum
3465 4743 3684 4800 debitas
3738 4761 3852 4802 su-

2151 4847 2340 4902 pernae
2367 4836 2566 4903 gratim
2591 4833 2921 4889 refectioncs
2943 4833 2999 4888 in
3022 4833 3201 4901 hujus
3230 4832 3421 4888 saeculi
3455 4840 3660 4894 tractu.
3689 4833 3854 4890 intel-

2150 4921 2332 4976 lectus
2360 4921 2654 4976 desideriis
2687 4921 2927 4977 ﬁdeliter
2953 4921 3311 4977 obaudiendo
3350 4920 3695 4976 ministrant.

2221 5010 2390 5066 Vnus.
2426 5012 2513 5065 26.
2557 5039 2626 5051 -—
2672 5013 2751 5064 At
2793 5012 2898 5077 illi,
2932 5014 3210 5079 portantes
3235 5012 3516 5076 frumenta
3561 5012 3618 5063 in
3647 5011 3847 5076 asinis,

2145 5101 2382 5169 profecti
2403 5105 2550 5165 sunt,
2586 5099 2638 5154 id
2689 5109 2773 5155 est
2807 5100 2864 5155 in
2913 5099 3267 5170 corporibus,
3297 5113 3429 5169 quae
3467 5107 3758 5169 quantum
3792 5101 3848 5156 in

2149 5203 2208 5243 se
2257 5194 2362 5253 est,
2407 5187 2552 5243 rude
2599 5188 2876 5256 quiddam
2926 5187 2983 5242 in
3040 5188 3274 5244 modum
3331 5187 3628 5243 asinorum
3685 5198 3845 5257 sunt,

2149 5275 2451 5331 thesauros
2511 5275 2724 5332 divinae
2779 5273 3073 5346 sapientia
3130 5283 3297 5331 caute
3347 5287 3415 5328 ea
3471 5274 3723 5345 regendo
3783 5290 3849 5330 ac

2151 5365 2460 5434 premendo
2517 5363 2588 5420 ad
2650 5364 2944 5434 proposita
2994 5363 3259 5419 tendunt.
3318 5363 3512 5433 (Vens.
3569 5365 3670 5431 27,
3729 5365 3844 5433 28.)

2149 5453 2458 5518 Apertoque
2505 5466 2646 5504 unus
2683 5465 2857 5518 sacco,
2904 5455 2966 5506 ut
2995 5451 3152 5505 daret
3189 5451 3434 5522 jumento
3476 5452 3740 5521 pabulum
3790 5456 3846 5506 in

2149 5539 2472 5610 diversorio,
2504 5541 2893 5610 contemplatus
2929 5542 3215 5609 pecuniam
3243 5542 3301 5594 in
3331 5555 3421 5594 ore
3436 5541 3666 5608 Sacculi,
3699 5540 3845 5595 dixit
