3950 6422
61 400 165 456 ‘289

1277 401 1647 459 MORALIUM
1684 403 1755 460 IN
1793 404 2092 462 GENESIN
2133 404 2264 461 LIB.
2297 403 2366 461 X.

3498 411 3603 462 290

64 538 346 605 fratribus
384 555 404 591 :
435 537 670 592 Reddita
709 542 788 591 est
830 537 965 591 mihi
990 542 1232 607 pecunia
1268 554 1406 597 mea,
1459 555 1525 592 en
1555 539 1788 594 habetur
1825 541 1867 595 A
1898 539 2124 605 nititur,
2173 547 2227 596 et
2259 538 2427 610 quasi
2458 536 2539 594 nil
2572 551 2632 593 se
2661 538 3013 609 explicuisse
3046 541 3221 597 videt.
3266 544 3481 612 Ioseph,
3516 542 3603 599 in-

65 631 119 680 in
179 642 361 680 sacco.
404 628 566 683 Unus
623 641 853 682 saccum
886 628 1090 697 aperit,
1146 641 1279 682 cum
1331 642 1536 683 sensus
1581 628 1789 684 mentis

67 715 321 784 quilibet
364 715 678 785 cujuslibet
730 714 1010 784 passionis
1062 722 1332 771 naturam
1388 715 1494 771 sibi
1529 716 1635 786 ipsi
1686 731 1787 786 per

67 804 498 873 experientiam
559 803 848 874 patefacit.
903 803 1042 859 Inde
1090 804 1186 859 dat
1223 803 1471 875 jumento
1522 806 1783 874 pabulum

68 895 125 947 in
155 894 490 957 diversorio,
524 894 664 963 quia
712 906 784 948 ex
834 893 957 962 ipsa
983 892 1441 963 impugnationis
1489 896 1786 950 occasione

76 990 104 1036 I
124 987 222 1037 ἧς
255 983 540 1052 pabulum
555 982 791 1037 'cmleste
824 996 1085 1052 quaerere
1113 981 1361 1054 cogitur,
1396 983 1552 1053 quod
1579 997 1785 1052 corpo-

68 1072 171 1127 rali
206 1071 498 1141 appetitui
529 1071 761 1142 objiciat
792 1071 851 1126 in
882 1071 1117 1126 remotis
1146 1072 1526 1127 conscientiae.
1559 1070 1633 1126 Os
1658 1085 1782 1126 sac-

67 1158 206 1225 culi,
264 1158 463 1215 aditus
516 1166 599 1214 est
645 1158 880 1226 peccati,
924 1159 1022 1214 ubi
1065 1158 1231 1214 debet
1280 1158 1526 1228 pecunia
1573 1158 1786 1214 divinae

66 1250 375 1305 sententia:
425 1247 495 1303 ad
547 1248 691 1303 idem
742 1247 1116 1303 refellendum
1164 1247 1434 1303 inveniri.
1486 1248 1782 1303 Redditam

68 1338 361 1393 fratribus
418 1336 720 1406 pecuniam
776 1336 1028 1401 nuntiat,
1083 1338 1219 1392 dum
1268 1336 1527 1406 ejusdem
1580 1337 1785 1393 mentis

68 1426 333 1481 motibus
361 1434 684 1495 opportune
717 1426 845 1492 sibi,
894 1425 1225 1481 tentationis
1273 1424 1487 1481 scilicet
1535 1433 1785 1496 tempore

66 1514 363 1580 oblatam,
411 1513 722 1583 Scripturze
780 1512 1087 1569 testimonii
1139 1514 1590 1570 recordationem
1645 1514 1785 1570 inti-

68 1612 208 1667 mat,
260 1612 319 1657 et
356 1604 430 1659 ad
480 1604 724 1671 idipsum
755 1602 1103 1673 gratulando
1140 1603 1488 1659 corroborat.
1527 1603 1787 1659 Habetur

71 1692 125 1745 in
158 1706 355 1760 sacco,
391 1707 522 1748 cum
559 1694 645 1747 vis
670 1692 848 1747 divini
884 1692 1172 1762 praecepti,
1207 1707 1277 1747 ne
1310 1692 1450 1748 forte
1486 1692 1783 1761 pereftlua-

70 1794 221 1843 mus,
262 1781 542 1836 inseritur
571 1781 790 1837 carnali
822 1780 1117 1836 desiderio.
1155 1783 1232 1835 Et
1266 1782 1630 1850 obstupefacti
1664 1788 1781 1834 tur-

72 1868 319 1936 batique,
364 1870 626 1924 dixerunt
661 1874 852 1924 mutuo
887 1887 899 1924 :
933 1870 1206 1935 Quidnam
1245 1875 1325 1924 est
1353 1870 1451 1923 hoc
1480 1869 1627 1935 quod
1654 1872 1785 1937 fecit

70 1960 226 2013 nobis
298 1959 493 2015 Deus?
549 1959 876 2015 Mirandum
938 1960 1107 2029 plane
1173 1960 1310 2014 satis
1368 1968 1453 2015 est
1513 1959 1784 2015 humanis

74 2048 367 2114 sensibus,
447 2063 577 2104 cum
635 2050 801 2119 ligari
867 2062 900 2104 a
958 2050 1072 2104 Deo
1126 2063 1184 2104 se
1234 2049 1432 2105 vident
1485 2049 1783 2104 mandato-

76 2150 204 2191 rum
285 2152 530 2193 sunrum
609 2138 1020 2208 compedibus,
1075 2139 1177 2208 qui
1229 2138 1532 2194 absterreri
1596 2153 1785 2207 quon-

75 2226 204 2281 dam
258 2226 365 2281 vix
419 2226 624 2295 gladiis
670 2228 1130 2296 impendentibus
1176 2233 1437 2297 poterant
1485 2226 1557 2282 ab
1612 2228 1786 2282 scele-

76 2315 260 2369 ribus.

142 2404 319 2460 Visus.
382 2406 473 2471 29,
524 2407 609 2459 30.
666 2435 740 2448 —
805 2407 1191 2471 Veneruntque
1242 2406 1316 2459 ad
1368 2405 1532 2459 Jacob
1572 2410 1785 2474 patrem

74 2508 231 2546 suun
276 2499 338 2547 in
394 2499 594 2548 terram
651 2495 931 2556 Chanaan,
985 2500 1036 2549 et
1080 2500 1450 2549 narraverunt
1496 2499 1544 2549 ei
1601 2499 1786 2549 omnia

77 2596 191 2645 quae
239 2583 593 2636 accidissent.
643 2584 881 2637 Locutus
932 2588 1011 2637 est
1049 2585 1222 2641 nobis.
1266 2584 1562 2654 inquiunt,
1612 2584 1785 2638 domi-

80 2686 176 2724 nus
235 2677 403 2725 terrae
460 2673 614 2734 dure,
667 2682 773 2728 etc.
831 2674 896 2727 In
950 2678 1151 2727 terram
1211 2673 1472 2729 Chanaan
1522 2675 1784 2734 veniunt,

80 2772 203 2813 cum
245 2758 573 2815 affectionis
626 2760 1010 2815 terrenitatem
1058 2761 1130 2815 ad
1181 2760 1456 2828 peccandi
1504 2760 1787 2830 concupi-

84 2846 325 2902 scentias
373 2861 496 2901 sese
529 2848 769 2919 turpiter
816 2848 1233 2915 demittentem,
1277 2863 1567 2918 germanae
1619 2848 1789 2903 ratio-

85 2934 392 2991 nalitatum
446 2937 617 2999 vires,
674 2936 856 2991 donec
902 2936 975 2992 ad
1019 2938 1567 3006 supereminentiam
1626 2952 1786 2993 acce-

85 3021 217 3079 dant
266 3024 615 3088 intellectus,
668 3025 771 3094 qui
826 3025 1259 3082 universitatem
1318 3026 1593 3082 vitiorum
1642 3041 1787 3096 sup-

1896 629 2043 699 quit,
2094 643 2237 686 cura
2286 629 2552 684 videlicet
2605 628 2846 683 cmlestis
2894 630 3213 699 augmenti,
3260 632 3597 699 visibilium,

1896 726 1960 774 ut
2008 718 2242 785 assolet,
2302 731 2553 773 amorem
2606 732 2721 772 non
2770 726 3005 787 supcrat
3060 718 3317 784 allectus,
3375 720 3477 789 qui
3527 722 3601 777 ob

1896 806 2122 876 pietatis
2180 808 2455 877 gemitum
2517 805 2744 862 Simeon
2806 806 2939 862 olim
3002 808 3206 863 merito
3259 808 3603 877 dicebatur,

1895 896 2145 952 vinculis
2184 895 2541 951 carnalitatis
2583 895 2947 965 astringitur.
2997 897 3302 965 Benjamin.
3336 897 3437 967 qui
3471 912 3601 968 spes

1895 984 2206 1051 electionis,
2253 998 2386 1054 qua:
2435 998 2539 1055 per
2582 984 2874 1040 dexteram
2930 984 3229 1055 signatur,
3278 986 3595 1055 accipitur,

1896 1073 2073 1129 vultis
2126 1074 2370 1133 auferre.
2430 1073 2571 1143 quia
2619 1072 2814 1128 omnia
2864 1074 3271 1142 praesumptive
3323 1076 3598 1145 aggredi-

1898 1163 2059 1226 mini,
2094 1162 2389 1232 aquibus,
2446 1176 2577 1217 cum
2633 1176 2732 1216 vos
2777 1160 2953 1217 relabi
3004 1162 3330 1231 contigerit,
3385 1166 3598 1234 cogetis

1895 1264 1984 1306 me
2013 1251 2181 1306 etiam
2242 1251 2309 1305 de
2339 1250 2522 1306 salute
2570 1250 2894 1319 desperare.
2948 1249 3079 1305 Haec
3134 1250 3474 1306 humanitus
3522 1253 3591 1307 ad

1893 1354 1951 1395 se
2007 1339 2276 1395 decidens
2332 1339 2796 1394 intellectualitas
2842 1338 2982 1393 solet
3034 1338 3239 1394 dicere.
3302 1340 3452 1403 Hzec,
3500 1340 3595 1395 in-

1895 1428 2043 1499 quit,
2096 1428 2283 1484 omnis
2330 1427 2698 1483 sanctitatum
2751 1426 3090 1483 excellentia
3150 1428 3205 1481 in
3262 1442 3390 1484 mea
3440 1429 3593 1485 mala

1897 1517 2129 1573 recidet.

1954 1606 2125 1662 Vens:
2179 1607 2267 1659 37.
2298 1635 2367 1643 —
2400 1606 2500 1660 Cui
2541 1603 2758 1667 Ruben,
2789 1603 2889 1674 qui
2918 1603 3132 1662 dicitur
3160 1606 3349 1662 ridens
3396 1608 3590 1677 ﬁlium,

1896 1694 2015 1764 ipsa
2069 1694 2319 1765 profecto
2358 1680 2846 1748 'intellectualitas
2905 1693 3092 1763 seipsa
3157 1695 3424 1749 subtilior
3472 1694 3591 1765 jam

1825 1783 2107 1877 Bcorrigi
2172 1782 2466 1853 incipiens,
2527 1789 2582 1837 et
2643 1781 2944 1837 intendens
2990 1781 3154 1851 erepti
3211 1782 3420 1837 laboris
3468 1783 3598 1837 fru-

1894 1881 2073 1936 ctum,
2127 1872 2268 1942 quia
2313 1886 2427 1926 non
2476 1871 2598 1925 sine
2644 1870 2839 1926 dolore
2878 1870 3141 1940 parimus
3195 1870 3480 1941 quidquid
3515 1879 3600 1927 est

1895 1961 2178 2016 bonorum
2225 1973 2486 2029 operum,
2530 1958 2813 2026 respondit
2847 1974 2860 2011 :
2897 1961 3038 2013 Duos
3065 1959 3209 2017 ﬁlios
3239 1974 3378 2013 meos
3419 1961 3596 2013 inter-

1891 2053 2005 2120 ﬁce,
2040 2050 2089 2101 si
2141 2064 2247 2101 non
2289 2048 2554 2101 reduxere
2596 2063 2715 2100 eum
2768 2046 2884 2100 tibi.
2926 2047 3105 2100 Trade
3155 2052 3213 2100 in
3258 2064 3424 2101 manu
3456 2064 3593 2109 mea,

1893 2145 1942 2192 et
1973 2154 2066 2207 ego
2096 2154 2214 2192 eum
2260 2141 2548 2191 restituam
2578 2136 2700 2190 tibi.
2744 2139 2822 2191 Ac
2861 2135 2908 2191 si
2940 2135 3151 2191 diceret
3188 2152 3201 2190 :
3238 2137 3391 2192 Duos
3432 2137 3596 2205 prin-

1893 2227 2105 2297 cipales
2170 2227 2470 2283 charitatis
2544 2224 2803 2288 allectus,
2866 2225 2938 2279 ad
2994 2225 3176 2281 Deum
3254 2226 3468 2281 scilicet
3544 2232 3599 2281 et

1893 2317 2266 2386 proximum,
2331 2329 2477 2385 quos
2544 2314 2725 2380 foveo,
2777 2314 2916 2369 dum
2971 2314 3333 2383 perfectionis
3388 2314 3599 2369 futurze

1894 2405 2075 2460 robur
2104 2404 2412 2474 attingant,
2448 2403 2504 2457 in
2537 2409 2706 2457 temet
2740 2402 3023 2468 interime,
3048 2403 3091 2455 si
3128 2402 3432 2457 tradideris
3462 2415 3595 2457 eum

1894 2494 2092 2549 manui
2144 2507 2305 2558 mete,
2353 2492 2409 2547 id
2437 2499 2518 2547 est
2557 2491 2600 2546 si
2636 2491 2953 2546 secundum
3005 2490 3408 2545 rationalitatis
3455 2503 3598 2559 ope-

1898 2583 2174 2638 rationem
2219 2595 2286 2636 ac
2334 2582 2730 2652 magisterium
2775 2579 3055 2636 direxeris
3102 2593 3281 2649 spem,
3336 2592 3438 2648 per
3467 2578 3597 2634 effi-

1895 2671 2162 2728 cientiam
2194 2679 2512 2727 consecutae
2556 2668 2930 2725 beatitudinis
2976 2683 3100 2723 eam
3136 2668 3599 2737 tibi'reprzesen-

1898 2761 2050 2828 tabo,
2083 2760 2237 2831 quod
2289 2759 2474 2815 credis
2525 2766 2627 2815 aut
2676 2771 2873 2827 speras
2919 2757 3268 2812 verilicando
3299 2770 3401 2826 per
3454 2769 3596 2811 rem.

1898 2849 2095 2919 (Vnus.
2158 2849 2271 2919 48.)
2324 2851 2443 2904 Νοη
2499 2847 2801 2907 descendet,
2861 2850 3061 2912 inquit,
3102 2847 3249 2916 ﬁlius
3298 2861 3447 2899 meus
3503 2860 3596 2897 υο-

1898 2940 2122 2993 biscum.
2168 2938 2467 2993 Alternare
2515 2937 2613 2991 tali
2646 2937 2812 2992 modo
2854 2935 3036 2990 solent
3086 2934 3141 2988 in
3172 2936 3367 2989 animo
3398 2933 3599 2988 divina

1896 3042 1963 3083 ac
1999 3028 2258 3083 humana
2301 3025 2569 3092 rationes,
2615 3024 2754 3081 dum
2802 3024 2896 3079 illa
2940 3022 3185 3079 sublime
3228 3022 3497 3077 admonet
3545 3029 3600 3077 et

86 3111 316 3180 plantet,
371 3112 725 3183 irrumpunt.
770 3114 1097 3170 Intellectus
1141 3116 1292 3170 enim
1345 3114 1789 3185 contemplativa
1828 3123 1869 3179 c
1897 3118 2156 3188 suggerit
2206 3115 2312 3171 sub
2364 3112 2721 3170 discretionis
2767 3112 2997 3167 nomine
3044 3112 3151 3167 ista
3202 3118 3441 3181 tepores.
3486 3110 3600 3166 Vos

85 3201 179 3256 Dei
226 3202 436 3258 notitia
479 3202 709 3269 dicitur,
744 3210 797 3259 et
832 3202 953 3259 ideo
984 3218 1210 3260 omnem
1261 3203 1498 3259 rationis
1548 3204 1783 3259 ntodum

86 3290 545 3362 supergreditur.
606 3292 753 3348 Huic
805 3300 1049 3349 narrant
1101 3308 1231 3363 quze
1280 3293 1388 3350 sibi
1447 3294 1782 3361 acciderint,

86 3382 218 3449 quia
274 3382 350 3435 ad
411 3381 567 3437 hunc
619 3380 952 3438 referuntur
1002 3382 1364 3439 discutienda
1417 3398 1786 3453 quaecunque

84 3469 180 3524 sibi
239 3470 488 3525 adversa
536 3470 626 3525 vel
685 3484 961 3540 prospera
1018 3470 1365 3542 ingruerint.
1425 3473 1659 3526 Locutus
1706 3475 1785 3525 est

84 3558 231 3613 nobis
282 3559 539 3613 dominus
608 3565 764 3614 terra
828 3560 982 3628 dure,
1044 3559 1257 3616 scilicet
1316 3560 1637 3630 spiritualis
1686 3560 1786 3615 de-

87 3648 355 3705 siderium
402 3648 759 3715 incrementi,
796 3650 951 3720 quod
999 3649 1387 3719 supereminet
1430 3651 1586 3705 omni
1620 3657 1786 3706 terra:

91 3734 312 3803 gloriae,
372 3735 583 3805 objecit
648 3734 814 3791 nobis
887 3735 1050 3791 initia
1118 3735 1263 3791 bene
1340 3737 1574 3791 vivendi
1650 3750 1785 3806 pro-

93 3824 435 3891 ponentibus
494 3824 852 3881 incommoda
913 3824 1268 3881 difﬁcultatis
1323 3832 1605 3881 venturas.
1660 3829 1785 3883 Cae-

94 3918 207 3966 tera
232 3927 364 3983 quae
394 3920 725 3983 sequuntur
756 3913 1027 3984 superius
1056 3920 1319 3977 tractata,
1356 3928 1471 3970 non
1500 3922 1689 3986 egent,
1724 3923 1789 3971 ut

95 4000 307 4070 opinor,
341 4004 541 4073 repeti.

163 4090 329 4147 Vsus.
363 4093 454 4153 35,
504 4093 592 4145 36.
634 4121 692 4132 —
738 4094 838 4146 His
891 4092 1072 4155 dictis,
1120 4108 1241 4147 cum
1271 4094 1555 4160 frumenta
1609 4093 1791 4162 effun-

100 4178 296 4241 derent,
351 4182 938 4251 singuli'repererunt
996 4184 1055 4236 in
1103 4199 1193 4238 ore
1246 4199 1527 4237 saccorum
1587 4185 1789 4251 ligatas

92 4274 366 4337 pecunias.
409 4272 813 4337 Emterritisque
843 4273 1009 4327 simul
1036 4274 1306 4333 omnibus,
1341 4273 1485 4327 dixit
1503 4278 1667 4343 pater
1693 4275 1790 4327 Ja-

99 4356 476 4426 cobzAbsque
520 4360 701 4414 liberis
754 4376 837 4415 me
875 4377 987 4415 esse
1025 4364 1254 4429 fecistis.
1301 4362 1499 4431 Ioseph
1547 4378 1655 4417 non
1706 4366 1785 4416 est

97 4459 271 4515 super,
324 4449 541 4504 Simeon
587 4453 803 4504 tenetur
852 4454 911 4503 in
957 4453 1211 4512 vinculis,
1263 4455 1314 4504 et
1362 4451 1652 4520 Benjamin
1692 4467 1788 4505 au-

96 4535 274 4599 feretis
298 4554 310 4591 :
334 4542 393 4591 in
440 4554 523 4592 me
551 4537 661 4593 haec
686 4539 835 4592 mala
877 4543 1059 4593 omnia
1098 4539 1429 4593 reciderunt.
1475 4540 1786 4610 Postquam

96 4623 198 4679 sub
254 4625 577 4683 intellectus
640 4627 804 4684 lance
859 4629 1055 4684 omnia
1109 4628 1514 4696 trutinantur,
1568 4628 1787 4700 singuli

98 4710 378 4771 frumenta
434 4714 764 4785 effundunt,
823 4732 955 4773 cum
1010 4717 1191 4773 divini
1254 4717 1513 4774 subsidia
1565 4718 1785 4774 consilii

98 4799 453 4875 sibimetipsis
484 4805 785 4861 interiores
821 4820 1026 4862 sensus
1068 4813 1407 4877 aspergunt.
1440 4809 1502 4862 In
1535 4822 1627 4863 ore
1664 4822 1815 4862 suc--

99 4904 266 4946 corum
310 4895 516 4964 ligatas
560 4898 821 4965 pecunias
863 4894 1178 4966 reperiunt,
1219 4909 1352 4953 cum
1388 4896 1446 4952 in
1478 4897 1601 4966 ipsa
1646 4910 1784 4968 sug-

102 4982 336 5047 gestione
381 4985 592 5052 carnis,
648 4985 981 5054 passionum
1034 4985 1276 5042 insertas
1321 4984 1593 5041 salutaris
1633 4999 1786 5057 prte-

100 5068 388 5128 dicameuti
439 5087 735 5139 censuras,
769 5089 900 5144 qute
949 5074 1039 5129 his
1067 5075 1322 5142 obvicnt,
1352 5089 1425 5130 ex
1470 5082 1787 5131 consuetu-

104 5154 220 5213 dine
265 5162 562 5218 resistendi
620 5163 727 5218 sibi
761 5162 989 5219 inolitas
1032 5164 1385 5220 custodiunt.
1430 5163 1606 5220 Simul
1656 5177 1787 5219 om-

102 5258 193 5302 nes
236 5259 637 5319 exterrentur,
698 5266 827 5308 cum
890 5252 1127 5309 sollicite
1191 5252 1477 5309 interioris
1537 5252 1786 5309 hominis

105 5336 238 5392 acies
286 5340 566 5398 adversus
614 5341 868 5411 corporis
914 5342 1207 5399 illecebras
1255 5342 1575 5398 secundum
1633 5340 1784 5396 Scri-

106 5430 387 5490 pturarum
435 5430 666 5486 decreta
717 5430 1062 5487 redduntur.
1122 5431 1228 5487 Sed
1273 5431 1413 5488 dum
1463 5421 1786 5486 intellectus

109 5517 175 5568 tot
203 5519 588 5575 custodiarum
636 5520 940 5576 vexatione
986 5520 1276 5587 turbatur,
1326 5520 1620 5591 quondam
1662 5518 1785 5573 fra-

109 5607 218 5658 ctus
271 5606 555 5664 fastidiose
632 5607 852 5679 absque
924 5608 1158 5677 liberis,
1230 5608 1512 5665 bonorum
1571 5607 1784 5664 scilicet

112 5702 324 5759 operum
372 5697 684 5761 fructibus,
734 5698 946 5754 factum
986 5698 1263 5768 perhibet,
1316 5697 1453 5752 dum
1488 5697 1560 5752 ad
1590 5695 1784 5751 omnia

1897 3206 2073 3261 nimie
2112 3204 2361 3274 propriis
2393 3202 2628 3257 fidentes
2677 3199 2902 3255 viribus
2945 3199 3058 3255 alta
3090 3198 3457 3269 praesumitis,
3498 3199 3593 3254 sed

1897 3294 2028 3350 vita:
2060 3308 2201 3349 mete
2245 3290 2607 3355 exercitium,
2655 3289 2805 3359 quod
2838 3296 2921 3343 est
2971 3287 3125 3343 illius
3154 3288 3425 3351 dexterze,
3471 3301 3598 3356 spes

1898 3382 2159 3438 videlicet
2190 3379 2581 3451 promerendae
2625 3378 2915 3434 electionis
2971 3391 3085 3431 non
3119 3376 3421 3432 nobiscum
3460 3390 3599 3445 pro-

1898 3471 2162 3543 greditur
2207 3470 2278 3525 ad
2326 3469 2530 3535 ardua,
2590 3467 2686 3522 sed
2740 3469 2888 3522 sicut
2938 3465 3216 3535 scriptum
3263 3473 3347 3521 est
3397 3479 3410 3520 :
3450 3467 3598 3521 Onus

1897 3576 2061 3629 super
2120 3566 2169 3614 te
2214 3575 2281 3613 ne
2339 3559 2600 3613 (evaseris
2658 3557 2765 3625 (IV
2817 3557 2947 3623 Reg.
3004 3569 3091 3621 tx,
3145 3554 3271 3623 25);
3330 3554 3402 3609 ad
3460 3568 3598 3624 pro-

1897 3650 2148 3722 positum
2189 3648 2379 3705 tendet
2420 3661 2553 3703 cum
2606 3658 2900 3708 mensura,
2953 3643 3094 3715 quia
3139 3642 3270 3698 talis
3326 3656 3601 3698 ascensus

1900 3754 2014 3795 non
2063 3737 2223 3794 aliud
2254 3750 2432 3807 quam
2486 3735 2793 3790 descensus
2836 3741 2983 3788 esset
3030 3731 3101 3787 ad
3137 3731 3354 3787 inﬁma.
3405 3732 3601 3787 Frater

1898 3826 2055 3897 ejus,
2109 3824 2434 3881 intellectus
2487 3822 2805 3879 secundum
2862 3821 2970 3877 sibi
3037 3820 3225 3876 debite
3286 3818 3602 3889 majestatis

1899 3915 2205 3985 imperium
2235 3918 2479 3968 mortuus
2514 3916 2612 3978 est,
2661 3911 2764 3967 iste
2795 3911 2961 3969 solus,
3011 3923 3141 3979 Spes
3172 3908 3386 3965 scilicet
3434 3909 3600 3965 futu-

1900 4018 2095 4061 rorum
2138 4005 2431 4069 remansit;
2465 4003 2515 4059 si
2546 4000 2683 4071 quid
2725 4003 2775 4054 ei
2820 3999 3082 4054 acciderit
3109 4001 3169 4053 in
3215 4003 3388 4063 terra,
3426 3998 3479 4053 id
3513 4003 3599 4053 est

1897 4102 2097 4151 contra
2138 4093 2523 4153 terrenitatem
2579 4091 2741 4146 vobis
2783 4089 3140 4145 certantibus
3168 4088 3239 4144 ad
3282 4101 3458 4158 quam
3491 4087 3601 4141 ob-

1900 4182 2192 4239 tinendam
2243 4181 2496 4249 tenditis,
2548 4195 2708 4235 canos
2761 4194 2921 4246 meos,
2981 4177 3035 4233 id
3084 4184 3167 4233 est
3225 4176 3599 4231 defectionem

1900 4279 2365 4342 vetustatemque
2414 4284 2600 4325 meam
2631 4269 2706 4326 ad
2743 4271 2946 4336 inferos
2992 4267 3209 4323 ultima:
3253 4264 3601 4335 desperatio-

1903 4362 1992 4418 nis
2017 4361 2332 4432 deponetis.
2368 4361 2431 4416 In
2465 4359 2686 4415 inferno
2709 4359 2861 4415 enim
2896 4357 3032 4429 quis
3060 4355 3429 4413 confitebitur
3457 4351 3603 4410 tibi?

1830 4411 1872 4466 ο
1901 4411 2294 4522 gnari-1:51;

2502 4519 2738 4575 CAPUT
2784 4517 2989 4574 XLIII.

1968 4631 2140 4688 Vsus.
2194 4632 2241 4683 l.
2276 4630 2328 4685 2.
2365 4659 2430 4668 —
2477 4627 2702 4681 Interim
2732 4627 2905 4693 fames
2953 4639 3161 4678 omnem
3211 4628 3408 4678 terram
3440 4622 3598 4677 vehe-

1894 4726 2103 4775 menter
2144 4718 2445 4789 premebat.
2481 4716 2933 4784 Consumptisque
2974 4714 3109 4767 cibis
3147 4728 3281 4778 quos
3315 4730 3382 4765 ea:
3428 4714 3596 4781 [Egy-

1888 4815 1988 4881 pto
2034 4809 2345 4863 detulerant
2382 4806 2525 4859 dixit
2554 4805 2716 4859 Jacob
2742 4804 2817 4857 ad
2843 4804 2983 4873 ﬁlios
3022 4817 3149 4856 suos
3174 4818 3194 4855 .'
3222 4803 3595 4859 Revertimini,

1895 4906 1947 4956 et
1988 4901 2143 4954 emite
2192 4897 2504 4967 pauxillum
2554 4909 2819 4949 escarum.
2868 4891 3113 4947 Animus
3162 4904 3293 4947 cum
3349 4889 3598 4945 nimium

1895 4986 2210 5044 tentatione
2259 4984 2546 5055 pulsatur,
2582 4982 2639 5038 in
2695 4986 2836 5037 I55
2872 4980 3152 5036 desidiam
3182 4977 3512 5043 resolvitur,
3546 4983 3601 5033 et

1895 5076 2002 5133 sub
2043 5073 2447 5131 mediocritatis
2492 5072 2676 5128 colore
2719 5085 2787 5128 ea
2817 5084 2948 5142 quae
2993 5068 3271 5140 praedicta
3311 5073 3447 5123 sunt
3477 5066 3602 5122 elo-

1895 5167 2118 5237 quitur.
2174 5165 2422 5220 Fructus
2469 5168 2685 5226 tamen,
2734 5161 2835 5231 qui
2881 5172 2950 5214 ex
3011 5159 3201 5229 prima
3245 5154 3600 5211 confessione

1893 5259 2254 5326 provenerat,
2306 5250 2607 5307 humilitas
2652 5263 2719 5305 ac
2772 5246 3164 5318 compunctio,
3217 5252 3338 5301 tota
3387 5258 3599 5300 consu-

1895 5340 2091 5406 mitur,
2143 5347 2197 5395 et
2245 5337 2411 5408 quasi
2457 5353 2524 5390 ea:
2576 5336 2830 5406 Egypto
2871 5332 3042 5390 delati
3091 5331 3204 5388 cibi
3261 5330 3597 5400 depereunt,

1893 5430 2031 5487 dum
2087 5428 2435 5498 poenitentiae
2482 5432 2848 5495 peccatorum
2893 5422 3116 5479 utilitas
3161 5419 3499 5490 abrogatur,
3546 5423 3602 5473 et

1892 5518 2123 5575 interim
2179 5530 2341 5572 mens
2378 5513 2598 5571 consilii
2648 5520 2897 5584 egestate
2947 5509 3236 5568 atteritur.
3289 5506 3394 5564 Sed
3427 5505 3601 5562 intel-

1893 5607 2072 5663 lectus
2125 5621 2182 5661 se
2235 5603 2407 5669 vinci,
2468 5610 2523 5658 ct
2577 5602 2856 5672 languere
2906 5597 3303 5669 conspiciens,
3353 5596 3508 5665 ﬁliis,
3541 5591 3598 5648 id

1892 5703 1975 5752 est
2008 5697 2114 5765 piis
2143 5694 2557 5764 cogitationum
2590 5691 2864 5757 motibus,
2910 5697 2976 5745 ut
3006 5692 3376 5745 revertantur
3403 5681 3477 5737 ad
3508 5680 3599 5736 sui
