3950 6456
107 387 196 443 293
1272 383 1632 441 ΜοιιΑιιυιι
1673 384 1740 440 ιιι
1776 386 1798 441 (

1981 382 2082 440 SIN
2114 382 2245 441 LIB.
2287 382 2359 442 X.

3504 391 3609 445 294

108 521 412 589 tulerimus,
462 518 755 577 continuis
800 518 1150 589 profectibus
1195 518 1366 587 imus,
1412 519 1554 575 dum
1608 519 1795 591 magis
1830 524 1877 576 A
1908 520 1982 576 ad
2029 519 2485 590 dispensatorem
2529 521 2877 590 accedimus,
2912 537 3045 579 cum
3092 532 3249 581 metu
3290 526 3487 583 divino
3518 541 3611 583 re-

107 626 165 668 ac
190 612 370 681 magis
401 610 517 665 Deo
540 616 594 665 et
627 608 799 665 saluti
831 607 1113 664 viciniora
1142 608 1439 664 sentimus.

169 699 332 756 Vsus.
386 700 472 752 14.
519 728 590 738 -
638 701 778 753 Deus
828 702 1008 751 autem
1058 712 1205 751 meus
1253 699 1430 763 faciat
1476 712 1599 750 eum
1645 697 1796 751 vobis

104 789 452 859 placabilem;
514 791 566 841 et
614 788 859 840 remittat
923 785 1200 839 vobiscum
1254 787 1490 852 fratrem
1558 791 1796 839 vestrum

106 894 246 947 quem
310 881 469 944 tenet,
520 880 571 930 et
626 877 766 930 hunc
824 874 1132 943 Benjamin.
1201 873 1289 929 Fit
1355 874 1522 929 nobis
1586 874 1795 944 Joseph

106 964 409 1036 placabilis,
440 978 597 1031 cum,
634 962 952 1019 mundanis
982 961 1182 1032 sopitis
1214 962 1581 1032 impulsibus,
1616 962 1794 1031 spiri-

106 1056 263 1112 tualis
300 1053 640 1110 incrementi
691 1052 962 1122 majestas
1009 1066 1127 1107 non
1175 1058 1260 1107 est
1310 1052 1474 1107 nobis
1524 1051 1793 1108 difficilis.

107 1145 289 1199 Frater
333 1157 506 1213 quem
546 1148 716 1207 tenet,
766 1140 1100 1205 remittitur,
1154 1154 1285 1196 cum
1337 1140 1597 1206 affectus,
1649 1139 1797 1195 veli-

106 1248 225 1289 mus
252 1233 524 1297 nolimus,
556 1245 831 1302 evagans,
869 1238 925 1286 et
969 1239 1157 1287 tamen
1193 1231 1463 1300 praedicta
1501 1231 1798 1301 majestate

107 1322 259 1393 quasi
291 1321 501 1377 mentis
532 1320 652 1390 lege
684 1319 985 1386 coercitus,
1020 1317 1283 1374 interiori
1327 1317 1646 1388 aliquando
1695 1318 1798 1374 bo-

107 1410 255 1478 mini,
286 1412 411 1465 sine
444 1409 560 1464 ulla
598 1409 720 1479 jam
751 1409 806 1461 vi
852 1407 1170 1463 obediendo
1204 1407 1460 1474 laxatur,
1498 1407 1798 1477 Benjamin

107 1498 424 1565 remittitur,
473 1511 607 1553 cum
654 1496 879 1551 fructus
934 1495 1055 1565 spei
1103 1503 1314 1551 nostra
1375 1495 1446 1550 ad
1498 1495 1797 1551 dexteram

108 1588 259 1642 nobis
306 1586 630 1641 constitutis
680 1585 739 1639 in
789 1598 971 1655 regno
1015 1591 1392 1639 monstratur.
1447 1585 1571 1652 Ego
1620 1590 1843 1638 autem.

107 1676 310 1729 orbatus
348 1675 552 1744 absque
578 1674 761 1728 liberis
793 1688 900 1727 ero.
936 1671 1108 1738 Quasi
1148 1672 1417 1727 orbatum
1464 1673 1691 1728 interim
1739 1688 1798 1728 se

110 1771 277 1834 putat,
305 1763 444 1819 dum
479 1764 539 1817 in
587 1762 860 1818 conflictu
918 1762 1149 1816 animus
1182 1761 1401 1831 positus
1436 1761 1516 1817 nil
1557 1777 1617 1817 se
1654 1776 1798 1830 esse,

109 1852 181 1908 nil
204 1852 425 1908 efficere
455 1852 619 1922 quasi
655 1851 713 1906 in
746 1849 1000 1920 quadam
1031 1850 1276 1920 caligine
1306 1852 1655 1906 constitutus
1703 1865 1798 1906 re-

112 1949 281 2012 putat.

176 2030 336 2086 Vnus.
391 2031 475 2083 l5.
513 2058 581 2067 —
619 2027 1022 2083 Descenderunt
1084 2043 1210 2094 ergo
1273 2030 1332 2081 in
1377 2028 1693 2097 Egi/ptum
1748 2034 1799 2082 et

110 2124 353 2174 steterunt
402 2132 583 2172 coram
631 2118 844 2185 Joseph.
895 2116 1295 2172 Humiliantur
1342 2117 1414 2172 ad
1465 2116 1798 2173 considera-

109 2208 303 2263 tionem
354 2205 747 2261 tribulationis
793 2205 1074 2275 Egyptia,
1109 2213 1164 2259 et
1208 2219 1327 2274 quo
1368 2205 1554 2276 magis
1598 2205 1654 2260 in
1692 2219 1801 2261 sua

111 2295 573 2366 contemplatione
604 2293 934 2360 flectuntur,
966 2302 1122 2349 tanto
1155 2293 1405 2348 alacrius
1425 2294 1496 2348 ad
1522 2294 1801 2363 sapienda

112 2384 346 2440 calestia
377 2396 574 2439 coram
608 2382 835 2452 Ioseph,
890 2382 946 2437 id
996 2388 1079 2437 est
1110 2381 1168 2436 in
1224 2382 1604 2452 provectionis
1644 2383 1800 2439 desi-

112 2472 254 2528 derio
299 2471 634 2543 eriguntur.
681 2472 876 2542 (Vnus.
913 2470 1024 2541 16.)
1078 2471 1218 2537 Quos
1248 2487 1366 2525 cum
1409 2472 1500 2525 itte
1544 2471 1797 2541 vidisset,

113 2568 156 2616 et
184 2561 469 2631 Benjamin
507 2561 693 2626 simul,
727 2563 983 2629 praecepit
1023 2559 1394 2629 dispensatori
1425 2560 1616 2614 domus
1647 2576 1795 2616 sua:

115 2649 349 2704 introduc
414 2652 561 2703 viros
622 2651 679 2703 in
725 2648 962 2715 domum,
1007 2653 1057 2702 et
1104 2651 1313 2702 instrue
1374 2652 1701 2717 convivium,
1751 2656 1801 2704 et

115 2737 275 2792 occide
318 2737 598 2802 victimas,
633 2739 889 2806 quoniam
929 2753 1133 2791 mecum
1178 2743 1307 2792 sunt
1351 2741 1643 2793 comessuri
1683 2754 1800 2792 me-

114 2826 255 2880 ridie.
284 2826 496 2896 Joseph
517 2840 613 2881 eos
636 2840 767 2881 cum
812 2826 1109 2897 Benjamin
1141 2827 1312 2894 videt,
1364 2839 1496 2882 cum
1538 2828 1660 2897 jam
1693 2826 1800 2883 sibi

117 2915 205 2984 ipsi
250 2914 572 2971 intellectus
599 2922 655 2970 et
688 2914 927 2970 rationis
957 2915 1225 2981 motibus,
1277 2923 1332 2971 et
1371 2914 1489 2985 spei
1536 2915 1800 2986 profecti-

116 3002 210 3058 bus
251 3004 319 3059 ad
354 3002 745 3074 aggredienda
793 3004 1107 3059 caelestium
1141 3004 1493 3059 incrementa
1541 3019 1657 3060 non
1712 3005 1798 3061 in-

1903 610 2086 666 stricti
2168 610 2408 666 liberius
2459 611 2582 682 jam
2658 611 3012 668 ordinariam
3096 612 3252 670 illam
3327 617 3608 672 rationem

1903 698 2299 770 aggredimur.
2347 702 2471 754 Iam
2522 706 2668 766 ante,
2700 701 2997 771 inquiunt,
3049 716 3151 771 per
3193 704 3610 761 confessionem

1902 786 2088 857 culpa
2121 802 2223 843 nos
2267 788 2728 857 bumiliavimus,
2771 797 2835 845 ut
2865 789 3079 846 divinis
3109 791 3298 862 epulis
3331 792 3608 849 allevare-

1904 890 2056 931 mur.
2120 876 2322 947 (Vnus.
2371 877 2485 949 21.)
2541 878 2765 945 Quibus
2806 878 3099 945 obtentis,
3154 895 3287 936 cum
3347 881 3419 936 ad
3474 896 3610 937 con-

1903 965 2156 1021 scientia
2230 966 2593 1023 diversorum
2670 968 2929 1023 sacculos
3008 969 3612 1038 concupiscentiarum

1904 1053 2324 1108 examinandos
2363 1054 2858 1124 expandissemus,
2900 1055 3083 1111 divini
3129 1056 3345 1127 eloquii
3376 1065 3613 1113 senten—

1904 1141 2014 1197 tias
2065 1156 2167 1198 nos
2242 1142 2380 1212 ipsis
2451 1157 2762 1212 pravorum
2820 1152 3084 1200 motuum
3145 1146 3614 1216 suggestionibus

1903 1230 2197 1299 objecisse,
2259 1231 2451 1287 animo
2502 1240 2659 1299 teste,
2715 1233 3121 1301 meminimus;
3179 1248 3356 1304 quam
3407 1236 3614 1304 mysti-

1905 1334 2031 1376 cam
2073 1320 2376 1389 pecuniam
2426 1321 2622 1376 eodem
2672 1335 2942 1391 superna
2990 1320 3315 1378 dilectionis
3363 1324 3615 1393 pondere

1905 1407 2209 1480 gravidam
2245 1409 2317 1464 ad
2369 1409 2447 1464 tui
2473 1408 2764 1479 judicium
2809 1419 3195 1480 reportamus,
3245 1419 3309 1466 ut
3338 1419 3390 1466 te
3417 1411 3613 1481 judice

1904 1502 2115 1565 pateat,
2166 1495 2213 1551 si
2261 1495 2403 1565 quid
2442 1496 2681 1566 indigne
2725 1498 2979 1566 egimus;
3015 1496 3210 1563 (Vsus.
3259 1499 3351 1565 22)
3402 1498 3497 1552 sed
3557 1505 3613 1554 et

1905 1583 2065 1639 aliud
2121 1590 2428 1653 argentum
2492 1584 2717 1653 copiose
2766 1584 3017 1639 scientia
3084 1597 3272 1653 usque
3321 1582 3391 1639 ad
3449 1584 3612 1640 bona

1905 1672 2148 1728 actionis
2193 1672 2461 1727 effectum
2520 1672 2844 1737 attulimus,
2895 1679 2960 1727 ut
3016 1672 3221 1736 Deum,
3276 1674 3376 1742 qui
3436 1687 3614 1744 super

1907 1761 2101 1817 omnia
2155 1761 2320 1817 nobis
2364 1769 2448 1816 est
2498 1763 2876 1826 necessarius,
2925 1760 3098 1816 totius
3152 1775 3340 1830 opera
3394 1761 3611 1831 impen-

1838 1827 2018 1906 Bdiis
2073 1864 2356 1906 emamus.
2413 1850 2538 1906 Non
2588 1857 2673 1905 est
2728 1850 2787 1904 in
2841 1857 3039 1905 nostra
3093 1850 3442 1906 conscientia
3482 1850 3615 1921 quis

1908 1954 2036 1995 eam
2065 1939 2317 2009 posuerit
2354 1939 2410 1994 in
2449 1939 2760 2008 marsupiis
2800 1938 3029 2003 nostris,
3075 1938 3129 1993 id
3168 1947 3251 1994 est
3302 1954 3416 1995 non
3448 1939 3616 1995 nobis

1908 2042 2271 2099 arrogamus,
2327 2042 2433 2083 nec
2488 2028 2763 2098 cuiquam
2802 2067 2817 2093 ,
2879 2026 3177 2083 hominum
3240 2027 3616 2083 attribuimus

1910 2118 2060 2173 hanc
2093 2117 2190 2172 Dei
2230 2116 2516 2183 notitiam,
2551 2130 2729 2186 quam
2778 2116 3068 2171 memoria
3107 2116 3308 2171 loculis
3340 2116 3609 2172 insertam

1910 2214 2190 2272 tenemus,
2225 2205 2326 2261 soli
2363 2205 2441 2260 illi
2474 2205 2858 2274 gratulamur.

1980 2295 2153 2351 Vnus.
2200 2296 2290 2348 23.
2339 2324 2409 2333 -—
2450 2295 2591 2360 Pam,
2648 2293 2858 2363 inquit,
2920 2293 3213 2348 vobiscum.
3277 2295 3345 2348 Et
3394 2295 3440 2349 si
3494 2307 3607 2364 pax

1910 2383 2391 2439 reconciliationis
2448 2396 2515 2437 ac
2556 2382 2878 2437 concordia
2932 2383 3128 2449 adest,
3186 2383 3346 2438 locus
3394 2383 3613 2438 timoris

1911 2487 2028 2528 non
2057 2480 2160 2528 est.
2198 2473 2344 2525 Deus
2380 2475 2574 2539 vester,
2624 2476 2675 2525 et
2718 2472 2863 2525 Deus
2903 2473 3083 2540 patris
3132 2474 3329 2537 vestri;
3362 2471 3465 2541 qui
3497 2472 3607 2527 sci-

1910 2562 2039 2619 licet
2069 2576 2202 2618 cum
2236 2561 2498 2631 patribus
2531 2560 2678 2615 mira
2709 2561 2847 2629 egit,
2888 2569 2943 2617 et
2971 2563 3176 2616 vestris
3206 2560 3615 2631 magniﬁcatur

1910 2651 2289 2720 temporibus,
2324 2651 2443 2719 ipse
2459 2649 2611 2704 dedit
2628 2650 2931 2719 pecuniam
2958 2651 3013 2704 in
3029 2649 3274 2705 sacculis
3286 2665 3301 2720 ;
3318 2649 3613 2705 scientiam

1912 2739 2160 2810 profecto
2202 2738 2566 2795 discretivam
2619 2743 2757 2792 15⁸1
2803 2752 2869 2795 ac
2898 2739 2944 2794 si
2978 2747 3266 2794 monetam
3298 2738 3613 2809 legitimam

1911 2828 2117 2883 vestris
2172 2827 2586 2883 tentationibus
2636 2827 3049 2882 discernendis.
3117 2826 3277 2882 Unde
3325 2830 3381 2881 et
3426 2826 3615 2896 sequi-

1915 2924 2009 2972 tur
2050 2932 2062 2971 :
2110 2919 2252 2973 Nam
2277 2919 2568 2986 pecuniam
2617 2931 2781 2985 quam
2807 2916 3059 2982 dedistis,
3093 2915 3149 2970 id
3178 2924 3261 2970 est
3292 2914 3613 2985 prudentia

1910 3004 2050 3071 vim,
2084 3018 2261 3075 quam
2306 3019 2431 3059 meo
2459 3005 2667 3075 exagio
2710 3003 2999 3070 attulistis,
3031 3018 3137 3073 ego
3183 3003 3478 3073 probatam
3512 3016 3614 3059 ra-

116 3091 273 3147 videt.
322 3091 694 3160 Dispensator
734 3090 941 3147 domus
967 3091 1203 3162 spiritus
1236 3099 1430 3148 noster
1458 3100 1560 3160 est,
1592 3093 1686 3148 cui
1727 3093 1800 3149 ab
1839 3114 1880 3169 ρ
1912 3093 2265 3150 tionabiliter
2312 3092 2550 3162 accipio.
2587 3095 2863 3161 Dumitque
2904 3093 2979 3145 ad
3003 3108 3087 3147 eos
3117 3093 3351 3147 Simeon.
3383 3091 3611 3148 Simeon

118 3192 292 3235 amore
322 3192 577 3250 superno
609 3177 904 3245 indicitur,
942 3186 1006 3233 ut
1039 3178 1095 3233 hi
1128 3178 1323 3235 viriles
1352 3186 1536 3235 status
1568 3179 1627 3234 in
1659 3196 1801 3236 con-

119 3269 396 3324 scientiam
448 3267 841 3335 inducantur;
893 3266 1139 3323 victima
1207 3268 1420 3337 peccati
1488 3269 1801 3338 carnisque

117 3355 415 3425 radantur,
459 3364 524 3412 ut
554 3369 686 3411 cum
728 3355 840 3410 Deo
889 3353 1252 3424 postmodum
1309 3354 1553 3410 interius
1598 3356 1801 3411 convi-

118 3444 263 3500 vium
301 3443 654 3511 instruatur,
707 3450 774 3498 ut
820 3444 880 3497 in
921 3441 1151 3497 meridie
1206 3442 1524 3498 dilectionis
1568 3443 1803 3499 fervida

119 3541 300 3601 canet,
317 3534 495 3603 juxta
523 3530 940 3603 Apocalypsim,
975 3530 1276 3588 nobiscum
1304 3531 1423 3600 ipse
1451 3539 1506 3588 et
1537 3546 1639 3587 nos
1668 3546 1799 3588 cum

119 3620 224 3691 ipso
251 3623 581 3678 reficiamur
609 3622 805 3693 (Apoc.
842 3636 923 3689 ιιι,
955 3619 1066 3691 20).

181 3709 343 3767 Vsus.
395 3715 483 3776 l7,
538 3712 622 3764 l8.
676 3739 745 3750 —
792 3711 935 3764 Fecit
983 3709 1075 3763 ille
1120 3712 1180 3762 ut
1225 3710 1413 3775 fuerat
1456 3711 1800 3777 imperatum,

119 3798 244 3867 quia
275 3807 459 3856 tactus
491 3812 524 3853 a
554 3798 668 3854 Deo
707 3797 946 3868 spiritus
993 3797 1269 3853 mandata
1300 3797 1373 3853 ad
1404 3797 1645 3853 celerem
1693 3798 1802 3854 du-

120 3887 186 3942 cit
225 3887 509 3945 eﬂ’ectum.
554 3889 747 3957 Ibique
784 3890 1038 3942 exterriti
1078 3887 1343 3942 dixerunt
1385 3892 1609 3942 mutuo:
1665 3889 1804 3943 Pro-

120 3982 228 4044 pter
249 3981 558 4047 pecuniam,
607 3993 772 4047 quam
801 3979 1085 4031 retulimus
1112 3980 1271 4047 prius
1302 3979 1362 4031 in
1399 3980 1571 4031 saccis
1602 3979 1804 4031 nostris

121 4066 398 4121 introducti
444 4081 652 4134 sumus,
708 4070 768 4120 ut
809 4066 1059 4120 devolvat
1106 4068 1165 4120 in
1212 4080 1309 4120 nos
1352 4066 1702 4132 calumniam,
1754 4070 1804 4119 et

121 4154 359 4223 subjiciat
399 4171 496 4210 nos
549 4158 823 4222 servituti,
874 4161 924 4209 et
976 4158 1159 4209 asinos
1206 4159 1438 4209 nostros.
1486 4154 1802 4211 lntroducti

121 4252 485 4311 exterrentur,
514 4245 656 4314 quia
685 4258 816 4300 cum
849 4242 1230 4313 spiritualiler
1269 4244 1597 4299 examinari
1643 4258 1805 4299 mens

122 4334 353 4401 coeperit,
420 4332 711 4404 quidquid
781 4333 1067 4388 virtutum
1135 4332 1320 4400 nobis,
1392 4330 1542 4388 illico
1602 4331 1804 4388 timore

124 4423 496 4489 perturbatur.
549 4422 856 4491 Trepidant
905 4435 1007 4491 pro
1069 4422 1316 4492 pecunia
1363 4436 1543 4491 quam
1590 4422 1801 4478 retule-

124 4509 244 4576 rint,
273 4512 408 4582 quia
448 4518 727 4569 verentur
766 4526 837 4567 ne
875 4512 1071 4567 minus
1102 4511 1306 4567 idonea
1349 4525 1529 4581 quam
1572 4525 1803 4581 compe-

122 4598 198 4667 tit,
248 4602 423 4658 saccis
479 4600 893 4658 carnalitatum
946 4601 1198 4657 scientia
1253 4608 1464 4656 sancta
1528 4601 1800 4671 pradica-

122 4697 295 4745 menta
325 4690 681 4748 induxerint.
715 4690 940 4746 Timent
985 4690 1212 4746 devolvi
1247 4689 1303 4745 in
1336 4704 1395 4745 se
1424 4690 1802 4757 calumniam,

122 4786 170 4833 et
193 4781 443 4837 servituti
474 4780 686 4852 subjici
712 4789 767 4837 et
805 4794 864 4835 se
895 4788 950 4836 et
988 4780 1199 4847 asinos,
1237 4778 1375 4835 dum
1422 4779 1604 4836 divini
1641 4781 1801 4852 judi-

126 4868 185 4922 cii
229 4869 677 4942 indignationem
725 4868 832 4925 sibi
867 4869 1221 4935 incumbere,
1266 4875 1321 4924 et
1363 4869 1566 4925 merito
1605 4871 1695 4926 sui
1728 4869 1801 4925 ad

127 4957 249 5013 vitia
277 4960 486 5030 teporis
514 4973 721 5015 eorum
760 4958 1013 5014 dominia
1044 4958 1265 5025 subire,
1310 4964 1366 5014 et
1395 4958 1577 5013 animi
1623 4958 1799 5027 vires,

128 5054 173 5101 et
196 5050 372 5105 carnis
403 5057 599 5105 motus
626 5052 891 5104 metuunt
918 5046 1297 5103 succumbere
1329 5046 1584 5103 stolidos.

186 5135 338 5195 Vsus.
380 5142 462 5204 l9,
498 5139 591 5191 ‘20.
634 5165 707 5177 —
738 5135 1094 5202 Quamobrem
1126 5138 1184 5189 in
1222 5138 1360 5205 ipsis
1396 5136 1610 5202 foribus
1652 5151 1799 5191 acce-

130 5222 285 5281 dentes
328 5228 400 5282 ad
431 5228 863 5297 dispensatorem
912 5226 1077 5280 locuti
1122 5229 1288 5279 sunt:
1331 5224 1583 5289 Oramus,
1618 5224 1800 5278 domi-

131 5326 201 5376 ne,
242 5319 296 5368 ut
344 5316 543 5369 audias
583 5328 698 5368 nos.
747 5313 874 5368 Jam
911 5317 1037 5367 ante
1086 5313 1460 5368 descendimus
1500 5319 1561 5368 ut
1598 5329 1800 5368 emere-

131 5414 230 5455 mus
276 5419 435 5471 escas,
495 5411 605 5459 etc.
667 5403 859 5469 Fores,
920 5402 1157 5459 habitus
1217 5410 1354 5458 sunt
1408 5402 1646 5469 timoris,
1700 5416 1802 5473 per

134 5501 256 5557 quos
293 5502 422 5550 sunt
478 5493 554 5550 ad
606 5492 923 5562 penetralia
980 5492 1280 5548 charitatis
1335 5492 1502 5564 quasi
1560 5491 1801 5563 quidam

136 5578 329 5653 aditus;
356 5598 503 5654 quas
540 5590 736 5653 portas
767 5582 1068 5638 Psalmista
1101 5596 1203 5637 nos
1249 5580 1519 5637 admonet
1563 5581 1801 5637 introire

138 5664 185 5722 in
224 5671 669 5729 confessionibus
716 5671 892 5741 (Psat.
929 5685 1082 5739 xcux,
1128 5669 1204 5741 4).
1254 5671 1317 5725 ln
1369 5670 1459 5726 bis
1502 5670 1799 5726 constituti

1909 3182 1982 3238 ad
2035 3196 2132 3238 eos
2173 3182 2470 3248 educitur,
2520 3195 2655 3237 cum
2714 3179 2954 3237 affectus
3022 3179 3240 3250 pridem
3302 3181 3615 3237 carnaliter

1909 3271 2197 3341 obligatus
2229 3270 2302 3326 ad
2331 3284 2676 3326 consensum
2718 3269 2957 3324 rationis
2987 3275 3250 3325 motuum
3282 3269 3609 3338 expeditur.

1911 3360 2106 3430 (Vsus.
2140 3361 2258 3430 24.)
2296 3363 2366 3415 Et
2409 3360 2734 3413 introductis
2773 3358 3011 3426 domum,
3063 3359 3253 3412 attulit
3288 3375 3512 3427 aquam,
3563 3366 3614 3415 et

1911 3449 2160 3503 laverunt
2203 3449 2385 3518 pedes,
2429 3454 2479 3503 et
2508 3448 2660 3502 dedit
2703 3447 2909 3517 pabula
2950 3447 3124 3500 asinis
3155 3460 3354 3499 eorum.
3384 3444 3614 3513 Integre

1911 3538 1983 3593 ad
2009 3537 2196 3593 cordis
2224 3539 2462 3593 domum
2503 3536 2750 3592 reversis
2783 3536 3002 3591 undam
3029 3531 3490 3603 compunctionis
3519 3532 3613 3586 in-

1911 3634 2111 3683 ternus
2138 3627 2501 3697 dispensator
2521 3624 2800 3695 suggerit,
2833 3638 2955 3693 qua
2984 3622 3346 3678 mandantur
3374 3620 3615 3691 vestigia

1911 3715 2247 3783 affectionis,
2291 3716 2445 3772 unde
2487 3716 2609 3786 jam
2639 3711 2958 3769 succedunt
2996 3712 3234 3768 consilia
3278 3725 3442 3780 sana,
3476 3710 3615 3781 qui-

1914 3804 2043 3868 bus,
2075 3817 2142 3858 ac
2179 3803 2224 3858 si
2258 3802 2494 3872 pabulo,
2542 3810 2888 3859 occurratur
2917 3800 3317 3871 corporalibus
3344 3800 3611 3856 lasciviis.

1983 3891 2157 3948 Vnus.
2190 3894 2277 3946 25.
2319 3921 2390 3932 —
2416 3892 2509 3946 Illi
2550 3892 2829 3961 parabant
2874 3906 3120 3956 munera,
3157 3890 3319 3944 donec
3361 3890 3613 3957 ingrede-

1910 3988 2065 4036 retur
2104 3983 2300 4050 Joseph
2343 3980 2596 4047 meridie;
2632 3980 2927 4035 audierant
2956 3983 3100 4034 enim
3142 3979 3287 4048 quod
3329 3978 3410 4032 ibi
3451 3994 3618 4032 come-

1911 4074 2057 4126 sturi
2110 4076 2302 4125 essent.
2361 4071 2595 4125 Munera
2650 4084 2780 4140 qua
2842 4075 3143 4138 parantur,
3202 4067 3295 4137 pia
3344 4066 3616 4136 qualibet

1913 4158 2371 4230 compunctionis
2419 4157 2707 4214 incentiva
2745 4166 2901 4222 sunt,
2937 4156 3155 4227 quibus
3182 4155 3375 4211 acrius
3405 4168 3615 4211 accen-

1913 4250 2108 4313 datur,
2147 4255 2202 4304 et
2232 4247 2448 4318 quibus
2494 4248 2703 4317 Joseph
2734 4255 2925 4303 noster
2957 4246 3014 4301 in
3044 4253 3189 4301 astu
3221 4245 3367 4301 sacri
3400 4244 3614 4300 deside-

1914 4338 1981 4394 rii
2015 4338 2391 4408 provehatur.
2441 4336 2635 4407 (Vnus.
2697 4338 2813 4405 26.)
2852 4338 3027 4405 Igitur
3083 4338 3357 4404 ingressus
3388 4339 3467 4389 est
3515 4336 3614 4389 Jo-

1842 4420 1885 4473 D
1912 4429 2041 4497 septi
2076 4427 2292 4481 domum
2326 4441 2503 4490 suam,
2551 4425 2969 4493 obtuteruntque
2996 4426 3046 4478 ei
3089 4440 3330 4485 munera.
3382 4429 3616 4478 tenentes

1914 4519 1973 4570 in
2011 4515 2295 4582 manibus;
2338 4520 2387 4567 et
2430 4513 2797 4569 adoraverunt
2838 4515 3005 4583 proni
3039 4516 3099 4567 in
3144 4518 3366 4567 terram.
3416 4512 3615 4583 Ioseph

1913 4603 2130 4658 domum
2154 4617 2309 4657 suam
2350 4601 2696 4671 ingreditur,
2730 4615 2861 4656 cum
2895 4600 3137 4656 calestis
3168 4614 3312 4656 cura
3339 4603 3615 4658 crementi

1914 4691 2234 4762 penetralia
2286 4690 2492 4747 mentis
2535 4690 2813 4746 adoritur.
2860 4690 3089 4743 Munera
3137 4702 3270 4758 qua
3322 4687 3611 4759 oll‘erunt,

1914 4789 2107 4837 tenent
2146 4784 2203 4835 in
2235 4779 2505 4844 manibus,
2550 4792 2683 4834 cum
2730 4791 2863 4847 qua
2904 4776 3143 4831 interius
3185 4782 3385 4830 sancta
3414 4788 3615 4844 propo-

1912 4877 2062 4926 nunt
2108 4876 2378 4925 exercent
2424 4867 2713 4938 operibus.
2768 4868 2933 4921 Prom“
2982 4867 3041 4919 in
3089 4870 3292 4919 terram
3346 4863 3610 4931 adorant,

1912 4973 2045 5015 cum
2075 4972 2195 5014 sua
2241 4957 2629 5013 infirmitatem
2669 4954 3025 5011 carnalitatis
3067 4952 3214 5009 inter
3240 4952 3355 5008 Deo
3385 4951 3614 5022 suppli-

1911 5048 2163 5103 candum
2208 5046 2597 5103 considerant.
2659 5045 2853 5116 (Vsus.
2902 5046 3011 5111 27.)
3050 5043 3126 5098 At
3170 5043 3283 5111 ille,
3332 5043 3615 5097 clementer

1911 5138 2228 5192 resalutatis
2258 5139 2357 5203 eis,
2390 5137 2753 5201 interrogavit
2783 5150 2796 5188 :
2827 5134 3025 5189 Salvus
3054 5148 3119 5187 ne
3147 5138 3225 5187 est
3251 5137 3412 5201 pater
3440 5137 3617 5187 vester

1909 5239 2091 5291 senem,
2122 5224 2189 5278 de
2222 5239 2326 5292 quo
2357 5223 2631 5278 dixeratis
2678 5222 2857 5277 mihi?
2904 5221 3101 5276 Adhuc
3128 5222 3312 5275 vivit?
3348 5221 3615 5277 Clemen-

1911 5320 1997 5370 ter
2026 5313 2322 5379 resalutat,
2356 5326 2489 5368 cum
2527 5310 2763 5367 effectus
2791 5309 3110 5367 devotionis
3140 5309 3212 5365 ab
3258 5308 3468 5365 affectu
3498 5324 3616 5366 non

1909 5402 2214 5473 discrepat.
2247 5402 2327 5457 De
2359 5409 2520 5472 patre
2558 5415 2692 5457 sene
2740 5414 2815 5456 an
2842 5400 3039 5457 salvus
3077 5399 3169 5468 sit,
3203 5407 3401 5456 utrum
3433 5400 3612 5467 vivat,

1911 5491 2247 5561 interrogat,
2299 5490 2441 5547 dum
2480 5490 2537 5545 in
2586 5496 2863 5560 provectu
2903 5489 3127 5560 positus
3171 5488 3239 5544 de
3268 5496 3422 5544 statu
3454 5489 3616 5545 defe-

1908 5580 2110 5647 ctibili,
2145 5580 2205 5634 in
2243 5593 2417 5650 quem
2452 5593 2595 5648 pene
2627 5578 2847 5649 pridem
2884 5578 3083 5649 lapsus
3114 5577 3322 5645 fuerat,
3358 5591 3433 5633 an
3462 5579 3614 5635 revi-

1908 5670 2128 5727 viscere
2159 5667 2334 5738 possit
2364 5682 2496 5725 cum
2540 5667 2759 5723 ratione
2786 5667 3021 5737 propria
3052 5672 3275 5723 tractat.
3308 5665 3415 5723 Cui
3440 5664 3616 5735 juxta
