3950 6422
98 355 203 407 297

1341 353 1710 411 MORALIUM
1751 355 1821 409 IN
1860 353 2158 411 GENESIN
2199 354 2335 411 LIB.
2377 355 2440 410 X.

3517 364 3624 420 298

100 483 279 538 tionis
313 483 604 555 principio
633 490 689 540 et
732 484 876 555 ipsa,
910 497 1086 554 quam
1124 483 1252 540 fecit
1295 484 1501 541 mundi
1531 484 1820 541 abrennn-
1857 487 1903 540 Α
2000 484 2182 541 Vens.
2242 484 2296 539 9.
2345 515 2414 524 —
2474 485 2647 555 Apud
2700 502 3088 556 quemcumque
3130 494 3412 547 inventum
3452 493 3626 560 fuerit

103 570 289 635 tiatio,
313 571 471 641 jnste
493 571 782 641 objicitur.

171 659 356 714 Vnus.
388 662 440 725 3,
475 660 528 713 4.
565 689 632 699 —-
659 660 994 729 Factumque
1028 662 1234 714 estita.
1277 662 1347 714 Et
1378 664 1493 713 orto
1530 675 1687 713 mane
1729 659 1817 713 di-

98 749 266 801 missi
298 753 429 801 sunt
471 764 591 801 cum
623 751 796 802 asinis
823 753 954 803 suis.
997 751 1223 818 Jamque
1250 749 1435 801 urbem
1470 751 1737 814 exierant,
1768 752 1818 801 et

98 842 490 905 processerant
519 838 826 906 paululum.
875 836 1074 892 Oritur
1102 853 1276 904 mane,
1310 851 1443 892 cum
1492 836 1596 892 lux
1625 836 1819 891 animo

104 924 435 980 innovatur
467 933 670 980 contra
696 924 856 992 vitia,
890 925 1279 993 inspirationis
1319 925 1551 988 divinae,
1588 924 1668 979 illi
1700 940 1819 978 cum

104 1014 288 1067 asinis
339 1014 733 1079 dimittuntur,
770 1013 908 1083 quia
955 1020 1143 1068 motus
1182 1012 1392 1068 interni
1432 1013 1553 1083 jam
1597 1012 1821 1068 coalitus

105 1101 298 1163 docti,
351 1102 672 1157 secundum
732 1102 1049 1157 libertatem
1101 1101 1324 1157 arbitrii
1384 1102 1570 1157 acturi
1622 1110 1822 1157 contra

104 1189 475 1245 carnalitatis
508 1190 748 1259 ineptias
791 1189 1229 1260 relinquuntur,
1262 1205 1334 1245 ne
1365 1190 1433 1246 de
1477 1190 1660 1260 gloria
1697 1191 1822 1246 diu-

104 1286 305 1334 turnze
338 1279 497 1349 pacis
524 1278 815 1334 inﬂentur.
841 1282 967 1334 Jam
992 1280 1175 1333 urbem
1198 1284 1464 1348 emicrant,
1491 1281 1592 1349 qui
1616 1281 1819 1337 mundi

105 1367 298 1437 hujus
330 1382 451 1423 sese
501 1368 723 1424 ambitu
753 1376 1057 1425 exuerant.
1109 1371 1398 1424 Paululum
1422 1378 1815 1439 processerant,

106 1457 209 1526 qui
243 1471 307 1512 se
333 1456 455 1527 jam
486 1457 811 1513 cmlestibus
840 1457 1159 1527 cogitandis
1190 1464 1242 1513 et
1273 1458 1602 1528 quaerendis
1631 1459 1822 1513 admo-

105 1552 340 1600 verant.
380 1547 525 1602 Tunc
552 1547 750 1615 Ioseph
779 1548 1038 1600 accersito
1065 1545 1458 1614 dispensatore,
1485 1547 1564 1600 ait
1589 1562 1600 1599 :
1625 1546 1815 1613 Surge,

105 1640 156 1687 et
182 1649 513 1704 persequere
556 1637 722 1699 viros,
759 1639 807 1687 et
837 1634 1191 1702 apprehensis
1231 1634 1400 1687 dicito
1433 1650 1445 1687 :
1484 1635 1660 1699 Quare
1688 1634 1819 1687 red-

1929 589 2208 628 servorum
2238 577 2476 637 tuorum,
2521 578 2810 639 moriatur,
2854 582 2905 630 et
2952 593 3050 632 nos
3097 583 3240 634 servi
3283 585 3485 635 erimus
3527 580 3625 635 do-

1926 665 2063 715 mini
2109 667 2303 717 nostri.
2360 662 2413 717 Si
2472 664 2528 717 in
2579 663 2834 732 quolibet
2886 664 3333 723 interioritatum
3388 675 3625 724 tuarum

1928 764 2059 819 quae
2089 750 2190 807 tibi
2223 753 2621 821 obtemperant
2651 760 2810 807 motu
2836 755 3183 824 arrogantia;
3213 762 3386 826 typus
3419 764 3627 826 patue-

1930 838 2022 905 rit,
2072 839 2504 911 exstinguatur,
2552 846 2606 895 et
2650 849 2938 910 perpetuae
2986 842 3256 912 deinceps
3306 844 3378 900 ad
3431 845 3629 901 divina

1929 927 2349 995 penetrandum
2393 927 2738 982 humilitatis
2781 929 3131 998 professione
3172 930 3489 989 ﬂectemur.
3516 935 3628 990 Ab-

1928 1015 2291 1071 sconduntur
2343 1030 2543 1085 nempe
2591 1017 2975 1085 prudentibus
3016 1026 3071 1074 et
3119 1020 3451 1077 revelantur
3490 1036 3630 1093 par-

1934 1102 2088 1158 vulis
2130 1103 2351 1174 (Matth.
2400 1120 2459 1170 ll,
2502 1105 2603 1175 25;
2645 1106 2775 1159 Luc.
2810 1120 2869 1173 x,
2917 1105 3027 1177 21).
3077 1107 3269 1177 (VERS-
3327 1112 3436 1180 10.)
3481 1112 3625 1173 Fiat,

1929 1190 2141 1260 inquit,
2182 1192 2354 1261 juncta
2401 1198 2639 1247 vestram
2689 1199 3014 1249 sententiam
3055 1197 3209 1265 apud
3256 1213 3414 1263 quem
3456 1201 3630 1266 fuerit

1929 1283 2229 1347 inventum,
2258 1285 2373 1350 ipse
2401 1286 2473 1335 sit
2491 1297 2677 1335 servus
2700 1298 2869 1349 meus,
2895 1299 2988 1337 vos
3007 1289 3189 1339 autem
3210 1290 3364 1341 eritis
3392 1289 3625 1343 innomii.

1929 1368 1993 1424 In
2022 1384 2391 1439 quocunque,
2432 1371 2639 1440 inquit,
2686 1372 2884 1427 habitu
2917 1374 3098 1428 animi
3128 1375 3492 1431 cervicositas
3524 1377 3629 1432 ista

1930 1457 2209 1528 sacrilega
2238 1460 2590 1536 apparuerit,
2638 1459 2876 1515 rationis
2904 1462 3137 1517 servitio
3180 1463 3500 1527 addicatur,
3534 1464 3629 1519 in—

1930 1544 2119 1599 noxiae
2151 1553 2338 1613 partes
2367 1546 2605 1614 reliquie
2635 1545 2990 1614 judicentur.
3037 1549 3239 1617 (Vens.
3288 1551 3393 1617 11.)
3436 1552 3631 1617 Itaque

1933 1630 2259 1699 deponentes
2322 1637 2379 1685 in
2444 1638 2643 1686 terram
2722 1636 2983 1700 festinato
3051 1652 3231 1691 saccos
3295 1642 3632 1707 aperuerunt

106 1722 342 1777 didistis
391 1724 593 1776 malum
620 1738 723 1791 pro
755 1722 936 1776 bono?
985 1721 1176 1792 (Vnus.
1224 1725 1299 1788 5.)
1341 1723 1607 1790 scyphus,
1665 1739 1819 1792 quem
1860 1762 1900 1815 Β
1933 1721 2157 1786 singuli.
2194 1721 2257 1773 In
2290 1724 2491 1774 terram
2531 1737 2710 1775 saccos
2758 1725 3020 1788 festinato
3060 1724 3363 1794 deponere,
3394 1735 3477 1782 est
3503 1741 3633 1782 om-

102 1812 295 1876 furati
336 1810 486 1877 estis,
520 1814 635 1880 ipse
663 1816 741 1866 est
770 1814 828 1865 in
863 1826 967 1879 quo
1018 1812 1156 1864 bibit
1199 1811 1450 1864 dominus
1482 1826 1648 1875 meus,
1681 1819 1730 1865 et
1759 1814 1821 1865 in

108 1914 214 1967 quo
261 1902 537 1965 augurari
568 1901 720 1953 solet.
756 1900 841 1955 Ab
891 1898 1181 1954 intellectu
1215 1899 1422 1953 rationi
1464 1899 1818 1968 praecipitur,

106 1994 172 2041 ut
211 1984 448 2054 surgat,
485 1986 539 2041 id
586 1993 668 2041 est
697 1986 769 2041 ad
819 1986 1060 2041 tumoris
1091 1984 1299 2041 interni
1341 1986 1819 2055 compressionem

108 2088 166 2129 se
216 2074 446 2144 erigat;
497 2076 642 2128 viros
690 2082 1090 2144 persequatur,
1142 2073 1429 2143 quidquid
1474 2073 1687 2129 scilicet
1737 2088 1823 2129 ro—

112 2161 272 2217 busti
329 2169 519 2217 status
566 2161 803 2230 obtinet,
855 2160 1188 2216 indivisibili
1235 2175 1462 2229 semper
1518 2160 1824 2231 investiga-

111 2250 266 2305 tione
324 2251 592 2306 rimetur.
645 2253 1019 2320 Apprehensis
1075 2250 1225 2305 dicat
1281 2265 1462 2320 quare
1524 2264 1629 2320 pro
1670 2251 1822 2305 bono

112 2339 337 2393 malum
393 2338 764 2405 reddiderint,
823 2337 1098 2393 restrictis
1139 2337 1306 2407 plane
1338 2344 1514 2406 atque
1559 2336 1823 2392 cohibitis

112 2426 471 2496 arrogantiae
522 2424 780 2480 ﬂuxibus
827 2431 1058 2494 arguat,
1093 2432 1155 2479 ut
1204 2423 1343 2493 quid
1393 2438 1591 2479 eorum
1626 2438 1758 2494 quae
1787 2438 1822 2479 a

114 2514 227 2569 Deo
257 2513 397 2568 data
443 2512 550 2567 sibi
582 2521 717 2568 sunt
752 2512 1050 2582 quidpiam
1098 2512 1203 2567 sibi
1235 2511 1624 2567 attribuerint.
1671 2512 1821 2579 Quid

112 2600 268 2655 enim
302 2599 542 2666 habent,
593 2599 747 2668 quod
788 2613 902 2653 non
949 2598 1326 2668 acceperint?
1375 2602 1432 2668 (Ι
1463 2601 1581 2656 Cor.
1634 2615 1710 2667 1v,
1746 2600 1819 2670 7.)

114 2687 250 2752 Cur,
308 2687 517 2757 inquit,
553 2686 1062 2742 intellectualitatis
1108 2688 1404 2743 scientiam
1451 2689 1614 2743 vobis
1655 2688 1822 2743 ascri-

115 2774 294 2830 bitis?
332 2774 595 2844 Scyphus
634 2783 826 2830 autem
870 2784 1199 2844 argenteus,
1242 2775 1556 2845 perspicuas
1603 2776 1821 2845 capaci-

115 2863 247 2917 tatis
278 2869 368 2916 est
401 2862 582 2916 sinus.
618 2862 679 2916 In
731 2862 839 2917 isto
869 2862 1006 2916 bibit
1042 2863 1292 2917 dominus
1341 2879 1506 2930 meus,
1564 2866 1702 2934 quia
1747 2878 1820 2920 ex

115 2949 219 3004 hoc
251 2949 456 3005 haurit
486 2950 639 3004 unde
669 2964 866 3004 omnes
892 2950 1098 3005 mentis
1118 2958 1293 3019 queat
1320 2953 1509 3021 rigare
1538 2967 1816 3019 recessus,

1932 1821 2034 1863 nes
2072 1808 2476 1875 tentationum,
2507 1823 2654 1879 quas
2698 1811 2973 1880 patimur,
3019 1812 3266 1868 vilitates
3307 1814 3514 1870 humili
3543 1830 3633 1871 se-

1931 1895 2173 1951 dulitate
2203 1896 2369 1951 nobis
2395 1896 2533 1966 ipsis
2578 1898 2770 1953 adhuc
2812 1906 3021 1954 terram
3069 1891 3423 1970 sapientibus
3458 1905 3633 1958 ascri-

1933 1983 2084 2040 bere.
2150 1985 2433 2054 Aperiunt
2484 1987 2710 2053 singuli,
2761 2001 2893 2042 cum
2949 1989 3168 2059 quique
3212 2004 3271 2045 se
3317 1991 3636 2048 discutiunt

1931 2080 2122 2127 motus
2148 2073 2346 2128 animi.

2002 2160 2184 2215 Vens.
2218 2163 2300 2213 l2.
2328 2191 2394 2199 —
2416 2160 2557 2225 Quos
2575 2166 2873 2223 scruta-tus,
2902 2164 3167 2231 incipiens
3187 2181 3221 2218 a
3235 2167 3443 2234 majore
3462 2182 3635 2233 usque

1931 2249 2006 2302 ad
2046 2252 2332 2302 mini-mum
2382 2253 2590 2302 invenit
2634 2249 2897 2318 scyphum
2939 2252 2999 2304 in
3049 2266 3200 2306 sacco
3247 2254 3555 2322 Benjamin.
3586 2256 3636 2309 A

1929 2337 2149 2407 majore
2183 2351 2369 2407 usque
2402 2337 2474 2391 ad
2505 2336 2812 2393 minimum
2844 2347 3159 2406 scrutatur,
3189 2356 3321 2396 cum
3352 2356 3387 2396 a
3425 2343 3633 2399 visibi-

1930 2425 2103 2490 libus,
2151 2439 2283 2494 quae
2327 2426 2493 2496 quasi
2543 2426 2932 2496 grossitudine
2982 2436 3279 2497 praestant,
3328 2445 3515 2500 usque
3558 2432 3632 2487 ad

1932 2514 2247 2569 invisibilia
2273 2522 2328 2570 et
2360 2514 2708 2583 spiritualia,
2744 2530 2875 2584 quae
2905 2516 3177 2572 subtilius
3205 2526 3458 2587 exstant,
3489 2520 3635 2575 ratio

1933 2603 2106 2658 totius
2136 2603 2226 2658 sui
2267 2605 2453 2672 operis
2491 2604 2821 2658 machinam
2871 2604 3139 2661 rimatur.
3188 2607 3252 2660 In
3297 2622 3448 2661 sacco
3495 2609 3635 2662 Ben-

1922 2691 2103 2759 jamin
2134 2692 2386 2760 scyphus
2417 2690 2732 2759 invenitur,
2770 2706 2903 2747 cum
2935 2692 2992 2747 in
3030 2693 3154 2762 ipsa
3186 2694 3454 2762 dexterae,
3480 2696 3635 2766 quod

1929 2786 2013 2834 est
2060 2779 2354 2834 electionis
2403 2786 2458 2834 et
2514 2779 2710 2850 gloriae
2760 2778 2992 2846 fiducia,
3052 2781 3229 2837 nimia
3283 2782 3534 2862 scientia;
3582 2791 3636 2839 et

1930 2868 2145 2937 eloquii
2172 2868 2310 2923 solet
2340 2881 2633 2937 emergere
2667 2869 3018 2938 arrogantia.
3065 2868 3257 2925 Solent
3298 2872 3453 2927 enim
3496 2871 3636 2927 tales

1933 2957 2099 3027 quasi
2133 2971 2235 3026 pro
2262 2956 2569 3011 securitate
2604 2957 2722 3025 jam
2767 2957 3138 3013 auctoritates
3190 2959 3297 3015 sibi
3346 2974 3634 3030 usurpare

117 3036 205 3091 ille
234 3037 335 3093 cui
370 3030 653 3091 domfnari
699 3037 966 3092 convenit
999 3037 1338 3105 intellectus,
1381 3039 1606 3094 cunctis
1647 3041 1819 3096 etiam
1861 3061 1901 3116 ο
1929 3052 1984 3100 et
2042 3046 2391 3115 magisteria.
2432 3045 2511 3098 At
2575 3046 2678 3105 illi,
2741 3049 2923 3099 scissis
2974 3046 3235 3108 vestibus,
3291 3052 3637 3115 oneratisque

116 3126 415 3181 rationum
465 3139 726 3181 mearum
776 3125 1021 3181 viribus.
1069 3125 1151 3181 lbi
1182 3129 1314 3181 solet
1356 3131 1646 3196 augurari,
1681 3130 1821 3185 dum

118 3227 389 3283 supernae
422 3212 689 3267 innitens-
720 3213 1040 3283 prudentirc
1080 3213 1149 3268 de
1191 3221 1417 3270 aeterna;
1449 3215 1824 3271 beatitudinis

120 3303 333 3358 futuris
364 3302 609 3358 statibus
628 3302 779 3358 valet
803 3303 1142 3355 commutari.

186 3408 367 3464 Vens.
402 3410 454 3473 6,
486 3412 541 3474 7,
574 3410 624 3461 8.
673 3438 742 3446 —
772 3409 1062 3461 Pessimum
1094 3422 1205 3460 rem
1248 3408 1494 3474 fecistis;
1530 3408 1629 3479 qui
1666 3409 1822 3479 quod

121 3497 218 3552 Dei
248 3505 335 3553 est
360 3496 529 3552 vobis
554 3496 888 3566 arrogastis.
924 3495 1074 3548 Fecit
1104 3496 1195 3549 ille
1224 3501 1284 3550 ut
1305 3497 1572 3563 jusserat.
1606 3498 1685 3551 Et
1716 3513 1823 3566 ap-

116 3587 401 3655 prehensis
434 3601 533 3654 per
573 3584 818 3638 ordinem
866 3584 1073 3638 locutus
1103 3588 1229 3638 est?
1275 3586 1475 3651 Quare,
1522 3585 1821 3657 inquiunt,

120 3676 197 3729 sic
228 3676 478 3743 loquitur
519 3672 768 3726 dominus
810 3676 1010 3738 noster,
1044 3676 1105 3724 ut
1152 3674 1295 3725 servi
1333 3676 1415 3726 tui
1461 3678 1673 3727 tantum
1715 3676 1824 3742 fla-

123 3765 247 3830 gitii
296 3764 681 3817 commiserint.
730 3762 1041 3826 Pecuniam,
1076 3774 1247 3828 quam
1295 3763 1352 3815 in
1409 3777 1500 3817 ore
1547 3778 1823 3817 saccorum

124 3853 449 3913 invenimus,
499 3851 898 3918 reportavimus
949 3848 1024 3901 ad
1070 3853 1120 3902 te
1160 3849 1225 3901 de
1266 3853 1413 3903 terra
1445 3851 1728 3920 Chanaan,
1774 3855 1825 3906 et

126 3939 386 4007 quomodo
427 3952 750 4005 consequens
789 3941 866 3991 est
915 3941 975 3990 ut
1012 3939 1194 4003 furati
1223 3940 1393 3991 simus
1425 3938 1674 3994 dis-domo
1720 3940 1823 3995 do-

120 4032 260 4084 mini
289 4031 372 4083 tui
399 4044 597 4082 aurum
641 4028 725 4079 vel
777 4025 1102 4094 argentum?
1144 4026 1659 4083 Intellectualitatis
1711 4030 1824 4099 spi-

128 4117 269 4173 ritus
301 4116 492 4173 obedit
524 4114 763 4185 imperio
785 4154 801 4175 ,
833 4113 973 4182 quia
1002 4113 1289 4183 quidquid
1330 4114 1501 4183 justaa
1542 4113 1714 4170 habet
1745 4116 1824 4170 di-

129 4204 423 4259 scretionis
472 4202 543 4257 ab
572 4215 640 4257 ea
670 4201 896 4271 accipit,
942 4213 1009 4256 ac
1050 4201 1095 4255 si
1129 4214 1163 4255 a
1213 4200 1363 4256 fonte
1394 4215 1665 4271 superno.
1720 4203 1825 4273 Ap-

129 4292 425 4361 prebensio
468 4304 625 4360 ergo,
677 4290 731 4343 id
765 4296 847 4344 est
875 4288 1123 4344 collectis
1167 4289 1582 4359 cogitationum
1625 4306 1827 4348 excur-

1928 3148 2150 3187 rursum
2185 3137 2377 3194 asinis,
2424 3137 2626 3186 reversi
2668 3138 2799 3186 sunt
2840 3134 2897 3187 in
2945 3134 3228 3202 oppidum.
3273 3135 3451 3205 (Vnus
3525 3138 3635 3207 13.)

1929 3222 2073 3277 Cum
2100 3236 2133 3276 a
2168 3222 2282 3276 Deo
2325 3221 2611 3276 subtiliter
2641 3235 2675 3276 a
2716 3221 2927 3291 spiritu
2970 3223 3299 3279 animorum
3343 3224 3485 3280 vitia
3530 3226 3636 3282 de-

1931 3310 2389 3380 prehenduntur,
2424 3310 2589 3379 quasi
2624 3310 2903 3380 quiddam
2948 3310 3351 3368 inextricabile
3398 3313 3633 3370 virtutis

1929 3398 2186 3454 studium
2231 3406 2559 3465 accusatur,
2608 3406 2783 3468 atque
2825 3399 3036 3469 saepius
3083 3400 3386 3457 deseritur.
3438 3402 3637 3460 Vestes

1929 3501 2065 3556 ergo
2127 3486 2499 3548 scinduntur.
2560 3502 2693 3543 cum
2746 3501 2919 3557 opera
2967 3488 3196 3544 fastidio
3253 3490 3632 3547 dirimuntur.

1931 3576 2094 3631 Asini
2128 3590 2361 3631 rursum
2394 3584 2739 3645 onerantur,
2783 3591 2915 3632 cum
2970 3577 3159 3633 stolidi
3209 3579 3401 3635 carnis
3444 3588 3637 3637 motus

1931 3665 2127 3734 pravis
2156 3672 2221 3721 ut
2259 3664 2574 3734 aliquando
2618 3665 3103 3722 sollicitudinibus
3145 3667 3386 3737 opprimi
3436 3676 3635 3739 gratu-

1930 3751 2151 3808 lantur.
2208 3753 2270 3807 ln
2327 3752 2603 3822 oppidum
2685 3761 3077 3821 revertuntur,
3146 3769 3281 3810 cum
3335 3757 3635 3823 saeculum,

1931 3841 2088 3911 quod
2147 3840 2376 3896 diabolo
2426 3840 2765 3909 opitulatur,
2829 3849 3082 3912 repetere
3128 3842 3507 3900 delectantur.
3560 3846 3638 3901 De

1931 3944 2050 4000 quo
2104 3929 2334 3984 duobus
2386 3929 2737 3998 quibusdam
2791 3930 3004 3986 dicitur
3058 3945 3070 3984 :
3120 3932 3202 3985 Ite
3243 3937 3301 3986 in
3355 3935 3637 3989 castellum

1932 4018 2079 4084 quod
2103 4023 2293 4072 contra
2317 4033 2409 4071 vos
2441 4023 2519 4071 cst
2543 4018 2763 4087 (Matth.
2792 4034 2906 4081 nt,
2935 4022 3004 4081 2;
3034 4021 3205 4073 Marc.
3234 4037 3310 4082 xx,
3340 4024 3415 4085 2).

2002 4106 2182 4164 Vnus.
2236 4107 2320 4161 14.
2359 4137 2424 4145 —-
2455 4108 2672 4161 Primus
2713 4107 2887 4161 Judas
2940 4123 3059 4160 cum
3106 4108 3382 4174 fratribus
3422 4114 3633 4178 ingres-

1931 4212 2024 4251 sus
2089 4200 2169 4249 est
2234 4195 2309 4249 ad
2368 4194 2566 4264 Joseph
2620 4195 2869 4262 (necdum
2922 4200 3063 4249 enim
3116 4196 3183 4251 de
3231 4198 3341 4252 loco
3402 4199 3635 4269 abierat)

1931 4300 2218 4349 omnesque
2256 4288 2315 4337 in
2356 4288 2557 4338 terram
2588 4288 2715 4338 ante
2759 4300 2879 4339 eum
2922 4290 3264 4340 corruerunt.
3316 4285 3461 4342 Cum
3491 4302 3636 4358 pene

130 4379 314 4448 sibus,
368 4392 470 4448 per
526 4376 674 4445 ipsos
725 4375 1111 4431 intentionum
1171 4375 1537 4446 singularum
1594 4379 1824 4434 ordines
1861 4361 1904 4415 Π
1934 4380 2243 4429 moventur
2286 4372 2474 4441 pedes,
2509 4387 2652 4442 pene
2692 4372 3056 4430 turbatorum
3101 4373 3416 4431 affectuum
3446 4375 3635 4433 edun-

130 4468 284 4536 ponit
313 4465 519 4521 edicta.
561 4462 666 4518 Sed
713 4462 909 4517 minus
948 4461 1302 4532 perspicaces
1332 4464 1511 4518 animi
1536 4464 1595 4520 in
1622 4479 1679 4520 se
1709 4480 1825 4521 non

130 4552 584 4623 deprehendunt,
639 4549 796 4620 quod
848 4563 1077 4605 summa
1133 4549 1521 4621 intelligentiae
1555 4553 1828 4609 acumina

129 4641 421 4712 colligunt.
471 4638 602 4705 Nos,
656 4638 842 4705 aiunt,
899 4637 1000 4708 qui
1046 4637 1417 4695 rationalitati
1460 4639 1702 4695 ﬁdeliter
1750 4639 1828 4695 in-

132 4732 434 4795 seruimus,
484 4736 539 4783 et
569 4736 754 4782 tecum
801 4726 1125 4783 intellectus
1168 4728 1315 4784 sacri
1359 4729 1611 4784 dominio
1655 4729 1828 4799 subji-

131 4819 331 4875 cimur.
371 4821 451 4873 De
491 4823 636 4870 terra
668 4817 949 4883 Chanaan,
983 4815 1035 4870 id
1064 4823 1150 4872 est
1189 4816 1257 4871 de
1290 4824 1513 4872 terreno
1542 4816 1640 4872 ubi
1675 4816 1826 4871 vitiis

132 4908 582 4964 humiliabamur
600 4904 827 4970 affectu,
855 4905 1034 4960 divini
1058 4905 1270 4976 eloquii
1291 4906 1617 4975 pecuniam,
1645 4919 1821 4975 quam

133 4996 199 5051 ad
242 4996 456 5066 peccati
492 4994 788 5051 introitum
825 4995 1203 5065 cognovimus
1251 5009 1353 5065 pro
1384 4995 1706 5050 munimine
1736 5009 1827 5064 op-

134 5086 471 5152 ponendam,
534 5083 606 5137 ad
660 5089 825 5137 tuum
879 5096 1124 5138 examen
1174 5089 1465 5151 reportare
1523 5095 1820 5144 curamus,

136 5175 412 5243 quomodo
441 5170 817 5240 consequitur
845 5178 907 5226 ut
942 5171 1097 5240 quod
1132 5169 1203 5224 ad
1238 5173 1291 5224 te
1331 5173 1471 5223 I50
1501 5169 1821 5233 referimus,

138 5260 203 5315 ad
236 5275 337 5316 nos
386 5260 600 5316 referre
631 5257 914 5313 velimus?
959 5257 1188 5313 Certum
1237 5263 1322 5311 est
1352 5270 1624 5324 namque,
1686 5256 1826 5325 quia

140 5348 281 5417 quod
306 5349 406 5404 tibi
427 5347 657 5413 damus,
683 5344 847 5400 nobis
867 5344 1294 5407 subtrahimus;
1320 5344 1474 5398 unde
1497 5358 1601 5397 nec
1613 5357 1824 5399 aurum

141 5436 458 5505 sapientiae,
522 5448 626 5488 nec
656 5432 904 5489 scientia:
951 5439 1256 5503 argentum
1292 5432 1423 5496 Deo,
1474 5431 1577 5501 qui
1621 5431 1827 5485 domus

143 5523 312 5579 omnis
352 5524 461 5594 pia;
520 5519 1026 5577 intellectualitatis
1069 5527 1123 5576 et
1171 5518 1447 5576 habitatio
1494 5524 1597 5583 est,
1652 5517 1825 5573 furati

143 5623 347 5668 sumus.

484 5710 763 5774 PA'I‘ROL.
817 5709 1020 5774 CLVI.

1935 4461 2159 4517 duntur
2202 4474 2453 4530 gressus,
2484 4460 2661 4516 Judas
2703 4468 2914 4529 tamen,
2966 4462 3023 4517 id
3065 4470 3152 4519 est
3198 4462 3497 4532 confessio,
3546 4478 3634 4521 re-

1936 4550 2148 4606 strictis
2201 4550 2273 4605 ad
2333 4563 2390 4604 se
2447 4548 2614 4620 sociis
2660 4550 2840 4604 animi
2898 4550 3172 4619 motibus,
3233 4552 3418 4621 prima
3471 4553 3636 4609 intel-

1934 4638 2166 4706 lectum,
2195 4637 2293 4708 qui
2336 4637 2585 4693 necdum
2612 4650 2647 4691 a
2675 4637 2773 4692 Dei
2806 4637 3136 4707 intentione,
3173 4640 3273 4709 qui
3307 4640 3466 4697 locus
3494 4656 3639 4698 suus

1933 4735 2037 4794 est,
2070 4734 2290 4782 motum
2336 4724 2565 4791 fecerat,
2603 4725 2961 4796 aggreditur,
3012 4726 3154 4796 quia
3198 4740 3375 4795 penes
3401 4741 3537 4783 cum
3568 4728 3638 4783 de

1933 4829 2040 4871 sua
2067 4813 2384 4870 mutatione
2420 4815 2817 4883 conqueritur.
2872 4814 3063 4868 Omnes
3110 4821 3303 4869 autem
3338 4819 3465 4869 ante
3516 4830 3639 4870 eum

1925 4906 2143 4973 pariter
2187 4910 2490 4968 corruunt,
2543 4917 2675 4958 cum
2730 4902 2968 4971 indigne
3007 4917 3067 4957 se
3111 4902 3295 4973 egisse
3342 4903 3639 4959 humiliter

1934 4992 2207 5058 fatentur,
2236 4991 2307 5046 ad
2341 4991 2469 5060 ejus
2501 4990 2885 5046 intellectuale
2924 4990 3236 5061 judicium.
3283 4993 3472 5058 (Vnus.
3528 4993 3636 5065 15.)

1936 5081 2061 5142 Cur,
2120 5080 2329 5149 inquit,
2361 5082 2437 5132 sic
2489 5095 2647 5147 agerc
2692 5081 2991 5134 voluistis?
3035 5082 3133 5133 Αη
3179 5082 3446 5148 ignoratis
3491 5083 3640 5148 quod

1933 5184 2041 5222 non
2091 5171 2163 5220 sit
2208 5169 2403 5221 similis
2446 5172 2550 5221 mei
2596 5171 2654 5222 in
2704 5168 3024 5235 augurandi
3063 5171 3337 5224 scientia?
3372 5169 3491 5226 Cur
3537 5171 3637 5226 ad-

1935 5256 2112 5311 missa
2139 5256 2242 5310 etsi
2274 5255 2494 5310 occulte
2522 5255 2845 5320 defenditis,
2880 5271 3013 5312 cum
3048 5272 3136 5313 me
3166 5258 3426 5329 singulos
3457 5273 3639 5329 quos-

1936 5357 2050 5413 que
2089 5342 2372 5398 subtiliter
2419 5343 2701 5412 aucupari
2751 5344 2959 5399 mentis
3002 5351 3206 5413 status,
3239 5354 3295 5401 et
3328 5346 3397 5402 de
3430 5346 3639 5402 abditis

1936 5431 2320 5487 intentionum
2381 5433 2703 5488 recessibus
2768 5433 3089 5503 specialiter
3150 5434 3413 5505 judicare
3471 5448 3641 5491 nove-

1936 5519 2062 5575 ritis
2082 5518 2111 5572 ?

2008 5608 2172 5662 Vens.
2242 5610 2324 5661 16.
2387 5638 2453 5646 -—-
2509 5610 2604 5664 Cui
2663 5610 2837 5663 ludas
2896 5626 2909 5662 :
2960 5610 3106 5675 Quid
3170 5613 3634 5681 respondebimus,
