3950 6420
295 305 398 357 299

1187 301 1247 356 ν.
1288 297 1620 356 GUIBERTI
1660 299 1953 356 ABBATIS
1989 299 2047 356 S.
2087 297 2329 356 ΙΑΒΙᾹΞ
2369 300 2457 356 DE
2497 299 2891 356 NOVIGENTO

3692 304 3790 355 300

294 441 494 505 inquit,
536 437 752 492 domino
793 438 1030 492 nostro?
1069 437 1154 490 vel
1200 435 1337 503 quid
1375 436 1520 505 justi
1550 439 1851 505 poterimus
1892 433 1980 487 ob-
2020 436 2064 491 Α
2093 433 2476 490 cinationibns
2505 447 2631 490 eam
2672 435 2890 505 genuit,
2926 433 3044 505 spei
3090 434 3264 490 solius
3293 434 3504 492 divinae
3550 444 3794 508 praesto-

297 525 560 581 tendere?
598 527 742 581 Deus
779 529 990 578 invenit
1036 528 1382 590 iniquitatem
1429 539 1705 578 servorum
1737 528 1982 589 tuorum;

295 629 362 668 en
389 628 569 669 omnes
615 617 757 667 servi
798 616 880 666 tui
926 627 1115 666 sumus
1163 617 1214 667 et
1261 627 1376 672 nos,
1421 615 1472 665 et
1513 611 1665 680 apud
1707 626 1862 676 quem
1895 613 1986 662 in-

294 706 488 756 ventus
539 705 618 755 est
670 701 926 770 scyphus.
979 703 1058 755 Ac
1108 700 1151 755 si
1194 699 1390 755 dicat:
1425 699 1566 754 Cum
1623 699 1744 753 vita
1792 705 1987 752 nostra

293 789 494 859 lapsus
529 796 584 844 et
634 790 868 844 tentatio
918 788 989 843 sit
1032 801 1208 857 super
1260 795 1490 852 terram,
1541 800 1718 856 quam
1765 786 1880 840 Deo
1917 785 1986 841 de

297 877 462 932 nobis
520 877 836 946 poterimus
919 875 1124 931 inferre
1185 876 1516 930 excusando
1581 875 1922 929 sententiam
1958 872 1988 926 ‘l

284 965 448 1042 ‘Deus
506 979 638 1019 cum
712 963 1012 1034 praesentia
1065 961 1377 1018 universali
1435 969 1617 1017 totum
1673 961 1984 1031 pervideat,

294 1053 468 1108 etiam
498 1065 598 1120 per
626 1051 1006 1107 illuminatam
1039 1050 1108 1105 ad
1138 1064 1197 1105 se
1228 1050 1503 1105 rationem
1537 1062 1801 1118 quasque
1831 1064 1990 1106 men-

296 1140 369 1196 tis
423 1139 716 1210 nequitias
765 1142 1065 1208 perspicue
1117 1137 1440 1207 investigat.
1492 1139 1617 1193 tam
1666 1145 1720 1193 et
1760 1152 1882 1206 nos,
1933 1147 1988 1196 et

295 1226 637 1297 arrogantia
666 1239 828 1282 reum
859 1225 1119 1280 servituti
1145 1225 1364 1280 timoris
1397 1224 1550 1294 apud
1585 1225 1987 1282 intellectuali-

295 1321 468 1370 tatem
533 1322 693 1370 tuam
757 1311 1024 1378 addicito,
1101 1326 1172 1368 ne
1244 1320 1427 1368 status
1498 1311 1676 1366 animi
1750 1327 1987 1382 prorsus

294 1401 515 1458 decidat
558 1401 808 1456 facinore
846 1401 1100 1469 repetito.
1157 1400 1332 1469 (Vers,
1393 1399 1500 1470 t7.)
1547 1401 1844 1469 Respondit
1887 1404 1986 1456 Jo-

292 1490 466 1560 seph:
499 1489 704 1544 absita
745 1504 830 1543 me
875 1493 938 1543 ut
979 1493 1055 1542 sic
1099 1490 1301 1555 agam!
1343 1486 1447 1552 Qui
1487 1490 1710 1554 furatus
1750 1494 1829 1543 est
1872 1505 1988 1558 scy-

284 1577 480 1648 phum,
519 1582 636 1646 ipse
682 1579 756 1631 sit
797 1591 985 1631 servus
1025 1591 1215 1638 meus,-
1257 1590 1348 1628 vos
1396 1580 1596 1635 autem,
1648 1576 1793 1629 abite
1832 1577 1987 1630 liberi

292 1665 367 1718 ad
389 1669 606 1733 patrem
644 1670 882 1718 vestrum
927 1663 1074 1730 Non,
1125 1663 1332 1732 inquit,
1373 1662 1599 1733 justum
1640 1671 1746 1728 est,
1796 1671 1859 1718 ut
1899 1665 1984 1719 in-

292 1765 507 1807 nocens
563 1751 812 1822 quisque
858 1750 1035 1806 animi
1085 1750 1140 1805 in
1187 1750 1442 1819 qualibet
1493 1750 1707 1806 virtute
1751 1749 1988 1807 affectus

293 1841 594 1909 puniatur,
625 1839 721 1894 sed
750 1839 840 1894 ille
880 1839 973 1895 cui
1019 1838 1302 1908 superbia:
1347 1837 1568 1893 {inditas
1619 1837 1865 1906 inhaesit,
1899 1841 1990 1895 de-

294 1927 426 1982 bitae
456 1925 799 1982 humilitatis
822 1925 966 1996 jugo
1001 1925 1307 1994 plectatur;
1343 1940 1442 1980 vos
1478 1926 1671 1994 itaque
1703 1925 1987 1982 immunes

292 2029 328 2070 a
355 2014 546 2085 culpa,
577 2014 990 2084 prosequimini
1038 2021 1232 2082 cleptae
1283 2013 1688 2069 rationalitatis
1715 2029 1847 2084 quae
1879 2031 1984 2071 vo-

293 2102 379 2158 bis
409 2102 803 2172 patrocinatur
832 2099 1096 2171 vestigia.

366 2233 532 2289 Vnus.
571 2231 656 2286 18.
693 2260 756 2272 -
788 2232 1064 2286 Accedens
1088 2236 1271 2284 autem
1306 2237 1540 2300 propius
1577 2232 1771 2293 Judas,
1815 2237 1987 2302 conﬁ-

293 2322 482 2376 denter
499 2326 579 2375 ait
611 2337 626 2375 :
660 2321 784 2381 Oro,
808 2320 1022 2374 domine
1049 2324 1144 2381 mi,
1189 2321 1449 2384 loquatur
1475 2336 1663 2374 servus
1702 2327 1830 2375 tuus
1865 2338 1985 2374 vcr-

294 2409 420 2462 bum
474 2413 532 2463 in
588 2408 818 2462 auribus
871 2411 1001 2473 tuis,
1051 2412 1102 2462 et
1157 2424 1222 2461 ne
1273 2412 1530 2462 irascaris
1598 2410 1806 2475 famulo
1873 2414 1986 2464 tuo.

291 2497 469 2552 ludas
515 2495 756 2566 propius
801 2495 1036 2558 accedit,
1093 2509 1226 2550 cum
1269 2496 1343 2550 ad
1395 2498 1547 2566 ipsas
1589 2510 1888 2565 compages
1934 2505 1990 2552 et

294 2584 577 2640 medullas
614 2583 1029 2652 cogitationum
1075 2591 1129 2638 et
1175 2583 1579 2651 intentionum,
1633 2598 1732 2653 per
1776 2584 1990 2640 confes-

293 2672 510 2728 sionem
573 2670 928 2740 retegeudas,
996 2671 1203 2725 mentis
1251 2671 1439 2726 virtus
1478 2672 1692 2728 intrare
1747 2674 1985 2743 satagit;

292 2759 451 2817 unde
479 2767 535 2815 et
561 2772 643 2837 ex_
669 2757 790 2827 ipsa
821 2757 1069 2827 puritate
1107 2756 1376 2813 ﬁdentius
1419 2773 1616 2829 agens,
1666 2761 1848 2829 ipsam
1893 2762 1980 2816 in-

296 2845 740 2903 tellectualitatis
789 2859 1099 2911 summam,
1168 2845 1257 2901 his
1328 2860 1443 2901 non
1507 2854 1624 2902 tam
1695 2847 1984 2916 affatibus,

293 2949 472 3006 quam
501 2933 798 2992 eﬁ‘ectibus
822 2934 1108 2989 convenit.
1152 2933 1319 3002 Quia,
1369 2935 1580 3004 inquit,
1625 2937 1853 3006 speciali
1899 2952 1988 2993 ca-

293 3021 534 3092 pacitate
573 3021 888 3078 cmlestium
935 3021 1156 3077 cunctis
1205 3021 1403 3078 merito
1450 3023 1689 3079 internis
1733 3025 1984 3081 motibus

291 3109 628 3177 dominaris,
677 3109 903 3180 pietatis
948 3109 1207 3177 affectus,
1259 3111 1360 3180 qui
1408 3111 1524 3167 tuis
1571 3111 1820 3168 deservit
1863 3113 1982 3168 offi-

291 3198 413 3266 ciis,
449 3197 588 3254 illud
637 3199 900 3266 verbum,
947 3211 1061 3254 non
1103 3198 1456 3266 elementale,
1500 3214 1614 3256 non
1661 3201 1978 3270 spirituale,

290 3287 388 3343 sed
420 3285 821 3352 intellectuale,
864 3300 982 3356 quo
1013 3285 1228 3341 falsitas
1275 3287 1461 3342 locum
1514 3302 1631 3343 non
1673 3289 1863 3356 habet,
1914 3290 1982 3346 lo-

291 3381 508 3444 quatur
540 3374 597 3428 in
630 3373 1022 3443 intelligentiae
1047 3381 1162 3429 tua:
1191 3374 1608 3446 penetralibus;
1661 3385 1725 3432 ut
1769 3377 1983 3433 scilicet

288 3463 415 3532 ejus
444 3461 768 3516 veriﬁcetur
798 3461 1162 3522 desiderium,
1197 3470 1261 3516 ut
1288 3462 1368 3516 sic
1400 3471 1450 3518 te
1480 3463 1689 3532 illapsu
1734 3464 1981 3521 assiduas

289 3548 609 3607 dulcedinis
663 3548 1056 3618 praesentiscat
1099 3549 1202 3604 sibi
1254 3549 1619 3618 benevolum,
1680 3560 1744 3608 ut
1785 3553 1833 3608 si
1877 3553 1980 3609 tibi

291 3637 412 3692 ﬁeri
443 3636 770 3706 gratuletur
793 3635 1098 3690 famulum.
1146 3637 1332 3706 (Vsus.
1389 3641 1500 3705 l9.)
1555 3641 1636 3693 Tu
1673 3644 1813 3694 enim
1851 3647 1981 3710 post

286 3723 625 3779 Pharaonem
681 3725 944 3777 Dominus
1000 3738 1168 3779 meus.
1227 3725 1534 3795 Postquam
1589 3741 1727 3782 sane
1788 3728 1982 3785 diabo-

287 3810 430 3878 lum,
462 3817 566 3866 aut
603 3809 1000 3880 dissipatorem
1043 3810 1178 3867 boni
1218 3814 1536 3882 appetitum
1583 3815 1828 3884 deserui,
1877 3824 1978 3874 tuo

288 3906 378 3949 me
409 3892 661 3949 dominio
685 3894 1028 3950 contradidi.

358 4026 520 4082 Vens.
555 4027 642 4080 20.
671 4055 740 4066 --
763 4026 1122 4094 Interrogasti
1141 4031 1306 4097 prius
1351 4044 1532 4084 servos
1579 4033 1718 4093 tuos,
1766 4031 1977 4088 habetis

278 4114 496 4180 patrem
525 4112 624 4163 aut
667 4111 946 4175 fratrem?
985 4114 1037 4164 et
1079 4127 1174 4165 nos
1217 4113 1594 4180 respondimus
1642 4115 1740 4169 tibi
1782 4117 1976 4172 domno

284 4203 506 4252 nostro:
538 4198 639 4251 Est
679 4197 833 4250 nobis
869 4203 1030 4266 pater
1074 4213 1256 4265 senex,
1293 4205 1344 4254 et
1382 4215 1529 4269 puer
1567 4205 1840 4272 parvulus
1880 4211 1976 4271 qui

2095 523 2268 590 latur,
2301 531 2350 578 et
2393 523 2631 578 intendit
2665 522 2936 580 fructum.

2166 611 2338 666 Vens.
2370 613 2461 664 21.
2492 639 2562 650 -
2598 611 2811 664 Dia-isti
2854 613 3024 665 servis
3070 612 3214 666 tuis:
3247 611 3523 666 Adducile
3557 627 3680 666 eum
3721 611 3795 664 ad

2095 713 2190 759 me,
2222 704 2272 752 et
2297 714 2495 767 ponam
2525 700 2699 752 oculos
2740 714 2878 752 meos
2925 715 3088 768 super
3119 715 3258 752 eum.
3313 699 3456 754 chit
3507 707 3571 755 ul.
3600 699 3795 754 addu-

2095 793 2262 841 catur
2290 784 2360 840 ad
2391 799 2467 850 se,
2510 799 2641 838 cum
2702 784 3018 839 intellectus
3059 800 3215 854 spem
3266 787 3502 855 provehi
3555 787 3797 842 mandat

2096 884 2198 941 per
2245 871 2654 940 cogitationum
2705 886 2998 940 processus
3039 873 3108 927 ad
3150 888 3383 928 sensum
3432 874 3796 944 contempla—

2096 958 2266 1014 tionis
2299 973 2558 1014 summaa.
2607 959 2770 1014 Ponit
2814 961 3009 1014 oculos
3058 974 3229 1029 super
3259 975 3412 1028 cum,
3454 976 3589 1017 cum
3624 961 3795 1017 intel-

2095 1045 2438 1102 lectualibus
2485 1047 2898 1102 intentionibus
2950 1047 3127 1117 ipsius
3173 1049 3293 1117 spei
3339 1050 3587 1119 protegit
3633 1049 3797 1104 desi-

2095 1132 2318 1189 derium
2349 1134 2540 1203 (Vens.
2588 1137 2703 1198 22.)
2755 1137 3138 1204 Suggessimus
3193 1136 3408 1190 domino
3459 1152 3618 1191 meo:
3673 1139 3797 1192 Non

2090 1228 2266 1292 potest
2293 1239 2430 1292 puer
2452 1224 2754 1292 relinquere
2781 1230 2993 1293 patrem
3024 1239 3181 1277 suum
3208 1241 3220 1290 ;
3255 1226 3303 1278 si
3341 1227 3482 1278 enim
3515 1226 3671 1279 illum
3702 1225 3794 1278 di-

2094 1313 2322 1377 miserit,
2350 1313 2625 1366 morietur.
2661 1310 3082 1366 Teneritudinis
3105 1311 3344 1366 internae
3369 1320 3558 1367 motus
3579 1312 3794 1367 anima:

2094 1398 2306 1454 conscii
2335 1400 2632 1466 rationem,
2668 1414 2799 1470 quae
2829 1399 3019 1454 adhuc
3041 1399 3186 1454 inter
3211 1398 3468 1454 humana
3499 1408 3791 1466 versatur,

2095 1499 2251 1554 spem
2297 1500 2410 1541 non
2464 1501 2621 1555 posse
2667 1487 2991 1556 relinquere
3028 1487 3344 1556 perhibent,
3392 1501 3524 1556 qua:
3571 1487 3644 1542 ob
3699 1488 3792 1541 sui

2096 1573 2399 1640 pueritiam
2431 1573 2627 1628 utendi
2671 1573 2852 1628 solido
2902 1573 3357 1642 sperulationnm
3391 1574 3519 1629 cibo
3564 1574 3794 1629 viribus

2095 1668 2269 1715 caret.
2331 1660 2385 1715 Si
2445 1663 2597 1716 enim
2652 1661 2957 1716 mediocria
3007 1661 3306 1728 dimiserit,
3359 1669 3415 1717 et
3469 1677 3526 1717 se
3578 1676 3794 1732 super—
3837 1693 3846 1698 -

2094 1749 2432 1814 extenderit,
2465 1749 2631 1818 quasi
2689 1756 2916 1804 mortua
2971 1762 3038 1803 ac
3093 1757 3300 1804 neutra
3350 1750 3469 1820 jam
3510 1751 3787 1820 assurgit.

2096 1836 2288 1904 (VERS.
2319 1837 2431 1905 23.)
2462 1837 2546 1902 Si,
2583 1836 2788 1906 inquit,
2854 1853 2955 1889 non
2978 1840 3180 1889 venerit
3225 1841 3404 1902 frater
3430 1845 3603 1891 vester
3631 1841 3795 1891 mini-

2093 1939 2232 1989 mus,
2277 1925 2570 1988 vobiscum,
2612 1939 2718 1977 non
2760 1925 3012 1977 videbitis
3062 1926 3298 1993 amplius
3351 1929 3549 1990 faciem
3596 1942 3790 1990 meam,

2095 2011 2148 2066 id
2183 2019 2267 2066 est
2298 2011 2404 2066 nisi
2437 2026 2614 2081 spem,
2649 2026 2781 2082 qua»
2812 2012 2976 2067 vobis
3024 2013 3096 2068 ad
3127 2013 3308 2069 Deum
3360 2028 3456 2082 pes
3503 2014 3794 2069 subtiliter

2095 2099 2396 2168 gradiendi
2443 2114 2564 2155 esse
2602 2099 2787 2162 debet,
2837 2101 3098 2155 comitem
3144 2102 3578 2170 contemplanda
3625 2102 3792 2157 vobis

2095 2187 2432 2254 asciveritis,
2481 2186 2742 2242 notitiam
2793 2189 2920 2255 mei,
2963 2204 3094 2258 quae
3143 2188 3284 2244 facie
3332 2189 3692 2259 designatur.
3731 2190 3790 2245 id

2093 2281 2176 2330 est
2205 2275 2617 2344 experientiam
2645 2276 2863 2330 decoris
2895 2277 3096 2342 intimi,
3126 2291 3430 2346 nunquam
3463 2278 3785 2332 secundum

2095 2363 2427 2431 ampliorem
2463 2363 2882 2433 proﬁcientium
2916 2371 3127 2419 statum
3159 2364 3470 2434 attingetis.

2165 2450 2342 2506 Vens.
2382 2451 2450 2504 24
2481 2480 2546 2491 -
2595 2452 2723 2507 Cum
2756 2466 2878 2517 ergo
2927 2453 3348 2506 ascendissemus
3391 2453 3466 2506 ad
3509 2453 3785 2518 famulum

2095 2543 2246 2592 tuum
2285 2544 2501 2607 patrem
2546 2545 2811 2608 nostrum,
2849 2545 3196 2595 narravimus
3245 2544 3295 2594 ei
3333 2544 3512 2595 omnia
3555 2543 3786 2611 qualo-

2093 2632 2246 2681 cutus
2274 2632 2351 2680 est
2390 2627 2640 2681 dominus
2688 2643 2852 2680 meus.
2888 2629 3218 2683 Ascendunt
3263 2629 3332 2683 ad
3375 2638 3616 2698 patrem,
3649 2644 3786 2684 cum

2093 2715 2465 2784 cogitationes
2494 2715 2562 2770 de
2602 2715 2846 2785 singulis
2875 2729 3002 2771 eam
3048 2716 3418 2783 consultura,
3451 2730 3620 2771 suum
3655 2730 3790 2785 pro-

2093 2801 2236 2857 fecto
2284 2802 2568 2871 superius,
2616 2811 2895 2872 expetunt
2939 2803 3232 2858 rationem.
3267 2804 3472 2858 Omnia
3516 2818 3647 2873 quae
3677 2805 3788 2860 do-

2093 2889 2288 2945 minus
2321 2889 2411 2946 ille
2441 2889 2698 2960 loquitur
2729 2891 2835 2945 sibi
2877 2899 3137 2957 narrant,
3171 2905 3303 2946 cum
3329 2907 3396 2946 ea
3423 2906 3554 2961 qua:
3587 2893 3657 2947 de
3689 2893 3787 2946 in-

2027 2985 2068 3041 c
2096 2977 2520 3033 tellectualitate
2566 2978 2802 3047 capiunt
2844 2979 3250 3034 mediocritatis
3299 2980 3542 3049 propriae
3585 2994 3788 3050 respe-

2094 3073 2210 3128 ctu.
2259 3080 2391 3121 cum
2432 3065 2552 3135 ipsa
2595 3066 2817 3122 ratione
2864 3081 2937 3121 an
2997 3067 3110 3122 sint
3148 3068 3539 3137 aggredienda
3585 3068 3787 3124 discu-

2093 3153 2266 3209 tiunt.
2317 3153 2643 3209 Intellectus
2690 3163 2882 3209 autem
2949 3155 3217 3210 dominus
3273 3164 3357 3211 est
3411 3157 3670 3223 rationis,
3726 3158 3788 3212 in

2094 3248 2380 3312 quantum
2418 3241 2510 3298 ille
2539 3242 2608 3296 de
2651 3242 2995 3308 cmlestibus,
3034 3245 3137 3298 ista
3168 3243 3422 3313 disputat
3469 3244 3537 3299 de
3569 3245 3788 3300 huma-

2093 3329 2202 3384 nis.
2248 3329 2442 3398 (Vsas.
2507 3330 2616 3399 25.)
2672 3333 2820 3384 Dicit
2857 3337 3016 3400 pater
3074 3337 3295 3385 noster:
3346 3333 3705 3386 Revertimini
3735 3339 3788 3386 et

2091 3420 2248 3470 emite
2277 3418 2430 3470 nobis
2456 3433 2655 3486 parum
2683 3420 2869 3472 tritici.
2906 3419 3132 3473 Reverti
3165 3426 3324 3488 pater
3365 3427 3427 3474 ut
3457 3427 3651 3474 emant
3681 3420 3784 3475 tri-

2089 3504 2266 3560 ticum
2311 3505 2570 3574 imperat,
2623 3505 2763 3560 dum
2809 3506 2882 3561 ab
2931 3506 3136 3561 altiora
3191 3506 3560 3576 aggrediendi
3590 3507 3788 3563 studio

2091 3599 2439 3647 revocantur
2467 3593 2636 3648 nimis
2695 3593 2952 3649 humana
2994 3593 3330 3649 discretione
3361 3596 3525 3664 quasi
3554 3595 3624 3649 ad
3661 3610 3788 3650 mo-

2090 3677 2249 3746 dum,
2282 3687 2345 3734 ut
2390 3679 2602 3734 divinas
2640 3681 3002 3749 aspirationis
3043 3681 3170 3735 fidei
3217 3683 3415 3736 saltem
3450 3681 3626 3751 pretio
3657 3683 3786 3736 exi-

2091 3773 2229 3836 gant
2262 3766 2564 3836 pabulum,
2595 3775 2650 3824 et
2675 3767 2781 3823 hoc
2811 3782 3016 3837 parum
3065 3776 3128 3824 ut
3158 3769 3370 3824 scilicet
3409 3769 3570 3824 illum
3617 3784 3788 3825 assc-

2090 3861 2370 3923 quantur,
2457 3870 2628 3925 quem
2723 3856 3036 3926 praeferunt
3110 3857 3309 3925 tepidze
3388 3859 3786 3926 temperantia:

2091 3942 2359 4012 gradum.
2411 3927 2445 3948 ’

2159 4029 2332 4084 Vnus.
2365 4033 2432 4084 26
2461 4058 2528 4071 -
2579 4033 2681 4087 Cui
2723 4032 3000 4087 diximus:
3032 4034 3117 4087 Ire
3164 4048 3271 4087 non
3307 4047 3614 4102 possumus,
3668 4036 3791 4088 nisi

2085 4118 2266 4184 frater
2310 4125 2491 4173 noster
2548 4119 2836 4175 descendat
2885 4121 3196 4175 nobiscum:
3240 4124 3645 4190 proﬁciscemur
3694 4124 3788 4175 si-

2087 4207 2200 4260 mul
2223 4222 2238 4272 ;
2261 4207 2506 4274 alioquin
2535 4209 2624 4261 illo
2654 4208 2888 4276 absente,
2920 4224 3026 4262 non
3053 4209 3314 4264 audemus
3349 4209 3532 4263 videre
3577 4212 3786 4276 faciem

284 4286 344 4339 in
371 4287 641 4376 senectute
672 4285 822 4337 illius
853 4289 1018 4338 natus
1049 4290 1145 4340 est.
1180 4286 1330 4342 Bene
1377 4302 1582 4359 nempe
1628 4305 1798 4361 agere
1854 4308 1978 4364 pro-
2014 4321 2058 4376 ι)
2086 4295 2211 4348 viri.
2247 4295 2328 4350 Ita
2358 4308 2416 4350 se
2448 4310 2562 4351 non
2599 4309 2760 4364 posse
2809 4297 3172 4367 respondent,
3227 4298 3337 4353 nisi
3383 4297 3558 4353 frater
3599 4297 3785 4353 mini—

286 4369 649 4435 ponentibus,
712 4383 884 4440 quem
942 4374 1284 4442 paternitate
1348 4381 1490 4430 mo
1540 4379 1792 4436 interiori
1851 4396 1978 4437 cen-

285 4468 538 4510 seremus
569 4463 763 4512 nostra
791 4457 994 4515 donari
1037 4466 1100 4516 tu
1146 4463 1366 4519 ratione
1413 4465 1719 4536 interprete
1747 4482 1782 4524 a
1810 4471 1976 4528 nobis

285 4542 562 4612 quaesisti,
619 4547 671 4597 et
723 4560 821 4598 nos
878 4547 1276 4616 respondimus,
1337 4552 1636 4620 rationem,
1705 4559 1975 4625 quamvis

283 4639 494 4692 senem,
522 4634 578 4682 et
613 4625 853 4684 defectui
885 4632 1159 4686 acclinem
1192 4633 1335 4688 velle
1376 4638 1682 4706 suscipere,
1734 4647 1790 4694 et
1833 4642 1974 4710 quia

281 4713 641 4784 antiquatur,
690 4724 744 4772 et
787 4717 1044 4775 interitui
1090 4719 1201 4774 nisi
1257 4735 1357 4791 per
1403 4731 1455 4778 te
1506 4726 1809 4784 reviviscat
1850 4743 1974 4798 pro-

278 4801 562 4872 pinquare
596 4805 844 4872 videtur,
874 4819 1032 4876 spem
1061 4808 1253 4864 adhuc
1277 4818 1527 4866 teneram
1551 4821 1604 4869 et
1630 4813 1971 4873 imbecillam

282 4903 384 4958 pro
407 4893 494 4946 sui
527 4892 729 4948 merito
764 4893 974 4949 habere
1013 4897 1253 4963 cOgitur.
1295 4898 1464 4966 Cujus
1506 4907 1755 4956 uterinus
1793 4905 1974 4969 frater

281 4983 359 5030 est
386 4984 652 5040 mortuus,
683 4985 734 5033 et
759 4983 936 5050 ipsum
959 4985 1132 5036 solum
1163 4984 1322 5039 habet
1348 4993 1522 5041 mater
1547 5005 1668 5042 sua.
1715 4992 1971 5048 Uterinus

279 5066 458 5132 frater
513 5069 778 5134 moritur,
830 5083 960 5124 cum
1011 5070 1068 5124 in
1121 5082 1328 5140 mente,
1387 5090 1519 5144 quae
1562 5078 1679 5146 spei
1729 5079 1971 5148 geminas

279 5159 464 5206 mater
489 5161 592 5220 est,
635 5154 753 5222 spei
804 5157 1036 5213 omnino
1086 5160 1396 5216 mundanae
1448 5161 1687 5219 interius
1733 5164 1972 5223 aﬁ‘ectus

276 5239 691 5310 exstinguitur.
729 5241 894 5299 Illum
926 5243 1090 5300 habet
1123 5249 1297 5302 solum
1325 5254 1502 5302 mater
1528 5266 1650 5312 sua,
1691 5267 1822 5310 cum
1850 5256 1970 5324 spei

277 5340 544 5397 supernae
573 5330 808 5393 cultum
828 5333 998 5390 unice
1029 5335 1179 5390 fovet
1205 5350 1386 5401 mens,
1419 5337 1508 5392 vel
1542 5341 1732 5406 potius
1761 5341 1969 5397 volun-

278 5421 366 5470 tas
391 5417 598 5474 mentis
622 5418 790 5474 bona.
839 5422 1005 5476 Pater
1042 5438 1167 5476 vero
1215 5424 1371 5476 unice
1411 5423 1593 5490 diligit
1637 5441 1777 5491 eum,
1827 5431 1966 5500 quia

274 5503 512 5572 spiritus
543 5513 748 5571 noster,
787 5508 886 5578 qui
919 5509 1086 5578 quasi
1119 5509 1356 5578 quidam
1397 5511 1524 5579 ejus
1553 5521 1754 5570 auctor
1799 5517 1965 5572 ratio~

2087 4396 2218 4437 mus
2249 4382 2570 4449 descendat,
2609 4385 2750 4455 quia
2779 4393 2966 4440 motus
2997 4385 3204 4441 interni
3233 4400 3305 4441 ex
3327 4386 3524 4442 eadem
3555 4387 3785 4443 ratione

2083 4470 2402 4542 colligendo
2428 4471 2704 4540 referunt,
2739 4487 2796 4528 se
2837 4473 3081 4530 interius
3118 4488 3232 4529 non
3265 4488 3427 4544 posse
3475 4474 3640 4544 plene
3671 4475 3785 4531 de-

2083 4557 2324 4614 siderari
2366 4559 2521 4615 refici
2586 4561 2892 4630 (proficisci
2939 4562 3092 4617 enim
3150 4559 3414 4618 affectare
3461 4562 3774 4633 signiﬁcat)

2082 4643 2188 4699 nisi
2221 4646 2334 4714 spei
2367 4645 2578 4702 divinae
2609 4649 2848 4704 adnisus
2876 4663 2947 4705 ex
2984 4649 3093 4704 hoc
3143 4649 3217 4704 ad
3265 4663 3475 4719 supera
3506 4650 3785 4707 alacriter

2081 4732 2392 4804 erigendus
2454 4735 2528 4789 ab
2587 4736 2742 4790 omni
2811 4737 3122 4792 ambitione
3176 4743 3400 4792 terrena
3443 4737 3779 4794 descendat.

2083 4821 2218 4876 Inde
2243 4821 2413 4877 simul
2463 4823 2923 4892 proﬁciscuntur,
2957 4840 3090 4882 cum
3132 4833 3188 4881 et
3233 4825 3589 4881 rationaliter
3618 4827 3783 4882 vivi-

2081 4915 2196 4974 tur,
2229 4916 2284 4964 et
2313 4925 2427 4964 non
2455 4911 2565 4965 nisi
2597 4913 2750 4981 quod
2783 4913 3049 4983 congruit
3099 4914 3276 4969 beatae
3306 4913 3610 4970 aeternitati
3640 4929 3781 4984 spe-

2080 5003 2262 5052 ratur.
2297 4997 2398 5052 Illo
2447 4999 2680 5055 absente
2721 5000 2922 5056 faciem
2965 5001 3072 5056 viri
3122 5003 3317 5057 videre
3368 5016 3483 5057 non
3533 5001 3780 5074 audent,

2081 5084 2221 5154 quia
2263 5085 2480 5155 quibus
2533 5086 2745 5143 ﬁducia
2804 5089 3100 5158 sperandae
3165 5089 3536 5146 beatitudinis
3595 5090 3776 5159 deest,

2080 5172 2332 5240 aspirare
2384 5172 2456 5228 ad
2514 5175 2774 5230 notitiam
2843 5177 3340 5248 contemplationis
3401 5178 3777 5236 temerarium

2078 5258 2253 5314 nimis
2276 5268 2378 5316 est.

2149 5347 2320 5404 Vsus.
2353 5348 2442 5414 27,
2475 5351 2565 5416 28,
2596 5353 2679 5405 29.
2714 5379 2783 5391 -—
2812 5351 2908 5405 Ad
2937 5367 3056 5420 qua.o
3096 5353 3414 5422 respondit:
3471 5355 3573 5409 Vos
3619 5357 3777 5411 scitis

2077 5436 2223 5502 quod
2254 5436 2388 5490 duos
2413 5441 2654 5504 genuerit
2683 5441 2819 5491 mihi
2845 5456 2986 5493 uror
3017 5455 3156 5494 mea.
3191 5443 3456 5508 Egressus
3485 5448 3562 5496 est
3591 5458 3736 5498 unus
3755 5484 3772 5510 ,

2075 5525 2126 5574 et
2156 5521 2418 5576 dixistis:
2469 5525 2648 5579 Bestia
2681 5527 2961 5580 devoravit
2991 5543 3138 5590 cum;
3192 5536 3243 5584 et
3291 5529 3394 5584 huc
3439 5545 3612 5600 usque
3665 5547 3776 5586 non
