3950 6450
73 360 173 412 301

1378 364 1744 422 MORALIUM
1781 364 1850 420 IN
1890 362 2197 421 GENESIN
2236 363 2369 420 LIB.
2409 365 2471 421 Χ.

3492 371 3597 426 302

76 496 378 559 comparet.
439 492 501 546 Si
540 491 776 545 tuleritis
810 495 861 545 et
913 492 1104 560 istum,
1151 495 1201 547 et
1238 493 1459 563 aliquid
1497 498 1547 549 ei
1592 498 1650 549 in
1687 498 1782 549 via
1818 499 1864 550 Α
1894 494 2267 565 compendio;
2315 495 2415 552 ubi
2460 494 2804 553 calamitatis
2851 501 3103 567 paternae
3146 496 3304 554 testis
3355 498 3592 566 assistit,

76 579 366 645 acciderit,
429 580 702 633 dedacetis
746 593 908 634 canos
970 595 1111 635 meos
1153 597 1274 636 cum
1318 598 1539 637 mcerore
1586 585 1660 639 ad
1704 586 1783 637 in-

72 668 246 733 feros.
309 667 520 735 Nolite,
568 666 779 737 inquit,
829 666 1051 737 majora
1097 669 1262 725 vobis
1311 671 1571 742 aggredi,
1631 675 1784 727 scitis

74 755 235 811 enim
268 755 530 825 geminos
558 756 843 824 appetitus
876 756 976 823 illi,
1009 771 1141 826 quae
1165 759 1304 814 mihi
1338 760 1545 815 rationi
1578 762 1783 817 uxorio

71 843 208 913 jure
255 844 570 914 subjuncta
611 853 715 911 est,
770 844 953 899 inesse
997 846 1304 901 voluntati.
1349 850 1499 903 Uxor
1548 849 1778 917 dicitur,

75 933 221 1002 quia
270 933 322 988 ei
372 932 605 988 subdita
658 932 898 1002 spiritus
944 934 1162 989 semine
1211 934 1575 992 fecundatur.
1635 939 1781 993 Unus

74 1022 399 1091 egreditur,
447 1020 587 1076 dum
626 1020 918 1077 szecularis
956 1024 1246 1092 appetitus
1282 1026 1603 1081 secundum
1639 1027 1780 1082 cha-

75 1110 309 1165 ritatem
340 1109 635 1165 dualitatis
668 1110 972 1180 impatiens
1011 1111 1083 1166 ad
1113 1112 1438 1168 extrinseca
1469 1113 1588 1169 sola
1615 1130 1781 1185 quae-

74 1198 261 1253 renda
313 1196 568 1254 effertur.
622 1199 671 1254 A
717 1198 897 1254 bestia
955 1200 1296 1256 devoratum
1349 1201 1593 1269 dixistis,
1646 1218 1781 1259 cum

74 1287 236 1355 quod
280 1285 540 1341 humana
586 1286 657 1340 ad
703 1288 943 1353 malum,
996 1295 1059 1343 ut
1103 1288 1183 1343 sic
1239 1289 1449 1353 dicam,
1499 1292 1782 1360 pronitate

74 1375 297 1444 egistis,
368 1376 475 1431 hoc
532 1374 830 1430 diabolicae
889 1376 961 1430 ad
1033 1384 1283 1432 vestram
1346 1379 1779 1435 excusationem

76 1464 366 1519 atrocitati
408 1463 750 1533 imputastis.
784 1463 1026 1519 Nomine
1058 1479 1314 1536 namque
1354 1467 1547 1524 bestiae
1576 1468 1782 1524 diabo-

75 1550 198 1607 lum
234 1551 297 1606 in
328 1551 640 1621 Scripturis
670 1551 981 1621 significari
1013 1552 1194 1623 liquet
1214 1554 1287 1609 ob
1317 1556 1616 1611 saevitiam.
1649 1558 1781 1612 Huc

75 1656 247 1702 usque
302 1649 497 1696 autem
548 1656 656 1694 non
712 1647 999 1709 comparet,
1066 1643 1203 1711 quia
1263 1644 1503 1698 terrenis
1565 1645 1781 1714 quibus

76 1727 467 1799 immergitur,
496 1743 610 1783 non
642 1732 1053 1798 supereminet.
1095 1730 1150 1785 Si
1179 1745 1315 1801 ergo
1346 1732 1452 1788 hoc
1491 1733 1779 1789 tantillum

76 1818 191 1885 spei
226 1818 386 1887 quod
420 1817 507 1873 Vel
537 1819 595 1872 in
624 1819 981 1888 resurgendo
1003 1820 1075 1874 ab
1117 1820 1224 1884 his,
1254 1820 1338 1875 vel
1370 1836 1442 1876 ex
1482 1822 1780 1892 aliquibus
1819 1842 1861 1897 Β

76 1904 393 1959 benefactis
422 1905 667 1969 obtinui,
701 1905 773 1959 ad
810 1904 1191 1974 importabilia
1234 1906 1587 1963 sustollendo
1627 1908 1780 1963 tule-

76 1993 219 2061 ritis,
282 2009 447 2047 canos
489 1992 924 2057 immutationis,
973 1994 1437 2061 defectibilitatis,
1485 2011 1551 2052 ac
1597 2000 1781 2053 ruinae

79 2081 538 2152 propinquitatis
602 2096 762 2147 mea},
829 2081 1054 2138 dolente
1117 2084 1173 2137 in
1235 2092 1521 2154 quantum
1590 2086 1784 2141 adhuc

82 2170 357 2225 scintillat
410 2170 815 2235 rationalitate,
871 2170 967 2225 sed
1023 2170 1202 2227 obniti
1253 2188 1366 2228 non
1415 2173 1657 2241 valente,
1709 2174 1785 2229 ad

82 2260 288 2324 inferos
330 2258 748 2327 desperationis
778 2258 1075 2313 deducetis.
1115 2259 1243 2315 Haec
1274 2260 1449 2316 verba
1496 2268 1633 2317 sunt
1661 2261 1784 2331 spi-

86 2346 250 2411 ritus,
285 2353 480 2416 tepere
519 2345 857 2402 bumanitus
896 2359 1073 2415 quam
1104 2346 1385 2403 divinitus
1422 2348 1622 2403 ardere
1659 2361 1781 2404 ma-

86 2432 269 2489 lentis.

157 2548 327 2604 Vens.
377 2546 464 2614 30,
517 2550 607 2603 3i.
653 2577 720 2589 —-
768 2549 954 2615 Igitur
1006 2552 1055 2602 si
1104 2551 1386 2604 intravero
1441 2550 1515 2603 ad
1564 2565 1782 2606 servum

91 2640 256 2700 tuum,
307 2643 362 2691 et
405 2652 544 2706 puer
595 2637 833 2703 defuerit
882 2637 1026 2705 (cum
1074 2641 1261 2691 anima
1309 2640 1459 2693 illius
1501 2655 1568 2692 ea:
1621 2640 1785 2707 hujus

93 2729 271 2779 anima
310 2725 574 2795 pendeat)
631 2725 937 2795 videritque
985 2742 1102 2781 eum
1163 2742 1271 2780 non
1318 2743 1429 2781 esse
1484 2728 1783 2793 nobiscum,

94 2817 368 2868 morietur.
415 2814 500 2868 Ad
570 2821 788 2883 patrem
850 2815 977 2885 ejus
1024 2814 1204 2870 Judas
1256 2815 1466 2882 intrat,
1526 2830 1658 2871 cum
1713 2817 1784 2872 ad

96 2903 407 2972 penetralia
454 2903 710 2972 spiritus,
762 2902 865 2973 qui
910 2903 1197 2959 deservire
1245 2904 1632 2973 intelligentiae
1681 2920 1785 2961 su-

98 3004 281 3059 pernae
335 2991 506 3046 debet
559 2991 873 3061 obsequiis,
924 2993 1112 3047 virtus
1161 3006 1218 3048 se
1272 3001 1523 3062 reportat
1575 2994 1787 3063 saepius

99 3080 440 3148 paenitentiae
488 3092 554 3133 ac
583 3080 967 3136 confessionis.
1008 3081 1081 3146 Si,
1126 3081 1333 3151 inquit,
1374 3082 1783 3138 confessionem

101 3180 160 3220 ac
191 3166 606 3235 paenitudinem
651 3182 827 3237 super
856 3168 1000 3223 male
1046 3169 1307 3239 cogitatis
1352 3171 1583 3235 rationi,
1617 3172 1787 3241 cujus

104 3264 303 3323 motus,
352 3268 421 3310 ac
454 3257 500 3310 si
552 3254 703 3310 ﬁlius
748 3270 899 3321 sum,
943 3256 1208 3324 intulero,
1254 3265 1309 3313 et
1362 3264 1494 3312 lol
1556 3259 1785 3315 nullum

105 3357 197 3413 pro
244 3351 404 3399 tanto
451 3343 644 3399 labore
699 3344 818 3414 spei
876 3344 1127 3401 fructum
1190 3347 1406 3416 pariter
1454 3347 1785 3416 obtendere,

105 3445 226 3487 cum
262 3447 332 3487 ex
364 3432 552 3487 vivaci
587 3447 686 3502 spe
734 3433 973 3489 rationis
1016 3435 1138 3489 vita
1168 3436 1501 3504 dependeat,
1553 3443 1607 3492 et
1639 3436 1789 3492 inter

106 3534 199 3575 nos
227 3520 378 3591 ipsos
409 3520 513 3591 qui
544 3520 787 3577 ell‘ectivi
818 3521 1076 3591 ejusdem
1116 3537 1299 3578 mores
1346 3538 1569 3591 sumus,
1602 3524 1786 3580 inani-

106 3614 268 3663 tatem
316 3608 732 3678 desperationis
788 3610 1117 3676 attenderit,
1175 3619 1229 3667 et
1282 3611 1405 3680 ipsa
1459 3612 1792 3669 exanimata

107 3698 283 3753 vitalis
312 3700 528 3753 amoris
556 3698 741 3753 calore
764 3698 1109 3767 privabitur.

169 3811 335 3868 Vens.
368 3815 458 3874 32,
495 3814 581 3867 33.
623 3840 693 3854 -
724 3812 846 3879 Ego
889 3814 1115 3883 proprie
1146 3829 1329 3869 servus
1374 3821 1499 3870 tuus
1528 3818 1653 3881 sim,
1696 3817 1795 3884 qui

110 3900 163 3951 in
198 3916 366 3954 meam
408 3902 549 3954 hunc
577 3903 753 3970 recepi
790 3900 974 3972 ﬁdem,
1008 3907 1058 3956 et
1101 3904 1371 3973 spopondi
1417 3904 1636 3958 dicens:
1671 3907 1794 3961 Nisi

112 3987 359 4043 reduxero
397 4005 540 4057 eum,
572 3992 780 4057 peccati
818 4005 941 4045 reus
978 4007 1066 4045 ero
1096 3994 1153 4045 in
1200 3998 1412 4061 patrem
1441 4009 1616 4047 meum
1647 3995 1795 4047 omni

118 4079 347 4145 tempore.
403 4078 629 4132 Manebo
679 4080 865 4146 itaque
911 4094 1097 4133 servus
1146 4085 1291 4146 tuus,
1330 4082 1389 4133 in
1430 4084 1794 4136 ministerium

119 4162 307 4218 domini
346 4169 474 4231 mei,
509 4170 563 4221 et
612 4182 751 4236 puer
813 4168 1071 4221 ascendat
1135 4185 1255 4223 cum
1319 4170 1591 4235 fratribus
1656 4173 1789 4225 suis.

122 4252 249 4321 Ego,
280 4254 491 4324 inquit,
534 4253 791 4324 perpetui
840 4255 1058 4311 timoris
1107 4257 1205 4312 tibi
1252 4257 1485 4312 servitio
1538 4258 1793 4328 speciali-

123 4341 199 4393 ter
230 4353 340 4409 prae
385 4341 607 4397 caeteris
650 4341 828 4398 animi
875 4344 1127 4399 motibus
1177 4345 1498 4401 confitendo
1540 4360 1794 4402 errorem

1894 585 2128 655 quando
2170 594 2225 641 et
2265 585 2669 642 miserabiliter
2715 585 3003 655 spirituali
3030 584 3300 655 languori
3357 586 3594 644 subesse

1893 687 1953 729 se
1984 674 2158 743 videt,
2191 690 2295 733 nec
2326 674 2554 732 resistit.

2525 788 2759 846 CAPUT
2798 788 2969 846 XLV.

1964 906 2136 964 Vens.
2177 911 2226 963 l.
2258 936 2330 949 —
2362 909 2484 964 Non
2523 921 2579 961 se
2612 909 2825 975 poterat
2860 906 3011 959 ultra
3054 907 3325 961 continere
3364 908 3592 978 Ioseph,

1888 996 2076 1051 multis
2128 1012 2309 1051 coram
2362 995 2693 1051 astantibus.
2744 992 2894 1048 Unde
2941 995 3205 1062 praecepit
3253 997 3315 1048 ut
3370 995 3591 1063 egrede-

1888 1087 2080 1137 rentur
2121 1086 2301 1138 euncti
2345 1084 2519 1149 foras,
2566 1086 2617 1136 et
2642 1082 2825 1135 nullas
2862 1083 3141 1134 interesset
3187 1082 3399 1137 alienus
3430 1085 3591 1151 agni-

1891 1171 2027 1223 tioni
2051 1176 2267 1225 mutuae.
2312 1171 2502 1227 Verba
2537 1169 2808 1239 superius
2829 1183 2863 1223 a
2893 1168 3043 1224 Juda
3073 1168 3147 1224 ad
3186 1175 3405 1237 patrem
3436 1168 3592 1224 dicta

1890 1257 1973 1312 sic
2009 1270 2044 1312 a
2072 1258 2237 1314 nobis
2282 1272 2450 1313 sensa
2479 1265 2776 1328 putentur,
2829 1271 2943 1312 non
2976 1257 3132 1327 quod
3173 1256 3362 1313 virtus
3391 1256 3595 1328 aliqua

1890 1345 2260 1402 confessionis
2308 1346 2435 1402 sine
2500 1345 2718 1401 ratione
2782 1352 3037 1414 parente,
3100 1344 3197 1400 sed
3265 1345 3422 1415 quod
3472 1346 3593 1416 ipse

1890 1433 2145 1502 spiritus,
2188 1436 2286 1505 qui
2319 1442 2374 1491 et
2422 1435 2591 1501 ratio,
2639 1434 2885 1489 dicitur:
2926 1434 3071 1489 etin
3119 1434 3302 1503 seipse
3338 1434 3589 1503 seipsum

1890 1521 1947 1576 in
1980 1522 2221 1578 diversis
2263 1523 2527 1589 statibus,
2563 1529 2665 1577 aut
2691 1521 2969 1577 divinitus
3000 1522 3211 1577 excitet
3240 1535 3341 1591 per
3369 1521 3591 1591 impul-

1890 1623 2019 1665 sum
2067 1610 2267 1677 animi,
2320 1619 2420 1666 aut
2473 1610 2812 1665 humanitus
2856 1609 3066 1664 obruat
3104 1622 3205 1678 per
3234 1609 3585 1665 lenocinium

1890 1698 2101 1753 carnis.
2156 1702 2277 1754 Non
2326 1714 2380 1752 se
2422 1702 2640 1767 poterat
2689 1699 2959 1750 continere
3020 1697 3217 1765 Joseph
3271 1699 3457 1751 multis
3504 1714 3587 1751 co-

1890 1801 2010 1839 ram
2036 1787 2364 1852 astantibus,
2400 1786 2539 1855 quia
2565 1784 2751 1840 virtus
2781 1783 3197 1848 intellectualis,
3223 1784 3315 1853 pia
3341 1785 3593 1854 quadam

1893 1874 2254 1929 vehementia
2327 1873 2539 1928 divina:
2604 1871 2992 1941 aspirationis,
3065 1878 3266 1927 contra
3343 1879 3592 1941 teporem

1892 1962 2191 2031 proprium
2221 1960 2514 2029 efferatur,
2543 1960 2742 2015 multis
2772 1960 3056 2016 virtutum
3091 1959 3267 2030 copiis
3300 1960 3355 2014 in
3396 1974 3593 2030 prom-

1893 2058 1995 2119 ptu
2021 2049 2479 2105 occursantibus.
2529 2052 2697 2103 Foras
2744 2048 2938 2117 egredi
2970 2056 3208 2103 cunctos
3232 2049 3417 2118 jubet,
3452 2048 3594 2104 dum

1891 2151 2058 2193 omne
2090 2139 2244 2208 quod
2275 2138 2452 2193 ofticit
2483 2151 2517 2192 a
2543 2138 2712 2192 corde
2740 2137 3038 2192 eliminare
3066 2137 3276 2193 studet.
3311 2138 3581 2208 Alioquin

1893 2227 2169 2280 interesset
2210 2228 2420 2279 alienus
2469 2229 2739 2291 agnitioni
2782 2231 3002 2289 mutuae,
3036 2225 3080 2280 si
3125 2226 3477 2294 permitteret
3530 2226 3585 2280 in

1891 2314 2237 2370 conscientia
2292 2314 2365 2369 ad
2424 2313 2873 2384 recognitionem
2936 2313 3194 2369 veritatis
3242 2322 3588 2383 properante

1892 2403 2115 2474 aliquid
2146 2403 2325 2474 partis
2354 2403 2656 2459 contrariae
2686 2402 2951 2459 residere.

1965 2491 2136 2548 VERS.
2169 2494 2225 2559 2,
2258 2494 2310 2555 3,
2344 2521 2410 2530 —
2441 2492 2797 2558 Elevavitque
2837 2505 3013 2544 vocem
3051 2506 3172 2545 cum
3219 2493 3367 2559 ﬂetu.
3422 2493 3595 2560 Quam

1893 2580 2186 2635 audierunt
2226 2580 2509 2649 Egyptii,
2560 2582 2839 2648 omnisque
2886 2580 3075 2634 domus
3133 2580 3453 2634 Pharaonis.
3516 2580 3596 2633 Et

1894 2669 2039 2723 ἀείρει
2084 2670 2359 2735 fratribus
2406 2671 2559 2723 suis:
2610 2671 2721 2736 Ego
2760 2684 2879 2723 sum
2921 2667 3156 2738 Joseph;
3213 2668 3393 2722 adhuc
3433 2673 3595 2737 pater

1892 2762 2073 2811 noster
2100 2760 2287 2811 vivit?
2325 2759 2429 2813 Nec
2473 2761 2727 2826 poterant
2775 2756 3100 2825 respondere
3149 2758 3377 2822 fratres.
3425 2758 3595 2810 nimio

1895 2851 2098 2900 terrore
2140 2847 2406 2901 concussi.
2469 2847 2659 2900 Vocem
2708 2861 2829 2899 cum
2881 2848 3008 2913 ﬂetu
3055 2844 3261 2907 elevat,
3319 2859 3452 2900 cum
3497 2844 3597 2900 in-

1893 2934 2040 2990 terni
2102 2933 2366 2989 desiderii
2426 2933 2735 2989 clamorem
2797 2933 2918 3002 (qui
2975 2932 3132 2988 solus
3177 2947 3251 2987 ex
3307 2933 3597 2988 anxietate

1898 3021 2172 3091 pauperis
2197 3022 2250 3075 in
2279 3021 2524 3077 auribus
2554 3020 2673 3085 Dei,
2704 3020 2878 3091 juxta
2912 3020 3110 3090 psalmi
3145 3021 3381 3075 titulum
3422 3021 3591 3088 (Psai.

1825 3122 1968 3194 CCI.
2023 3110 2091 3176 l),
2133 3108 2382 3177 insonat)
2431 3122 2532 3178 per
2568 3106 2871 3162 exterioris
2916 3106 3301 3194 beneficentiae
3351 3107 3596 3177 gratiam

1898 3196 2277 3252 commendat.
2329 3196 2521 3252 Fletus
2548 3196 2700 3250 enim
2731 3209 2765 3249 a
2794 3195 2980 3264 capite
3024 3195 3095 3249 ad
3130 3193 3329 3249 faciem
3374 3194 3598 3250 delabi-

1898 3292 2014 3351 tur,
2039 3292 2094 3340 et
2126 3300 2257 3339 cum
2291 3299 2389 3340 cor
2408 3284 2658 3339 hominis
2689 3283 2914 3348 vinum,
2951 3282 3106 3353 quod
3135 3281 3388 3337 laetificat
3417 3284 3594 3338 Deum

1897 3382 1952 3429 et
2001 3373 2258 3429 homines
2308 3372 2460 3441 (Jud.
2509 3387 2586 3430 ιχ.
2626 3372 2731 3440 13),
2776 3369 3199 3437 clarificaverit,
3251 3370 3324 3425 ad
3367 3370 3596 3425 exhila-

1899 3462 2144 3517 randam
2199 3462 2373 3517 etiam
2426 3460 2729 3517 exterioris
2787 3459 3036 3515 hominis
3083 3458 3285 3514 faciem
3346 3473 3445 3528 per
3491 3459 3598 3516 olei

1901 3540 2069 3621 (Psal.
2131 3565 2248 3610 cm.
2293 3549 2400 3619 15),
2452 3549 2505 3604 id
2563 3556 2646 3605 cst
2701 3548 2901 3620 gratiae
2952 3547 3192 3603 internae
3252 3548 3597 3604 suavitatem

1900 3638 2173 3695 decurrit.
2222 3638 2413 3695 Solent
2441 3638 2594 3693 enim
2640 3639 2748 3709 piae
2795 3637 3077 3693 mentium
3120 3636 3429 3706 qualitates
3461 3650 3600 3708 gra-

1905 3729 2116 3785 tissime
2154 3728 2212 3783 in
2264 3727 2527 3784 vultibus
2569 3728 2803 3783 enitere.
2858 3729 3050 3782 Vocem
3082 3740 3216 3782 vero
3261 3726 3467 3792 elevat,
3500 3726 3600 3797 qui

1902 3818 1976 3873 ab
2002 3817 2129 3873 imis
2176 3816 2525 3881 desiderium
2554 3816 2792 3871 exaltat.
2824 3814 3084 3871 Audiunt
3130 3815 3281 3870 hanc
3315 3815 3598 3883 Egyptii,

1902 3908 2181 3974 omnisque
2241 3904 2430 3958 domus
2484 3904 2808 3964 Pharaonis,
2878 3916 3012 3958 cum
3064 3901 3273 3958 ccelesti
3327 3902 3386 3957 in
3439 3901 3604 3957 nobis

1903 3993 2180 4064 appetitui
2240 3993 2534 4057 suscitato,
2603 3992 2905 4061 patienter,
2970 3989 3148 4046 velint
3210 3990 3413 4057 nolint,
3464 3990 3603 4046 obe-

1904 4082 2091 4147 diunt,
2124 4088 2179 4135 et
2209 4080 2509 4137 smcularia
2535 4080 2816 4135 desideria
2845 4093 2976 4134 cum
3022 4078 3243 4133 czeteris
3286 4078 3605 4133 mundiali-

1907 4170 2017 4226 bus
2056 4169 2229 4225 vitiis.
2283 4168 2535 4224 Mundus
2590 4181 2844 4237 namque
2888 4166 3093 4221 domus
3137 4172 3221 4220 est
3267 4165 3601 4222 Pharaonis.

1907 4257 2120 4313 Deinde
2143 4271 2201 4312 se
2230 4270 2353 4312 esse
2376 4254 2581 4324 Joseph
2612 4262 2873 4318 testatur,
2911 4253 3051 4324 quia
3074 4252 3195 4323 jam
3241 4261 3377 4308 tunc
3409 4253 3607 4324 sopitis

1908 4345 2263 4415 strepitibus,
2298 4352 2353 4400 et
2387 4342 2874 4399 intellectualitate
2920 4341 3291 4398 ralionalitati
3320 4342 3604 4411 apposita,

126 4441 325 4497 semper
368 4430 623 4493 addicar,
657 4432 759 4500 qui
794 4431 867 4488 ob
907 4446 1065 4502 spem
1096 4433 1279 4489 venite
1306 4440 1362 4489 et
1393 4435 1594 4505 gratiae
1640 4450 1797 4491 eme-
1838 4423 1883 4477 Ῑ)
1914 4433 2214 4505 augmenti
2271 4432 2506 4501 superni
2555 4430 2851 4501 plenitudo
2915 4438 3292 4486 monstratur.
3353 4430 3605 4498 Videtur,

126 4517 298 4571 rendae
329 4518 499 4574 tidem
542 4518 913 4576 confessionis
941 4522 1161 4590 excepi,
1206 4529 1261 4577 et
1302 4524 1585 4593 spopondi
1620 4524 1797 4595 quod,

129 4604 224 4660 nisi
283 4605 459 4675 ipsam
514 4620 674 4678 spem
728 4623 916 4679 usque
972 4610 1041 4665 ad
1100 4610 1269 4666 realis
1325 4611 1584 4667 veritatis
1631 4612 1800 4668 exhi-

132 4691 379 4750 bitionem
430 4705 865 4765 perseveranter
912 4705 1183 4766 tenerem,
1235 4700 1450 4768 peccati
1499 4708 1553 4756 et
1604 4700 1799 4757 inobe-

132 4777 335 4837 dientize
364 4797 499 4839 reus
538 4783 779 4840 haberer
819 4800 989 4855 penes
1027 4800 1153 4842 eam
1194 4801 1326 4857 quae
1358 4788 1509 4844 bona
1538 4790 1630 4860 agi
1665 4790 1801 4845 sub-

134 4878 302 4925 monet
347 4872 649 4927 rationem.
698 4874 919 4926 Manebo
954 4876 1142 4942 itaque
1190 4874 1293 4929 tibi
1344 4876 1807 4945 pmnitentialiter

137 4952 447 5023 inserviens,
480 4968 547 5015 ut
591 4976 723 5029 puer
752 4960 844 5016 ille
875 4962 1149 5031 mysticus
1177 4962 1249 5017 ab
1274 4963 1475 5019 intima
1512 4979 1619 5021 sua
1651 4973 1806 5021 tene-

139 5040 363 5100 ritudine
395 5046 661 5100 ascendat
691 5046 907 5103 intima:
942 5047 1175 5103 virtutis
1201 5058 1424 5118 evectu,
1464 5065 1595 5107 cum
1634 5060 1803 5108 caete-

142 5126 208 5182 ris
234 5130 507 5189 interioris
553 5133 800 5189 hominis
830 5135 1052 5190 viribus
1078 5135 1149 5191 ad
1183 5151 1471 5193 summam
1504 5140 1807 5208 gustandae

147 5220 240 5271 tute
284 5219 799 5279 intellectualitatis.
844 5224 1037 5295 (Vens.
1085 5225 1197 5294 34.)
1246 5227 1362 5280 Νοη
1409 5229 1549 5280 enim
1587 5243 1808 5296 possum

146 5303 298 5359 redire
322 5309 392 5362 ad
413 5314 631 5378 patrem
660 5326 853 5378 meum,
886 5312 1107 5366 absente
1145 5328 1310 5380 puero
1336 5328 1348 5366 :
1382 5328 1447 5365 ne
1476 5314 1809 5368 calamitatis

151 5402 249 5454 qua?
297 5409 624 5466 oppressura
678 5403 757 5451 est
806 5404 1022 5468 patrem
1072 5414 1267 5467 meum,
1326 5402 1477 5454 testis
1533 5403 1806 5455 assistam.

152 5474 356 5539 Reditus
383 5486 457 5539 ad
480 5490 701 5556 patrem
732 5486 947 5540 absente
978 5502 1170 5556 puero,
1211 5485 1467 5541 collectio
1511 5486 1809 5557 cogitatio-

157 5576 271 5623 num
296 5581 373 5629 est
414 5574 474 5630 in
513 5573 776 5643 spiritus,
810 5575 913 5645 qui
956 5574 1295 5630 interiorum
1343 5582 1503 5644 pater
1531 5581 1634 5642 est,
1666 5588 1808 5630 exa-

157 5664 299 5727 mine,
326 5660 468 5719 inter
508 5662 745 5718 inﬁrma
783 5677 956 5733 opera
1001 5663 1222 5732 absque
1262 5660 1439 5717 ullius
1484 5661 1647 5716 home
1692 5660 1811 5731 spei

1907 4522 2120 4592 inquit,
2180 4520 2349 4598 vobis
2410 4526 2570 4589 pater
2644 4518 3042 4575 interioritatis
3106 4526 3308 4574 vestrae
3371 4519 3610 4588 spiritus

1907 4614 2213 4678 postquam
2246 4606 2401 4671 hinc,
2448 4606 2504 4660 id
2542 4611 2624 4660 est
2674 4604 3183 4660 intellectualitatis
3229 4605 3348 4661 vim
3398 4605 3609 4677 attigit,

1909 4695 2190 4752 veraciter
2231 4692 2469 4750 vivere?
2521 4695 2742 4749 Fratres
2794 4692 3077 4763 perterriti
3125 4692 3449 4762 respondere
3494 4708 3609 4749 non

1910 4790 2168 4855 possunt,
2198 4783 2339 4854 quia
2372 4782 2579 4838 interni
2612 4788 2802 4837 motus
2838 4781 2906 4836 de
2936 4788 3053 4836 tam
3089 4780 3391 4851 repentina
3420 4788 3608 4837 muta-

1910 4872 2063 4928 tione
2120 4871 2353 4940 stupidi,
2414 4870 2483 4926 de
2541 4868 2757 4940 proprii
2818 4868 2986 4924 modo
3043 4876 3229 4925 status
3286 4869 3612 4941 quidquam

1910 4961 2052 5017 certi
2095 4959 2298 5015 timent
2327 4957 2539 5015 referre
2582 4956 2807 5029 judicii,
2866 4963 3065 5026 utpote
3102 4955 3436 5014 futurorum
3487 4972 3615 5029 pro-

1915 5055 2197 5105 ventuum
2224 5045 2419 5101 nescii.

1984 5136 2156 5193 Vens.
2198 5136 2251 5188 4.
2284 5164 2355 5176 -
2387 5133 2479 5189 Ad
2523 5148 2654 5202 quos
2702 5135 2794 5188 ille
2839 5134 3152 5188 clementer:
3201 5133 3483 5201 Accedite,
3524 5136 3619 5189 in-

1915 5227 2055 5294 quit,
2108 5224 2183 5276 ad
2246 5239 2349 5290 me,
2393 5228 2443 5276 et
2489 5238 2607 5276 cum
2651 5225 2997 5277 accessissent
3044 5239 3247 5292 prope:
3305 5226 3420 5291 Ego
3475 5239 3616 5290 sum,

1915 5315 2018 5375 ait,
2052 5311 2247 5379 Ioseph
2281 5312 2462 5376 frater
2492 5314 2683 5375 vester,
2718 5327 2874 5379 quem
2907 5310 3230 5365 rendidistis
3256 5313 3316 5365 in
3346 5312 3618 5383 Egypto.

1917 5399 2326 5461 Diflidentiam,
2352 5398 2451 5461 ait,
2483 5396 2666 5454 futuri
2699 5406 2884 5455 status
2914 5399 3171 5465 recutite,
3208 5407 3263 5455 et
3294 5399 3364 5454 ad
3393 5402 3621 5470 sapien-

1919 5488 2011 5544 tiae
2089 5486 2450 5543 clementiam
2517 5486 2757 5542 caelestis
2820 5487 3091 5543 accedite.
3145 5487 3410 5558 Cumque
3469 5490 3627 5544 hunc

1919 5575 2176 5631 adieritis
2216 5588 2451 5630 accessu
2481 5574 2802 5630 devotionis
2832 5575 3089 5642 internae,
3126 5583 3265 5631 tunc
3294 5574 3627 5646 intelligetis

1918 5676 2034 5718 non
2065 5662 2320 5717 alienum
2358 5675 2470 5729 me,
2502 5675 2636 5717 cum
2667 5661 2833 5717 vobis
2867 5661 3165 5731 proprium
3206 5662 3298 5727 sit,
3331 5669 3383 5716 et
3418 5662 3626 5718 huma-
