3950 6430
278 425 379 478 303

1130 420 1190 475 V.
1241 419 1569 476 GUIBERTI
1632 419 1924 475 ABBATIS
1987 419 2044 473 S.
2113 416 2360 473 MARle
2420 417 2508 472 DE
2559 415 2950 472 NOVIGENTO

3688 413 3788 465 304

278 572 367 612 me
393 569 734 627 germanum
759 562 1002 617 naturae,
1032 553 1280 610 caelestia
1329 569 1515 621 nosse,
1540 562 1592 609 et
1642 553 1733 608 his
1775 553 1963 608 adau-
2002 555 2046 605 Α
2077 552 2265 604 habita
2304 555 2362 605 in
2411 559 2557 605 terra
2606 552 2834 615 Gessen;
2887 554 3097 618 erisque
3122 551 3293 618 juxta
3322 565 3421 611 me,
3456 554 3536 616 tu,
3591 556 3642 603 et
3682 551 3790 616 ﬁlii

279 645 401 716 geri
445 645 608 711 velle,
667 659 798 714 quae
847 645 1137 712 quondam
1195 658 1309 698 non
1363 644 1566 712 puduit
1621 641 1974 697 szeculariter

277 734 552 788 oblivioni
597 747 664 788 ac
711 732 1070 801 negligentiae
1115 732 1358 786 tradere.
1417 731 1606 798 (Vens.
1659 734 1730 796 5.)
1793 731 1968 784 Nolite

277 838 494 891 pavere,
519 837 611 874 nec
638 821 835 873 durum
859 821 1004 872 vobis
1025 819 1277 872 videatur
1293 819 1437 886 quod
1458 819 1783 871 rendidistis
1810 833 1892 870 me
1915 821 1972 870 in

282 912 366 962 his
393 909 701 974 regionibus
729 925 741 972 ;
770 924 872 976 pro
902 909 1074 960 salute
1104 911 1244 960 enim
1281 915 1458 959 vestra
1492 909 1644 959 misit
1673 921 1753 958 me
1785 906 1973 958 Domi-

279 1003 524 1051 nusante
554 1012 643 1050 vos
668 997 726 1049 in
755 995 1084 1064 Erit/litum.
1127 995 1251 1050 Non
1299 995 1370 1049 ad
1402 993 1811 1062 desperationis
1855 1007 1976 1047 ma-

281 1084 401 1139 lum
463 1085 625 1138 vobis
673 1084 924 1143 accedat,
987 1083 1141 1152 quod
1183 1096 1284 1151 pro
1345 1083 1601 1151 appetitu
1649 1081 1975 1135 extrinseco

284 1171 511 1227 interna
567 1171 700 1225 olim
755 1170 1048 1225 destilistis
1097 1178 1380 1238 appetere.
1435 1183 1536 1240 pro
1589 1170 1773 1224 salute
1823 1169 1975 1223 enim

280 1268 470 1314 vestra
519 1266 709 1314 actum
763 1265 848 1312 est
898 1266 960 1312 ut
1007 1259 1417 1326 experientiam
1467 1257 1648 1326 primo
1693 1256 1978 1312 haberetis

281 1347 670 1411 tenebrarum,
722 1353 777 1400 et
818 1345 1208 1400 tribulationis
1261 1346 1566 1415 .lEgyptite,
1617 1345 1700 1400 uti
1743 1345 1976 1400 demum

283 1434 596 1490 ferventius
619 1432 838 1488 sciretis
882 1432 1037 1488 viam
1067 1447 1218 1488 verae
1244 1433 1542 1501 libertatis,
1591 1448 1659 1489 ac
1701 1433 1846 1489 lucis
1875 1447 1971 1488 ex-

282 1522 536 1592 quirere.

348 1610 519 1666 Vens.
555 1611 612 1675 6,
662 1613 716 1663 7.
749 1639 818 1649 —
852 1611 1134 1664 Biennium
1171 1613 1248 1662 est
1278 1609 1423 1677 quod
1464 1614 1626 1678 erepit
1663 1624 1774 1663 esse
1801 1610 1979 1675 fames

279 1697 338 1748 in
373 1701 558 1759 terra;
593 1700 643 1748 et
692 1695 872 1748 adhuc
903 1698 1143 1764 quinque
1181 1699 1323 1750 anni
1360 1701 1587 1760 restant,
1637 1697 1831 1766 quibus
1886 1711 1980 1748 nec

281 1785 440 1836 arari
480 1786 684 1852 poterit
721 1799 815 1837 nec
855 1785 1001 1836 meti.
1042 1785 1416 1852 Praemisitque
1453 1800 1534 1837 me
1585 1785 1869 1848 Dominus,
1919 1789 1979 1836 ut

2085 643 2183 706 tui,
2216 646 2266 692 et
2303 641 2431 710 filii,
2461 641 2708 708 ﬁliorum
2743 647 2974 700 tum'um,
3008 653 3126 691 ores
3166 643 3269 690 tua
3298 643 3348 690 et
3378 644 3630 691 armenta
3665 643 3782 702 tua,

2082 735 2132 782 et
2175 733 2430 781 universa
2461 745 2578 796 quae
2623 728 2886 797 possides.
2938 728 3126 794 Ibique
3165 731 3214 778 te
3241 742 3481 794 pascam.
3518 726 3570 781 Si
3605 729 3790 781 attin-

2085 832 2216 887 gere
2264 818 2336 872 ad
2385 818 2493 872 mei
2527 818 2783 871 notitiam
2829 817 3012 884 cupis,
3065 817 3392 882 humiliare,
3431 831 3533 871 nec
3573 816 3634 870 in
3666 817 3786 870 dies

2085 907 2420 961 descensum
2455 907 2592 960 velis
2621 906 2847 959 dillerre
2877 905 3043 958 Nam.

2264 996 2372 1058 Qui
2399 1010 2503 1047 non
2525 1000 2601 1046 est
2633 994 2808 1057 hodie,
2843 1008 2964 1045 cras
2993 995 3172 1044 minus
3204 997 3368 1059 aptus
3389 995 3512 1046 erit.

2969 1081 3073 1134 0v.
3105 1081 3168 1134 lt.
3202 1096 3310 1133 am.
3345 1083 3434 1134 9i.

2156 1171 2386 1237 Gessen,
2453 1172 2905 1239 appropinquans
2979 1170 3292 1237 palpationi
3348 1183 3530 1221 eorum
3605 1163 3790 1218 inter-

2087 1267 2360 1327 pretatur.
2429 1259 2494 1313 In
2543 1267 2692 1313 terra
2747 1272 2884 1325 ergo
2943 1257 3154 1312 Gessen
3208 1256 3447 1320 habitat,
3516 1253 3794 1323 quisquis

2087 1361 2296 1415 corpus
2336 1361 2530 1411 suum,
2577 1361 2644 1400 ac
2675 1345 2720 1399 si
2755 1353 2964 1400 terram
3016 1359 3204 1411 suam,
3235 1348 3316 1399 sic
3365 1343 3511 1412 regit
3553 1349 3610 1396 et
3641 1340 3798 1396 ordi-

2090 1442 2208 1500 nat,
2244 1441 2307 1490 ut
2339 1434 2669 1504 palpationi,
2707 1434 2762 1488 id
2801 1443 2884 1488 est
2916 1433 3235 1496 tentationi,
3274 1433 3546 1487 lluxuum
3575 1443 3792 1485 carna-

2091 1523 2230 1576 lium
2306 1522 2779 1591 appropinquare
2851 1521 3230 1576 discernendo
3295 1519 3542 1575 studeat.
3611 1519 3796 1573 Juxta

2093 1624 2263 1664 usum
2298 1610 2508 1664 divinae
2539 1611 2761 1680 paginae
2797 1609 3059 1674 verbum,
3094 1609 3248 1678 quod
3281 1617 3367 1664 est
3397 1608 3630 1673 habitat,
3652 1607 3796 1674 poni

2093 1698 2233 1753 solet
2267 1713 2366 1767 pro
2413 1713 2479 1752 eo
2521 1699 2676 1767 quod
2723 1707 2806 1752 est
2857 1699 3188 1760 dominatur,
3249 1705 3311 1751 ut
3341 1705 3471 1751 est:
3535 1693 3799 1748 lnhabita

2094 1794 2318 1852 terram,
2358 1796 2408 1839 et
2449 1789 2689 1855 pasceris
2739 1789 2796 1838 in
2844 1787 3058 1838 divitiis
3094 1785 3210 1854 ejus
3260 1785 3427 1850 (Psal.
3481 1797 3677 1848 XXXVI,
3717 1784 3794 1841 3).

281 1886 448 1940 super
485 1876 688 1924 terram
735 1873 1037 1936 servemini,
1072 1877 1123 1924 et
1169 1887 1316 1925 escas
1359 1872 1433 1924 ad
1461 1872 1749 1924 vivendum
1789 1871 1982 1924 habere
2020 1847 2060 1900 Β
2101 1877 2194 1942 Tu,
2256 1847 2464 1944 itaque.
2503 1874 2646 1928 ratio
2699 1888 2832 1928 cum
2892 1847 3147 1942 subjecto
3199 1847 3299 1927 tibi
3352 1871 3798 1940 cogitationum,

279 1961 527 2028 possitis.
580 1959 801 2013 Biennii
847 1958 1024 2013 fames
1047 1967 1152 2023 est,
1185 1974 1316 2014 cum
1362 1959 1554 2028 inopia
1603 1959 1808 2014 terreni
1860 1972 1984 2013 cor-

282 2047 369 2102 dis
403 2047 660 2102 absumit
694 2047 981 2116 quidquid
1012 2048 1068 2101 in
1105 2053 1250 2101 Ioc
1299 2049 1609 2102 intentione
1643 2055 1696 2102 et
1731 2047 1985 2116 cogitatu

287 2134 522 2190 luminis
547 2141 602 2190 et
647 2134 994 2204 integritatis
1025 2142 1124 2197 est,
1157 2135 1364 2189 Adhuc
1411 2134 1673 2204 quinque
1723 2132 1860 2188 anni
1894 2147 1978 2187 re-

285 2229 456 2287 stant,
477 2221 693 2290 quibus
710 2235 812 2276 nec
825 2229 1046 2286 aratur,
1063 2236 1167 2276 nec
1189 2222 1442 2288 metitur,
1461 2236 1592 2276 cum
1615 2235 1682 2274 ea
1704 2234 1836 2290 quas
1859 2233 1986 2289 pro-

286 2309 504 2378 pinque
561 2309 820 2364 exterius
877 2323 1080 2363 sensus
1135 2309 1622 2364 administrantur
1679 2322 1852 2376 opera
1904 2311 1980 2362 ita

285 2396 551 2451 deﬂuunt
605 2405 803 2451 utnec
855 2397 1074 2451 bonum
1125 2405 1486 2462 exerceatur,
1521 2405 1576 2451 et
1627 2397 1695 2452 de
1750 2403 1980 2451 aeternae

288 2498 658 2554 nequaquam
721 2485 1118 2553 retributionis
1183 2485 1462 2540 messione
1526 2493 1782 2540 curetur.
1843 2487 1984 2538 Prav-

286 2574 437 2626 misit
471 2588 553 2625 me
594 2575 854 2626 Dominus
893 2579 954 2626 ut
999 2588 1163 2640 super
1208 2579 1410 2626 terram
1457 2572 1787 2636 servemini,
1850 2580 1983 2626 ante

289 2658 475 2714 cordis
513 2659 725 2714 scilicet
763 2673 853 2714 me
892 2661 1301 2728 priestituendo
1347 2660 1520 2714 vestri
1567 2660 1882 2722 contuitus,
1918 2666 1982 2714 ut

287 2760 462 2816 super
507 2754 715 2802 terram
751 2747 1008 2816 corporis
1054 2747 1421 2813 dominando,
1475 2755 1676 2801 contra
1709 2747 1982 2816 quzrlibet

287 2842 629 2889 testamenta
678 2835 894 2889 servari
940 2835 1184 2904 possitis.
1217 2842 1271 2889 et
1312 2849 1442 2890 esca
1470 2834 1683 2890 divinae
1721 2835 1980 2890 consola-

288 2922 461 2977 tionis
492 2922 740 2977 vitaliter
765 2922 1056 2978 sublevari
1087 2922 1328 2992 queatis.

361 3012 530 3068 Vens.
579 3015 630 3067 8.
662 3042 733 3054 —
761 3015 880 3068 Non
925 3019 1102 3066 vestro
1154 3013 1395 3075 consilio,
1437 3011 1532 3065 sed
1581 3013 1673 3065 Dei
1702 3012 1981 3064 voluntate

287 3103 486 3155 missus
524 3116 681 3166 sum;
714 3103 811 3170 qui
837 3103 969 3166 fecit
1005 3085 1088 3154 me
1117 3101 1280 3168 quasi
1329 3105 1540 3168 patrem
1573 3101 1900 3165 Pharaonis,
1930 3103 1982 3152 et

289 3190 564 3243 dominum
595 3192 857 3244 universa
898 3189 1086 3242 domus
1132 3189 1268 3257 ejus,
1310 3205 1372 3240 ac
1401 3191 1704 3257 principem
1752 3190 1808 3240 in
1838 3189 1984 3240 omni

291 3285 438 3332 terra
468 3279 726 3346 ίΕυῃμεί.
759 3278 883 3333 Non
915 3291 998 3332 suc
1028 3286 1222 3332 vestra
1259 3277 1622 3345 providentia
1653 3284 1844 3330 actum
1875 3283 1980 3340 est,

289 3367 387 3421 sed
421 3366 842 3434 dispensatione
874 3365 990 3432 Dei,
1042 3373 1106 3420 ut
1139 3365 1292 3434 quod
1323 3365 1567 3434 Egypto
1617 3363 1809 3418 illatus
1853 3377 1982 3418 sum

289 3455 362 3510 ad
395 3454 638 3510 salutem
681 3455 862 3518 ﬁeret,
907 3461 960 3507 et
989 3466 1158 3506 casus
1205 3452 1427 3506 occasio
1469 3451 1772 3506 erectionis
1816 3459 1981 3517 esset,

293 3542 394 3611 qui
452 3549 690 3610 patrem,
741 3554 857 3594 non
916 3538 1141 3606 effectu,
1201 3539 1297 3594 sed
1332 3540 1692 3605 auctoritate,
1739 3547 1794 3594 et
1842 3552 1986 3608 prae-

289 3629 502 3684 stantia
561 3641 650 3682 me
697 3626 1054 3695 dissipatoris
1110 3627 1419 3696 appetitus,
1482 3627 1569 3682 vel
1624 3626 1860 3694 diaboli,
1921 3633 1986 3682 ut

293 3716 435 3772 mihi
476 3717 735 3770 subesset
766 3715 1032 3775 instituit.
1087 3723 1140 3770 et
1168 3715 1483 3784 principem
1537 3728 1624 3768 me
1674 3722 1896 3768 terreno
1929 3714 1985 3767 in

291 3818 410 3874 quo
469 3809 852 3873 angustamur
903 3803 1147 3872 corpori,
1203 3809 1258 3856 et
1313 3801 1612 3856 dominum
1674 3801 1988 3869 praeliciens

292 3893 580 3947 universae
617 3890 816 3944 mundi
846 3890 1024 3960 hujus
1052 3889 1370 3959 cupiditati.
1409 3889 1632 3943 Patrem
1659 3896 1851 3942 autem
1885 3902 1986 3956 pro

291 3989 525 4034 auctore
569 3986 622 4034 et
673 3979 948 4056 magistro
989 3979 1121 4048 poni
1181 3978 1324 4032 liber
1378 3990 1630 4046 praesens
1679 3976 1831 4030 testis
1879 3983 1982 4043 est,

293 4068 412 4133 ubi,
450 4068 508 4122 in
554 4067 734 4133 initio,
769 4067 938 4122 Jubal
970 4074 1130 4135 pater
1166 4065 1500 4120 canentium
1533 4063 1671 4119 tibia
1695 4071 1749 4118 et
1768 4077 1984 4135 organo

292 4157 505 4212 dicitur
535 4156 694 4225 (Gen.
732 4170 807 4221 tv,
841 4153 956 4222 2t).

363 4261 534 4314 Vens.
557 4288 630 4300 —
658 4262 716 4314 9.
757 4261 1054 4321 Festinate,
1077 4263 1128 4310 et
1155 4258 1426 4311 ascendite
1459 4257 1532 4311 ad
1548 4263 1762 4327 patrem
1788 4275 1984 4326 meum,

293 4355 343 4403 et
383 4349 547 4401 dicite
593 4349 678 4400 ei:
735 4347 873 4399 Ilzec
920 4347 1150 4400 mandat
1195 4347 1344 4414 ﬁlius
1394 4351 1518 4400 tuus
1564 4349 1798 4416 Joseph:
1853 4351 1986 4401 Deus

292 4453 376 4491 me
441 4437 572 4501 fecit
625 4434 901 4487 dominum
958 4437 1222 4488 universe
1287 4440 1440 4489 terra
1498 4436 1754 4504 Egypti.
1824 4436 1988 4491 Pater

293 4522 798 4580 intellectualitatis
835 4522 1000 4590 ratio,
1038 4523 1126 4577 vel
1173 4523 1411 4592 spiritus
1451 4532 1644 4578 noster
1693 4531 1797 4589 est,
1846 4523 1988 4592 quia

296 4611 612 4666 intellectus
637 4624 711 4666 ex
734 4609 954 4665 ratione
993 4611 1296 4679 procedere
1323 4611 1701 4681 dignoscitur,
1746 4611 1874 4667 licet
1909 4612 1990 4665 in-

295 4698 737 4755 tellectualitatis
785 4697 1105 4768 specialiter
1149 4697 1274 4753 luce
1306 4697 1600 4766 lustretur,
1652 4701 1800 4754 sicut
1842 4700 1988 4754 ratio

296 4789 418 4858 ipsa
447 4801 519 4843 ex
550 4787 767 4852 anima,
789 4786 1061 4856 quamvis
1089 4787 1284 4840 anima
1312 4787 1550 4842 rationis
1601 4787 1720 4842 solo
1760 4787 1989 4856 penitus

295 4877 509 4932 honore
555 4877 624 4931 sit
671 4875 846 4931 clara.
898 4875 984 4929 Ad
1023 4875 1182 4930 hunc
1251 4874 1588 4930 festinanter
1643 4874 1982 4939 ascendunt,

291 4979 424 5019 cum
469 4963 713 5031 singulis
745 4963 962 5017 intimae
1001 4962 1376 5031 promotionis
1417 4963 1696 5032 gradibus
1726 4961 1798 5015 ab
1829 4962 1985 5016 omni

294 5065 352 5106 se
401 5050 832 5105 irrationalitate
861 5050 1113 5119 erigunt.
1153 5049 1435 5105 Nuntiant
1481 5065 1554 5105 ex
1599 5049 1868 5104 mandato
1903 5049 1990 5104 Jo-

293 5140 432 5209 seph
467 5138 750 5206 imperare
789 5151 920 5192 eum
962 5141 1244 5192 universze
1275 5139 1540 5208 .Egypto,
1574 5137 1714 5192 dum
1749 5136 1988 5191 interio-

291 5241 422 5282 rum
462 5239 738 5280 sensuum
770 5233 958 5280 motus
1007 5224 1450 5294 intelligibiliter
1489 5223 1744 5292 aspirati,
1779 5230 1987 5293 gratu-

295 5312 494 5368 latorie
571 5325 704 5366 cum
785 5311 1017 5381 propria
1081 5320 1134 5367 et
1199 5311 1306 5367 sibi
1391 5311 1693 5378 prteposita
1768 5311 1987 5362 ratione

295 5401 551 5457 conferre
596 5409 920 5468 monentur,
967 5399 1220 5468 qualiter
1268 5399 1554 5466 insperato
1601 5396 1694 5451 Dei
1747 5408 1989 5450 munere

295 5503 470 5560 super
509 5488 823 5558 {Egyptum
869 5501 1122 5545 omnem.
1167 5485 1533 5541 tenebrarum
1574 5483 1786 5538 scilicet
1815 5497 1987 5551 opera

295 5577 652 5646 diriguntur.

367 5665 540 5720 Vsus.
592 5665 679 5732 10,
732 5667 811 5718 ll.
858 5692 926 5700 —
961 5659 1232 5714 Descende
1279 5657 1354 5711 ad
1388 5673 1488 5720 me,
1533 5675 1597 5713 ne
1646 5660 1889 5722 moreris,
1938 5664 1989 5712 et

1587 4205 1616 4220 δ

2091 1971 2146 2018 et
2228 1962 2632 2027 intentionum,
2718 1971 3176 2030 cmterorumquc
3259 1975 3325 2014 ac
3408 1963 3449 2013 si
3540 1959 3801 2013 liliorum

2096 2052 2300 2104 mentis
2379 2050 2687 2104 habituum
2761 2049 3050 2113 examine,
3117 2056 3171 2103 et
3241 2049 3374 2117 ipsae
3450 2061 3577 2115 spes
3647 2061 3800 2101 mer-

2092 2139 2244 2193 cedis
2324 2153 2586 2208 operum,
2671 2153 2802 2208 quae
2879 2147 3012 2193 sunt
3098 2138 3198 2192 lilii
3280 2137 3582 2203 liliorum;
3667 2149 3797 2186 oves

2092 2235 2214 2292 tuae,
2247 2227 2477 2281 inﬁrma
2513 2227 2747 2292 scilicet,
2779 2230 2828 2278 et
2877 2232 3120 2278 armenta
3153 2231 3266 2288 tua,
3317 2224 3484 2278 fortia
3533 2221 3792 2291 profecto

2088 2318 2372 2370 virtutum
2407 2330 2599 2384 opera,
2641 2323 2696 2370 et
2744 2330 3109 2384 tlllll‘t‘llllqlle
3159 2315 3333 2382 digna
3379 2313 3618 2368 rationis
3647 2324 3785 2380 pos-

2090 2404 2337 2457 sessione
2381 2410 2538 2467 sunt,
2593 2401 2700 2456 mei
2745 2401 3118 2469 rontiguitate
3166 2398 3517 2464 fovebimini,
3564 2406 3617 2452 et
3651 2397 3790 2450 illa-

2087 2506 2194 2559 psu
2230 2491 2483 2545 alemini.
2519 2491 2732 2552 (Adhuc
2775 2492 2916 2542 enim
2962 2493 3200 2556 quinth
3245 2491 3379 2541 anni
3409 2488 3617 2541 residui
3655 2491 3791 2539 sunt

2086 2581 2280 2646 famis)
2331 2596 2396 2632 ne
2454 2584 2501 2631 et
2547 2585 2603 2630 tu
2660 2593 2867 2646 pereas.
2920 2577 3120 2630 Adhuc
3176 2576 3375 2630 inedire
3431 2576 3680 2644 languor
3727 2574 3790 2627 in

2087 2665 2434 2735 cogitatione
2465 2675 2754 2720 versatur-
2787 2664 3044 2718 Pcriculo
3083 2678 3219 2734 ergo
3263 2671 3361 2718 tuo
3412 2662 3666 2732 provide,
3713 2676 3791 2716 ne

2090 2768 2273 2822 usque
2331 2754 2400 2808 ad
2448 2754 2751 2808 exterioris
2801 2753 3046 2807 hominis
3095 2761 3304 2822 portas,
3369 2752 3542 2806 totius
3593 2749 3789 2805 conti-

2089 2841 2296 2897 nentiae
2321 2850 2375 2896 et
2413 2842 2584 2896 studii
2620 2843 2751 2896 boni
2786 2842 3102 2910 integritas,
3157 2839 3278 2909 pari
3325 2839 3548 2894 defectu
3595 2838 3788 2907 palam

2088 2930 2398 2985 occidenda
2455 2931 2725 2985 ducatur.
2787 2929 2876 2984 Sic
2930 2930 3083 2984 cnim
3159 2929 3515 2983 conscientiae
3577 2927 3791 2981 domus

2087 3019 2501 3088 exstinguitur,
2529 3025 2584 3073 et
2607 3026 2848 3088 pereunt
2875 3031 3005 3086 quae
3031 3018 3180 3072 intra
3201 3016 3288 3072 vel
3306 3025 3470 3071 extra
3500 3015 3787 3070 virtutum

2020 3141 2061 3196 ο
2095 3107 2257 3162 lucra
2285 3107 2665 3177 possidentur.

2164 3195 2336 3251 Vnus.
2383 3199 2466 3250 l2.
2499 3223 2572 3236 —
2601 3196 2692 3248 En
2741 3196 2883 3248 oculi
2926 3197 3113 3258 vestri,
3167 3199 3216 3247 et
3255 3193 3396 3246 oculi
3432 3193 3633 3257 fratris
3681 3193 3790 3244 mei

2093 3283 2398 3353 Benjamin,
2436 3285 2619 3336 vident
2667 3283 2811 3351 quod
2858 3297 2914 3336 os
2960 3299 3131 3335 meum
3189 3283 3430 3348 loquitur
3488 3281 3789 3334 vobiscum.

2093 3373 2218 3426 Jam
2251 3372 2466 3428 directa
2498 3371 2810 3426 intentione
2852 3370 3218 3424 rationalium
3253 3381 3530 3422 sensuum
3562 3376 3794 3422 vestro-

2093 3474 2246 3524 rum,
2297 3467 2351 3515 et
2399 3459 2875 3527 contemplatione
2944 3457 3039 3512 lilii
3100 3457 3344 3512 dexterae
3400 3454 3594 3510 fratris
3657 3455 3794 3520 mei,

2095 3546 2150 3600 id
2199 3555 2281 3602 est
2328 3548 2536 3601 futurae
2587 3545 2975 3610 beatitudinis,
3013 3544 3104 3600 cui
3161 3543 3362 3598 intima
3408 3550 3462 3596 et
3510 3555 3797 3612 germana

2094 3641 2173 3689 est
2209 3634 2394 3689 virtus
2425 3633 2920 3702 intelligibilitatis,
2952 3631 3172 3696 videtis,
3220 3630 3372 3700 quod
3415 3637 3497 3684 est
3535 3629 3794 3696 creditis,

2095 3735 2192 3776 ore
2249 3721 2420 3775 totius
2493 3719 2895 3775 rationalitatis
2962 3733 3050 3774 me
3107 3719 3213 3772 ista
3263 3716 3528 3786 proloqui
3595 3717 3782 3771 vobis.

2098 3809 2292 3874 (Vens.
2355 3813 2462 3874 l3.)
2519 3811 2782 3862 Nuntiate
2829 3809 2984 3876 patri
3034 3823 3146 3860 meo
3195 3809 3503 3859 universam
3550 3806 3792 3873 gloriam

2094 3913 2286 3962 meum,
2331 3903 2382 3950 et
2425 3903 2616 3950 cuncta
2663 3912 2782 3964 qua:
2822 3897 3039 3948 vidistis
3084 3897 3142 3947 in
3192 3894 3460 3962 zEgypto,
3505 3895 3794 3960 festinate,

2094 3986 2420 4039 etadducite
2449 4001 2567 4038 eum
2601 3985 2676 4038 ad
2717 4000 2812 4038 me.
2844 3985 2975 4049 Vos,
3029 3984 3126 4046 ait,
3165 3981 3400 4036 internae
3432 3981 3620 4035 cordis
3655 3995 3791 4049 pro-

2097 4074 2354 4145 pagines,
2400 4072 2656 4128 intimate
2699 4071 2922 4140 spiritui
2966 4069 3468 4124 intellectualitatis
3520 4068 3792 4137 gloriam,

2097 4172 2277 4232 utque
2316 4176 2440 4216 eam
2497 4161 2718 4231 gratius
2772 4159 3036 4228 excipiat,
3076 4157 3309 4227 Egypti
3349 4157 3452 4211 sibi
3487 4157 3796 4226 proponite

2098 4251 2410 4315 miseriam,
2467 4258 2522 4304 et
2575 4249 2644 4303 ad
2698 4249 2820 4302 haec
2881 4247 3079 4304 crebro
3139 4245 3505 4316 suggerenda
3575 4245 3794 4300 evitate

2098 4339 2398 4394 desidiam.

2027 4439 2069 4492 ι)
2169 4427 2338 4482 Vens.
2404 4427 2608 4492 14,15.
2639 4456 2707 4465 -
2758 4426 2994 4493 Cumque
3044 4423 3392 4491 amplexatus
3447 4422 3676 4476 redisset
3729 4426 3796 4477 in

2097 4517 2287 4568 collum
2331 4516 2616 4583 Benjamin
2646 4516 2846 4580 fratris
2889 4515 2994 4578 sui,
3026 4514 3203 4580 ﬂevit;
3235 4511 3333 4564 illo
3374 4525 3584 4579 quoque
3628 4513 3796 4578 ﬂente

2095 4605 2347 4656 similiter
2401 4617 2562 4670 super
2609 4603 2800 4655 collum
2842 4599 2978 4670 ejus.
3030 4599 3418 4666 Osculatusque
3468 4603 3547 4650 est
3584 4601 3790 4667 Joseph

2095 4707 2277 4744 omnes
2303 4693 2508 4756 fratres
2546 4705 2692 4757 suos,
2722 4694 2774 4743 et
2799 4691 3040 4758 ploravit
3083 4703 3181 4756 per
3218 4688 3478 4754 singulos.
3513 4688 3640 4740 Post
3670 4704 3798 4756 qua:

2095 4781 2219 4832 ausi
2248 4783 2375 4832 sunt
2403 4780 2552 4846 loqui
2580 4778 2654 4830 ad
2678 4793 2815 4830 eum.
2867 4776 3246 4844 Amplexetur
3294 4773 3619 4842 Benjamin,
3653 4789 3795 4831 cum

2093 4867 2414 4922 intellectus
2458 4867 2648 4921 fervor
2678 4865 2876 4920 dilatat
2911 4864 3198 4918 hominem
3235 4876 3420 4930 usque
3463 4862 3537 4916 ad
3585 4877 3792 4932 opera-

2095 4955 2265 5010 tionis
2302 4956 2438 5010 vim.
2493 4954 2858 5023 Amplexatio
2901 4960 3092 5006 autem
3127 4951 3266 5020 quia
3315 4950 3566 5004 brachiis
3615 4950 3698 5017 fit,
3738 4961 3793 5008 et

2094 5053 2356 5099 amanter
2395 5042 2680 5112 astringit,
2730 5056 2862 5096 cum
2906 5053 3078 5108 opere
3128 5039 3276 5093 bono
3323 5038 3660 5093 charitatem
3711 5041 3794 5095 in-

2096 5131 2462 5200 telligendam
2507 5131 2717 5185 innuit.
2755 5131 2817 5182 1n
2868 5127 3010 5182 collo
3044 5141 3176 5182 vero
3211 5126 3616 5195 longanimitas
3665 5142 3794 5182 con-

2094 5219 2200 5274 silii
2234 5220 2536 5287 signatur;
2565 5218 2709 5273 collo
2739 5217 2892 5271 enim
2923 5225 2976 5271 et
3001 5217 3166 5270 cibus
3194 5214 3544 5282 admittitur,
3587 5221 3642 5269 et
3675 5230 3790 5271 vox

2095 5307 2399 5371 emittitur,
2448 5306 2588 5361 illud
2639 5319 2874 5374 quoque
2915 5311 2970 5358 et
3000 5303 3126 5358 aliis
3177 5303 3484 5372 prazbetur,
3545 5310 3599 5358 et
3656 5318 3794 5372 prie.

2099 5395 2255 5452 benti
2281 5409 2315 5450 a
2340 5396 2523 5464 seipso
2555 5395 2908 5463 suggeritur.
2956 5392 3020 5446 In
3062 5391 3273 5446 collum
3315 5405 3453 5460 ergo
3485 5389 3790 5461 Benjamin

2096 5483 2260 5548 redit,
2290 5496 2424 5536 cum
2455 5482 2526 5536 ad
2573 5481 2877 5535 consilium
2909 5493 3176 5548 superate
3215 5477 3332 5546 spei
3378 5491 3606 5546 semper
3637 5479 3792 5534 intel-

2096 5570 2342 5640 ligentize
2373 5582 2536 5624 amor
2565 5567 2896 5623 inﬂectitur.
2953 5567 3069 5622 Flet
3113 5567 3346 5631 ibidem,
3395 5565 3488 5620 illo
3527 5567 3793 5624 similiter

2097 5671 2271 5725 super
2313 5657 2519 5712 collum
2566 5658 2691 5726 ejus
2749 5655 2936 5719 ﬂente,
2989 5655 3126 5709 dum
3184 5654 3508 5709 intellectus
3549 5668 3625 5710 ex
3674 5655 3790 5725 spei
