3950 6424
139 390 242 440 305

1357 388 1720 444 MOBALIUM
1763 391 1827 444 IN
1866 387 2173 444 GENESIN
2217 390 2344 444 LIB.
2386 390 2450 444 X.

3572 390 3673 440 306

137 517 576 584 exspectatione
623 516 900 583 afficitur,
950 524 1006 571 et
1064 531 1191 585 spes
1241 532 1310 572 ex
1368 518 1854 589 intelligibilitatis
1888 519 1938 573 A
1965 526 2020 574 et
2052 526 2167 574 tota
2197 518 2536 588 supellectili
2570 519 2652 574 ire
2695 519 2973 589 praecipit,
3002 519 3142 574 dum
3179 517 3410 573 nullum
3442 517 3677 574 virtutis

137 603 575 660 consultatione
637 605 1070 675 compungitur.
1135 605 1446 660 Osculatur
1503 607 1706 662 fratres
1734 619 1757 672 ,‘
1803 615 1858 662 et

139 693 330 762 plorat
369 707 476 762 per
519 692 798 763 singulos,
834 694 972 748 dum
1026 692 1235 762 spiritu
1267 693 1560 762 sapientize
1607 695 1860 750 internos

139 781 321 836 animi
358 781 474 836 sibi
507 789 694 836 motus
725 781 988 847 associat,
1020 791 1074 836 et
1105 781 1522 851 agglutinando
1553 783 1623 837 ad
1657 783 1860 853 cujus-

139 882 255 937 que
329 868 656 937 profectum
715 866 925 922 affectu
1003 867 1230 938 pietatis
1283 876 1582 924 exmstuat.
1641 870 1858 925 Eorum

141 969 404 1025 namque
437 968 585 1024 quos
613 955 968 1018 osculamur,
1000 961 1055 1009 et
1095 955 1300 1023 spiritu
1335 969 1482 1024 smpe
1517 957 1855 1025 imbuimur,

139 1052 194 1099 et
246 1043 456 1098 salivis
509 1043 855 1112 tinguimur.
913 1043 1026 1111 Ipsi
1081 1042 1237 1096 enim
1295 1043 1435 1096 dum
1485 1039 1862 1110 spiritualiter

141 1132 405 1201 sapiunt,
441 1131 640 1186 salivis
681 1131 976 1200 sapientia
1023 1130 1208 1199 ipsum
1259 1129 1675 1200 intelligibilem
1721 1134 1859 1183 nos

143 1220 507 1277 intellectum
541 1220 778 1276 faciunt.

215 1309 398 1365 Vsus.
459 1311 538 1362 16.
593 1337 662 1348 —
708 1308 1080 1376 Auditumque
1122 1313 1220 1374 est,
1271 1315 1320 1362 et
1370 1309 1562 1362 celebri
1620 1325 1861 1363 sermone

142 1399 440 1465 vulgatum
470 1400 528 1450 in
566 1398 697 1450 aula
742 1400 888 1463 regis
941 1411 953 1450 :
1000 1399 1271 1451 Venerunt
1309 1400 1514 1463 fratres
1554 1399 1777 1467 Joseph;
1810 1403 1858 1452 et

143 1487 376 1550 gavisus
409 1489 488 1537 est
517 1485 752 1546 Pharao,
793 1489 956 1550 atque
987 1486 1158 1536 omnis
1188 1487 1411 1547 familia
1459 1486 1596 1552 ejus.
1627 1486 1689 1539 In
1724 1485 1860 1540 auia

144 1573 301 1643 regis
360 1573 622 1638 auditur,
682 1586 815 1628 cum
861 1573 917 1626 in
965 1570 1173 1627 affectu
1219 1572 1436 1627 carnali
1489 1573 1695 1627 mentis
1754 1573 1859 1628 ista

146 1661 399 1717 mutatio
423 1661 678 1732 graviter
707 1668 1071 1730 personatur,
1100 1670 1154 1715 et
1183 1661 1348 1730 quasi
1380 1675 1516 1716 mox
1550 1661 1860 1716 evertenda

147 1749 409 1806 irrisorie
457 1749 798 1805 celebratur.
834 1749 978 1804 Aula
1009 1757 1203 1804 autem
1241 1757 1344 1815 est,
1373 1749 1514 1818 quia
1545 1749 1624 1804 ibi
1653 1749 1859 1804 diabo-

145 1837 239 1893 lus
272 1838 572 1907 przecipue
619 1837 968 1902 diversatur,
1011 1845 1064 1892 et
1107 1837 1187 1892 uti
1226 1851 1321 1891 rex
1365 1837 1668 1906 spatiatur.
1703 1837 1856 1893 Gau-

145 1927 310 1982 dium
343 1927 476 1996 ejus
516 1933 570 1982 ct
619 1927 918 1990 vitiorum,
950 1940 1081 1994 quze
1111 1925 1221 1980 sibi
1267 1924 1669 1980 asseculantur
1717 1927 1852 1995 (15),

143 2029 218 2071 ex
267 2029 338 2070 eo
393 2028 746 2084 consurgere
797 2013 1048 2077 videtur,
1107 2014 1248 2083 quia
1305 2021 1525 2084 quanto
1583 2013 1858 2070 fervidior

145 2103 329 2158 animi
385 2111 571 2159 status
614 2102 958 2172 plerumque
1021 2101 1332 2170 praecedit,
1390 2108 1550 2157 tanto
1604 2102 1858 2158 rabidior

147 2193 462 2260 appetitus,
493 2199 548 2246 et
587 2191 987 2260 opportunitas
1019 2189 1378 2258 postmodum
1410 2190 1680 2260 peccandi
1710 2191 1856 2246 sub-

147 2295 239 2349 seq
252 2280 439 2335 uitur.

217 2369 398 2424 Vens.
437 2372 521 2433 17,
575 2371 655 2422 18.
691 2398 758 2406 —--
798 2369 1054 2434 Dixitque
1097 2367 1170 2419 ad
1211 2367 1409 2434 Ioseph
1453 2371 1513 2420 ut
1561 2369 1856 2436 imperaret

145 2459 428 2523 fratribus
481 2457 663 2510 dicens
719 2472 732 2510 :
784 2457 1077 2511 Onerantes
1115 2454 1368 2525 jumenta
1425 2459 1498 2509 ite
1538 2459 1598 2509 in
1657 2462 1858 2510 terram

149 2546 453 2611 Chanaan,
497 2551 546 2598 et
591 2545 758 2598 tollite
804 2543 931 2597 inde
970 2549 1180 2612 patrem
1218 2548 1455 2596 vestrum
1483 2548 1535 2597 et
1581 2547 1855 2609 cognatio-

147 2649 289 2700 nem,
341 2639 396 2688 et
426 2636 599 2687 venite
633 2632 707 2685 ad
745 2649 851 2697 me;
887 2637 936 2686 et
979 2648 1074 2699 ego
1105 2632 1245 2686 dabo
1285 2632 1439 2688 vobis
1485 2637 1668 2686 omnia
1720 2633 1858 2686 bona

151 2725 418 2792 .Egypti,
474 2727 534 2774 ut
587 2721 878 2775 comedetis
933 2721 1225 2774 medullam
1276 2726 1450 2774 terrae.
1514 2721 1735 2776 Pharao
1785 2722 1854 2776 ad

147 2811 355 2881 Joseph
391 2809 669 2879 loquitur,
711 2816 766 2864 et
813 2822 914 2877 per
941 2823 1072 2864 eum
1121 2807 1400 2864 fratribus
1450 2808 1729 2878 imperare
1771 2809 1856 2865 ni-

151 2898 313 2965 titur,
368 2898 510 2953 dum
555 2895 935 2951 alfectualitas
967 2895 1263 2950 lenociniis
1310 2895 1858 2952 intellectualitatem

148 2986 436 3055 dissipare
485 2985 842 3056 aggreditur,
888 2991 943 3038 et
989 2997 1090 3053 per
1131 2998 1258 3039 eam
1309 2985 1603 3040 inferiores
1634 2987 1857 3056 cogita-

152 3071 376 3128 tionum
412 3081 596 3128 status
629 3073 946 3143 subjugare
992 3080 1254 3128 conatur.
1293 3072 1536 3128 Onerate
1567 3074 1852 3143 jumenta,

1969 607 2321 676 propositum
2371 607 2460 662 vel
2525 607 2781 662 studium
2839 621 2873 662 a
2920 606 3155 662 seducta
3210 606 3432 662 ratione
3487 605 3676 676 excipi

1968 693 2262 763 permittit,
2317 709 2417 764 per
2453 695 2608 764 quod
2643 696 2714 750 ab
2765 696 3011 766 IEgypto
3060 694 3263 750 redimi
3308 695 3501 764 possit.
3564 694 3673 761 Sic,

1971 781 2178 852 inquit,
2207 791 2512 852 suppetent
2553 783 2717 839 vobis
2747 784 3070 850 saecularia,
3107 791 3170 839 ut
3203 797 3317 838 non
3360 783 3547 838 doleat
3576 797 3678 838 vos

1969 872 2226 926 amisisse
2256 871 2599 940 spiritualia.

2043 959 2213 1014 Vens.
2255 962 2342 1023 21,
2395 963 2483 1013 2‘2.
2535 989 2603 998 —
2649 961 2904 1014 Fecerunt
2924 959 3043 1029 filii
3084 959 3254 1014 Israel
3299 963 3360 1013 ut
3406 961 3484 1013 eis
3512 975 3674 1014 man-

1969 1048 2158 1101 datum
2188 1050 2392 1114 fuerat.
2430 1049 2636 1118 Quibus
2667 1049 2819 1102 dedit
2863 1051 3061 1116 Joseph
3101 1049 3356 1116 plaustra
3381 1048 3674 1102 secundum

1969 1137 2272 1190 Pharaonis
2304 1139 2611 1205 imperium,
2657 1142 2708 1190 et
2733 1137 2944 1190 cibaria
2992 1139 3050 1190 in
3076 1138 3288 1190 itinere.
3326 1137 3676 1206 Singulisque

1963 1227 2206 1294 pro/irri
2229 1226 2403 1290 jussit
2433 1225 2590 1278 binas
2635 1225 2803 1279 stolas
2848 1242 2860 1278 :
2911 1226 3196 1292 Benjamin
3223 1240 3346 1278 vero
3378 1224 3531 1278 dedit
3561 1233 3674 1278 tre—

1969 1319 2145 1366 centos
2190 1317 2468 1380 argenteos
2521 1329 2642 1366 cum
2691 1316 2929 1381 quinque
2981 1315 3132 1368 stolis
3183 1315 3425 1381 optimis.
3487 1313 3675 1367 Motus

1971 1401 2298 1469 rationales,
2334 1403 2434 1471 qui
2483 1417 2614 1456 cum
2661 1402 2775 1456 Deo
2827 1403 3022 1458 directi
3078 1401 3297 1470 pridem
3357 1409 3494 1456 sunt
3541 1401 3675 1470 (hoc

1967 1491 2122 1544 enim
2157 1489 2328 1544 Israel
2383 1490 2816 1559 interpretatur)
2853 1491 3108 1559 corrupti
3142 1487 3467 1544 intellectus
3506 1503 3675 1543 man-

1968 1579 2100 1632 dato
2143 1578 2436 1632 obediunt.
2488 1579 2744 1632 Plaustra
2786 1579 2902 1644 dat,
2954 1593 3088 1634 cum
3139 1578 3554 1633 circumitionis
3597 1574 3675 1631 fo-

1969 1666 2206 1720 rinsecze
2237 1666 2508 1720 materias
2545 1665 2928 1732 administrat,
2976 1673 3144 1734 prout
3176 1665 3263 1720 vel
3291 1664 3551 1732 allectus,
3588 1665 3673 1720 vel
3730 1701 3734 1706 -

1969 1753 2234 1808 diabolus
2283 1753 2542 1822 imperat.
2596 1755 2822 1809 Cibaria
2872 1757 2928 1807 in
2978 1757 3173 1807 itinere
3225 1761 3477 1823 praestat,
3539 1768 3673 1808 cum

1900 1863 1939 1916 Β
1969 1841 2390 1896 suborientium
2423 1841 2625 1896 solatia
2660 1843 3026 1896 fortunarum
3063 1841 3254 1908 infert,
3300 1849 3364 1896 ut
3393 1841 3577 1910 magis
3605 1840 3675 1894 ad

1963 1943 2274 1985 excursum
2325 1930 2656 1998 cupiditatis
2707 1930 2940 1984 alliciat.
2975 1930 3221 1995 Singulis
3269 1929 3485 1999 profert
3517 1929 3675 1982 binas

1964 2019 2150 2084 stolas,
2179 2032 2313 2072 cum
2345 2017 2680 2087 quibusque
2710 2018 2955 2074 statibus
2990 2018 3289 2086 pollicetur
3321 2017 3468 2072 inter
3489 2031 3672 2088 agen-

1967 2107 2040 2161 da
2085 2105 2386 2161 saecularia
2438 2120 2633 2161 sacras
2680 2113 2735 2161 et
2791 2106 3154 2176 cogitationis
3199 2113 3253 2161 et
3287 2105 3479 2176 Operis
3530 2119 3674 2160 con-

1966 2195 2257 2249 tinentias.
2325 2195 2613 2263 Benjamin
2668 2199 2924 2248 trecentos
2993 2199 3271 2258 argenteos
3325 2193 3470 2259 dat,
3530 2194 3671 2249 dum

1968 2282 2288 2352 ingenium,
2329 2282 2660 2337 memoriam
2697 2291 2750 2337 et
2785 2297 2976 2346 usum,
3010 2281 3132 2336 sine
3165 2281 3382 2351 quibus
3413 2281 3673 2336 numeris

1967 2379 2274 2442 argentum
2321 2371 2533 2425 divina:
2581 2371 2831 2425 scientite
2880 2371 3130 2439 profecto
3177 2385 3291 2425 non
3337 2370 3564 2436 emicat,
3615 2385 3674 2424 se

1967 2460 2039 2514 ad
2074 2460 2475 2515 fulcimentum
2512 2459 2630 2529 spei
2663 2459 2751 2514 vel
2793 2457 3086 2514 electionis
3121 2457 3392 2512 daturum
3422 2455 3668 2526 jactitat.

1970 2549 2073 2602 Dat
2115 2555 2170 2602 et
2204 2547 2465 2616 quinque
2504 2547 2678 2602 stolas
2706 2547 2970 2616 optimas,
3017 2544 3155 2600 dum
3191 2543 3330 2598 falso
3361 2544 3534 2598 etiam
3563 2542 3672 2598 sibi

1967 2635 2209 2704 spondet
2257 2633 2613 2690 exteriorum
2663 2648 2934 2688 sensuum
2985 2629 3468 2700 impassibilitates
3497 2636 3672 2699 atque

1969 2721 2305 2778 munditias.

2041 2810 2212 2865 Vens.
2258 2811 2345 2862 23.
2387 2839 2456 2848 ——
2500 2809 2852 2863 Tantumdem
2896 2810 3140 2878 picuniz
3187 2812 3238 2862 et
3275 2808 3505 2861 vestium
3540 2807 3670 2860 mit-

1969 2903 2082 2953 tens
2109 2901 2263 2968 patri
2306 2914 2422 2964 suo,
2473 2899 2680 2951 addens
2719 2901 2768 2951 ei
2799 2900 2980 2950 asinos
3023 2897 3223 2963 decem,
3269 2898 3368 2966 qui
3414 2895 3670 2949 subvehe-

1966 2992 2086 3040 rent
2131 3004 2199 3040 σω
2245 2987 2491 3040 omnibus
2543 2988 2756 3040 divitiis
2788 2986 3060 3054 qupti,
3103 2991 3154 3040 et
3182 2985 3404 3038 totidem
3455 2986 3669 3051 asinas,

1969 3077 2210 3129 triticum
2238 3078 2298 3128 in
2338 3077 2531 3128 itinere
2569 3090 2842 3143 panesque
2883 3079 3182 3142 portantes.
3219 3073 3367 3128 Patri
3409 3079 3670 3128 tantum-

149 3169 432 3230 occupate
481 3161 636 3217 curis
695 3169 749 3217 et
803 3159 1288 3216 sollicitudinibus
1333 3162 1529 3216 saeculi
1591 3177 1850 3232 corpora.
1893 3145 1934 3200 Ο
1962 3163 2090 3218 dem
2125 3163 2316 3229 mittit,
2349 3162 2490 3232 quia
2519 3161 2744 3230 spiritui
2778 3162 2832 3215 in
2863 3161 3303 3230 praesentiarum
3336 3174 3454 3216 non
3478 3160 3671 3216 minus

147 3249 422 3306 iumenta
473 3263 573 3319 pro
622 3249 962 3319 corporibus
1009 3249 1142 3318 poni
1192 3249 1350 3305 testis
1401 3257 1486 3305 est
1525 3250 1787 3306 Psalmus
1838 3267 1849 3306 :

152 3340 269 3393 Non
313 3341 580 3408 pepercit,
626 3337 726 3403 ait,
777 3355 811 3391 a
859 3342 1033 3392 morte
1071 3340 1357 3392 animabus
1409 3355 1619 3405 eorum,
1677 3345 1727 3394 et
1765 3341 1855 3409 ju-

152 3432 331 3481 menta
386 3430 446 3480 in
485 3432 652 3480 morte
686 3427 946 3480 conclusit
992 3428 1159 3491 (Psal.
1205 3443 1416 3491 Lxxvu,
1459 3431 1568 3493 50).
1620 3430 1691 3482 In
1741 3433 1855 3482 ter-

151 3531 268 3568 ram
297 3516 574 3568 Chanaan
614 3518 704 3580 ite,
759 3515 903 3570 lucri
937 3515 1097 3570 vobis
1129 3515 1424 3586 profuturi
1459 3516 1686 3586 negotia
1722 3531 1854 3586 pro-

151 3603 369 3673 videte;
403 3603 857 3662 Chanaanenim
881 3606 1183 3670 negotiator
1211 3603 1441 3658 dicitur.
1477 3605 1614 3660 Inde
1642 3610 1856 3674 patrem

154 3696 389 3744 vestrum
436 3691 624 3757 tollite,
657 3688 774 3745 solo
805 3689 1016 3745 scilicet
1046 3703 1281 3758 corpore
1312 3689 1608 3745 mundana
1637 3705 1856 3745 curan-

157 3785 255 3845 tes,
289 3787 344 3834 et
374 3779 656 3834 rationem
692 3779 805 3834 Deo
839 3777 1076 3834 liberam
1117 3791 1326 3834 vacare
1358 3777 1630 3833 sinentes.
1669 3780 1857 3833 Tollite

155 3872 204 3919 et
244 3869 640 3933 cognationem,
693 3871 743 3920 et
789 3869 964 3920 venite
1010 3866 1084 3919 ad
1134 3882 1236 3928 me,
1287 3873 1614 3922 vestrarum
1671 3865 1854 3922 incre-

158 3963 347 4010 menta
377 3955 662 4010 virtutum
693 3968 726 4008 a
749 3954 959 4010 saeculo
988 3954 1263 4022 extollite,
1283 3962 1337 4010 et
1361 3954 1580 4025 sicjam
1613 3955 1858 4022 pristina

157 4040 223 4096 de
252 4042 687 4098 conversatione
719 4041 927 4108 securi,
963 4041 1034 4096 ad
1065 4041 1266 4111 aliqua
1301 4042 1622 4097 secundum
1655 4057 1762 4110 me,
1798 4041 1854 4097 id

156 4137 237 4184 est
268 4129 622 4186 mundialem
655 4127 922 4184 alTectum
955 4129 1226 4200 gerenda,
1259 4129 1499 4184 fidenter
1527 4130 1701 4185 corda
1727 4145 1856 4185 con-

158 4218 390 4284 vertite;
421 4225 476 4273 et
513 4231 648 4272 cum
693 4217 771 4272 ita
814 4224 1199 4287 temperanter
1229 4217 1446 4272 mundo
1491 4217 1574 4272 usi
1611 4217 1851 4284 fueritis,

157 4306 612 4362 exuberantibus
659 4305 942 4361 bonorum
999 4318 1372 4375 quorumque
1427 4306 1622 4375 copiis,
1685 4310 1857 4364 totius

161 4399 395 4450 terrenae
446 4394 707 4450 utilitatis
749 4393 1081 4458 medullam,
1115 4393 1270 4462 quod
1301 4401 1384 4448 est
1429 4393 1712 4464 voluptas,
1749 4408 1856 4465 pa-

160 4480 266 4536 lato
298 4483 500 4538 intimo
530 4482 760 4552 sapietis
791 4482 932 4553 quid
965 4481 1116 4537 intro
1147 4489 1308 4551 gerat
1338 4481 1680 4539 dulcedinis.

229 4571 408 4627 Vsus.
457 4574 539 4630 19.
571 4571 660 4624 20.
706 4601 771 4610 —-
804 4571 1054 4638 Prwcipe
1085 4573 1250 4623 etiam
1291 4575 1350 4623 ut
1380 4571 1573 4624 tollant
1601 4573 1851 4640 plaustra

161 4657 222 4712 de
263 4665 412 4714 terra
459 4660 728 4728 Egypti,
769 4658 846 4714 ad
885 4659 1277 4714 subvectionem
1323 4660 1678 4728 parvulorum
1727 4675 1851 4714 suo-

160 4761 300 4817 rum,
327 4753 382 4802 et
422 4749 733 4817 conjugum,
763 4752 813 4802 et
859 4748 1022 4801 dicito
1057 4763 1070 4802 :
1119 4747 1314 4801 Tollite
1341 4752 1553 4816 patrem
1595 4753 1851 4817 vestrum,

162 4841 208 4889 et
232 4843 518 4906 properate
550 4838 870 4905 quantocius
898 4838 1186 4890 venientes.
1222 4838 1326 4891 Nec
1353 4836 1650 4891 dimittatis
1685 4837 1854 4907 quid-

163 4939 318 4991 quam
351 4925 419 4978 de
464 4926 785 4994 supellectili
821 4930 1022 4992 vestra,
1055 4927 1189 4993 quia
1216 4941 1392 4978 omnes
1423 4941 1544 4994 opes
1588 4926 1854 4996 Egypti,

164 5019 346 5070 vestrae
403 5019 578 5068 erunt.
631 5013 898 5069 Plaustra
955 5013 1025 5070 de
1081 5014 1329 5084 Egypto
1379 5014 1681 5081 tolluntur,
1723 5027 1856 5069 cum

164 5099 552 5158 volubilitates
595 5102 794 5156 mundi
844 5101 1257 5158 circumituum
1307 5103 1676 5170 adamantur,
1727 5117 1859 5172 qua:

167 5189 317 5246 molae
370 5191 636 5246 asinariae
692 5190 750 5246 in
802 5190 1111 5261 Evangelio
1162 5199 1576 5260 comparantur
1633 5192 1855 5258 (Matth.

167 5290 308 5340 xvni.
362 5278 468 5348 16).
520 5279 584 5334 In
617 5277 706 5335 his
734 5278 1012 5350 conjuges
1054 5293 1122 5335 ac
1151 5279 1379 5350 parvuli
1428 5280 1856 5347 subvehuntur,

168 5367 294 5432 quia
349 5368 584 5438 fragiles
615 5383 748 5424 cum
796 5368 1042 5423 inﬁrmis
1087 5369 1357 5438 operibus
1389 5368 1730 5435 voluntates,
1763 5383 1862 5437 per

171 5451 278 5511 haec
309 5457 383 5513 ad
413 5457 729 5526 .Egyptum
772 5456 1070 5526 mysticam
1101 5457 1488 5512 deducuntur.
1524 5456 1666 5512 Cum
1703 5465 1862 5526 patre

1961 3249 2370 3306 discretionum
2403 3257 2457 3305 et
2484 3249 2877 3315 scientiarum,
2911 3263 3014 3303 ncc
3043 3263 3157 3303 non
3191 3257 3244 3304 et
3271 3248 3668 3303 sanctimoniae

1962 3338 2242 3408 promittit
2284 3352 2462 3408 quam
2507 3337 2623 3404 spei
2651 3336 2769 3406 jam
2812 3345 2866 3391 et
2907 3337 3117 3391 futurae
3151 3335 3524 3391 beatitudinis
3554 3337 3668 3390 mi—

1963 3439 2102 3482 serae
2132 3425 2460 3481 certitudini
2509 3425 2679 3480 dedit.
2737 3426 2928 3479 Decem
2960 3427 3011 3477 ei
3061 3427 3244 3478 asinos
3294 3423 3474 3490 addit,
3531 3437 3666 3479 cum

1961 3529 2172 3584 corpus
2229 3521 2481 3584 quatuor
2537 3513 2834 3568 elementis
2893 3520 3205 3580 constans;
3259 3520 3313 3567 et
3372 3511 3664 3578 animam,

1963 3618 2095 3673 quae
2145 3603 2348 3670 tribus,
2385 3602 2676 3657 intellectu
2731 3600 3015 3666 videlicet,
3050 3601 3346 3657 voluntate
3373 3607 3428 3654 et
3458 3598 3668 3656 affectu

1961 3699 2044 3748 est
2087 3688 2390 3761 priestans,
2439 3690 2548 3746 sub
2583 3689 2724 3746 falso
2767 3688 3066 3745 Trinitatis
3105 3702 3298 3744 amore
3326 3688 3512 3743 eidem
3543 3688 3668 3757 spi-

1964 3780 2121 3846 ritui,
2182 3787 2244 3834 ut
2290 3779 2560 3846 deinceps
2614 3778 2847 3833 asinum
2897 3777 3088 3848 juvat,
3153 3791 3268 3832 non
3319 3784 3436 3832 tam
3495 3775 3669 3832 tradit

1963 3881 2141 3937 quam
2198 3865 2546 3922 mendaciter
2619 3866 2796 3921 addit.
2863 3865 2926 3920 Hi
2985 3880 3098 3920 non
3153 3864 3465 3921 Jerusalem
3498 3904 3516 3931 ,
3569 3864 3668 3919 sed

1961 3955 2216 4026 Egypti,
2251 3954 2483 4010 divitias
2510 3954 2863 4021 subvehunt,
2895 3953 3034 4022 quia
3059 3966 3431 4024 quaecunque
3461 3965 3665 4022 propo-

1962 4053 2190 4100 nuntur
2237 4044 2408 4110 bona,
2443 4043 2818 4099 tenebrarum
2861 4042 3282 4098 contractiones
3317 4047 3470 4096 sunt.
3508 4041 3668 4096 Toti-

1962 4133 2090 4189 dem
2122 4133 2316 4199 asinae,
2353 4135 2594 4187 triticum
2628 4135 2686 4184 in
2725 4135 2932 4198 itinere,
2968 4139 3019 4186 et
3047 4145 3214 4199 panes
3247 4135 3498 4199 portant,
3531 4143 3666 4184 cum

1961 4220 2191 4277 lascivae
2245 4221 2501 4290 corporis
2551 4226 2606 4275 et
2663 4220 2872 4276 anima:
2927 4217 3036 4273 sub
3075 4217 3346 4274 simulato
3392 4216 3512 4284 Dei,
3563 4216 3665 4286 qui

1961 4310 2214 4366 Trinitas
2259 4317 2364 4376 est,
2410 4323 2604 4364 amore
2647 4307 2950 4374 motiones,
3003 4306 3388 4377 perfunctorie
3431 4305 3663 4375 quidem

1961 4407 2018 4455 et
2047 4399 2214 4469 quasi
2247 4398 2303 4453 in
2340 4397 2543 4453 itinere
2592 4397 2838 4452 verbum
2884 4395 3005 4462 Dei,
3037 4409 3155 4464 quo
3203 4393 3344 4450 alios
3389 4392 3579 4460 alunt,
3612 4399 3666 4446 et

1963 4489 2097 4558 ipsae
2125 4488 2342 4558 jejunae
2370 4492 2690 4551 remanent,
2726 4492 2988 4554 portant;
3023 4492 3079 4538 et
3112 4497 3286 4553 panes
3316 4480 3662 4552 gratiarum,

1961 4583 2016 4632 et
2045 4589 2356 4631 munerum
2385 4573 2717 4629 divinorum
2761 4587 2876 4628 non
2911 4571 3038 4639 sibi,
3069 4571 3166 4626 sed
3211 4570 3338 4626 aliis
3367 4569 3535 4626 utiles
3566 4581 3667 4640 per

1964 4663 2309 4733 hypocrisim
2339 4667 2648 4716 ostentant.

2036 4752 2208 4808 Vens.
2241 4754 2328 4805 ‘24.
2367 4779 2430 4788 —
2455 4750 2670 4803 Dimisit
2692 4763 2816 4815 ergo
2834 4748 3040 4809 fratres
3067 4761 3211 4811 suos,
3245 4750 3296 4798 et
3321 4746 3664 4813 proﬁciscen-

1966 4841 2110 4894 tibus
2140 4841 2227 4895 ait
2259 4854 2270 4893 :
2296 4840 2374 4894 Ne
2403 4838 2724 4891 irascamini
2752 4839 2811 4888 in
2837 4837 2947 4888 via.
2975 4835 3202 4890 Fratres
3231 4831 3484 4896 dimittit,
3507 4845 3662 4898 cum,

1963 4929 2086 4982 sine
2123 4928 2238 4983 ullo
2269 4926 2508 4982 rationis
2530 4925 2617 4980 vel
2642 4921 3146 4979 intellectualitatis
3165 4921 3412 4992 objecta,
3440 4919 3668 4974 interio-

1965 5031 2056 5072 res
2085 5024 2266 5071 CIPHIS
2293 5013 2534 5068 arbitrio
2561 5028 2666 5066 suo
2697 5012 2924 5068 deserit.
2951 5010 3376 5066 Proticiscentcs
3394 5023 3465 5063 ne
3489 5011 3547 5061 in
3575 5010 3666 5061 via

1967 5104 2294 5159 irascantur
2326 5101 2612 5173 prohibet,
2658 5101 2799 5172 quia
2841 5100 2914 5156 ab
2946 5099 3256 5154 intentione
3287 5104 3440 5152 recta
3468 5110 3667 5167 egres—

1965 5207 2076 5259 sos,
2110 5207 2181 5248 ne
2228 5192 2285 5246 in
2333 5190 2593 5246 avaritiae
2644 5189 2833 5245 studio
2881 5188 2954 5244 ab
3001 5187 3260 5257 appetitu
3294 5183 3663 5254 pra‘sentium

1969 5280 2314 5352 gaudiorum
2357 5278 2608 5348 alicujus
2659 5277 3017 5348 oppositione
3054 5275 3300 5332 tristitia
3349 5273 3617 5329 deficiant
3647 5312 3663 5338 ,

1970 5376 2299 5439 praemonet.
2356 5366 2548 5436 (Vsus.
2598 5367 2712 5436 25.)
2765 5367 2874 5432 Qui
2913 5364 3254 5419 ascendentes
3299 5377 3368 5416 ex
3414 5363 3668 5431 Egypto

1968 5461 2229 5512 venerunt
2275 5458 2334 5510 in
2387 5460 2590 5509 terram
2629 5455 2893 5510 Chanaan
2937 5453 3012 5508 ad
3063 5456 3278 5522 patrem
3329 5465 3488 5505 suum
3525 5452 3667 5504 [04

234 5643 339 5714 (l5)
382 5640 697 5698 Derivatur
726 5641 796 5696 ab
827 5641 1055 5709 assecla,
1082 5640 1238 5710 quod
1271 5639 1559 5696 interdum
1591 5647 1645 5694 et
1671 5641 1915 5694 assecuta
1942 5639 2236 5696 scribitur.
