3950 6420
310 442 411 496 307

1207 443 1267 496 V.
1308 440 1638 498 GUIBERTI
1673 439 1972 497 ABBATIS
2008 441 2064 495 S.
2107 439 2347 494 MARLE
2388 439 2477 494 DE
2514 439 2903 496 NOVIGENTO

3701 445 3815 498 308

308 570 504 625 Jacob.
555 573 628 627 Et
655 574 1045 626 nuntiaverunt
1081 573 1132 626 ei
1173 570 1406 625 dicentes
1447 587 1461 625 :
1509 572 1716 638 Joseph
1748 571 1917 635 vivit;
1947 574 1996 622 et
2033 575 2081 627 Α
2110 567 2392 634 levimus,
2446 566 2654 625 deinde
2711 569 2783 624 ad
2845 568 3150 625 mortifera
3205 570 3530 626 securitatis
3559 610 3576 638 ,
3627 585 3815 641 quam

310 659 429 728 ipse
473 658 789 713 dominatur
834 661 894 712 in
933 661 1082 714 omni
1123 663 1270 712 terra
1313 661 1572 730 Egypti.
1631 661 1710 713 Ea:
1750 659 2000 726 zEgypto

311 747 648 813 ascendunt,
681 761 814 802 cum
853 747 926 803 ab
959 748 1196 802 internae
1234 751 1518 817 angustiae
1550 748 1639 802 vel
1671 746 2002 802 tribulatio-

309 836 402 891 nis
455 835 742 903 contuitu,
801 835 860 890 in
909 843 1167 891 terrenas
1223 836 1634 906 negotiationes
1688 835 1996 890 excedunt.

311 922 415 979 Vel
446 923 524 978 ita
554 923 744 992 potius
784 939 798 977 :
852 923 1098 979 Consilio
1130 937 1322 992 pravae
1369 923 1719 978 remissionis
1747 929 1998 992 accepto,

309 1025 383 1066 ex
428 1011 700 1082 Egyptia
729 1011 1069 1081 cogitatione
1101 1011 1170 1066 ad
1218 1013 1492 1066 rationem
1538 1014 1595 1064 in
1626 1017 1827 1065 terram
1855 1013 2003 1063 Cha-

308 1114 478 1165 naan,
528 1099 628 1155 ubi
671 1099 793 1170 jam
834 1099 1043 1154 saeculo
1092 1099 1293 1162 inhiat,
1351 1100 1698 1166 ascenditur,
1751 1112 1881 1154 cum
1927 1098 2000 1153 ad

309 1187 733 1242 discutiendum
781 1194 995 1242 statum
1040 1187 1218 1241 animi
1261 1187 1381 1256 jam
1422 1187 1668 1241 labantis
1703 1194 1818 1242 tota
1853 1187 2001 1240 inte-

311 1273 428 1328 rior
471 1273 795 1343 frequentia
838 1273 1089 1329 ducitur.
1142 1274 1370 1343 Ioseph,
1419 1273 1715 1343 inquiunt,
1766 1287 1864 1342 per
1905 1273 2000 1328 in-

308 1361 681 1430 telligentiam
711 1369 936 1425 auctus,
983 1369 1037 1416 et
1067 1361 1124 1416 in
1163 1375 1221 1416 se
1252 1361 1501 1417 vitaliter
1537 1362 1814 1425 subsistit,
1847 1361 2000 1416 unde

307 1462 536 1503 necesse
578 1455 660 1503 est
692 1455 756 1503 ut
773 1449 838 1504 ~ei
881 1449 1164 1518 IEgyptize
1211 1449 1483 1504 caecitatis
1527 1450 1827 1504 terrenitas
1869 1449 2003 1505 sub-

307 1538 396 1591 sit.
431 1541 507 1591 Ac
535 1536 578 1590 si
609 1535 825 1592 addant
871 1551 884 1591 :
913 1539 1033 1594 Cur
1068 1551 1205 1607 ergo
1236 1536 1562 1604 involveris,
1595 1537 1749 1592 unde
1779 1538 2002 1593 dudum

307 1623 683 1694 processeris?

378 1711 550 1768 Vens.
598 1714 689 1764 2‘1.
743 1742 812 1750 —
861 1713 974 1778 Quo
1028 1711 1219 1766 audito
1263 1711 1454 1779 Iacob,
1521 1713 1681 1780 quasi
1731 1711 1797 1765 de
1843 1713 2004 1778 gravi

309 1814 490 1854 somno
537 1801 828 1868 euigilans,
879 1805 1057 1853 tamen
1085 1813 1193 1851 non
1224 1799 1471 1852 credebat
1517 1803 1613 1852 eis.
1665 1801 1756 1854 Illi
1784 1804 1999 1852 econtra

307 1887 614 1954 referebant
661 1903 867 1940 omnem
922 1887 1166 1942 ordinem
1215 1888 1313 1940 rei.
1366 1886 1544 1942 Audit
1592 1887 1730 1941 dum
1765 1887 1997 1942 ratioci-

307 1982 511 2030 nantes
552 1974 922 2043 cogitationes
971 1972 1254 2044 intelligit.
1301 1977 1374 2028 De
1416 1977 1577 2042 gravi
1604 1990 1785 2028 somno
1814 1975 2002 2044 evigi-

310 2061 410 2127 lat,
438 2076 570 2117 cum
603 2062 671 2117 de
699 2062 820 2132 jam
860 2061 1115 2131 concepti
1147 2062 1390 2131 torporis
1421 2062 1711 2117 nimietate
1737 2077 1794 2117 se
1823 2062 2002 2117 susci-

310 2157 410 2204 tat.
460 2149 672 2205 Tamen
706 2150 788 2204 eis
828 2163 944 2204 non
991 2149 1190 2215 credit,
1241 2149 1384 2218 quia
1415 2156 1538 2219 post
1583 2149 1687 2204 has
1732 2149 2003 2204 volunta-

309 2245 434 2293 tum
481 2236 926 2308 proﬂigationes,
969 2237 1205 2306 spiritus
1249 2244 1442 2292 noster
1483 2237 1552 2292 de
1601 2237 2004 2292 intellectuali-

313 2325 442 2381 latis
487 2325 606 2379 vita
639 2323 858 2380 difﬁdit.
917 2323 1013 2378 Illi
1056 2329 1274 2378 econtra
1311 2325 1553 2378 ordinem
1596 2328 1678 2378 rei
1725 2324 2002 2387 referunt,

310 2409 450 2466 dum
499 2409 706 2466 mentis
770 2410 918 2465 inter
976 2411 1316 2466 tentationes
1359 2410 1619 2466 habitum
1682 2411 2005 2466 accusando

311 2497 464 2563 hinc,
495 2497 827 2553 excusando
871 2496 1006 2552 inde
1041 2498 1424 2568 praetendunt.
1461 2499 1662 2563 (Vens.
1701 2499 1811 2568 28.)
1847 2500 2002 2554 Cum-

312 2601 414 2654 que
459 2585 687 2640 vidisset
728 2587 1014 2654 plaustra,
1065 2590 1116 2639 et
1158 2587 1414 2639 universa
1461 2602 1581 2655 qua:
1626 2589 1868 2650 miserat,
1926 2600 2007 2638 re-

310 2675 456 2727 uixit
483 2675 714 2742 spiritus
745 2676 881 2742 ejus,
911 2679 962 2728 et
990 2676 1075 2728 ait
1105 2689 1118 2727 :
1160 2674 1378 2740 Sufﬁcit
1411 2677 1548 2727 mihi
1569 2677 1618 2728 si
1652 2675 1830 2727 adhuc
1858 2675 2004 2740 ﬁlius

311 2775 458 2815 meus
501 2759 700 2827 Ioseph
739 2763 903 2829 vivit;
942 2760 1163 2827 vadum,
1216 2766 1266 2814 et
1313 2761 1503 2814 videbo
1549 2778 1668 2815 eum
1716 2768 2006 2829 antequam

311 2849 537 2902 moriar.
589 2849 864 2913 Plaustra,
895 2855 951 2904 et
995 2847 1108 2904 alia
1139 2862 1269 2917 quae
1305 2849 1632 2916 mittuntur,
1666 2849 1839 2915 videt,
1871 2864 2005 2904 cum

313 2934 701 2991 volubilitates
739 2934 1084 3006 gloriarum,
1112 2943 1167 2990 et
1195 2935 1578 2991 simulatrices
1605 2937 2002 3002 continentias,

313 3035 491 3092 quam
540 3021 816 3078 fallaciter
868 3021 1213 3086 inferantur,
1257 3023 1373 3078 alta
1427 3025 1613 3079 cordis
1663 3025 2006 3094 dispectione

313 3117 583 3166 recenset.
631 3111 872 3179 Spiritus
925 3125 1062 3182 ergo
1105 3111 1236 3166 inde
1285 3111 1594 3178 reviviscit,
1641 3114 1781 3182 quia
1823 3127 1892 3168 ex
1937 3127 2002 3168 eo
2039 3132 2080 3185 ί]

313 3211 466 3267 spem
515 3197 647 3254 vitae
693 3197 980 3254 interioris
1027 3197 1262 3268 colligit,
1311 3199 1464 3268 quod
1521 3199 1810 3255 subtiliter
1859 3201 1917 3256 in
1948 3215 2006 3255 se

313 3285 582 3355 quaelibet
635 3285 1106 3356 reprehendenda
1163 3285 1458 3341 discernit.
1509 3288 1748 3354 Sufficit,
1795 3288 2006 3357 inquit,

312 3373 451 3427 mihi
483 3375 554 3429 ad
587 3373 942 3430 incentivum
974 3375 1333 3444 resurgendi,
1361 3375 1406 3428 si
1435 3375 1822 3445 intelligentia!
1855 3377 2007 3430 acri-

312 3461 509 3516 monia
535 3461 762 3531 vigeat;
792 3460 994 3516 vadum
1041 3461 1234 3530 itaque
1273 3463 1345 3516 ab
1377 3461 1597 3517 inertia)
1631 3464 1918 3532 propOsito
1950 3463 2006 3518 in

317 3547 800 3618 intelligibilitatis
839 3548 1034 3604 lumen
1065 3548 1292 3614 exacui,
1327 3555 1642 3618 antequam
1670 3551 2010 3621 exstinguar

317 3635 612 3691 mortifera
639 3635 1150 3704 procrastinatione
1179 3635 1458 3691 mutandi.

933 3774 1166 3834 CAPUT
1205 3777 1404 3834 XLVI.

391 3897 562 3956 Vsus.
597 3902 646 3967 1,
679 3901 730 3954 2.
777 3928 844 3938 -
887 3901 1270 3970 Profectusque
1315 3905 1394 3955 est
1421 3902 1590 3956 Israel
1617 3917 1738 3956 cum
1765 3903 2010 3958 omnibus

319 4003 439 4057 qua
469 3988 718 4056 habebat,
750 3990 802 4043 et
827 3991 974 4042 venit
1003 3989 1078 4043 ad
1100 3991 1325 4044 Puteum
1351 3989 1690 4054 Juramenti,
1712 3995 1780 4056 et,
1804 3997 2010 4045 macta-

320 4077 392 4130 tis
438 4076 518 4130 ibi
559 4078 793 4131 victimis
824 4079 928 4131 Deo
963 4080 1143 4146 patris
1179 4079 1268 4131 sui
1302 4079 1476 4139 Isaac,
1508 4078 1725 4132 audivit
1770 4093 1889 4132 eum
1917 4095 2014 4148 per

318 4165 578 4219 uisionem
623 4169 773 4218 nocte
806 4170 1080 4220 vocantem
1108 4179 1181 4218 se.
1231 4167 1362 4221 Cum
1401 4165 1646 4220 omnibus
1693 4181 1812 4234 qua
1850 4167 2012 4221 habe-

322 4252 416 4306 bat
455 4251 631 4307 Israel
681 4251 1080 4321 proficiscitur,
1131 4266 1260 4308 cum
1315 4253 1387 4307 ad
1433 4252 1760 4322 proficiendi
1792 4255 2012 4324 appeti-

321 4347 446 4396 tum
477 4339 855 4409 spiritualitas
897 4339 1156 4404 tendens,
1188 4355 1322 4396 cum
1370 4341 1482 4396 Deo
1517 4341 1788 4412 dirigitur
1818 4342 2013 4411 (Israel

322 4441 578 4498 namque
609 4427 845 4482 directus
891 4429 990 4482 Dei
1024 4427 1255 4498 dicitur)

323 4513 550 4584 pietatis
576 4513 849 4570 exercitia
889 4514 1310 4584 exemplantur.
1346 4515 1436 4568 Ad
1464 4517 1686 4570 Puteum
1711 4518 2016 4572 Juramenti

321 4603 485 4669 venit,
518 4614 653 4656 cum
695 4599 1019 4657 studiorum
1058 4601 1340 4657 bonorum
1373 4602 1640 4657 examine
1669 4603 1869 4670 fretus,
1906 4605 2010 4660 ab-

322 4688 507 4744 ditum
546 4687 712 4744 illum
741 4687 952 4744 divine
981 4688 1278 4758 sapientiae
1315 4688 1549 4755 fontem,
1592 4689 1696 4746 ubi
1727 4691 1900 4746 totius
1925 4706 2014 4748 re-

322 4775 552 4848 ligionis
575 4775 712 4847 jura
740 4775 1064 4844 firmantur,
1097 4777 1334 4846 spiritus
1357 4785 1550 4832 noster
1569 4777 1820 4849 attingit.
1854 4779 2014 4836 Unde

322 4866 372 4914 et
393 4865 573 4930 patris
619 4866 709 4918 sui
749 4865 904 4918 Isaac
933 4867 1035 4919 Deo
1063 4863 1329 4920 victimas
1360 4872 1591 4933 mactat,
1627 4868 1767 4936 quia
1797 4865 2014 4922 intimae

323 4948 664 5019 dulcedinis,
712 4951 826 5008 imo
868 4952 1022 5021 putei
1073 4951 1324 5008 viventis
1365 4965 1565 5021 sapore
1610 4961 1857 5024 gustato,
1899 4956 2015 5012 Deo

322 5049 500 5106 super
527 5037 841 5094 caelestium
872 5039 1111 5105 civium,
1147 5039 1246 5108 qui
1279 5039 1388 5096 sibi
1428 5041 1500 5096 ad
1529 5049 1758 5097 aeternae
1798 5042 2013 5114 jucun-

323 5123 520 5181 ditatis
567 5126 748 5181 risum
793 5133 983 5196 patres
1009 5133 1066 5182 et
1104 5127 1304 5196 praevii
1333 5136 1489 5196 sunt,
1533 5129 1804 5185 vitiorum
1835 5129 2012 5186 victo-

325 5211 440 5268 rias
481 5212 760 5269 immolat.
807 5214 971 5269 Tunc
1019 5227 1154 5270 eum
1194 5231 1292 5284 per
1339 5219 1598 5271 visionem
1639 5232 1696 5272 se
1739 5223 2016 5272 vocantem

323 5300 506 5370 audit,
531 5300 672 5358 dum
698 5301 1098 5358 collationibus
1118 5303 1440 5374 gratiarum
1468 5305 1800 5362 electionem
1825 5320 2012 5372 suam,

323 5401 444 5458 qua
485 5396 729 5445 vocatur
757 5389 830 5446 ad
859 5389 1122 5461 gloriam,
1159 5391 1446 5462 intelligit.
1486 5393 1644 5450 Visio
1669 5401 1863 5450 autem
1895 5393 2018 5464 ipsa

321 5483 406 5532 est
447 5475 704 5547 mystice,
753 5492 885 5548 quae
926 5485 981 5535 et
1018 5479 1259 5537 auditio.
1309 5480 1534 5536 Vocans
1578 5482 1774 5550 itaque
1819 5481 1958 5538 dicit
1997 5495 2011 5536 :

320 5565 501 5634 Iacob,
531 5565 714 5621 Iacob.
765 5567 996 5624 lteratio
1043 5568 1375 5630 vocationis,
1407 5583 1540 5638 quae
1585 5577 1641 5625 et
1669 5570 2015 5639 supplanta-

323 5661 504 5712 torem
533 5661 716 5724 sonat,
762 5655 948 5728 primo
995 5656 1070 5713 ad
1099 5655 1396 5720 vitiorum.
1425 5655 1642 5725 quibus
1669 5657 1805 5712 olim
1849 5657 2014 5714 obso-

2038 1843 2080 1899 Β
2111 1821 2356 1876 convalli
2410 1823 2689 1888 maeroris,
2750 1823 2904 1893 quod
2959 1831 3043 1878 est
3095 1824 3380 1894 JEgyptus
3411 1865 3427 1891 ,

2109 655 2277 724 quasi
2314 670 2387 710 ex
2431 657 2640 712 virtute
2686 658 3089 726 concepimus,
3138 659 3490 713 eversionem
3533 659 3816 727 spiritum

2110 750 2314 798 mutat.
2367 744 2469 798 Cui
2526 758 2753 799 necesse
2807 751 2911 810 est,
2969 747 3104 799 Ecce
3159 746 3392 814 adsum,
3449 755 3514 802 ut
3570 746 3818 802 indilate

2105 830 2552 901 obtemperando
2585 839 2946 901 I‘QSpuzl-Ic‘al.

2178 945 2351 1002 Vnus.
2385 949 2438 1006 3.
2472 947 2524 999 4.
2574 977 2642 986 -
2672 948 2771 1000 Ait
2816 948 2902 999 illi
2931 949 3074 1001 Deus
3119 963 3132 1000 :
3167 949 3281 1014 Ego
3329 947 3473 1002 Deus
3519 962 3647 1002 sum
3688 947 3820 1013 for-

2109 1035 2348 1087 tissimus
2377 1037 2556 1102 patris
2583 1036 2666 1088 tui
2696 1050 2709 1088 :
2744 1035 2857 1087 noli
2884 1036 3081 1094 limere,
3104 1035 3360 1089 descende
3388 1038 3444 1088 in
3469 1036 3814 1106 Egyptian,

2107 1124 2240 1190 quia
2268 1124 2325 1174 in
2355 1129 2560 1190 gentem
2594 1139 2849 1190 magnam
2882 1125 3090 1189 faciam
3127 1126 3177 1177 te
3207 1124 3304 1177 ibi.
3338 1127 3452 1190 Ego
3481 1125 3819 1178 descendam

2109 1215 2282 1262 tecum
2321 1211 2471 1277 illuc,
2517 1216 2567 1264 et
2595 1227 2688 1277 ego
2727 1211 2853 1264 inde
2900 1211 3171 1266 adducam
3217 1217 3266 1265 te
3294 1218 3658 1266 revertentem.
3712 1215 3817 1266 Jo-

2106 1299 2238 1366 seph
2294 1314 2502 1366 quoque
2542 1303 2704 1367 ponet
2757 1314 2978 1352 manum
3032 1314 3199 1368 super
3255 1301 3430 1354 oculos
3487 1305 3624 1354 tuos.
3662 1300 3817 1364 Cur,

2108 1385 2326 1454 inquis,
2359 1387 2431 1441 ad
2479 1387 2816 1442 subruenda
2856 1387 3032 1441 noxia
3074 1402 3324 1458 quaeque
3357 1389 3581 1455 metuis,
3616 1389 3724 1458 qui
3759 1396 3821 1443 et

2113 1473 2289 1527 Deum
2340 1473 2560 1540 fortem,
2609 1481 2664 1529 et
2710 1474 2946 1528 rationis
3005 1482 3117 1529 tuae
3167 1475 3318 1530 vires
3366 1475 3671 1530 fortiticare
3707 1489 3820 1545 po-

2110 1567 2316 1614 tentem
2349 1560 2478 1625 scis,
2510 1561 2658 1616 sicut
2690 1561 2990 1616 fortissime
3039 1561 3305 1632 adjutum
3354 1563 3654 1629 cmlestem,
3704 1563 3821 1633 qui

2107 1647 2224 1717 jam
2281 1647 2403 1702 haec
2459 1647 2885 1718 triumphavit,
2950 1650 3207 1718 priorum
3263 1658 3495 1719 patrum
3552 1665 3822 1706 cuneum

2109 1733 2310 1799 credis,
2357 1748 2528 1803 quem
2591 1736 2672 1790 uti
2713 1735 2937 1790 Patrem
2981 1736 3319 1791 aemularis?
3367 1736 3684 1792 Hunnliare
3747 1737 3812 1792 in

3487 1824 3627 1894 quia
3677 1826 3823 1881 talis

2109 1910 2399 1965 descensio
2450 1910 2668 1980 grande
2721 1911 2822 1966 tibi
2873 1911 3056 1981 pariet
3115 1912 3396 1966 virtutum
3430 1926 3635 1982 genus.
3684 1914 3821 1980 Ego

2110 1997 2428 2052 descendam
2460 2005 2649 2064 tecum,
2683 2013 2816 2054 nam
2847 1997 3165 2054 humilibus
3193 2001 3454 2056 conteror
3477 2015 3575 2070 per
3605 2005 3820 2072 gratiae

2111 2085 2348 2141 donum.
2398 2089 2467 2141 Et
2521 2087 2646 2139 inde
2686 2087 2958 2140 adducam
3001 2093 3050 2141 te
3095 2094 3462 2153 reuertentem,
3508 2089 3578 2143 de
3625 2103 3818 2143 coan—

2112 2174 2501 2242 gustiantibus
2533 2182 2582 2229 te
2624 2175 3112 2242 tribulationibus,
3155 2175 3207 2230 id
3251 2185 3334 2231 est
3371 2177 3634 2246 Egypto,
3669 2177 3815 2231 sub-

2113 2261 2312 2315 levabo
2358 2267 2408 2316 te
2454 2262 2525 2317 ad
2579 2261 3044 2331 impassibilitatis
3075 2264 3338 2334 gloriam.
3373 2265 3575 2334 Ioseph
3605 2264 3818 2333 (intel-

2111 2349 2476 2404 lectualitalis
2509 2350 2720 2406 sellicet
2765 2356 3127 2418 augmentum)
3173 2353 3398 2406 interim
3447 2353 3586 2408 dum
3624 2353 3819 2424 {Egy-

2115 2444 2275 2505 ptum
2322 2436 2540 2504 incolis,
2587 2439 2963 2506 auctoritatis,
3017 2441 3400 2510 potentiaeque
3457 2455 3578 2496 suae
3627 2454 3816 2496 manu

2111 2524 2308 2579 oculos
2366 2524 2748 2580 iutentionum
2808 2534 3040 2581 tuarum
3101 2527 3293 2581 debita
3345 2529 3454 2582 sub
3512 2529 3817 2583 honestate

2111 2619 2367 2682 proteget
2389 2619 2563 2682 atque
2593 2613 2870 2668 tuebitur.

2185 2723 2353 2780 Vsus.
2405 2727 2456 2790 5,
2506 2729 2576 2792 6,
2625 2726 2678 2780 7.
2731 2756 2794 2766 —-
2842 2728 3092 2782 Surrexit
3136 2728 3300 2781 Iacob
3347 2745 3382 2780 a
3429 2731 3593 2783 Puteo
3635 2733 3816 2784 Iura-

2113 2815 2309 2881 menti;
2354 2815 2697 2883 tuleruntque
2735 2830 2854 2868 enm
2885 2818 2991 2883 ﬁlii
3022 2831 3140 2868 cum
3173 2819 3418 2884 parvulis
3449 2823 3499 2870 et
3544 2818 3816 2871 uxoribus

2113 2903 2171 2953 in
2216 2903 2481 2968 plaustris
2530 2918 2648 2969 qua:
2687 2905 2908 2956 miserat
2958 2905 3171 2958 Pharao
3221 2905 3296 2957 ad
3342 2905 3677 2973 portandum
3725 2920 3816 2958 se-

2111 3003 2250 3054 nem,
2282 2993 2332 3041 et
2378 2993 2560 3042 omnia
2607 3007 2725 3058 quae
2751 2991 3067 3059 possederat
3109 2994 3169 3045 in
3201 2998 3350 3046 terra
3395 2994 3679 3059 Chanaan,
3713 3010 3812 3046 ve-

2113 3079 2300 3143 nitque
2345 3077 2403 3129 in
2445 3077 2758 3146 Egi/ptum
2797 3094 2914 3131 cum
2952 3081 3100 3132 omni
3143 3082 3341 3133 semine
3371 3095 3487 3143 suo,
3526 3082 3632 3147 ﬁlii
3671 3082 3808 3148 ejus,

2110 3168 2160 3216 et
2207 3169 2439 3231 nepotes,
2487 3168 2636 3232 ﬁliae,
2679 3171 2729 3218 et
2770 3172 2962 3220 cuncta
3011 3169 3175 3221 simul
3213 3171 3512 3236 progenies.
3569 3171 3608 3222 Α
3645 3171 3818 3223 Puteo

2110 3254 2418 3306 Ini-amenti
2449 3253 2654 3323 surgit,
2689 3267 2818 3308 cum
2860 3255 2932 3310 ab
2965 3254 3180 3309 intimis
3210 3255 3420 3310 divinae
3449 3257 3818 3326 cogitationis

2112 3339 2387 3405 fontibus,
2435 3354 2536 3409 per
2583 3356 2728 3412 quos
2756 3341 2904 3397 solos
2951 3343 3266 3414 sanctitatis
3309 3352 3596 3413 proposita
3643 3346 3815 3400 robo-

2112 3435 2338 3492 rantur,
2390 3427 2628 3496 spiritus
2669 3437 2862 3485 noster
2889 3431 3186 3485 excrescit.
3223 3430 3329 3486 Sed
3370 3440 3704 3501 surgentem
3755 3435 3818 3486 in

2111 3515 2379 3584 plaustris
2410 3531 2529 3584 qua
2573 3518 2789 3571 Pharao
2827 3515 3048 3572 miserat
3084 3518 3196 3580 ﬁlii
3239 3535 3358 3573 eum
3403 3519 3634 3586 tollunt,
3671 3523 3819 3590 quia

2113 3603 2485 3673 cogitationes
2513 3612 2568 3660 et
2607 3619 2784 3674 opera
2821 3620 2952 3676 qua:
2982 3620 3056 3660 ex
3106 3606 3271 3662 nobis
3319 3608 3601 3678 prodeunt
3649 3608 3819 3665 initio

2114 3692 2542 3758 conversionis,
2592 3699 2856 3747 nontam
2909 3706 2942 3746 a
2973 3693 3137 3748 nobis
3178 3702 3464 3763 reguntur
3511 3708 3690 3764 quam
3738 3710 3822 3750 se-

2115 3779 2373 3835 cundum
2398 3779 2709 3835 volubilem
2743 3780 2873 3836 vita:
2893 3782 3100 3836 veteris
3121 3789 3362 3846 statum,
3389 3782 3491 3851 qui
3521 3796 3556 3837 a
3585 3782 3822 3840 diabolo

2116 3866 2389 3922 inductus
2413 3874 2517 3930 est,
2559 3881 2773 3933 senem,
2811 3867 3063 3934 labilem,
3093 3877 3148 3924 et
3182 3869 3486 3938 proclivem
3519 3871 3820 3940 spiritum,

2116 3953 2378 4020 innoxia,
2427 3961 2661 4024 propter
2707 3954 2954 4010 lasciviae
2995 3965 3050 4010 et
3079 3957 3411 4026 cupiditatis
3455 3971 3686 4024 uxores,
3723 3959 3822 4015 vel

2119 4041 2362 4096 inﬁrmae
2409 4041 2794 4098 exsecutionis
2839 4043 3139 4111 parvulos,
3187 4053 3417 4115 regunt.
3464 4046 3657 4101 Omnia
3695 4062 3824 4116 quae

2115 4129 2426 4198 possederat
2462 4131 2519 4182 in
2547 4134 2696 4184 terra
2745 4131 3007 4186 Chanaan
3057 4133 3424 4196 comitantur,
3461 4133 3600 4202 quia
3647 4135 3824 4205 quid-

2119 4216 2260 4286 quid
2297 4215 2357 4272 in
2400 4217 2664 4273 saeculari
2707 4219 3140 4275 conversatione
3187 4221 3434 4276 levitatis
3475 4222 3819 4292 habuimus,

2121 4302 2458 4372 nobiscum,
2515 4310 2659 4360 I65
2718 4305 2965 4362 velimus
3020 4307 3300 4374 nolimus,
3353 4309 3607 4366 ferimus.
3665 4309 3822 4368 Cum

1303 4393 2013 4499 éuIn"q;l;;;;n‘i'v;;s;
2049 4393 2276 4490 Domni
2325 4393 2541 4450 semine
2598 4401 2792 4452 nostro
2848 4395 2906 4450 in
2960 4396 3276 4466 Egyptum
3332 4399 3631 4466 venimus,
3678 4415 3821 4457 cum

2119 4480 2314 4536 omnia
2360 4495 2492 4550 quae
2538 4495 2610 4537 ex
2665 4491 2859 4538 nostra
2913 4485 3252 4540 carnalitate
3310 4495 3680 4556 generantur,
3742 4490 3819 4546 ad

2119 4569 2433 4638 Egyptum
2481 4569 2658 4625 nostri
2705 4569 2961 4640 ipsorum
3009 4573 3354 4642 cognitionis
3401 4573 3820 4632 confessionem

2120 4655 2523 4712 descendentes
2576 4657 2938 4726 proferimus.
2994 4659 3194 4714 Semen
3251 4661 3422 4717 etiam
3472 4670 3653 4731 potest
3696 4677 3824 4720 esse

2119 4742 2246 4813 ipsa
2271 4743 2556 4811 voluntas,
2590 4759 2766 4814 quam
2806 4760 3033 4802 omnem
3084 4747 3342 4816 fecimus,
3398 4764 3530 4806 cum
3562 4751 3634 4806 ad
3667 4751 3824 4809 bona

2121 4831 2390 4902 quaelibet
2455 4831 2837 4888 benivolentia
2890 4849 3003 4890 non
3073 4849 3355 4892 caremus.
3413 4839 3584 4905 Filii,
3643 4854 3824 4909 opera

2122 4926 2314 4975 nostra
2341 4927 2497 4987 sunt,
2525 4927 2760 4990 nepotes,
2794 4921 2894 4976 filii
2933 4921 3146 4978 scilicet
3186 4924 3454 4992 filiorum,
3491 4925 3718 4983 fructus
3764 4936 3822 4985 et

2121 5007 2376 5076 prwmia,
2422 5007 2480 5063 in
2510 5022 2608 5078 spe
2653 5016 2842 5064 tamen
2891 5011 3103 5076 adhuc,
3155 5020 3292 5068 sunt
3335 5027 3599 5082 operum.
3638 5017 3816 5084 Filia,

2121 5095 2390 5166 qualibet
2432 5094 2699 5152 muliebri
2744 5105 2870 5152 acta
2911 5098 3164 5166 mollitie,
3201 5114 3334 5155 cum
3391 5101 3546 5156 omni
3601 5104 3817 5172 promi-

2119 5197 2272 5240 scua:
2301 5183 2834 5252 administrationis,
2867 5185 3148 5243 bonorum
3197 5187 3458 5245 videlicet
3499 5191 3814 5248 malorum-

2122 5284 2236 5340 que
2266 5271 2556 5342 progenie.

2192 5394 2362 5452 Vnns.
2409 5398 2497 5450 2‘7.
2543 5427 2612 5437 —
2659 5395 2850 5452 Omnes
2897 5401 3095 5453 anima:
3123 5399 3312 5454 domus
3359 5401 3522 5456 Iacob
3560 5416 3682 5470 qua
3728 5405 3816 5458 in-

2121 5497 2316 5551 gressae
2363 5488 2495 5538 sunt
2539 5486 2595 5539 in
2641 5489 2936 5554 zEgyptum
2981 5488 3136 5552 fuere
3181 5491 3546 5557 septuaginta.
3601 5487 3817 5559 Septies

2120 5570 2296 5626 denos
2325 5573 2691 5643 septuaginta
2720 5573 2924 5638 facere,
2970 5575 3114 5631 nulli
3163 5591 3276 5630 non
3310 5576 3680 5646 perspicuum
3706 5587 3811 5635 est.

2119 5659 2330 5716 Anima
2350 5666 2542 5716 autem
2563 5674 2679 5716 non
2704 5659 2864 5718 aliud
2894 5675 3073 5732 quam
3099 5663 3430 5720 animalitas
3451 5663 3810 5736 intelligitur,
