3950 6424
114 428 221 481 309

1337 418 1705 490 nonA‘Lwn
1744 433 1817 488 1N
1855 433 2155 492 cennsm
2197 438 2325 491 LIB.
2366 438 2427 492 x.

3541 452 3644 504 310

115 560 418 618 Denarius
446 563 521 619 ad
568 564 935 635 Decalogum,
984 566 1339 633 septenarius
1369 566 1571 623 attinet
1614 567 1684 622 ad
1716 580 1828 623 sa-
1865 570 1913 624 A
1941 567 2153 626 dicitur
2192 571 2522 627 erubescens.
2577 572 2644 629 In
2704 575 2966 639 terrenis,
3018 577 3120 646 ait,
3163 578 3338 647 pudet
3379 594 3477 637 eos
3512 588 3642 639 stu-

116 648 237 704 culi
272 652 579 720 prasentis
607 666 943 709 excursum.
976 653 1347 709 Aniinalitate
1378 669 1516 725 ergo
1556 655 1677 710 istis
1703 669 1835 725 qua

119 737 376 793 adversa
410 737 517 793 sibi
552 745 709 805 sunt,
740 738 861 808 lege
892 738 988 794 Dei
1023 747 1077 793 et
1122 741 1351 807 saculo,
1407 742 1596 796 media
1636 741 1838 798 consti-

119 832 250 880 tuta
268 825 526 893 duobus,
541 841 675 882 cum
695 827 876 882 multa
890 827 1097 882 suimet
1114 841 1180 881 su
1191 826 1259 882 ita
1270 828 1586 884 rcinatione
1598 829 1835 899 spiritus

118 912 469 982 IEgyptum,
497 914 551 969 id
582 921 666 969 est
693 914 954 969 obscura
985 914 1177 969 adhuc
1204 915 1451 972 latebras
1481 917 1707 983 mentis,
1738 930 1835 987 ag-

119 1000 433 1071 greditur;
460 1002 699 1072 spiritus
718 1003 871 1058 enim
888 1001 1008 1072 lege
1023 1003 1382 1059 consentiens
1409 1013 1706 1074 promptus
1727 1012 1831 1071 est,

117 1101 258 1144 caro
290 1097 485 1145 autem
510 1090 740 1145 intirma
767 1090 1036 1147 renititur
1057 1091 1273 1159 (Matth.
1301 1107 1462 1157 xxvr,
1492 1095 1601 1161 14).
1631 1094 1829 1163 (Vens.

118 1176 383 1245 8.)Misit
422 1183 602 1232 autem
636 1179 799 1233 Jacob
846 1178 1044 1233 Judam
1093 1186 1219 1233 ante
1273 1195 1327 1233 se
1365 1181 1440 1234 ad
1492 1183 1722 1251 Joseph,
1772 1187 1834 1237 ut

117 1268 413 1320 nuntiaret
439 1269 506 1333 ei,
536 1273 586 1321 et
615 1268 706 1321 ille
749 1268 985 1322 occurrit
1013 1270 1064 1320 ei
1098 1270 1156 1320 in
1191 1268 1403 1323 Gessen.
1447 1269 1500 1324 Si
1546 1270 1698 1325 enim
1733 1284 1834 1340 per

116 1354 660 1423 supplantationem
712 1355 923 1425 peccati
975 1354 1048 1409 ad
1097 1354 1485 1425 intelligentia
1538 1371 1828 1414 summam

116 1442 415 1513 attingere
465 1443 738 1500 volumus
801 1458 899 1513 per
977 1445 1383 1509 confessionem,
1464 1446 1617 1514 quod
1663 1446 1827 1502 Juda

116 1545 336 1585 nomen
376 1539 563 1597 sonat,
609 1530 866 1586 notitiam
902 1530 1030 1600 ejus
1081 1545 1481 1601 praeoccupare
1530 1533 1822 1590 debemus.

113 1618 283 1674 Hanc
316 1618 498 1690 igitur
525 1626 880 1687 sequestram
917 1622 1049 1689 jure
1083 1621 1504 1688 praemittimus,
1535 1631 1590 1678 et
1632 1637 1765 1677 mox
1795 1637 1826 1677 e

114 1708 321 1763 vicino
345 1707 499 1762 illam
533 1707 728 1762 adesse
780 1706 1080 1768 sentimus.
1119 1715 1420 1777 postquam
1452 1711 1826 1766 conscientias

1943 656 2155 725 duisse,
2183 658 2283 715 ubi
2313 658 2570 716 fructum
2618 661 2817 718 vident
2854 663 3029 719 studii
3077 678 3135 720 se
3168 665 3502 724 nullatenus
3532 668 3640 725 ha-

1944 745 2155 812 buisse,
2201 747 2586 817 intelligenter
2627 750 2836 805 amodo
2886 752 3088 808 volunt
3133 752 3346 822 vivere,
3386 762 3441 811 et
3482 770 3637 825 oves,

1942 833 2323 902 simplicitatis
2366 834 2579 891 scilicet
2621 850 2811 906 opera,
2866 837 3109 894 viriliter
3154 841 3393 911 exsequi
3438 850 3494 898 et
3522 858 3639 900 nu-

1943 919 2098 985 trire,
2131 936 2237 976 nec
2265 921 2576 978 divisiones
2598 923 2931 993 cupiditatis
2969 934 3024 982 et
3057 926 3386 985 invidentia
3417 939 3637 986 sectan-

1940 1012 2039 1063 tur
2067 1016 2122 1063 et
2151 1010 2437 1078 superbia
2466 1012 2758 1079 scandala,
2792 1013 2887 1069 sed
2922 1014 3205 1070 virtutum
3237 1030 3372 1071 cum
3402 1017 3637 1073 humili-

1941 1103 2055 1151 tate
2080 1098 2352 1153 exercitia
2401 1099 2684 1170 gregatim
2739 1115 2806 1156 ac
2862 1102 3096 1171 paciﬁce
3159 1104 3526 1172 coharentia,
3583 1114 3637 1161 et

1938 1182 2069 1238 ideo
2099 1184 2172 1239 ali
2198 1191 2252 1239 et
2301 1186 2495 1241 curari
2536 1186 2731 1257 digna.
2777 1187 2869 1244 Nil
2909 1189 3158 1246 carnalis
3188 1191 3296 1246 sibi
3330 1192 3635 1260 patiuntur

1940 1272 2185 1327 residere
2217 1273 2494 1341 licentia;
2524 1291 2719 1344 pecora
2758 1281 2809 1329 et
2842 1283 3109 1345 armenta,
3144 1278 3375 1334 infirma
3415 1286 3472 1335 et
3514 1279 3634 1336 for-

1938 1360 2016 1415 tia
2049 1368 2176 1416 acta
2204 1377 2330 1427 sua,
2373 1364 2656 1435 quidquid
2706 1378 2946 1421 suorum
2995 1366 3063 1420 ad
3106 1367 3371 1437 regulam
3418 1369 3631 1440 corrigi

1936 1451 2141 1518 potuit,
2177 1451 2248 1505 ad
2280 1450 2397 1505 vim
2430 1452 2729 1507 duxerunt
2759 1453 3001 1509 ccelestis
3026 1454 3295 1511 scientia.

2007 1537 2179 1593 Vens.
2217 1542 2303 1598 33.
2337 1541 2419 1593 34.
2459 1570 2527 1578 —-
2563 1541 2800 1608 Cumque
2842 1545 3114 1596 vocat-erit
3154 1558 3246 1597 vos
3285 1549 3337 1597 et
3382 1545 3628 1599 dixerit:

1937 1625 2094 1691 Quod
2131 1632 2211 1679 est
2257 1642 2389 1696 Opus
2435 1632 2717 1681 vestrum?
2754 1630 3194 1697 Respondebitis:
3242 1633 3360 1686 Viri
3388 1639 3631 1701 pastores

1934 1729 2118 1768 sumus
2140 1717 2285 1768 servi
2314 1717 2416 1783 tui,
2457 1715 2525 1769 ab
2555 1717 2802 1781 infantia
2844 1722 3031 1771 nostra
3068 1732 3237 1786 usque
3276 1721 3333 1773 in
3370 1735 3629 1788 praesens,

110 1795 447 1851 conﬁtendo
496 1794 991 1851 mundaverimus.
1050 1793 1257 1851 Gessen
1304 1809 1556 1866 namque
1605 1798 1819 1855 dicitur
1858 1845 1897 1898 Β
1932 1808 1982 1856 et
2007 1818 2101 1857 nos
2122 1808 2169 1857 et
2198 1808 2385 1872 patres
2422 1806 2617 1857 nostri.
2652 1807 2775 1859 Haec
2820 1811 3000 1858 autem
3035 1806 3247 1871 dicetis,
3280 1812 3341 1860 ut
3384 1806 3634 1862 habitare

108 1886 395 1939 vicinitas.
450 1884 605 1940 Beati
648 1883 863 1954 quippe
898 1883 1103 1938 mundi
1151 1884 1338 1951 corde,
1390 1886 1666 1954 quoniam
1708 1887 1815 1957 ipsi

108 1974 300 2028 Deum
333 1972 612 2028 videbunt
641 1973 863 2041 (Matth.
895 1988 944 2039 ν,
980 1972 1053 2041 8).

183 2062 359 2117 Vens.
411 2064 500 2116 29.
564 2062 680 2126 Quo
730 2076 850 2115 cum
910 2061 1264 2129 peremisset,
1323 2061 1542 2130 junctos
1619 2065 1817 2134 Ioseph

106 2166 275 2205 curru
303 2166 424 2215 suo,
455 2150 699 2205 ascendit
744 2150 954 2204 obviam
985 2150 1138 2217 patri
1181 2149 1257 2202 ad
1311 2150 1554 2205 eumdem
1609 2152 1806 2209 locum.

107 2239 384 2295 Diximus
430 2246 484 2294 et
517 2239 724 2295 Gessen
776 2237 1043 2307 superius
1096 2237 1462 2307 interpretari
1510 2246 1813 2312 appropin-

106 2342 283 2395 quans
319 2329 635 2397 palpationi
660 2342 863 2381 eorum.
900 2326 967 2381 Et
1005 2325 1244 2395 spiritus
1292 2340 1406 2381 non
1450 2327 1570 2397 jam
1607 2328 1815 2386 imbel—

106 2415 193 2481 lis,
238 2424 551 2486 postquam
601 2428 702 2484 per
746 2413 1121 2470 subtilitatem
1155 2413 1519 2483 dispectionis
1552 2416 1813 2475 imminet

104 2504 579 2575 suggestionibus
618 2503 835 2574 quibus
881 2517 986 2558 nos
1033 2502 1269 2571 palpant
1317 2503 1599 2560 lenocinia
1642 2506 1809 2563 vitio-

104 2605 234 2648 rum
258 2594 456 2660 juncto
494 2593 692 2661 Joseph
730 2607 895 2645 curru
932 2590 1177 2645 ascendit
1214 2590 1428 2647 obviam
1465 2597 1637 2661 patri,
1671 2596 1811 2665 quia

106 2693 205 2749 per
255 2680 358 2735 Dei
416 2681 676 2736 timorem
724 2679 1047 2736 coadunato
1104 2677 1280 2734 totius
1335 2680 1632 2748 sapientiae
1691 2699 1810 2739 sua

106 2768 574 2825 intellectualitas
615 2769 851 2839 impetu,
902 2768 972 2823 ad
1020 2766 1331 2822 evertenda
1380 2768 1591 2825 diaboli
1629 2786 1810 2842 regna

106 2857 360 2925 spiritui,
405 2858 462 2913 id
490 2865 575 2913 est
612 2856 840 2924 rationi,
892 2857 986 2912 cui
1018 2854 1205 2924 proles
1242 2854 1450 2911 nobilis
1494 2866 1597 2925 est,
1631 2861 1808 2914 auxi-

105 2944 247 3001 lium
292 2946 491 3002 latura
539 2947 856 3015 consurgit.
923 2944 1229 3012 Videasque
1274 2960 1395 2999 eum
1431 2948 1599 3000 irruit
1644 2964 1806 3017 super

106 3037 299 3091 collum
359 3037 501 3103 ejus,
575 3041 625 3090 et
710 3037 852 3089 inter
899 3035 1182 3102 ampleatus
1230 3034 1378 3099 flevit
1430 3034 1622 3104 (Vens.
1694 3038 1803 3103 30.)

1928 1893 2149 1960 possitis
2207 1894 2267 1946 in
2320 1897 2467 1947 terra
2517 1892 2730 1958 Gessen,
2789 1895 2923 1961 quia
2977 1894 3317 1948 detestantur
3366 1896 3634 1965 Egyptii

1926 1993 2105 2032 omnes
2152 1982 2399 2048 pastores
2469 1981 2668 2033 ovium.
2741 1978 2913 2035 Vocat
2986 1994 3089 2035 nos
3147 1980 3392 2050 Pharao,
3451 1988 3506 2038 et
3562 1982 3630 2039 de

1925 2080 2095 2136 opere
2124 2067 2467 2134 sciscitatur,
2499 2082 2632 2122 cum
2666 2067 3078 2124 tentationibus
3128 2069 3343 2139 pulsat,
3389 2077 3444 2126 et
3488 2083 3625 2126 cau-

1924 2167 2017 2208 sas
2044 2169 2283 2224 operum
2309 2168 2599 2225 operaque
2640 2155 2757 2224 ipse
2801 2147 3067 2211 diabolus
3108 2157 3314 2213 callide
3358 2157 3624 2214 rimatur.

1924 2242 2029 2297 Sed
2088 2242 2323 2298 viriliter
2372 2243 2441 2298 de
2490 2251 2787 2312 pastoratu
2839 2244 3222 2315 simplicitatis
3275 2246 3624 2316 responden-

1923 2329 2061 2384 dum
2097 2338 2200 2397 est,
2246 2337 2300 2386 et
2343 2328 2471 2385 licet
2512 2345 2611 2399 per
2665 2330 2946 2386 infantilis
2991 2332 3170 2387 animi
3220 2333 3624 2390 hebetudinem

1922 2417 2248 2474 anhelando
2311 2418 2368 2474 in
2410 2419 2715 2488 prasentia
2761 2427 2816 2475 et
2875 2419 3074 2476 futura
3129 2421 3472 2493 negligendo
3516 2422 3624 2478 sibi

1921 2506 2308 2571 servierimus,
2379 2516 2570 2562 motus
2637 2508 2851 2563 scilicet
2921 2509 3271 2579 principales
3329 2510 3511 2566 nostri
3567 2519 3623 2566 et

1922 2600 2037 2648 tota
2066 2594 2303 2664 spiritus
2333 2594 2663 2663 paternitas,
2711 2602 2904 2652 tamen
2949 2596 3193 2652 summis
3240 2597 3464 2653 viribus
3492 2598 3622 2653 eni-

1919 2681 2179 2749 tendum,
2209 2689 2274 2737 ut
2316 2689 2467 2738 terra
2508 2683 2890 2739 cultibilitatis
2938 2684 3199 2752 interna,
3255 2699 3375 2756 qua
3425 2685 3618 2755 palpa-

1920 2770 2058 2825 tioni
2093 2770 2363 2825 vitiorum
2393 2771 2702 2837 assistitur,
2756 2773 2918 2828 nobis
2946 2773 3260 2828 habitanda
3287 2780 3341 2829 et
3367 2775 3619 2844 regenda

1917 2856 2091 2913 libere
2127 2865 2375 2924 maneat,
2417 2866 2472 2913 et
2514 2866 2670 2914 tanto
2713 2859 2995 2926 solertius,
3048 2868 3268 2931 quanto
3313 2860 3618 2917 saculares

1916 2946 2136 3016 quique
2166 2945 2351 3016 magis
2380 2946 2695 3002 exhorrent
2729 2947 3068 3003 innocentia
3096 2961 3163 3002 ac
3193 2948 3460 3017 puritatis
3488 2955 3614 3005 stu-

1915 3034 2029 3089 dia.
2091 3034 2228 3100 Qua
2285 3043 2615 3103 sequuntur
2656 3035 2916 3105 exposita
2965 3043 3138 3106 sunt;
3200 3050 3314 3092 non
3358 3036 3615 3107 exposita

104 3125 268 3179 Dixit
297 3129 460 3193 pater
515 3123 589 3177 ad
641 3125 866 3191 Ioseph:
897 3124 1022 3177 Jam
1061 3122 1213 3175 latus
1251 3125 1478 3189 moriar,
1526 3126 1659 3192 quia
1686 3125 1806 3178 vidi
1842 3137 1883 3192 ε
1917 3135 2321 3193 proponamus.

101 3214 297 3279 faciem
334 3216 507 3280 tuam,
555 3216 606 3266 et
632 3214 975 3280 superstitem
1021 3214 1071 3265 te
1120 3216 1385 3279 relinquo.
1438 3214 1576 3267 Eum
1622 3213 1803 3268 cernit

102 3314 230 3355 cum
307 3299 538 3356 sibimet
607 3298 928 3355 intellectus
981 3299 1103 3371 ipse
1144 3302 1450 3359 utilitatem
1512 3300 1803 3357 excellen-

100 3388 361 3457 tiamque
411 3388 711 3443 illustrata
773 3402 808 3443 a
852 3390 962 3444 Deo
1026 3390 1266 3446 rationis
1314 3388 1576 3445 ostendit.
1630 3389 1805 3457 Super

101 3477 292 3530 collum
312 3478 506 3540 irruit,
529 3491 663 3532 cum
693 3476 931 3532 consilio
978 3477 1294 3547 spiritualis
1322 3477 1447 3548 ejus
1479 3477 1632 3531 vocis
1677 3490 1804 3548 gra-

101 3572 287 3621 tanter
333 3564 653 3634 applaudit.
708 3566 857 3620 Inter
902 3567 1191 3635 amplexus
1239 3566 1355 3631 ﬂet,
1406 3580 1541 3620 cum
1590 3564 1801 3620 interni

104 3654 188 3708 sui
247 3653 541 3718 desiderii,
600 3668 718 3724 quo
773 3654 888 3709 Deo
956 3662 1011 3710 et
1086 3654 1376 3724 spirituali
1434 3653 1797 3725 astringitur,

103 3748 305 3797 astum
333 3742 624 3798 evidentia
672 3756 911 3812 operum
960 3742 1186 3813 pietatis
1230 3742 1483 3798 exhibet.
1530 3743 1614 3797 Ex
1651 3741 1801 3797 inte-

106 3828 237 3885 riori
270 3843 526 3900 namque
556 3837 716 3885 motu
747 3830 817 3885 ad
868 3830 1069 3887 faciem
1123 3830 1291 3888 ﬂetus
1327 3830 1627 3887 emittitur.
1678 3833 1800 3886 Jam

106 3918 273 3985 tatus,
309 3920 522 3990 inquit,
566 3922 790 3986 moriar,
842 3919 983 3990 quia
1034 3933 1303 3990 persensa
1347 3918 1559 3975 calesti
1597 3918 1800 3974 dulce-

109 4003 255 4071 dine,
290 4007 528 4077 spiritus
571 4006 694 4078 jam
733 4007 977 4064 libenter
1005 4015 1164 4078 optat
1194 4007 1488 4078 exstingui
1536 4006 1799 4062 saculari

110 4093 333 4160 penitus
390 4094 605 4165 gloria.
671 4097 886 4150 Faciem
931 4095 1106 4163 enim,
1164 4095 1222 4151 id
1283 4102 1369 4151 est
1425 4094 1802 4150 clarissimam

111 4179 261 4237 illam
324 4183 577 4252 speciem
629 4182 1040 4256 intelligentia,
1103 4183 1344 4254 spiritus
1414 4183 1669 4254 attigisse
1742 4196 1801 4238 se

110 4270 331 4337 gaudet,
364 4286 467 4327 nec
498 4271 639 4341 quia
684 4272 902 4328 mundo
932 4271 1205 4328 occubuit
1253 4270 1422 4337 dolet,
1474 4277 1670 4339 utpote
1697 4269 1799 4338 qui

109 4368 173 4409 ex
228 4369 295 4411 ea
360 4365 540 4413 morte
620 4358 950 4415 interiorem
1018 4358 1307 4413 hominem
1374 4356 1801 4427 supereminere

110 4442 367 4500 vivacius
397 4445 571 4501 videt.

179 4531 347 4588 Vens.
390 4536 480 4599 3t,
523 4536 609 4588 32.
650 4563 720 4574 —
748 4536 819 4589 Et
873 4534 966 4588 ille
1006 4534 1211 4588 locutus
1256 4539 1336 4589 est
1374 4532 1450 4587 ad
1490 4534 1695 4599 fratres
1749 4537 1802 4586 et

112 4618 182 4671 ad
206 4635 407 4675 omnem
431 4622 646 4675 domum
696 4624 881 4691 patris
939 4622 1045 4676 sui.
1106 4620 1414 4676 Ascendam
1460 4625 1509 4675 et
1537 4620 1801 4675 nuntiabo

113 4707 402 4776 Pharaoni,
454 4710 736 4779 dicamque
765 4712 852 4763 ei:
904 4711 1122 4764 Fratres
1168 4712 1274 4764 mei
1310 4714 1361 4763 et
1389 4708 1577 4763 domus
1616 4706 1801 4777 patris

114 4797 230 4861 mei,
257 4799 354 4867 qui
377 4803 533 4853 erant
572 4801 632 4852 in
683 4802 830 4853 terra
875 4799 1158 4866 Chanaan,
1207 4801 1467 4851 venerunt
1509 4797 1583 4851 ad
1604 4812 1723 4863 me;
1752 4801 1803 4850 et

115 4891 235 4938 sunt
259 4889 371 4941 viri
398 4891 643 4955 pastores
676 4890 877 4951 ovium,
919 4902 1212 4956 curamque
1260 4886 1457 4942 habent
1486 4885 1803 4940 alendorum

118 4987 347 5039 gregum.
384 4977 584 5031 Pecora
616 4990 717 5029 sua
745 4980 796 5030 et
824 4981 1095 5043 armenta,
1145 4980 1197 5029 et
1245 4977 1430 5029 omnia
1461 4989 1579 5043 qua
1609 4974 1803 5028 habere

116 5067 414 5128 potuerunt.
451 5063 806 5119 adduxerunt
857 5079 1055 5119 secum.
1109 5064 1202 5118 Ad
1247 5065 1453 5131 fratres
1501 5067 1551 5116 et
1589 5062 1665 5116 ad
1699 5062 1803 5117 do-

119 5163 253 5205 mum
300 5155 484 5222 patris
565 5152 842 5223 loquitur,
905 5167 1038 5209 cum
1091 5152 1263 5208 fortes
1325 5152 1505 5208 animi
1572 5151 1805 5208 habitus

119 5248 313 5295 etcum
345 5242 471 5311 ipsa
529 5248 734 5308 mente,
780 5256 913 5311 qua
969 5241 1175 5297 domus
1230 5239 1469 5311 spiritus
1496 5246 1601 5306 est,
1633 5237 1802 5294 intel-

122 5322 288 5382 lectus
313 5328 711 5385 ratiocinator.
762 5328 1050 5395 Ascendit,
1084 5335 1139 5383 et
1184 5328 1500 5383 adventum
1543 5326 1720 5396 patris
1748 5333 1805 5382 et

123 5407 345 5472 fratrum
378 5417 664 5473 Pharaoni
710 5416 961 5481 nuntiat,
1008 5431 1138 5471 cum
1174 5417 1297 5486 ipsa
1344 5414 1546 5470 intima
1585 5420 1801 5481 nostra,

126 5510 243 5566 qua
280 5504 556 5570 diximus,
602 5505 795 5559 omnia
842 5506 916 5561 ab
963 5504 1092 5559 imis
1144 5504 1361 5559 faciens
1402 5501 1800 5569 conscendere,

128 5592 335 5660 magnis
371 5602 640 5650 votorum
714 5593 1191 5649 destinationibus
1255 5591 1461 5662 grandi
1524 5590 1799 5657 efﬁcacia,

131 5686 188 5727 ac
229 5678 273 5733 si
317 5682 572 5751 quodam
616 5681 847 5745 nuncio,
890 5680 1183 5736 diabolum
1233 5678 1474 5735 lacessit.
1527 5678 1803 5734 Chanaan

2431 3199 2460 3246 1
2474 3197 2574 3247 08
2612 3192 2844 3249 CAPUT
2884 3194 3107 3251 XLVII.

1986 3297 2156 3354 Vens.
2190 3299 2242 3357 2.
2286 3299 2339 3353 3.
2395 3329 2462 3337 —
2508 3301 2790 3352 Extremus
2847 3315 3057 3371 quoque
3100 3302 3343 3365 fratrum
3390 3315 3611 3355 suorum

1912 3386 2153 3453 quinque
2176 3386 2322 3440 viros
2351 3389 2547 3440 statuit
2595 3402 2776 3440 coram
2819 3403 2959 3455 rege.
2998 3388 3136 3453 Quos
3169 3389 3260 3442 ille
3297 3391 3605 3455 interroga-

1910 3474 2204 3543 vit:()uid
2251 3475 2459 3529 habetis
2506 3478 2725 3544 operis?
2770 3476 2918 3531 Illud
2971 3484 3161 3531 tamen
3205 3477 3392 3532 notari
3442 3476 3609 3532 debet

1911 3563 2067 3632 quod
2117 3576 2232 3618 non
2281 3563 2377 3619 hic
2426 3565 2768 3629 ascendisse,
2817 3564 2915 3619 sed
2962 3566 3238 3632 ingressus
3285 3565 3482 3634 Ioseph
3534 3565 3608 3617 ad

1910 3651 2246 3705 Pharaonem
2281 3652 2494 3708 dicitur
2539 3665 2680 3719 esse,
2737 3666 2878 3722 quia
2924 3667 3054 3708 cum
3106 3652 3175 3708 de
3224 3652 3345 3707 vitii
3392 3651 3609 3709 desidia

1911 3738 1983 3793 ad
2012 3738 2246 3795 virtutis
2285 3740 2533 3810 gradum
2582 3731 3104 3806 conscenderimus,
3162 3740 3332 3811 quasi
3362 3740 3435 3795 ad
3474 3740 3610 3796 Pha-

1909 3840 2142 3884 raonem
2174 3827 2553 3900 ingredimur,
2586 3828 2728 3884 dum
2760 3828 2832 3883 ad
2863 3842 2931 3883 ea
2961 3843 3093 3898 qua
3126 3829 3183 3884 in
3222 3829 3385 3885 nobis
3409 3828 3609 3885 crude-

1911 3914 2041 3970 liter
2073 3922 2129 3971 et
2161 3915 2460 3984 tyrannice
2500 3914 2815 3979 obtinebat,
2871 3915 3041 3970 nobis
3089 3914 3331 3971 ﬁdeliter
3373 3915 3501 3991 ejus
3527 3930 3610 3984 pe-

1910 4002 2156 4058 netralia
2203 4001 2594 4073 intelligentia
2651 4000 2877 4057 viribus
2928 4002 3311 4071 irrumpentes
3357 4016 3606 4073 usurpa-

1910 4104 2062 4146 mus.
2096 4090 2357 4147 Extremi
2409 4090 2653 4146 fratrum
2685 4088 2948 4159 quinque
2988 4089 3118 4157 viri,
3170 4098 3307 4146 sunt
3342 4088 3608 4160 quinque

1908 4178 2128 4245 linales,
2160 4186 2214 4234 et
2240 4193 2372 4249 qua
2398 4181 2517 4247 vix,
2554 4185 2618 4234 ut
2646 4179 2728 4233 sic
2753 4178 2961 4245 dicam,
3003 4179 3281 4234 extremis
3307 4177 3607 4234 laboribus

1908 4267 2318 4337 acquiruntur,
2353 4280 2579 4337 magna
2609 4266 2900 4322 virilitatis
2934 4266 3195 4330 virtutes,
3227 4280 3360 4337 qua
3392 4266 3607 4322 intelle-

1909 4356 2027 4413 ctui
2067 4369 2345 4427 germana
2377 4355 2630 4426 quadam
2662 4354 3040 4424 opitulatione
3085 4361 3462 4412 concurrunt.
3496 4354 3607 4411 Ex-

1840 4436 1884 4491 D
1914 4451 2107 4500 trema
2137 4451 2291 4509 sunt,
2329 4445 2425 4498 vix
2453 4443 2605 4498 enim
2638 4442 2712 4499 ad
2760 4444 2863 4499 bas
2902 4443 3085 4513 aliqui
3128 4451 3231 4501 aut
3263 4444 3464 4501 volunt
3504 4451 3608 4500 aut

1911 4533 2234 4605 pertingere
2266 4541 2523 4604 possunt.
2682 4596 2687 4599 τ

1981 4621 2174 4679 Prima
2198 4630 2283 4678 est
2313 4622 2571 4677 lectionis
2604 4619 2932 4689 instantia;
2962 4617 3241 4686 secunda,
3281 4617 3477 4675 minus
3511 4618 3607 4675 in-

1909 4708 2132 4767 tellecta
2177 4725 2311 4766 cum
2342 4708 2696 4766 doctioribus
2743 4706 3072 4763 conferendi
3116 4706 3454 4777 diligentia;
3487 4712 3607 4762 ter-

1912 4797 2010 4864 tia,
2065 4797 2314 4868 vigilans
2357 4797 2427 4853 ad
2477 4795 2853 4852 retentionem
2905 4794 3237 4849 auditorum
3288 4791 3604 4860 memoria;

1911 4893 2141 4956 quarta,
2196 4885 2432 4941 humilis
2474 4898 2646 4955 penes
2689 4895 2953 4952 quosque
2998 4881 3301 4953 magistros
3345 4892 3607 4936 reveren-

1912 4974 2024 5042 tia;
2054 4974 2278 5043 quinta,
2321 4988 2455 5030 cum
2487 4969 2800 5029 mundialis
2834 4969 2907 5025 ad
2948 4969 3241 5040 integrum
3296 4967 3608 5038 despicitur

1913 5061 2114 5132 gloria.
2158 5062 2270 5117 Hos
2298 5076 2436 5118 sane
2472 5061 2750 5117 veraciter
2790 5059 2945 5117 viros
2975 5072 3108 5114 cum
3137 5070 3332 5113 coram
3371 5057 3607 5127 dispen-

1911 5157 2099 5205 satore
2150 5150 2543 5213 statuerimus,
2598 5151 2776 5205 totam
2837 5147 3087 5218 profecto
3154 5146 3283 5216 ejus
3335 5144 3607 5201 astutiam

1912 5238 2122 5293 harum
2172 5238 2556 5294 unanimitate
2612 5237 3024 5295 obsidebimus.
3080 5235 3189 5291 Hos
3234 5242 3427 5290 tamen
3465 5232 3607 5304 quid

1911 5327 2097 5395 operis
2133 5325 2386 5381 habeant
2430 5326 2764 5397 interrogat,
2814 5337 2947 5380 cum
3001 5321 3308 5392 aliquoties
3349 5334 3385 5377 a
3429 5334 3608 5375 sacra

1912 5414 2222 5484 Scriptura
2251 5415 2442 5470 studio
2480 5414 2809 5480 dehortans,
2855 5412 3008 5482 ipsas
3036 5411 3158 5481 pias
3198 5409 3611 5466 sollicitudines

1912 5516 2018 5558 cur
2051 5509 2344 5571 tantopere
2370 5502 2622 5558 scientia
2654 5499 3056 5571 comparanda
3086 5499 3298 5555 instent
3338 5496 3611 5567 quodam-

1912 5591 2080 5646 modo
2126 5589 2533 5659 exprobrando
2614 5589 2891 5659 increpat.
2968 5589 3240 5653 Pastores,
3310 5584 3609 5655 inquiunt,

1910 5693 2097 5735 sumus
2126 5681 2330 5747 ovium,
2359 5683 2539 5733 etnon
2563 5683 2614 5733 et
2640 5682 2826 5748 patres
2854 5678 3046 5731 nostri.
3081 5675 3244 5743 Quod
3272 5682 3357 5731 est
3383 5674 3607 5729 dicere:
