3950 6434
309 397 406 451 3H

1209 392 1272 446 ν.
1313 391 1649 448 GUIBERTI
1687 388 1978 446 ABBATIS
2013 389 2071 445 S.
2113 386 2351 444 MARLE
2388 385 2479 443 DE
2516 383 2908 443 NOVIGENTO

3699 383 3809 437 312

311 523 426 581 Nos
461 523 759 579 fructuosa
805 529 982 592 atque
1026 520 1307 590 simplicia
1357 519 1547 576 studia
1595 518 2000 589 proposuimus
2036 522 2080 574 Α
2110 515 2397 572 Benedicit
2442 517 2546 581 illi,
2575 529 2707 570 cum
2747 513 3066 570 secundum
3106 513 3250 570 sacri
3285 513 3548 569 consulta
3585 511 3808 582 eloquii

313 611 589 678 enutrirc,
645 609 786 680 quia
837 608 960 664 haec
1017 623 1122 664 nos
1169 615 1225 664 et
1279 608 1599 662 intellectus
1645 614 1699 662 et
1765 606 2003 676 spiritus

314 705 506 768 patres
533 705 589 754 et
617 704 877 753 auctores
908 695 1187 752 verissimi
1219 695 1484 751 docuere.

388 786 562 844 Visus.
591 787 647 840 4.
689 815 758 826 -
801 785 896 840 Ad
939 784 1398 854 peregrinandum
1443 785 1500 836 in
1547 789 1695 837 terra
1726 785 1820 835 tua
1864 784 2008 835 veni-

315 889 456 941 mus,
501 877 760 945 quoniam
803 888 910 928 non
952 877 1032 928 est
1078 873 1242 926 herba
1285 871 1538 940 gregibus
1578 885 1853 924 servorum
1889 874 2006 924 tuo-

315 979 459 1031 rum,
491 965 890 1029 ingravescente
925 963 1073 1028 fame
1121 963 1179 1014 in
1227 965 1374 1013 terra
1422 960 1701 1024 Chanaan,
1747 960 2009 1026 petimus-

319 1066 422 1120 que
470 1055 532 1106 ut
583 1065 694 1104 esse
717 1049 911 1119 jubeas
938 1064 1032 1102 nos
1061 1064 1240 1102 servos
1270 1055 1386 1102 tuos
1419 1049 1479 1100 in
1507 1052 1654 1100 terra
1684 1046 1904 1100 Gessen.
1945 1046 2009 1100 In

319 1140 537 1196 mundo
590 1139 686 1194 cui
735 1147 797 1194 tu
843 1136 1185 1208 principaris
1231 1150 1346 1190 non
1400 1135 1699 1201 inhaerere,
1741 1133 1835 1189 sed
1866 1145 2012 1201 pere-

322 1227 540 1298 grinari
569 1226 902 1296 delegimus,
948 1224 1223 1294 quoniam
1259 1223 1437 1278 herba
1465 1223 1716 1278 carnalis
1742 1221 2008 1286 lascivize,

321 1330 500 1386 quam
539 1321 778 1381 montes,
817 1312 991 1382 juxta
1033 1311 1174 1368 illud
1215 1311 1339 1374 Job,
1388 1311 1696 1365 Behemoth
1748 1309 1867 1378 (Job
1915 1322 2013 1374 xc,

325 1404 433 1470 l0),
461 1401 562 1458 tibi
592 1401 804 1456 scilicet
829 1400 1030 1466 fertur,
1061 1414 1174 1453 non
1210 1398 1451 1468 pertinet
1493 1401 1563 1453 ad
1598 1414 1698 1453 nos
1725 1397 1827 1467 qui
1861 1396 2012 1451 visco

320 1489 501 1548 divini
523 1489 742 1546 timoris
782 1487 1039 1559 gregales
1062 1487 1367 1553 efﬁcimur,
1397 1501 1510 1541 non
1540 1487 1690 1540 enim
1723 1499 1826 1556 per
1854 1485 2013 1540 ﬂuxa

323 1577 627 1634 libidinum
659 1577 887 1631 satietas
941 1574 1138 1640 menti,
1197 1574 1294 1628 sed
1350 1573 1526 1627 fames
1568 1573 1694 1626 dira
1738 1571 2018 1640 congemi-

321 1673 536 1730 natur;
575 1671 728 1720 terra
771 1676 976 1732 nempe
1005 1661 1281 1717 Chanaan
1316 1675 1430 1715 non
1464 1661 1740 1725 veritatis,
1794 1659 1891 1714 sed
1925 1658 2020 1712 in-

323 1753 648 1810 stabilitatis
677 1759 732 1805 et
763 1749 1125 1804 verecundia;
1155 1755 1257 1816 est,
1286 1749 1455 1818 juxta
1481 1762 1712 1802 sensum
1744 1746 2012 1802 nominis.

325 1843 394 1898 de
431 1841 601 1911 cujus
638 1839 740 1910 qui
797 1837 1001 1894 biberit
1053 1850 1208 1906 aqua
1244 1812 1492 1904 semper
1535 1835 1670 1890 sitit.
1723 1833 1882 1890 Servi
1932 1835 2016 1888 tui
2058 1812 2097 1866 Β

327 1929 562 2000 quidem
602 1941 825 1994 sumus,
868 1926 1008 1995 quia
1041 1939 1144 1980 nos
1175 1923 1273 1980 tibi
1305 1923 1548 1978 servisse
1576 1923 1839 1978 fatemur.
1877 1920 2021 1977 Gen-

329 2027 438 2072 tem
471 2029 725 2084 namque
743 2021 798 2070 et
827 2027 1072 2084 regnum
1095 2012 1248 2082 quod
1275 2025 1390 2065 non
1423 2011 1684 2066 servierit
1711 2009 2016 2066 Nabucho-

327 2105 591 2168 donosor,
619 2103 789 2174 juxta
826 2100 1152 2165 Jeremiam,
1186 2099 1462 2154 Dominus
1493 2099 1551 2154 in
1599 2099 1749 2154 fame
1781 2106 1836 2154 et
1868 2105 2018 2168 peste

326 2193 522 2248 visitat
554 2193 684 2261 (let.
726 2205 866 2256 xvn,
898 2191 976 2258 8).

400 2280 545 2336 Iube
571 2293 710 2349 ergo
740 2285 805 2333 ut
837 2280 895 2332 in
925 2284 1076 2332 terra
1102 2275 1310 2330 Gessen
1333 2275 1532 2341 simus,
1567 2275 1622 2329 id
1667 2282 1750 2330 est
1781 2289 1852 2330 ne
1882 2274 2021 2329 ulte-

330 2368 453 2424 rius
489 2366 762 2422 obsistere
797 2376 1134 2433 praesumas,
1182 2362 1309 2418 licet
1340 2376 1442 2416 nos
1483 2361 1738 2432 pristina;
1767 2361 2019 2416 servitu-

332 2456 422 2523 tis,
447 2454 543 2510 sed
570 2453 853 2524 abjuratae
892 2464 1196 2520 coarguas,
1234 2450 1376 2519 quin
1413 2450 1469 2504 in
1519 2458 1669 2504 terra
1709 2463 1822 2504 non
1869 2449 2025 2504 inﬁr-

334 2542 568 2607 mitatis,
624 2540 720 2595 sed
765 2538 1064 2595 soliditatis
1104 2551 1544 2604 commoremur,
1587 2536 1687 2592 ubi
1725 2537 2012 2606 appropie-

335 2643 465 2685 mus
521 2627 831 2698 palpationi
911 2625 1167 2681 subdola
1215 2624 1514 2690 vitiorum,
1577 2625 1673 2679 ubi
1733 2631 1816 2679 est
1874 2639 2022 2679 verae

335 2715 693 2772 discretionis
750 2715 1036 2770 vicinitas.
1087 2713 1234 2768 Nota
1287 2720 1341 2767 et
1405 2712 1584 2768 recole
1655 2713 1797 2782 quid
1849 2725 2025 2782 super

334 2805 544 2861 Gessen
569 2803 800 2858 nomine
825 2801 1182 2870 dixerimus;
1219 2801 1410 2870 petitio
1456 2807 1648 2855 autem
1695 2807 1758 2855 ut
1799 2800 2020 2870 jubeat,

336 2890 635 2948 rationalis
683 2897 767 2945 est
814 2896 1014 2944 contra
1057 2887 1452 2958 suggestiones
1499 2888 1792 2956 responsio
1815 2894 1878 2942 ut
1921 2886 2024 2941 de-

335 2980 513 3035 sistat.
551 2980 794 3034 Possunt
823 2983 878 3032 et
923 2975 1185 3046 quinque
1216 2975 1326 3029 viri
1375 2975 1463 3029 isti
1515 2974 1776 3044 quinque
1827 2988 2026 3029 sensus

2112 605 2238 674 ejus
2297 604 2600 673 respondet
2673 602 2932 658 illationi.
2993 602 3130 668 Quot
3184 607 3312 656 sunt
3367 603 3482 656 dies
3539 615 3814 655 annorum

2113 695 2237 746 vitae
2266 691 2599 762 interrogat,
2653 705 2786 746 cum
2823 692 2893 746 de
2941 690 3245 756 virtutum,
3291 689 3634 760 perfectione
3676 687 3814 742 ani-

2117 794 2276 834 mum
2337 779 2544 849 pulsat.
2597 779 2726 834 Dies
2793 779 2942 833 enim
2992 791 3232 847 operum
3280 779 3618 843 claritatem,
3665 775 3815 830 anni

2115 882 2315 924 eorum
2380 867 2708 937 signiﬁcant
2791 867 3291 936 miniiplicitatem.
3365 866 3470 923 Sed
3523 866 3819 935 superbiae

2118 955 2483 1026 impulsibus,
2521 955 2610 1010 ille
2656 965 2886 1011 centum
2939 955 3176 1026 triginta
3211 969 3498 1011 annorum
3547 953 3823 1024 peregri-

2119 1046 2408 1100 nationem
2437 1045 2652 1115 objicit,
2685 1048 2825 1114 quia
2854 1043 2958 1099 etsi
2998 1044 3280 1113 perfectio,
3315 1043 3470 1114 quod
3499 1051 3584 1098 est
3611 1049 3823 1098 cente—

2120 1133 2338 1199 narius,
2375 1132 2432 1187 in
2455 1133 2802 1202 quibusdam
2849 1139 3132 1202 suppetat,
3170 1131 3355 1187 sexies
3385 1139 3574 1187 tamen
3619 1128 3820 1199 quini,

2121 1222 2472 1290 trigenarius
2512 1220 2742 1287 scilicet,
2802 1219 2958 1290 quod
2987 1227 3071 1274 est
3108 1221 3180 1274 ab
3235 1219 3519 1275 interioris
3565 1217 3828 1272 hominis

2121 1309 2400 1364 soliditate
2454 1309 2526 1363 ad
2573 1308 2964 1364 sensualitatis
3018 1309 3334 1363 vanitatem
3389 1307 3653 1375 dilapsio,
3692 1319 3827 1360 sese

2123 1398 2260 1452 dum
2293 1398 2522 1452 animus
2571 1413 2605 1452 a
2654 1412 2712 1452 se
2767 1397 3190 1466 peregrinatur,
3247 1396 3510 1466 objectat.
3567 1397 3737 1450 Parvi
3771 1399 3828 1447 et

2124 1487 2257 1538 mali
2288 1486 2402 1538 dies
2442 1491 2587 1550 sunt,
2635 1487 2773 1555 quia
2804 1493 2960 1540 tanto
3008 1485 3192 1554 magis
3232 1493 3314 1539 est
3363 1485 3549 1539 virtus
3575 1484 3830 1552 exigua,

2126 1581 2343 1642 quanto
2377 1574 2660 1628 malorum
2709 1575 2926 1628 crebris
2973 1571 3394 1641 irruptionibus
3439 1571 3624 1639 fmda;
3657 1577 3715 1624 et
3747 1583 3830 1624 ex

2128 1661 2235 1716 hoc
2273 1662 2506 1716 Patrum
2538 1676 2654 1716 non
2700 1667 2835 1716 lo:
2881 1668 3062 1730 potest
3099 1659 3318 1730 aequari
3350 1659 3828 1730 magniﬁcentiae,

2128 1763 2378 1819 quorum
2424 1749 2651 1804 allectat
2711 1750 2995 1818 exempla,
3052 1749 3268 1818 quibus
3314 1747 3481 1818 longe
3529 1745 3833 1801 valentius

2130 1851 2500 1908 perseverans
2528 1838 2744 1894 exstitit
2775 1837 2832 1892 in
2865 1837 3118 1892 incolatu
3151 1836 3270 1906 ipso
3298 1835 3637 1891 constantia.

2199 1926 2370 1982 Vsus.
2405 1929 2487 1980 10.
2544 1955 2613 1967 -
2661 1929 2730 1981 Et
2780 1927 3048 1980 benedicta
3093 1941 3216 1993 rege
3253 1939 3495 1992 egressus
3539 1928 3615 1976 est
3664 1924 3832 1989 foras

2131 2015 2485 2070 Pharaonem
2545 2015 2956 2079 benedicimus,
2992 2028 3124 2069 cum
3174 2027 3242 2068 ea
3289 2027 3420 2083 quae
3459 2010 3830 2080 dissipationi

2129 2112 2338 2158 nostra;
2385 2111 2439 2158 et
2485 2103 2695 2158 damno
2743 2103 2996 2171 ingessit,
3043 2102 3113 2156 ad
3155 2101 3414 2171 regulam
3467 2099 3690 2168 pietatis
3737 2099 3830 2153 in-

2130 2199 2486 2260 torquemus,
2519 2199 2574 2246 et
2604 2189 2854 2246 victorize
2899 2205 2965 2244 ac
2997 2188 3224 2245 utilitati
3259 2189 3502 2243 militare
3535 2187 3828 2256 cogimus.

2129 2276 2406 2346 Tuncque
2446 2280 2599 2343 foras
2641 2278 2993 2347 egredimur,
3035 2291 3168 2332 cum
3217 2276 3286 2332 ad
3321 2275 3557 2331 rationis
3587 2275 3832 2330 liberta-

2131 2371 2265 2430 tem,
2315 2365 2388 2420 ab
2433 2365 2560 2435 ejus
2606 2367 2859 2435 captiosa
2903 2379 3079 2435 quam
3113 2364 3372 2420 obtendit
3417 2362 3833 2434 illaqueatione

2132 2451 2444 2520 prodimus.
2477 2453 2676 2522 (VERs.
2713 2457 2796 2520 11,
2836 2453 3164 2518 12.).lose'ph
3189 2468 3312 2505 vero
3336 2454 3487 2520 patri
3527 2458 3577 2504 et
3613 2453 3832 2517 fratri-

2134 2541 2229 2592 bus
2277 2540 2426 2593 dedit
2481 2545 2863 2608 possessionem
2920 2544 2978 2594 in
3033 2542 3285 2609 ngypto
3337 2543 3394 2594 in
3458 2542 3658 2608 Optimo
3715 2540 3832 2593 solo

2135 2631 2308 2694 terrae,
2362 2629 2660 2695 Ramesses,
2719 2634 2780 2682 ut
2832 2635 3160 2698 pracepcrat
3215 2630 3449 2681 Pharao.
3512 2631 3579 2682 Et
3641 2628 3831 2682 alebat

2133 2730 2236 2782 eos,
2288 2732 2597 2786 omnemque
2647 2717 2863 2772 domum
2919 2721 3098 2786 patris
3163 2719 3270 2778 sui,
3317 2717 3560 2784 praebens
3612 2717 3834 2770 cibaria

2135 2805 2386 2868 singulis.
2424 2805 2720 2859 Ramesses
2746 2805 2959 2859 dicitur
2989 2803 3271 2872 pabulum.
3307 2803 3460 2858 Nihil
3491 2802 3606 2857 solo
3637 2811 3830 2868 terrm,

2136 2891 2190 2945 id
2222 2899 2304 2946 est
2338 2891 2544 2946 mentis
2587 2891 2859 2947 cultibilis
2899 2905 2964 2946 ac
3017 2891 3240 2955 feracis,
3289 2889 3571 2944 soliditate
3600 2891 3830 2958 melius,

2135 2979 2275 3048 quia
2302 2980 2376 3035 ibi
2409 2980 2696 3050 reperitur
2725 2979 3004 3050 pabulum
3057 2979 3316 3034 interius.
3364 2979 3447 3034 Ibi
3496 2978 3593 3034 dat
3618 2981 3837 3049 Joseph

337 3066 596 3138 intelligi,
623 3065 724 3135 qui
751 3079 851 3135 per
871 3064 1269 3120 auctoritatem
1293 3063 2020 3132 iutellectusopponuntur,
2066 3085 2106 3139 ο
2133 3069 2308 3135 patri,
2357 3084 2420 3121 ac
2467 3069 2739 3134 fratribus
2808 3071 3194 3137 possessionem
3253 3070 3510 3136 Egypto,
3561 3068 3705 3137 quia
3757 3082 3833 3123 ex

337 3157 477 3211 dum
507 3153 749 3209 viriliter
781 3167 839 3208 se
864 3152 1132 3208 cohibent
1161 3151 1464 3206 Pharaoni.

407 3241 577 3298 VERS.
603 3243 655 3302 5,
687 3242 740 3296 6.
794 3269 860 3280 —
909 3242 1066 3294 Dixit
1111 3242 1298 3308 itaque
1341 3255 1440 3292 rea:
1487 3239 1561 3290 ad
1600 3239 1796 3306 Ioseph
1825 3254 1838 3291 :
1870 3240 2030 3292 Pater

339 3335 464 3385 tuus
502 3339 552 3382 et
592 3331 799 3396 fratres
829 3329 912 3382 tui
954 3331 1214 3380 venerunt
1254 3327 1329 3380 ad
1363 3335 1428 3380 te.
1486 3329 1651 3380 Terra
1684 3326 1926 3394 Egypii
1972 3329 2030 3378 in

343 3422 620 3486 conspectu
663 3421 754 3470 tuo
797 3420 914 3480 est;
944 3417 1002 3468 in
1049 3417 1250 3484 optimo
1305 3417 1415 3468 solo
1454 3420 1610 3468 terra:
1637 3416 1730 3480 fac
1781 3415 2032 3467 habitare

341 3519 445 3570 eos,
490 3510 540 3558 et
573 3503 729 3558 trade
756 3505 832 3556 eis
868 3507 1067 3556 terram
1118 3501 1328 3557 Gessen.
1361 3501 1518 3565 Quod
1561 3504 1612 3555 si
1663 3504 1807 3554 nosti
1834 3516 1944 3555 esse
1973 3503 2032 3554 in

341 3593 417 3646 eis
447 3593 592 3645 viros
630 3589 950 3652 industrios,
1003 3591 1264 3643 constitue
1313 3591 1432 3642 illos
1489 3595 1732 3658 pastores
1783 3604 2032 3658 pecorum

340 3694 596 3734 meorum.
645 3675 1046 3732 Benevolentia
1094 3677 1246 3747 regis
1287 3677 1358 3731 ad
1401 3676 1604 3746 Joscph
1645 3678 1724 3732 nil
1754 3685 1838 3732 est
1873 3677 2030 3733 aliud

343 3780 521 3837 quam
580 3763 936 3820 imbecillitas
1005 3777 1072 3818 ac
1141 3763 1567 3834 impossibilitas
1631 3764 2028 3834 impugnandi.

343 3853 688 3918 Terrenitas,
749 3851 938 3922 inquit
990 3851 1286 3908 saecularis
1341 3855 1404 3906 in
1467 3861 1748 3920 conspectu
1795 3859 1884 3906 tuo
1930 3859 2033 3920 est;

344 3944 452 3999 hoc
479 3948 564 3998 est
588 3939 842 3996 examini
873 3947 971 3996 tuo
990 3941 1264 4010 subjacet.
1288 3940 1450 3998 Unde
1475 3941 1686 3996 dicitur
1709 3942 1763 3995 in
1787 3941 2029 4010 psalmo:

344 4033 408 4086 1n
437 4033 717 4099 conspectu
746 4032 834 4082 tuo
881 4032 1008 4082 sunt
1058 4043 1235 4082 omnes
1276 4032 1372 4098 qui
1427 4029 1691 4082 tribulant
1739 4045 1820 4082 me
1860 4028 2029 4091 (Psal.

344 4133 536 4186 vam,
567 4117 682 4187 21).
713 4117 946 4172 Etcum
982 4116 1176 4172 omnia
1224 4123 1324 4171 tuo
1371 4115 1596 4171 subsint
1623 4117 1907 4172 exteriora
1943 4117 2034 4186 ju-

345 4207 513 4273 dicio,
549 4205 609 4260 in
649 4205 859 4274 optimo
905 4203 1045 4272 solo,
1100 4203 1388 4273 praecipuo
1425 4203 1686 4260 videlicet
1713 4205 1884 4260 totius
1909 4205 2035 4260 soli-

346 4293 540 4350 ditatis
569 4299 740 4352 statu.
793 4303 1032 4346 suarum
1076 4290 1348 4361 contigua
1390 4290 1728 4346 discretione
1785 4290 2034 4347 tentatio-

2140 3154 2248 3210 hac
2297 3171 2412 3210 non
2464 3155 2867 3224 pcrfunctoria,
2923 3155 3018 3210 sed
3086 3155 3274 3210 stabili
3342 3155 3644 3210 refectione
3691 3169 3834 3210 vera

2140 3243 2646 3300 intellectualitatis
2714 3243 3106 3313 augmentatio
3173 3243 3424 3312 spiritui,
3487 3244 3838 3314 cunctisque

2140 3333 2278 3397 suis,
2312 3346 2378 3386 ac
2407 3333 2450 3386 si
2473 3332 2623 3399 filiis,
2651 3332 2902 3387 motibus
2929 3333 3065 3397 vim,
3092 3332 3242 3386 unde
3265 3345 3473 3400 corpus
3500 3338 3554 3385 et
3575 3331 3837 3387 animam

2140 3419 2248 3490 legi
2283 3420 2487 3475 mentis
2518 3421 2913 3490 possidendam
2944 3420 3068 3490 subj
3082 3427 3274 3490 unget,
3311 3426 3365 3474 et
3393 3419 3565 3474 etiam
3596 3419 3652 3474 in
3681 3434 3838 3487 prae-

2142 3506 2286 3562 senti
2326 3507 2571 3576 largitur
2598 3507 2828 3562 saeculo.
2872 3511 3091 3561 Domum
3136 3509 3312 3576 patris
3352 3507 3594 3575 prabens
3620 3509 3839 3562 cibaria

2141 3596 2371 3660 singulis
2409 3595 2528 3661 alit,
2569 3594 3166 3661 dum‘conscientiam,
3201 3609 3331 3664 quae
3361 3609 3395 3649 a
3427 3593 3644 3650 ratione
3672 3595 3841 3651 inha-

2145 3683 2321 3738 bitata
2365 3684 2604 3753 regitur,
2657 3683 2903 3749 roborat,
2955 3691 3011 3738 et
3054 3683 3384 3752 quibusque
3423 3683 3549 3751 ejus
3587 3683 3842 3740 statibus

2141 3770 2464 3837 consilium,
2495 3785 2612 3841 quo
2644 3771 2995 3839 reﬁciantur,
3030 3771 3412 3827 administrat.
3446 3773 3578 3827 Haec
3611 3773 3842 3830 Pharao

2143 3859 2418 3929 praecipit,
2475 3859 2615 3928 quia
2673 3859 2938 3914 diabolus
2996 3860 3104 3914 ista
3168 3859 3346 3916 nostri
3391 3861 3576 3915 victus
3618 3861 3842 3917 virtute

2144 3946 2417 4017 propositi
2461 3947 2774 4016 przepedire
2824 3961 2936 4002 non
2979 3947 3287 4014 sufﬁciens,
3325 3947 3461 4003 velit
3512 3947 3672 4015 nolit,
3711 3949 3843 4005 ﬁeri

2144 4035 2320 4091 libere
2349 4034 2505 4090 sinit.

2214 4122 2386 4178 Vnus.
2426 4124 2508 4189 l3,
2558 4121 2642 4177 14.
2689 4151 2759 4161 -
2796 4123 2858 4177 In
2897 4127 3004 4176 toto
3050 4124 3190 4175 enim
3234 4123 3358 4177 orbe
3398 4124 3558 4192 panis
3609 4123 3839 4193 deerat,

2143 4215 2192 4265 et
2219 4215 2559 4280 oppresserat
2593 4212 2768 4276 fames
2808 4216 3028 4273 terram,
3061 4213 3296 4264 maxime
3325 4210 3576 4280 Egypti
3603 4216 3654 4264 et
3684 4213 3841 4268 Cha-

2141 4315 2313 4353 naan.
2345 4299 2402 4352 E
2443 4298 2640 4366 quibus
2663 4314 2864 4352 omnem
2895 4301 3179 4368 pecuniam
3211 4302 3555 4366 congregavit
3583 4315 3683 4368 pro
3712 4316 3844 4355 ven-

347 4395 510 4448 nllm,
537 4378 694 4450 (111οἀ
721 4384 806 4434 θεῖ
825 4377 1054 4442 Gessen,
1089 4386 1276 4433 mOlUS
1325 4378 1577 4435 internas
1605 4379 1818 4434 colloca
1845 4395 1861 4449 ;
1903 4387 1958 4435 et
1985 4378 2033 4434 si
2071 4379 2116 4435 D
2141 4387 2344 4441 ditione
2369 4388 2654 4452 frumenti,
2687 4391 2740 4440 et
2789 4389 2979 4440 intulit
3025 4403 3141 4440 eam
3181 4389 3242 4440 in
3270 4390 3528 4441 aerarium
3555 4391 3722 4455 regis.
3765 4391 3844 4442 In

347 4467 645 4524 diabolicae
701 4464 996 4536 quidpiam
1027 4464 1409 4532 hebetudinis,
1463 4467 1616 4537 quod
1665 4474 1800 4522 sunt
1832 4480 2035 4536 pecora

353 4569 501 4622 mea,
536 4553 638 4610 tibi
680 4552 970 4622 irrepserit
1005 4552 1188 4609 virilis
1241 4554 1536 4610 industriae
1581 4555 1722 4610 illud
1781 4555 2039 4626 magiste-

351 4645 436 4702 rio
473 4642 674 4700 subde.
737 4641 870 4696 Haec
920 4639 1219 4697 effectibus
1261 4640 1523 4712 loquitur
1574 4657 1687 4698 non
1737 4656 2032 4710 conversa,

349 4733 445 4790 sed
473 4744 694 4788 cessare
714 4735 911 4785 coacta
937 4737 992 4784 et
1010 4730 1196 4785 evicta
1225 4731 1574 4802 malignitas.

419 4821 593 4878 Vnus.
624 4819 679 4884 7,
725 4819 777 4884 8,
828 4819 880 4872 9.
919 4847 988 4858 —
1027 4819 1153 4872 Post
1201 4819 1309 4873 haec
1354 4819 1662 4873 introduxit
1703 4819 1898 4888 Ioseph
1930 4835 2037 4888 pa-

353 4915 486 4963 trem
515 4921 673 4962 suum
725 4905 800 4960 ad
853 4910 1049 4972 regem,
1090 4911 1141 4960 et
1170 4909 1367 4960 statuit
1411 4921 1531 4960 eum
1587 4921 1766 4959 coram
1818 4921 1896 4960 eo.
1937 4907 2042 4972 Qui

355 4995 664 5052 benedicens
703 4994 790 5048 illi
829 4998 879 5048 et
918 4995 1284 5062 interrogatus
1323 4994 1393 5050 ab
1421 5009 1514 5048 eo:
1549 4997 1685 5061 Quot
1713 4999 1840 5048 suut
1868 5011 2038 5048 anno-

351 5100 475 5140 rum
525 5083 641 5138 dies
679 5083 804 5136 vitae
850 5081 1001 5137 tua?
1037 5083 1370 5151 Respondit:
1410 5083 1533 5136 Dies
1582 5081 2040 5150 peregrinationis

351 5176 478 5228 vitae
505 5174 716 5226 centum
753 5173 987 5236 triginta
1031 5185 1297 5224 annorum
1324 5174 1468 5236 sunt,
1513 5175 1679 5238 parvi
1727 5175 1776 5224 et
1803 5173 1958 5236 mali,
1989 5177 2040 5226 et

351 5275 461 5316 non
486 5264 842 5330 pervenerunt
871 5273 1041 5328 usque
1083 5258 1158 5312 ad
1186 5259 1301 5312 dies
1353 5263 1575 5326 patrum
1620 5274 1878 5328 meorum,
1923 5262 2036 5328 qui-

355 5349 454 5404 bus
504 5348 846 5417 peregrinati
899 5351 1044 5400 sunt.
1093 5345 1288 5414 Joseph
1335 5345 1647 5402 introducit
1708 5353 1918 5416 patrem
1967 5347 2043 5401 ad

353 5450 553 5505 regem,
583 5447 718 5491 cum
755 5431 1261 5490 intellectualitatis
1296 5432 1490 5489 fervor
1537 5435 1610 5490 ad
1661 5435 2042 5504 penetrandas

355 5521 642 5580 versutias
691 5521 903 5578 diaboli
950 5519 1212 5590 provehit
1260 5521 1556 5576 rationem.
1608 5523 1800 5578 Coram
1840 5536 1898 5576 eo
1937 5529 2044 5577 sta-

355 5611 486 5680 tuit,
517 5623 650 5668 cum
676 5624 805 5667 eam
853 5608 1135 5665 adversus
1183 5621 1317 5664 eum
1347 5608 1544 5678 vigore
1581 5609 1822 5681 justitiae
1849 5608 2038 5680 erigit.

2143 4479 2250 4529 toto
2274 4475 2398 4528 orbe
2417 4477 2581 4543 panis
2610 4475 2782 4542 deest,
2833 4475 2974 4544 quia
3007 4474 3178 4530 totius
3206 4483 3414 4530 nostrae
3449 4475 3841 4543 perfectionis,

2143 4576 2275 4632 quae
2323 4576 2422 4632 per
2466 4562 2662 4618 orbem
2711 4563 2994 4632 signatur,
3053 4563 3124 4617 ad
3173 4561 3543 4617 obtinendam
3595 4563 3843 4618 internae

2145 4651 2344 4720 gratia:
2379 4650 2741 4706 refectionem
2788 4650 2944 4705 nullo
2988 4649 3152 4704 modo
3202 4657 3402 4718 potens
3441 4657 3546 4705 est.
3591 4650 3661 4706 Et
3695 4652 3842 4720 quid

2143 4737 2427 4806 Egyptus
2465 4735 2758 4791 saecularis
2804 4736 3159 4806 ignorantiae,
3209 4735 3348 4804 (ipsa
3378 4735 3531 4790 enim
3565 4744 3649 4790 est
3674 4743 3844 4792 tene—

2144 4823 2282 4892 brae)
2304 4831 2360 4879 et
2391 4821 2668 4880 Chanaan
2715 4823 3134 4893 negotiationis,
3168 4830 3223 4877 et
3255 4823 3614 4878 verecundia:
3648 4823 3841 4889 faciet,

2145 4909 2193 4965 si
2233 4909 2389 4966 orbis
2436 4909 2748 4965 electorum
2778 4924 2892 4964 non
2935 4908 3069 4965 fami
3118 4909 3428 4978 praevalet?
3476 4909 3714 4966 Necesse
3757 4920 3844 4968 est

2145 5012 2285 5068 ergo
2313 5005 2377 5054 ut
2405 5012 2479 5054 ex
2515 4998 2762 5068 Egypto
2791 5006 2846 5053 et
2875 4997 3170 5061 Chanaan,
3206 4999 3264 5052 in
3295 4997 3603 5068 prudentia
3636 5000 3844 5056 videli-

2147 5092 2254 5151 cet,
2286 5093 2341 5142 et
2383 5085 2668 5156 pudendis
2710 5101 2840 5156 quae
2885 5085 3178 5156 quondam
3209 5085 3576 5142 exercuimus
3613 5088 3841 5144 actibus

2147 5174 2452 5244 pecuniam
2491 5173 2703 5229 divinas
2741 5174 2990 5229 scientiae
3043 5174 3258 5230 fortiter
3296 5175 3511 5244 exigat.
3545 5175 3840 5232 xErarium

2148 5262 2388 5316 invitam
2415 5269 2470 5316 et
2501 5261 2923 5330 quodammodo
2969 5261 3382 5318 indeﬁcientem
3430 5263 3578 5318 sacri
3625 5263 3839 5334 eloquii

2151 5348 2481 5404 memoriam
2530 5347 2878 5418 accipimus:
2924 5350 3024 5404 jEs
3050 5351 3223 5417 enim,
3272 5357 3328 5406 et
3354 5350 3638 5418 durabile,
3669 5360 3726 5408 et
3757 5367 3840 5409 so-

2148 5449 2358 5492 norum
2405 5435 2698 5492 metallum
2744 5445 2848 5493 est.
2899 5438 2963 5493 In
3021 5438 3128 5494 hoc
3173 5437 3446 5494 terarium
3500 5439 3670 5510 regis,
3723 5455 3838 5496 non

2149 5523 2303 5592 quod
2339 5537 2442 5580 rex
2472 5524 2776 5594 possideat,
2808 5525 2903 5580 sed
2931 5525 3084 5594 quod
3118 5526 3174 5580 in
3207 5539 3376 5580 aures
3409 5527 3558 5593 regis
3587 5527 3837 5584 ﬁliorum

2147 5609 2433 5681 superbia;
2480 5611 2788 5682 perspicua
2835 5613 3144 5668 sonoritate
3189 5613 3480 5682 retinniat,
3531 5615 3836 5684 pecuniam
