3950 6426
92 406 200 462 313

1326 408 1690 466 MORALIUM
1733 410 1800 464 IN
1838 409 2140 466 GENESIN
2180 412 2309 467 LIB.
2351 412 2414 467 X.

3534 417 3638 471 314

100 544 275 602 infert
312 545 802 611 intellectualitas,
850 544 990 615 quia
1022 544 1309 615 quidquid
1357 545 1607 600 scientiae
1647 546 1822 600 attin-
1860 549 1904 603 Α
1935 546 2156 614 bantur,
2214 550 2264 600 et
2319 547 2522 601 idcirco
2573 564 2679 602 non
2735 553 2862 602 sunt
2912 551 3178 619 compulsi
3232 551 3460 605 vendere
3508 566 3639 622 pos-

99 635 202 704 git,
238 648 367 689 non
402 634 478 690 ad
512 634 741 690 inanem
774 633 1163 703 eloquentiam
1194 641 1402 699 servat,
1450 634 1546 689 sed
1591 641 1653 689 ut
1696 648 1824 690 eam

99 721 496 777 suasionibus
527 722 841 778 Pharaonis
876 723 1204 778 memoriter
1231 722 1479 791 objiciat.

173 810 364 867 Vnus.
424 814 510 879 15,
566 815 651 866 16.
702 841 771 851 -
826 812 1064 881 Cumque
1120 812 1439 877 defecissent
1496 811 1825 880 emptoribus

102 902 316 968 pretia,
366 903 518 955 venit
564 905 756 955 cuncta
796 901 1080 968 Egyptus
1123 900 1197 954 ad
1236 901 1449 969 Joseph,
1482 900 1663 954 dicens
1697 915 1709 954 :
1744 904 1827 954 Da

104 989 264 1042 nobis
310 1004 510 1057 panes.
557 991 735 1056 Quare
771 992 1033 1042 morimur
1074 1005 1252 1042 coram
1294 994 1360 1050 te,
1413 989 1689 1057 deﬁciente
1728 1006 1823 1057 pe-

104 1077 321 1130 cunia?
362 1077 659 1136 Adducile,
701 1074 911 1146 inquit,
948 1092 1142 1145 pecora
1179 1081 1379 1137 vestra,
1414 1082 1463 1130 et
1500 1076 1639 1129 dabo
1678 1077 1827 1131 vobis

104 1180 209 1234 pro
258 1168 347 1219 eis
401 1166 568 1227 cibos,
625 1168 676 1220 si
732 1168 969 1235 pretium
1030 1180 1134 1218 non
1190 1166 1419 1219 habetis.
1477 1167 1827 1233 Emptoribus

102 1255 298 1321 pretia
361 1253 661 1321 deficiunt,
720 1268 848 1309 cum
905 1262 1007 1308 aut
1066 1254 1356 1308 memoriae
1410 1253 1667 1321 scientia,
1727 1262 1828 1310 aut

108 1341 374 1397 scientiae
428 1342 702 1397 memoria
756 1342 979 1397 desunt.
1040 1342 1254 1395 Cuncta
1311 1348 1501 1395 tamen
1562 1345 1827 1411 ίΕῃῃρειιε

110 1431 253 1501 petit
286 1445 491 1500 panes,
536 1432 677 1500 quia
706 1430 1022 1485 caelestium
1057 1429 1378 1501 gratiarum
1421 1445 1656 1497 munus,
1692 1432 1828 1500 ipsae

108 1519 443 1574 mundialis
488 1519 733 1574 miseriae
777 1518 1027 1574 clamare
1058 1533 1117 1574 se
1153 1518 1409 1574 innuunt
1446 1520 1823 1575 necessitates.

108 1613 194 1663 Ac
230 1607 282 1661 si
329 1607 486 1662 dicat
530 1621 543 1660 :
586 1607 776 1662 Perire
810 1614 859 1661 te
894 1606 1068 1673 vides,
1118 1621 1224 1661 cur
1275 1607 1442 1662 morti
1489 1616 1544 1661 et
1595 1607 1829 1663 inscitiae

110 1702 251 1761 tuae,
286 1710 323 1750 ο
356 1694 786 1765 qualiscunque
818 1694 1212 1765 intelligentia,
1255 1710 1369 1750 non
1418 1696 1669 1750 indoles?
1714 1697 1829 1751 He-

112 1784 483 1852 betudinem,
518 1784 615 1851 ait,
648 1792 902 1839 vestram
951 1783 1093 1838 mihi
1137 1783 1419 1854 subjicite,
1462 1792 1519 1839 et
1558 1784 1713 1839 cibos
1742 1785 1826 1839 di-

109 1872 268 1928 vinae
309 1872 723 1928 consolationis
752 1872 1010 1941 accipite,
1054 1886 1126 1927 ex
1174 1872 1281 1927 hoc
1314 1873 1475 1927 vobis
1506 1873 1829 1929 ascribetur

113 1976 218 2032 pro
249 1961 440 2031 pretio
472 1960 743 2016 scientiae.
778 1960 974 2029 (Vens.
1009 1960 1115 2028 t7.)
1140 1961 1267 2027 Quae
1296 1977 1413 2015 cum
1444 1961 1826 2025 adduxissent,

113 2050 271 2104 dedit
328 2052 410 2103 eis
468 2051 726 2103 alimenta
779 2065 881 2118 pro
940 2052 1112 2119 equis,
1170 2054 1221 2104 et
1279 2049 1463 2115 bobus,
1518 2054 1568 2102 et
1621 2051 1824 2111 asinis;

114 2140 563 2206 sustentavitque
613 2139 733 2191 illos
788 2154 844 2191 eo
887 2154 1028 2191 anno
1078 2152 1180 2207 pro
1228 2139 1638 2191 commutatione
1686 2154 1833 2205 peco-

113 2243 262 2281 rum.
326 2227 531 2296 Equos
588 2226 1015 2295 superbiarum,
1065 2235 1119 2281 et
1167 2225 1446 2281 fatuitatis
1494 2239 1560 2281 ac
1612 2225 1830 2280 inertize

116 2315 321 2381 boves,
359 2328 468 2369 nec
511 2328 624 2368 non
655 2320 709 2368 et
749 2314 939 2368 asinos
986 2313 1292 2369 libidinum
1336 2313 1648 2368 intellectui
1688 2313 1831 2368 sub-

115 2404 337 2470 dimus,
375 2411 431 2457 et
466 2402 827 2468 humilitatis,
875 2403 1168 2471 sapientiae
1212 2416 1280 2457 ac
1328 2402 1676 2472 sagacitatis,
1728 2417 1833 2457 nec

116 2506 233 2548 non
263 2501 323 2548 et
353 2490 711 2546 castimoniae
741 2490 941 2546 diebus
975 2490 1303 2559 perlucidis,
1340 2492 1572 2560 plenum
1609 2504 1830 2545 annum

117 2580 479 2651 integritatis
518 2579 855 2648 accipimus.
907 2580 1017 2644 Qui
1062 2595 1169 2633 non
1216 2580 1446 2644 habetis,
1494 2578 1704 2648 inquit,
1738 2596 1829 2632 ar-

119 2676 378 2738 gentum,
434 2675 755 2737 properate,
813 2668 923 2724 iide
978 2676 1034 2724 et
1090 2667 1200 2737 piis
1253 2668 1478 2723 actibus
1532 2672 1718 2734 emite,
1778 2676 1832 2723 et

119 2759 388 2812 comedite
418 2757 582 2823 (Isai.
615 2772 706 2822 LV,
744 2756 811 2826 1).

194 2847 371 2902 VKRS.
420 2847 506 2914 18,
554 2849 635 2901 19.
679 2875 748 2886 -
810 2846 1079 2900 Venerunt
1140 2860 1351 2915 quoque
1403 2860 1545 2898 anno
1600 2846 1832 2899 secundo

120 2941 170 2990 et
198 2936 473 2989 dixerunt
520 2951 533 2988 :
583 2936 697 2989 Non
740 2936 972 2988 celamus
1012 2934 1228 2987 domino
1271 2940 1472 2994 nostro,
1517 2934 1663 3001 quod
1703 2934 1834 3003 deﬁ-

121 3026 291 3077 ciente
339 3025 600 3093 pecunia,
647 3028 696 3075 et
736 3038 933 3091 peoora
981 3023 1145 3074 simul
1188 3022 1505 3089 defecerint,
1552 3039 1646 3075 nec
1694 3023 1833 3076 clam

1933 637 2188 687 sessiones
2236 650 2384 689 suas.
2440 639 2666 689 Terram
2717 636 2958 706 Egypti
3004 640 3197 707 Joseph
3251 648 3430 694 totam
3488 644 3635 705 emit,

1933 722 2073 777 dum
2107 734 2204 792 per
2235 724 2624 792 intelligentiae
2663 724 2982 780 claritatem
3030 727 3296 782 tenebras
3336 728 3639 784 saeculares

1936 811 2259 866 intellectus
2315 812 2423 866 sibi
2472 812 2728 882 subjicit.
2791 813 3013 885 Singuli
3072 815 3451 883 possessiones
3503 831 3640 872 suas

1934 900 2216 967 vendunt,
2246 900 2384 955 dum
2417 901 2679 970 quinque
2710 902 2887 957 animi
2920 910 3129 969 motus,
3156 903 3212 958 in
3238 912 3523 973 quantum
3548 905 3639 960 sui

1936 989 2083 1044 male
2115 989 2498 1058 potiebantur,
2532 1005 2783 1059 superno
2816 991 3021 1059 amori,
3053 992 3209 1061 quod
3243 1007 3354 1046 non
3378 1001 3460 1048 est
3482 992 3640 1048 aliud

1936 1091 2114 1147 quam
2144 1077 2484 1145 intellectus,
2517 1093 2637 1133 sese
2669 1079 3032 1134 inserviendo
3064 1081 3431 1135 contrailunt.
3468 1080 3639 1137 Com-

1939 1166 2097 1235 pellit
2126 1166 2276 1221 enim
2310 1167 2505 1230 fames,
2539 1174 2593 1221 et
2624 1167 2851 1223 malunt
2897 1167 3120 1223 interim
3171 1184 3308 1223 suas
3356 1168 3635 1223 intermit-

1938 1262 2053 1309 tere
2096 1255 2439 1321 voluntates,
2483 1270 2662 1325 quam
2709 1263 2982 1325 perpetuo
3030 1259 3286 1325 corporis
3328 1265 3382 1311 et
3434 1257 3640 1312 mentis

1937 1343 2176 1398 miseras
2234 1345 2448 1412 perpeti
2512 1352 2874 1413 paupertates
2957 1345 3271 1414 Utriusque
3327 1345 3480 1399 enim
3540 1359 3635 1399 ex-

1937 1433 2207 1498 actiones,
2238 1431 2359 1500 ipsa
2385 1439 2467 1487 est
2504 1432 2693 1487 inedia
2722 1440 2775 1487 et
2807 1433 3002 1498 fames,
3026 1434 3638 1502 Pharaoni/Egyplum

1937 1525 1986 1572 et
2016 1525 2231 1573 cunctos
2260 1520 2486 1587 populos
2518 1518 2634 1588 ejus
2668 1520 2922 1588 subjicit,
2956 1521 3095 1574 dum
3130 1535 3202 1575 ex
3239 1519 3639 1574 mundialitate

1938 1622 2061 1674 sua,
2095 1616 2148 1662 et
2174 1608 2444 1661 omnibus
2472 1608 2599 1676 ejus
2632 1608 2803 1671 vitiis,
2846 1609 2994 1661 hanc
3024 1609 3175 1662 enim
3211 1608 3465 1672 domum,
3501 1607 3638 1662 hos-

1938 1711 2052 1765 que
2086 1696 2325 1764 populos
2358 1695 2475 1749 tilia
2506 1696 2657 1765 regis
2702 1696 2961 1750 oblivisci
3001 1697 3243 1764 jubetur
3283 1698 3450 1759 (Psal.
3485 1710 3636 1763 xuv,

1943 1784 2050 1851 Η),
2084 1798 2143 1837 se
2170 1783 2466 1837 subditum
2504 1782 2753 1848 diabolo,
2791 1783 2849 1837 in
2881 1791 3167 1851 quantum
3198 1796 3265 1836 ea
3296 1783 3401 1837 sibi
3432 1796 3642 1851 prteva-

1869 1846 1908 1899 Β
1939 1871 2076 1936 lent,
2109 1872 2340 1925 animus
2381 1871 2755 1937 recognoscit,
2788 1871 3107 1925 secundum
3142 1871 3298 1940 quod
3331 1870 3437 1925 sibi
3471 1870 3642 1925 intel-

1939 1960 2119 2015 lectus
2163 1960 2377 2014 indicit.
2420 1960 2487 2013 Et
2531 1960 2636 2013 hoc
2683 1976 2717 2012 a
2764 1962 3074 2013 novissimis
3121 1962 3365 2014 terminis
3398 1961 3643 2027 Egypti,

1940 2065 2106 2117 usque
2136 2048 2210 2101 ad
2238 2054 2501 2102 extremos
2532 2051 2663 2117 ﬁnis
2694 2048 2831 2115 ejus,
2882 2048 2937 2101 id
2984 2055 3068 2103 est
3100 2048 3171 2102 ab
3214 2046 3471 2102 ulteriori
3507 2060 3642 2116 pro-

1939 2146 2138 2207 spectu
2195 2138 2580 2192 intentionum
2639 2152 2824 2207 usque
2884 2136 2954 2191 ad
3018 2136 3413 2206 quarumlibet
3465 2142 3643 2190 metas

1940 2228 2372 2295 operationum;
2428 2234 2676 2301 utraque
2726 2229 2878 2281 enim
2930 2225 2976 2280 si
3025 2226 3289 2280 attendas
3339 2224 3643 2279 ﬁnalitates

1941 2322 2096 2369 sunt.
2146 2314 2334 2382 (Vens.
2386 2315 2500 2382 22).
2534 2314 2710 2368 Terra
2740 2313 3124 2375 sacerdotum,
3161 2328 3277 2380 quae
3312 2314 3387 2365 eis
3434 2311 3644 2365 tradita

1940 2420 1974 2455 a
2017 2418 2140 2469 rege
2186 2405 2391 2468 fuerat,
2433 2403 2740 2471 excipitur,
2792 2402 2932 2471 quia
2982 2401 3282 2455 soliditatis
3329 2400 3640 2465 rationum,

1942 2505 2191 2562 quarum
2224 2505 2453 2546 sacrum
2495 2491 2902 2560 prosequimur
2935 2491 2990 2544 in
3026 2490 3168 2544 bene
3204 2489 3427 2559 agendo
3460 2488 3641 2542 duca-

1940 2588 2087 2645 tum,
2120 2588 2173 2635 et
2212 2595 2343 2649 quae
2373 2594 2407 2634 a
2431 2579 2564 2649 jure
2596 2578 2879 2634 diabolico
2910 2578 3121 2643 ablata,
3156 2578 3237 2632 eis
3271 2578 3531 2646 delegata
3562 2583 3644 2630 est

1942 2669 2303 2740 possidenda,
2348 2668 2420 2722 ab
2454 2668 2559 2722 hoc
2598 2667 2850 2722 dominio
2893 2666 3254 2733 excluditur;
3302 2665 3425 2734 ipsa
3473 2678 3645 2718 nam-

1942 2773 2057 2828 que
2106 2759 2276 2812 etiam
2319 2756 2468 2811 inter
2514 2764 2779 2811 motuum
2824 2755 3139 2810 certamina
3188 2754 3437 2809 libertati
3486 2752 3644 2806 inni—

1942 2847 2101 2902 titur.
2150 2848 2365 2902 Horrea
2409 2845 2657 2915 publica,
2697 2861 2727 2900 e
2773 2845 2991 2915 quibus
3032 2844 3121 2898 his
3161 2843 3377 2898 cibaria
3407 2842 3640 2905 dantur,

1943 2936 2374 3004 Scripturarum
2406 2934 2735 2990 communia
2757 2934 3030 2988 omnibus
3050 2932 3289 2987 consilia
3311 2940 3465 2997 sunt,
3492 2930 3644 2985 unde

1944 3020 2214 3076 interiora
2248 3022 2335 3076 his
2366 3023 2580 3091 pabula
2614 3022 3020 3076 ministrantur
3061 3036 3073 3074 :
3128 3022 3286 3077 Unde
3336 3019 3643 3088 possessio-

124 3118 172 3166 te
217 3118 320 3173 est.
378 3112 524 3181 quod
572 3112 772 3180 absque
822 3111 1135 3178 corporibus
1184 3116 1233 3163 et
1285 3116 1432 3163 terra
1480 3110 1621 3163 nihil
1663 3110 1834 3162 habe-
1873 3130 1913 3185 ρ
1944 3124 2046 3165 nes
2075 3110 2320 3166 vendere
2348 3125 2462 3164 non
2494 3111 2941 3178 compelluntur,
2975 3109 3117 3178 quia
3148 3110 3201 3163 id
3233 3117 3457 3163 tantum
3487 3107 3639 3173 boni,

123 3216 264 3254 mus.
293 3202 409 3256 Cur
433 3215 559 3267 ergo
582 3203 842 3253 morimur
867 3204 916 3253 te
935 3199 1151 3252 vidente
1166 3202 1192 3252 ?
1211 3204 1260 3252 et
1286 3215 1380 3253 nos
1407 3204 1455 3252 et
1479 3204 1625 3252 terra
1646 3204 1835 3252 nostra

127 3292 209 3343 tui
237 3292 467 3343 erimus.
502 3289 665 3344 Prior
706 3303 916 3351 annus.
967 3302 1084 3357 quo
1132 3302 1336 3357 pecora
1375 3288 1608 3353 dantur,
1648 3288 1833 3357 prima

126 3376 529 3432 conversionis
572 3376 853 3431 institutio
886 3384 989 3443 est,
1023 3376 1259 3445 quando
1302 3376 1497 3431 minus
1530 3376 1834 3445 naturalis,

127 3472 180 3519 et
212 3464 647 3535 quodammodo
696 3464 948 3519 bestialis
988 3465 1109 3519 vita
1148 3464 1478 3519 damnatur.
1513 3464 1832 3529 Secundus,

130 3554 235 3623 pize
267 3553 590 3609 voluntatis
640 3555 915 3623 promotio
959 3561 1062 3619 est,
1112 3552 1210 3608 ubi
1261 3553 1443 3607 divini
1481 3553 1696 3623 eloquii
1739 3569 1834 3625 pe-

129 3645 304 3698 cunia
349 3643 764 3713 indigentibus,
793 3650 847 3697 et
882 3650 1074 3696 tamen
1114 3642 1371 3697 studium
1409 3643 1639 3711 pecuale
1672 3659 1832 3712 sper-

130 3731 429 3797 nentibus,
464 3732 583 3800 ipsa
612 3731 734 3801 jam
782 3731 1035 3800 corporis
1078 3730 1318 3785 materia
1358 3732 1529 3785 etiam
1576 3746 1835 3787 necessa-

132 3820 231 3874 riis
259 3820 383 3875 suis
417 3819 685 3888 adempta
725 3818 1125 3875 voluntatibus
1155 3818 1468 3875 intellectui
1505 3820 1833 3891 subjicitur,

132 3915 185 3963 et
217 3908 525 3964 terrenitas
556 3922 807 3978 quaeque
838 3906 1206 3963 affectionum
1250 3907 1376 3976 ejus
1416 3906 1658 3962 arbitrio
1690 3904 1839 3960 rele-

137 4005 326 4066 gatur.
362 3998 531 4064 Cum,
580 3997 856 4067 inquiunt
886 3996 1021 4052 victi
1058 3996 1180 4067 jam
1220 3995 1594 4051 animalitatis
1626 4003 1836 4059 motus,

141 4086 278 4154 quid
313 4086 464 4140 facto
508 4100 654 4154 opus
696 4086 768 4141 sit
807 4085 1141 4155 praevideas,
1175 4098 1281 4139 cur
1326 4085 1509 4153 perire
1542 4084 1839 4152 obtempe-

143 4181 334 4229 rantes
363 4174 541 4229 sinas.
574 4173 655 4229 Ne
698 4188 835 4245 ergo
866 4173 1123 4229 viventes
1167 4173 1223 4228 in
1265 4173 1556 4228 infernum
1598 4172 1839 4227 descen-

144 4263 272 4317 dere
304 4263 472 4329 feras,
506 4263 711 4318 affectu
741 4270 795 4317 et
823 4261 1130 4317 efficientia
1174 4263 1427 4331 corporis
1468 4261 1551 4315 tui
1598 4261 1836 4315 erimus.

144 4351 268 4403 Eme
309 4367 404 4405 nos
455 4353 513 4404 in
558 4354 867 4405 servitutem
911 4352 1138 4417 regiam,
1189 4355 1239 4404 et
1284 4350 1465 4419 praebe
1510 4351 1737 4414 semina,
1777 4363 1841 4401 ne

1942 3198 2096 3267 quod
2141 3199 2198 3254 in
2249 3198 2607 3253 discretionis
2656 3199 2872 3253 virtute
2916 3198 3223 3267 possident,
3266 3209 3643 3266 nequaquam

1942 3286 2166 3341 diabolo
2198 3288 2462 3357 subigere
2492 3287 2703 3356 peccati
2734 3287 3077 3341 admissione
3106 3294 3416 3356 coguntur.

2014 3375 2184 3430 Vsus.
2228 3379 2313 3441 ‘23,
2357 3377 2444 3429 24.
2487 3407 2554 3413 -
2609 3378 2768 3429 Dimit
2819 3391 2943 3442 ergo
2990 3378 3185 3443 Joseph
3231 3374 3304 3427 ad
3350 3374 3573 3443 populos
3626 3386 3639 3425 :

1942 3467 2046 3529 En,
2080 3469 2139 3518 ut
2177 3468 2415 3526 cernitis,
2465 3470 2515 3518 et
2557 3480 2647 3518 ros
2686 3471 2734 3517 et
2776 3472 2977 3517 terram
3011 3469 3245 3518 vestram
3278 3464 3490 3516 Pharao
3518 3476 3641 3530 pos-

1942 3554 2102 3619 sidet,
2137 3554 2366 3620 accipite
2402 3554 2631 3618 semina,
2680 3558 2728 3605 et
2776 3555 2934 3605 serite
2980 3566 3158 3617 agros,
3212 3557 3269 3604 ut
3312 3554 3501 3617 fruges
3544 3549 3642 3601 ha-

1945 3642 2063 3695 bere
2102 3644 2344 3709 possitis.
2397 3642 2655 3705 Quintam
2697 3647 2907 3709 partem
2953 3644 3067 3705 regi
3104 3640 3309 3692 dabitis
3353 3653 3365 3691 :
3411 3643 3647 3707 quatuor

1941 3733 2184 3799 reliquas
2215 3733 2470 3799 permitto
2508 3731 2658 3784 vobis
2697 3748 2752 3784 in
2782 3737 3088 3797 sementem,
3125 3735 3174 3782 et
3207 3732 3263 3781 in
3301 3729 3444 3782 cibos
3477 3729 3643 3793 fami-

1944 3821 2033 3875 liis
2074 3825 2123 3873 et
2169 3820 2351 3873 liberis
2400 3822 2613 3873 vestris.
2673 3819 2756 3872 Ad
2821 3822 3059 3888 populos
3114 3818 3317 3886 Joseph
3368 3816 3643 3887 loquitur,

1945 3923 2077 3964 cum
2127 3908 2446 3963 intellectus
2490 3908 2668 3962 animi
2720 3908 2923 3963 turbas
2976 3907 3122 3963 datis
3178 3906 3402 3975 legibus
3448 3905 3648 3959 sedare

1944 4007 2209 4053 conatur.
2267 3997 2431 4062 Ecce,
2488 3996 2700 4066 inquit,
2750 4003 2804 4051 et
2854 4010 2975 4059 vos,
3031 3996 3086 4049 in
3138 4002 3425 4063 quantum
3474 3993 3647 4048 vestri

1946 4086 2100 4152 estis,
2133 4091 2187 4139 et
2219 4084 2579 4140 terrenitates
2611 4084 2827 4154 quibus
2857 4082 3173 4148 afticiuuni,
3207 4081 3472 4136 diabolus
3508 4079 3650 4136 obti-

1948 4181 2062 4229 net.
2098 4172 2179 4228 Ne
2212 4187 2350 4243 ergo
2393 4174 2614 4229 diutius
2655 4173 2812 4228 vobis
2847 4180 3064 4241 regnet,
3115 4170 3278 4225 verbi
3326 4169 3507 4224 divini
3559 4184 3646 4224 se-

1950 4264 2106 4316 mina
2135 4262 2339 4330 capite,
2388 4276 2527 4333 agro
2560 4261 2767 4316 mentis
2803 4260 3049 4330 inspergi
3083 4260 3270 4322 sinite,
3313 4266 3375 4314 ut
3408 4272 3650 4327 operum

1951 4350 2149 4421 fruges
2182 4351 2460 4405 bonorum
2504 4350 2730 4418 possitis
2764 4350 2994 4404 habere.
3045 4348 3338 4417 Quidquid
3369 4347 3437 4401 ad
3471 4346 3651 4416 quin-

145 4445 395 4505 pereunte
435 4440 635 4493 cultore
678 4440 964 4506 redigatur
1011 4445 1158 4492 terra
1200 4441 1258 4492 in
1303 4438 1668 4493 solitudinem.
1718 4439 1838 4492 Im-
1879 4420 1920 4474 D
1954 4420 2071 4494 tam
2096 4437 2448 4494 exteriorum
2478 4452 2755 4493 sensuum
2790 4448 3027 4507 partem,
3054 4451 3153 4506 per
3178 4452 3323 4506 quos
3350 4435 3653 4491 sazcularia

145 4526 321 4593 pende
368 4527 534 4583 nobis
580 4529 829 4598 pretium
882 4528 1090 4584 interni
1133 4529 1480 4596 documenti,
1530 4536 1594 4584 ut
1640 4527 1841 4597 exigas

146 4626 177 4667 a
203 4614 364 4670 nobis
394 4615 805 4672 confessionem
828 4617 975 4686 ejus,
1001 4617 1155 4685 quod
1177 4616 1405 4672 diabolo
1430 4616 1840 4686 impendimus,

144 4703 383 4770 servitii,
428 4710 478 4758 et
518 4705 698 4773 praebe
739 4708 945 4759 semina
993 4704 1157 4760 bonae
1207 4705 1540 4773 voluntatis,
1588 4722 1653 4758 ne
1702 4705 1839 4760 deti-

146 4790 322 4847 eiente
367 4807 470 4863 per
500 4794 625 4864 ejus
655 4794 990 4849 inanitatem
1022 4794 1241 4850 cultore
1283 4794 1513 4864 spiritu,
1556 4794 1843 4862 redigatur

147 4878 328 4934 cordis
386 4879 723 4935 cultibilitas
770 4888 946 4951 atque
1004 4880 1286 4948 feracitas,
1343 4881 1414 4936 ad
1467 4881 1571 4936 hoc
1618 4887 1682 4936 ut
1728 4881 1840 4935 Deo

149 4964 528 5024 inhabitatore
588 4977 817 5037 careat,
880 4976 936 5025 et
1001 4969 1255 5026 fructum
1317 4969 1663 5039 operationis
1726 4984 1840 5024 non

149 5051 368 5112 habeat.

217 5143 383 5202 Vsus.
428 5148 519 5212 20,
560 5149 648 5200 2t.
691 5177 751 5185 —
797 5148 946 5203 Emit
981 5162 1107 5216 ergo
1149 5148 1343 5216 Ioseph
1390 5164 1595 5202 omnem
1639 5153 1841 5203 terram

154 5231 403 5301 Egypti,
462 5234 816 5289 vendentibus
865 5237 1099 5303 singulis
1151 5238 1509 5304 possessiones
1554 5252 1681 5290 suas
1728 5252 1843 5304 pra:

154 5321 497 5377 multitudine
550 5326 737 5388 famis.
800 5325 1184 5393 Subjreitque,
1242 5340 1359 5378 eam
1424 5326 1737 5391 Pharaoni,
1792 5329 1843 5377 et

155 5415 353 5464 cunctos
398 5411 633 5480 populos
674 5412 788 5478 ejus
836 5428 871 5466 a
917 5414 1226 5466 novissimis
1281 5415 1524 5466 terminis
1577 5413 1838 5480 Egypti,

154 5508 311 5564 usque
356 5499 432 5552 ad
477 5504 741 5552 extrarios
790 5502 921 5568 ﬁnes
972 5501 1109 5568 ejus,
1162 5507 1361 5569 praeter
1415 5506 1616 5554 terram
1670 5517 1844 5555 sacer-

155 5583 344 5647 dotum,
397 5602 525 5657 quae
584 5601 619 5638 a
668 5603 789 5654 rege
846 5588 1057 5642 tradita
1105 5590 1292 5654 fuerat
1343 5592 1419 5641 eis
1477 5605 1489 5642 :
1543 5590 1737 5657 quibus
1792 5594 1842 5643 et

155 5673 347 5727 satiata
411 5674 633 5729 cibaria
692 5690 758 5730 ea:
828 5677 1037 5731 horreis
1102 5675 1343 5747 publicis
1425 5682 1568 5734 nos
1642 5678 1843 5746 praebe-

1948 4528 2460 4596 concupiscuutur,
2513 4526 2734 4590 attinet,
2782 4526 3029 4592 diabolo,
3082 4526 3177 4581 cui
3234 4539 3334 4595 per
3377 4523 3650 4593 concupi-

1949 4616 2194 4671 scentias
2251 4615 2584 4679 inservitnr,
2644 4615 3003 4670 attribuitur.
3061 4617 3320 4677 Quatuor
3378 4612 3649 4681 reliquas,

1950 4705 2165 4776 quibus
2195 4705 2516 4760 secundum
2552 4711 2806 4774 quatuor
2834 4702 3133 4772 evangelia
3170 4702 3406 4765 vivitur,
3444 4700 3531 4755 vel
3559 4714 3653 4755 se-

1950 4794 2207 4850 cundum
2253 4801 2511 4863 quatuor
2541 4791 2882 4862 principales
2921 4793 3181 4852 virtutes,
3224 4790 3280 4844 in
3316 4795 3651 4855 seruantem,

1951 4897 2071 4953 qua
2101 4884 2274 4939 corda
2304 4882 2642 4947 fecundetis,
2691 4882 2985 4945 assumite,
3028 4888 3081 4934 et
3118 4879 3248 4934 inde
3282 4877 3525 4932 familias
3558 4876 3652 4931 in-

1950 4981 2247 5029 ternorum
2274 4980 2554 5039 statuum,
2586 4984 2652 5026 ac
2681 4970 3090 5041 cogitationum
3120 4980 3479 5037 operumque
3508 4965 3652 5021 libe-

1953 5076 2045 5117 ros
2072 5062 2339 5117 enutrite.

2022 5151 2191 5209 VEus.
2231 5153 2321 5203 25.
2363 5179 2432 5191 —
2470 5150 2576 5216 Qui
2625 5148 3021 5218 responderunt
3080 5163 3092 5201 :
3146 5146 3306 5202 Salus
3353 5150 3541 5198 nostra
3594 5146 3654 5197 in

1949 5255 2117 5293 manu
2166 5245 2259 5292 tua
2304 5244 2383 5293 est
2428 5254 2441 5292 :
2491 5240 2751 5307 respiciat
2792 5253 2886 5291 nos
2931 5242 3142 5291 tantum
3172 5236 3420 5288 dominus
3452 5239 3649 5298 noster,

1950 5332 2001 5379 et
2038 5328 2147 5380 ια]ίὶ
2178 5329 2467 5380 serviemus
2508 5329 2643 5393 regi.
2681 5325 2973 5382 Animales
3017 5332 3227 5390 motus,
3263 5320 3652 5391 intelligentiae

1951 5423 2127 5484 captu
2159 5415 2337 5481 ducti,
2371 5414 2615 5470 salutem
2661 5428 2829 5470 suam
2883 5415 2939 5467 in
2992 5410 3497 5467 intellectualitatis
3547 5422 3652 5477 po-

1954 5511 2150 5559 testate
2197 5504 2366 5558 sitam
2416 5504 2697 5569 fatentur;
2747 5504 2932 5572 ipsam
2984 5516 3043 5556 se
3092 5500 3388 5569 respicere,
3451 5495 3506 5551 id
3565 5501 3651 5549 est

1952 5593 2024 5647 ab
2058 5593 2177 5660 ipsa
2208 5592 2315 5646 sibi
2353 5592 2608 5646 veritatis
2653 5592 2843 5646 lumen
2888 5590 3130 5645 influere
3171 5587 3453 5657 flagitant,
3488 5593 3553 5639 ut
3582 5584 3651 5637 de

1954 5680 2129 5735 veteri
2166 5694 2345 5750 quam
2389 5681 2624 5749 mystice
2654 5679 2939 5735 Pharaoni
2968 5678 3362 5732 exhibuerunt
3397 5673 3652 5729 servitu-
