3950 6422
335 435 438 488 315

1253 430 1312 482 ν.
1353 428 1683 483 (ἑυΙΒΕΒΤῙ
1719 425 2010 483 ABBATIS
2046 427 2103 482 S.
2143 425 2378 481 ΜΑΒΙΑΞ
2415 422 2506 480 DE
2541 422 2933 480 NOVIGENTO

3735 429 3838 482 316

336 574 408 634 te,
458 567 570 623 laeti
612 567 682 621 de
730 579 838 622 sua
880 564 1150 620 evasione
1203 561 1571 618 confessionis
1616 561 1730 616 Deo
1783 559 2029 616 hostiam
2066 564 2110 616 Α
2141 567 2356 630 quanto
2392 561 2568 629 ﬁlium
2599 565 2782 625 vocat,
2814 571 2950 614 cum
2991 559 3118 614 luce
3158 559 3384 616 interna
3421 560 3495 617 ad
3532 561 3624 618 sui
3658 561 3841 632 ipsius

335 655 600 799 regnant:
627 744 717 796 26.
758 770 826 782 —
864 744 952 796 Ea:
1003 756 1060 795 eo
1111 746 1343 807 tempore
1392 753 1560 806 usque
1613 738 1672 790 in
1715 741 2030 805 praesentem

336 832 500 896 diem,
549 833 607 884 in
659 833 912 884 universa
961 834 1108 883 terra
1137 829 1396 895 Egypti,
1427 826 1641 892 regibus
1675 828 1869 893 quinta
1897 840 2029 892 pars

333 921 582 984 solvitur,
629 924 679 973 et
725 921 933 984 factum
976 923 1055 971 est
1101 918 1263 984 quasi
1311 918 1366 968 in
1411 915 1590 979 legem,
1635 914 1838 980 absque
1884 918 2030 965 terra

334 1007 681 1070 sacerdotali,
723 1021 841 1075 qua
883 1007 1052 1059 libera
1089 1005 1157 1057 ab
1200 1005 1299 1057 hac
1332 1003 1632 1057 conditione
1675 1003 1807 1066 fuit.
1844 1001 1932 1055 Ex
1963 1015 2030 1054 ea

334 1095 546 1150 divinae
612 1093 1053 1163 dispensationis
1121 1091 1563 1160 temperatione,
1626 1103 1745 1158 qua
1809 1095 2030 1143 constat

339 1183 529 1238 adhuc
581 1181 787 1237 rationi
833 1181 1090 1235 resistere
1128 1193 1380 1242 carnem,
1412 1186 1465 1232 et
1506 1185 1694 1232 tamen
1739 1177 1900 1232 carni
1931 1191 2030 1231 su-

335 1270 708 1340 pereminere,
744 1269 911 1338 quasi
952 1267 1240 1337 quoddam
1277 1266 1487 1336 populo
1517 1265 1896 1320 sacerdotium
1938 1278 2026 1318 ra-

334 1359 562 1421 tionem,
602 1372 784 1426 nsque
823 1357 961 1411 dum
1014 1357 1281 1410 veniatur
1331 1356 1384 1408 in
1435 1354 1620 1418 illum,
1665 1353 1757 1407 cui
1805 1367 1916 1407 non
1955 1351 2031 1407 ef—

331 1444 522 1499 ﬂuunt
542 1443 845 1512 praeterita,
871 1458 974 1496 nec
995 1441 1194 1497 futura
1216 1443 1422 1495 desunt
1443 1440 1653 1494 divinm
1674 1440 2026 1506 aeternitatis,

333 1530 481 1584 dietn
519 1543 531 1582 :
565 1529 775 1594 Quinta
826 1542 958 1596 pars
1001 1528 1233 1598 regibus
1263 1527 1406 1581 soIVi
1452 1527 1637 1591 debet,
1678 1527 1818 1595 quia
1858 1528 2028 1595 quid-

330 1615 470 1685 quid
511 1615 900 1669 sensualitatts
938 1617 1280 1682 evagatione
1321 1627 1639 1682 peccamus,
1673 1614 2030 1669 daemonibus

330 1703 433 1771 qui
469 1703 607 1758 huic
639 1702 755 1756 aeri
789 1701 1217 1770 principantur,
1255 1714 1353 1770 per
1382 1715 1528 1770 quos
1558 1714 1706 1769 saepe
1738 1699 2026 1767 illicitnur,

329 1803 430 1858 per
473 1790 721 1844 debitam
770 1789 1118 1859 pmnitenttae
1163 1790 1600 1844 redhibitionem
1651 1789 1891 1844 retribui
1929 1791 2025 1844 de-

330 1885 436 1933 cet.
495 1878 704 1933 Beatus
754 1878 906 1933 enim
965 1879 1064 1948 qui
1125 1879 1400 1933 retribuet
1454 1879 1534 1932 eis
1591 1877 2023 1932 retributionem

331 1977 518 2029 suam,
569 1978 747 2034 quam
802 1964 1192 2019 retribuerunt
1244 1963 1406 2018 nobis
1459 1964 1631 2030 (Psal.
1680 1978 1908 2030 cxxxn,
1950 1964 2021 2032 8).

331 2052 419 2106 Fit
449 2051 616 2121 quasi
647 2051 738 2106 lex
783 2050 887 2106 hoc
934 2053 992 2104 in
1039 2054 1290 2104 universa
1323 2058 1468 2104 terra
1498 2051 1759 2120 Egypti,
1792 2052 1929 2108 dum
1966 2053 2024 2107 in

329 2140 484 2194 omni
543 2149 736 2194 nostro
796 2141 1021 2210 negotio
1085 2141 1354 2196 exteriori
1412 2141 1688 2196 inhaerere
1747 2141 2026 2211 jubemur

331 2227 546 2297 regulae
578 2227 689 2282 isti.
723 2228 906 2282 Potest
938 2237 1130 2283 autem
1161 2236 1215 2284 et
1260 2243 1358 2298 per
1386 2229 1650 2298 quintam
1683 2236 1902 2298 partem
1933 2229 2024 2283 vi-

330 2329 428 2370 sus
454 2316 610 2370 solus
635 2316 814 2384 accipi
848 2318 949 2384 qui
977 2317 1293 2384 specialiter
1320 2317 1718 2386 funestiusque
1744 2317 2022 2372 damnum

333 2403 592 2474 inﬂigere
643 2403 943 2459 consuevit
995 2405 1189 2459 menti.
1249 2405 1372 2474 Ipse
1417 2406 1570 2460 enim
1627 2404 1699 2459 ab
1755 2404 2022 2474 Apostolo

333 2491 728 2561 principaliter
763 2491 1114 2562 exprimitur
1161 2493 1307 2548 inter
1349 2493 1456 2548 tria
1499 2493 1612 2560 illa,
1664 2493 1762 2548 ubi
1806 2507 2024 2548 concu-

333 2578 606 2648 piscentia
651 2581 860 2645 carnis,
911 2581 1370 2650 concupiscentia
1418 2597 1650 2652 quoque
1698 2581 2018 2647 oculorum,

329 2677 384 2722 et
412 2667 686 2736 superbia
716 2668 845 2723 vitze
875 2669 1219 2724 describitur
1244 2672 1290 2736 (ι
1318 2671 1486 2724 Joan.
1523 2685 1580 2737 ιι,
1619 2673 1737 2739 l6);
1767 2668 1864 2724 ubi
1899 2668 2023 2724 uni-

333 2757 572 2810 versitas
626 2755 855 2811 malitia
904 2757 1423 2826 comprehenditur.
1473 2759 1650 2814 Terra
1694 2765 1887 2813 autem
1941 2771 2023 2812 sa-

329 2843 630 2898 cerdotalis
663 2845 717 2899 id
745 2853 829 2899 est
862 2846 1044 2900 virtus
1079 2846 1372 2901 rationalis
1405 2847 1491 2901 his
1529 2861 1830 2916 nunquam
1865 2846 2021 2916 regi—

330 2931 439 2986 bus
478 2931 645 2986 subdi
695 2933 988 3002 dignatur,
1039 2935 1180 3002 quia
1223 2935 1294 2989 ad
1346 2949 1470 2990 eam
1521 2934 1762 3004 pertinet
1808 2940 1870 2989 ut
1922 2947 2021 3003 per

325 3033 452 3075 eam
486 3035 616 3088 quae
645 3021 986 3077 sensualiter
1015 3029 1152 3077 sunt
1179 3023 1310 3077 laesa
1336 3031 1634 3078 curentur.

2136 647 2526 703 omnimodam
2565 645 3088 712 mortificationem,
3118 654 3404 717 quantum
3446 647 3519 704 ad
3556 650 3842 706 smeulum

2136 735 2462 798 seducente,
2501 734 2573 790 ad
2611 734 3115 790 intellectualitatis
3153 735 3520 802 desiderium,
3553 738 3725 807 quasi
3767 737 3842 792 ad

2139 822 2322 878 filium
2372 823 2611 892 spiritus
2670 830 2861 876 noster
2913 823 3161 878 recurrit
3215 831 3269 878 et
3327 823 3530 879 inhiat.
3585 825 3844 881 Gratiam

2139 916 2195 966 in
2228 918 2510 981 conspectu
2544 912 2779 978 invenit,
2805 925 2936 966 cum
2960 912 3086 980 ejus
3111 920 3413 980 suppetere
3437 912 3546 968 sibi
3576 913 3846 969 alacrita-

2139 1008 2252 1056 tem
2292 1002 2480 1055 sentit.
2535 1000 2749 1054 Ponere
2795 999 2844 1053 ei
2888 1015 3108 1052 manum
3153 1000 3250 1053 sub
3279 1001 3499 1066 femore,
3531 1009 3614 1057 est
3642 1015 3846 1071 opera-

2138 1087 2278 1144 tioni
2325 1088 2441 1143 vim
2483 1088 2724 1142 internze
2770 1087 3043 1152 veritatis,
3078 1087 3146 1142 de
3178 1102 3297 1157 qua
3341 1087 3552 1144 divinte
3597 1089 3847 1144 rationis

2137 1191 2330 1231 semen
2377 1176 2694 1243 egreditur,
2741 1176 3112 1245 subjungere.
3163 1175 3440 1231 Convenit
3485 1177 3638 1232 enim
3686 1178 3848 1232 hanc

2136 1277 2204 1318 ex
2237 1278 2302 1317 eo
2344 1264 2652 1317 seminario
2683 1277 2748 1317 ac
2789 1263 2832 1316 si
2877 1277 2949 1317 ex
2995 1262 3196 1331 regula
3242 1263 3580 1332 dependere.
3626 1265 3849 1320 Femur

2138 1359 2330 1407 autem
2376 1353 2846 1421 propagationem
2894 1351 3198 1418 sigttitieat,
3248 1358 3303 1406 et
3349 1350 3561 1406 veritas
3597 1350 3848 1407 rationis

2139 1447 2321 1494 totum
2357 1439 2655 1508 fecundat;
2699 1439 2829 1494 facit
2871 1438 3302 1492 misericordiam
3347 1446 3397 1492 et
3441 1445 3746 1506 veritatem,
3779 1445 3850 1493 ut

2137 1543 2243 1580 non
2290 1527 2599 1596 sepeliatur
2650 1530 2706 1580 in
2754 1528 3028 1596 Eggplo,
3083 1527 3218 1580 dum
3267 1540 3393 1581 eam
3445 1527 3846 1582 remissionem

2141 1623 2525 1685 peccatorum,
2558 1631 2735 1686 quam
2767 1630 2839 1670 ex
2873 1617 2983 1670 Deo
3013 1615 3331 1670 intellectus
3364 1615 3537 1670 menti
3569 1616 3844 1684 spondet,

2141 1704 2580 1774 perseverando,
2628 1704 2740 1758 imo
2787 1717 3154 1773 perseverare
3203 1702 3484 1768 faciendo,
3534 1711 3687 1758 certa
3726 1704 3842 1758 sibi

2138 1791 2487 1846 exhibitione
2527 1792 2786 1860 complet,
2829 1791 2970 1846 dum
3015 1792 3086 1846 ab
3135 1791 3364 1860 ngypIi
3412 1791 3732 1860 sepultura,
3780 1793 3844 1847 id

2135 1887 2219 1935 est
2248 1893 2282 1934 a
2321 1879 2517 1935 szeculi
2548 1894 2606 1935 se
2636 1880 2932 1935 obruentis
2961 1893 3087 1934 eam
3117 1893 3259 1934 cura
3289 1886 3530 1934 amovet.
3578 1879 3844 1935 Dormire

2136 1968 2262 2023 vult
2288 1983 2418 2022 cum
2455 1968 2732 2037 patribus,
2763 1967 2900 2037 quia
2930 1981 3043 2022 non
3072 1965 3357 2036 IEgyptiis
3379 1967 3726 2023 maeroribus
3743 1968 3845 2023 de-

2135 2054 2326 2123 primi,
2367 2054 2464 2108 sed
2499 2055 2761 2124 exemplo
2804 2069 3024 2121 eorum,
3075 2055 3174 2124 qui
3226 2054 3521 2109 dormiunt
3567 2063 3623 2110 et
3663 2056 3842 2111 corde

2133 2140 2398 2206 vigilant,
2433 2139 2506 2194 ab
2532 2141 2868 2195 extrinsecis
2892 2139 3377 2195 sollicitudinibus
3400 2139 3681 2195 desiderat
3702 2155 3843 2196 con-

2133 2227 2326 2296 sopiri.
2362 2228 2439 2283 De
2472 2227 2579 2282 hac
2615 2235 2767 2282 terra
2803 2227 3038 2291 auferri,
3070 2234 3124 2281 et
3159 2226 3212 2280 in
3247 2227 3510 2296 sepulcro
3545 2228 3840 2296 majorum

2133 2315 2297 2369 condi
2330 2329 2387 2369 se
2417 2315 2684 2384 postulat,
2717 2315 2854 2370 dum
2884 2328 2984 2383 per
3015 2314 3402 2385 intelligentia:
3432 2315 3840 2373 excellentiam

2133 2403 2373 2457 terrenis
2410 2402 2710 2457 atl'ectibns
2753 2402 2950 2466 eximi,
2991 2411 3044 2456 et
3079 2402 3230 2456 intra
3271 2403 3637 2458 conscientias
3667 2411 3837 2473 septa

2132 2502 2166 2543 a
2196 2489 2474 2543 forasticis
2504 2488 2831 2557 strepitibus
2863 2503 2922 2542 se
2963 2496 3169 2542 testuat
3204 2488 3512 2543 contutari.
3546 2488 3706 2545 Unde
3739 2490 3837 2544 di-

2131 2576 2282 2631 citur
2313 2577 2368 2632 in
2399 2577 2502 2632 Job
2537 2592 2548 2630 :
2585 2577 2934 2644 E/fodientes,
2969 2575 3184 2644 inquit,
3215 2577 3527 2630 thesaurum
3563 2577 3829 2645 gaudent,

2132 2680 2250 2718 cum
2275 2667 2576 2718 invenerint
2610 2665 2912 2733 sepulcrum
2944 2664 3086 2732 (Job.
3124 2679 3202 2730 ιιι,
3235 2666 3324 2730 2t,
3362 2665 3470 2732 22).

2205 2752 2371 2808 VEtts.
2415 2756 2498 2808 3t.
2538 2783 2605 2792 —
2645 2756 2776 2819 Ego,
2813 2752 3020 2822 inquit,
3061 2753 3256 2820 Joseph
3293 2754 3500 2816 faciam
3534 2753 3680 2820 quod
3701 2754 3832 2821 jus-

2130 2843 2266 2895 sisti.
2302 2844 2367 2895 Et
2399 2843 2490 2894 ille
2529 2857 2542 2894 :
2581 2842 2714 2910 jura
2752 2856 2876 2906 ergo
2927 2841 3084 2904 mihi,
3129 2841 3310 2908 inquit
3359 2855 3373 2894 :
3424 2841 3536 2906 Quo
3577 2841 3830 2908 jurante,

2129 2929 2384 2983 adoravit
2425 2931 2592 2983 Israel
2624 2930 2814 2995 Deum,
2848 2943 3132 2983 conversus
3171 2928 3245 2981 ad
3287 2929 3469 2982 lectuli
3495 2933 3678 2997 caput.
3713 2929 3831 2985 Ra-

2127 3016 2300 3072 tionis
2350 3018 2637 3087 proposito
2683 3017 3144 3073 intellectualitas
3188 3031 3248 3072 se
3300 3016 3492 3071 favere
3545 3016 3826 3085 afﬁrmat,

395 3107 569 3163 Vatis.
611 3111 699 3175 27,
743 3112 828 3163 28.
873 3139 942 3149 —
983 3111 1266 3164 Habitavit
1298 3127 1422 3178 ergo
1467 3112 1644 3166 Israel
1678 3127 1733 3164 in
1765 3113 2015 3180 Egypto,
2060 3125 2100 3179 ο
2130 3105 2270 3175 quia
2309 3106 2429 3161 sine
2459 3105 2670 3160 ctelesti
2708 3107 2926 3170 notitia,
2969 3120 3101 3175 quae
3147 3118 3262 3159 non
3309 3113 3394 3160 est
3439 3103 3595 3159 aliud
3644 3117 3827 3173 quam

322 3195 383 3248 id
429 3200 507 3250 est
566 3199 621 3250 in
674 3203 820 3252 terra
871 3201 1091 3264 Gessen,
1137 3204 1188 3252 et
1238 3201 1480 3269 possedit
1526 3217 1673 3265 eam;
1724 3207 2020 3269 auctusque

322 3288 420 3350 est,
465 3289 516 3338 et
560 3287 955 3354 multiplicatus
1007 3290 1192 3341 nimis.
1242 3290 1310 3342 Et
1357 3291 1502 3342 vixit
1545 3292 1602 3342 in
1647 3306 1709 3342 ea
1749 3290 1925 3342 decem
1969 3294 2020 3343 et

321 3378 520 3441 septem
576 3377 756 3428 annis.
817 3375 1084 3444 Faclique
1136 3383 1263 3430 sunt
1315 3393 1492 3431 omnes
1558 3378 1672 3431 dies
1733 3381 1858 3432 vitae
1902 3379 2019 3446 ejus

324 3468 534 3515 centum
593 3463 972 3532 quadraginta
1029 3470 1078 3516 ct
1133 3468 1333 3533 septem
1390 3481 1675 3518 annorum.
1737 3467 1914 3518 Israel
1962 3469 2018 3518 in

321 3549 570 3618 zEgypto
610 3550 852 3617 habitat,
884 3552 1022 3606 dum
1067 3552 1322 3621 spiritus,
1371 3553 1470 3622 qui
1503 3567 1637 3608 cum
1673 3554 1786 3609 Deo
1817 3555 1874 3608 in
1911 3568 2016 3608 no-

321 3635 408 3690 bis
457 3635 838 3705 principatur,
886 3637 1050 3706 quasi
1099 3639 1293 3693 lumen
1346 3638 1490 3693 inter
1537 3640 1800 3694 tenebras
1842 3639 2019 3709 hujus

318 3723 513 3778 saeculi
555 3723 889 3780 dominatur
929 3733 984 3780 et
1029 3729 1288 3795 imperat.
1339 3727 1511 3783 Israel
1560 3727 1714 3783 enim
1763 3732 2016 3797 princeps

319 3826 439 3866 cum
480 3814 585 3866 Deo
625 3811 862 3881 dicitur;
907 3821 960 3869 et
1009 3814 1270 3870 habitare
1319 3816 1556 3886 ponitur
1598 3829 1700 3886 pro
1745 3831 1811 3872 eo
1859 3817 2016 3886 quod

317 3909 423 3970 est,
464 3902 758 3957 dominari.
801 3904 1077 3960 Versatur
1115 3908 1172 3958 in
1219 3913 1367 3959 terra
1410 3906 1623 3972 Gessen,
1673 3913 1737 3961 ut
1783 3904 2014 3962 subtili-

320 3997 403 4046 ter
433 3992 724 4060 apprOpiet
765 3993 837 4048 ad
878 3992 999 4048 vitii
1044 3993 1332 4064 cujusque
1377 3994 1777 4064 refragaturus
1821 3994 2014 4064 palpa-

315 4079 548 4135 tionem.
595 4083 733 4136 Eam
780 4081 1043 4150 possidet,
1089 4097 1222 4137 cum
1273 4081 1463 4138 debito
1501 4081 1609 4138 sibi
1647 4081 1781 4152 jure
1821 4082 2013 4138 colen-

314 4165 447 4222 dam
495 4168 666 4222 etiam
717 4177 916 4224 contra
960 4177 1311 4224 tentamenta
1364 4169 1613 4226 defendit
1661 4184 1727 4226 ac
1783 4172 2008 4226 retinet.

315 4256 582 4324 Augetur
617 4263 672 4310 et
709 4256 1131 4324 multiplicatur
1166 4259 1351 4321 nimis,
1386 4258 1526 4326 quia
1570 4271 1862 4327 nusquam
1910 4272 2012 4313 co-

317 4342 528 4410 piosior
557 4342 806 4398 efficitur
831 4344 1088 4412 spiritus,
1123 4358 1299 4414 quam
1345 4359 1444 4415 per
1485 4359 1654 4400 usum
1685 4349 2010 4400 exercitatas

2129 3191 2249 3262 ipse
2291 3193 2389 3248 Dei
2429 3206 2608 3259 amor,
2653 3191 2730 3246 nil
2781 3192 2919 3248 utile
2964 3205 3200 3262 prorsus
3236 3190 3465 3261 spiritui
3509 3198 3704 3246 nostro
3739 3205 3832 3247 re-

2127 3289 2261 3347 stat,
2295 3283 2393 3352 qui
2424 3281 2531 3336 hac
2553 3281 2732 3336 fretus
2753 3281 3094 3346 constantia,
3114 3279 3233 3351 jam
3255 3280 3573 3335 secundum
3597 3280 3834 3336 lsraelis

2127 3383 2359 3424 sensum
2394 3383 2527 3424 cum
2561 3369 2674 3423 Deo
2703 3367 2986 3434 directus;
3024 3368 3128 3438 ipsi
3159 3368 3272 3424 Deo
3305 3381 3424 3422 sese
3453 3367 3746 3434 humiliat,
3775 3375 3832 3424 et

2127 3457 2198 3511 ad
2246 3456 2430 3525 ipsum
2483 3457 2584 3526 qui
2633 3464 2808 3526 caput
2849 3456 3060 3524 lectuli,
3109 3456 3162 3510 id
3195 3463 3278 3512 est
3311 3455 3705 3526 principalitas
3737 3456 3832 3510 in-

2126 3551 2303 3601 ternae
2347 3553 2554 3600 nostrai
2603 3544 2821 3614 requiei
2866 3552 2950 3600 est
2999 3545 3080 3615 (in
3137 3543 3258 3614 ipso
3307 3543 3460 3599 enim
3515 3557 3549 3598 a
3604 3545 3830 3613 peccati

2122 3633 2526 3690 exactionibus
2552 3633 2939 3689 sabbatismus
2967 3639 3075 3699 est)
3101 3639 3346 3689 mentem
3373 3631 3630 3688 inclinat.

2719 3775 2952 3832 CAPUT
2988 3775 3227 3830 XLVIII.

2193 3907 2363 3962 Vens.
2411 3909 2457 3960 Ι.
2499 3936 2569 3946 -
2598 3907 2696 3960 His
2723 3908 2805 3960 ita
2834 3907 3150 3970 transactis,
3181 3906 3499 3959 nunciatum
3520 3909 3599 3958 est
3619 3906 3828 3974 Ioseph

2121 3995 2268 4066 quod
2325 4000 2611 4062 aegrotaret
2665 4000 2824 4063 pater
2877 4009 3026 4048 suus.
3096 3995 3206 4058 Qui
3261 3995 3553 4062 assumptis
3609 3992 3829 4050 duobus

2121 4084 2253 4138 ﬁliis
2290 4085 2538 4138 Manasse
2565 4087 2616 4137 et
2642 4083 2910 4151 Ephraim
2936 4084 3015 4135 ire
3041 4083 3304 4150 perrexit.
3329 4081 3463 4136 Haec
3491 4088 3827 4151 transeunt,

2120 4171 2260 4242 quia
2293 4171 2501 4227 fervori
2545 4170 2722 4226 animi
2775 4169 3146 4226 lentitudines
3194 4167 3520 4239 aliquoties,
3563 4167 3680 4224 Deo
3713 4170 3831 4226 uti-

2120 4261 2250 4316 liter
2294 4259 2648 4329 providente,
2697 4260 2904 4328 teporis
2951 4257 3246 4313 incedunt.
3301 4257 3508 4326 Ioseph
3559 4264 3701 4312 tunc
3751 4259 3830 4316 de

2119 4347 2299 4416 patris
2326 4347 2698 4417 aegrotatione
2730 4346 3054 4412 nuntiatur,
3089 4344 3324 4414 quando
3355 4344 3426 4400 de
3456 4344 3695 4400 rationis
3724 4344 3829 4400 in-

313 4429 690 4486 discretionis.
729 4434 910 4486 Decem
941 4438 992 4486 et
1021 4439 1219 4501 septem
1249 4436 1308 4487 in
1345 4449 1409 4487 ea
1451 4434 1594 4489 vivit
1633 4439 1813 4498 annis,
1869 4438 2010 4488 I09
2049 4421 2093 4476 Ῑ)
2120 4435 2376 4492 tellectus
2399 4434 2781 4490 mutabilitate
2812 4432 3096 4503 pulsatur.
3135 4431 3240 4488 Sed
3285 4432 3430 4488 duos
3477 4432 3600 4488 illos
3634 4433 3827 4490 robu-

311 4518 451 4572 dum
481 4525 538 4574 et
569 4518 708 4588 legis
734 4519 1034 4591 Decalogo,
1061 4529 1115 4576 et
1143 4521 1466 4590 septenario
1493 4522 1792 4592 adjutricis
1813 4520 2012 4591 gratize

315 4605 529 4673 vitalis,
564 4607 620 4661 in
655 4607 774 4676 ipsa
805 4609 1041 4664 scientia
1068 4609 1385 4678 reperimus
1409 4619 1786 4681 augmentum
1818 4623 2014 4680 prove-

311 4693 535 4750 ctionis.
570 4694 780 4751 Omnes
809 4705 1003 4752 autem
1037 4697 1320 4752 virtutum
1349 4706 1681 4753 nostrarum
1712 4697 2011 4752 claritudi-

311 4795 411 4837 nes
443 4797 542 4852 per
579 4784 899 4853 evangelici
935 4784 1221 4853 dogmatis
1249 4785 1710 4854 quaternarium,
1743 4794 1798 4840 et
1830 4783 2012 4839 divini

311 4870 674 4928 charismatis
728 4876 1140 4942 septenarium,
1201 4887 1269 4928 ac
1323 4873 1579 4929 Mosaicae
1639 4873 2013 4929 institutionis

311 4958 636 5024 denarium,
673 4960 1016 5028 perveniunt
1046 4961 1118 5016 ad
1143 4968 1372 5017 aeternae
1409 4961 1780 5018 beatitudinis
1808 4962 2012 5017 dexte-

313 5060 460 5112 ram,
497 5047 601 5102 hoc
629 5055 714 5103 est
742 5049 1159 5104 centenarium.

387 5133 558 5190 Vens.
600 5137 687 5198 29,
733 5137 820 5190 30.
864 5164 931 5173 —
987 5137 1222 5205 Cumque
1272 5139 1720 5206 appropinquare
1775 5142 2012 5192 cerneret

312 5225 504 5276 mortis
545 5223 707 5290 diem,
739 5226 950 5277 vocavit
978 5225 1150 5294 ﬁlium
1185 5241 1342 5280 suum
1382 5227 1602 5295 Joseph,
1649 5232 1698 5279 et
1747 5227 1895 5280 dixit
1938 5227 2014 5279 ad

313 5325 432 5363 eum
465 5325 479 5364 :
514 5311 577 5366 Si
612 5313 794 5364 inveni
839 5315 1078 5379 gratiam
1119 5316 1178 5367 in
1225 5319 1508 5383 conspectu
1555 5319 1666 5381 tuo,
1711 5330 1848 5383 pone
1894 5330 2010 5367 ma-

314 5413 444 5451 num
473 5399 572 5452 sub
599 5401 801 5466 femore
827 5415 959 5467 meo,
992 5407 1042 5454 et
1088 5403 1268 5468 facias
1304 5404 1444 5456 mihi
1483 5403 1915 5457 misericordiam
1961 5408 2014 5456 et

314 5488 619 5549 veritatem,
651 5494 711 5540 ut
739 5505 844 5542 non
871 5491 1100 5556 sepelias
1128 5507 1210 5544 me
1245 5494 1302 5543 in
1329 5493 1588 5558 qupto;
1621 5491 1716 5545 sed
1747 5491 2013 5545 dormiam

315 5589 437 5628 cum
467 5576 719 5644 patribus
749 5578 908 5641 meis;
944 5583 994 5630 et
1037 5579 1137 5630 hac
1188 5579 1253 5630 de
1300 5583 1445 5632 terra
1483 5594 1566 5632 me
1608 5581 1853 5644 auferas,
1887 5595 2010 5634 con-

316 5663 522 5732 dasque
577 5665 632 5718 in
691 5665 942 5734 sepulcra
998 5663 1286 5732 majorum.
1348 5665 1448 5720 Die
1515 5667 1716 5723 mortis
1777 5667 2014 5738 propin-

2118 4531 2254 4584 stos,
2279 4521 2450 4593 juxta
2479 4522 2600 4588 Job,
2635 4521 2966 4578 fortitudine
2996 4520 3133 4586 (Job.
3167 4534 3361 4588 xxxvr,
3397 4519 3501 4589 l9),
3531 4527 3718 4576 status
3747 4521 3827 4578 fe-

2120 4611 2212 4667 lici
2255 4610 2600 4666 conscientia
2649 4611 2890 4679 genitos,
2935 4609 3282 4665 oblivionem
3322 4608 3536 4664 scilicet
3570 4622 3823 4678 praesen-

2119 4699 2285 4766 tium,
2318 4707 2373 4754 et
2418 4697 2914 4754 fructiticationem
2961 4697 3291 4753 futurorum
3342 4696 3674 4752 individuos
3705 4697 3818 4754 sibi

2118 4788 2415 4854 asciscens,
2473 4787 2748 4842 rationem
2803 4799 2902 4855 per
2941 4785 3330 4855 intelligentiae
3385 4784 3654 4855 illapsum
3711 4799 3818 4856 pro

2121 4877 2281 4948 positi
2313 4877 2616 4946 utriusque
2644 4887 3090 4931 commemorare
3124 4873 3372 4930 festinat.

2189 4965 2361 5020 Vens.
2408 4968 2457 5028 l,
2499 4967 2550 5019 3.
2592 4994 2659 5003 —
2701 4965 3019 5032 Dictumque
3049 4967 3127 5016 est
3151 4964 3308 5016 seni:
3347 4963 3480 5016 Ecce
3507 4961 3655 5028 ﬁlius
3688 4967 3815 5018 tuus

2117 5055 2312 5125 Ioseph
2339 5057 2483 5109 venit
2511 5054 2587 5107 ad
2619 5058 2686 5107 te.
2725 5053 2836 5118 Qui
2873 5053 3213 5119 confortatus
3241 5050 3380 5105 sedit
3409 5053 3468 5105 in
3497 5051 3706 5104 lectulo.
3745 5053 3815 5106 Et

2119 5145 2360 5208 ingresso
2389 5141 2463 5195 ad
2493 5157 2549 5195 se
2580 5143 2660 5195 ait
2697 5156 2712 5194 :
2761 5143 2902 5194 Deus
2932 5141 3262 5208 omnipotens
3295 5141 3557 5207 apparuit
3584 5139 3725 5192 mihi
3753 5142 3812 5192 in

2118 5230 2288 5294 Luza,
2329 5245 2449 5299 quae
2485 5233 2563 5282 est
2609 5232 2667 5282 in
2716 5233 2864 5282 terra
2908 5228 3202 5294 Chanaan,
3237 5226 3620 5297 benedixith
3648 5227 3808 5293 mihi,

2119 5323 2168 5370 et
2201 5321 2282 5370 ait
2321 5333 2334 5372 :
2378 5319 2494 5386 Ego
2531 5322 2581 5372 te
2627 5317 2830 5385 augebo
2880 5321 2930 5370 et
2978 5315 3370 5384 multiplicabo,
3415 5317 3716 5386 etfaciam
3763 5321 3812 5370 te

2119 5407 2177 5458 in
2223 5405 2412 5460 turbas
2457 5406 2800 5474 populorum,
2855 5403 3101 5472 daboque
3145 5403 3250 5460 tibi
3292 5408 3493 5458 terram
3547 5405 3710 5468 hanc,
3761 5408 3810 5456 et

2118 5495 2312 5547 semini
2340 5497 2428 5546 tuo
2458 5497 2578 5560 post
2611 5497 2679 5558 te,
2711 5495 2767 5546 in
2803 5495 3190 5561 possessionem
3225 5495 3628 5561 sempiternam.
3678 5493 3806 5549 Seni

2119 5581 2188 5637 de
2233 5581 2486 5636 adventu
2531 5581 2737 5650 Joseph
2783 5579 3012 5641 dicitur.
3065 5594 3197 5636 cum
3243 5579 3537 5636 lacessenti
3576 5579 3806 5650 spiritui

2117 5669 2187 5726 de
2245 5675 2558 5739 augmento
2603 5668 2846 5726 caelestis
2891 5668 3106 5725 notitias
3154 5669 3429 5724 memoria
3481 5667 3802 5732 refricatur,
