3950 6420
76 453 177 506 317

1326 448 1694 506 MOBALIUM
1736 449 1801 505 IN
1842 450 2138 506 GENESIN
2180 448 2312 505 LIB.
2353 449 2417 504 Χ.

3498 451 3601 505 318

73 585 449 643 Confortatus
486 599 622 656 ergo
670 585 825 640 sedet
878 587 935 639 in
978 574 1191 651 tectulo,
1240 599 1376 641 cum
1421 585 1649 642 viribus
1701 599 1775 641 ex
1812 587 1860 640 Α
1890 587 2077 641 lehem.
2114 585 2521 656 Mesopotamia
2571 584 2785 640 dicitur
2829 586 3037 639 elevata
3091 589 3329 652 vacatio;
3367 585 3600 652 Rachel,

73 674 286 729 intima
327 672 683 729 correctione
746 672 1074 742 resumptis,
1128 673 1489 729 conscientia
1542 674 1788 743 propria

76 760 296 815 honore
327 758 613 828 prominet
650 756 979 828 judiciario.
1034 756 1235 815 Sedere
1271 760 1426 815 enim
1468 760 1789 830 judicantis

72 858 175 906 est.
241 849 567 917 Lectulum,
630 855 890 903 mentum
939 846 1050 900 dici
1102 848 1257 903 testis
1311 855 1415 915 est,
1482 849 1584 919 qui
1646 851 1783 905 ait:

74 939 331 993 Lectulus
389 941 572 990 noster
614 935 841 1003 ﬂoridus
894 933 1068 1003 (Cant.
1119 949 1154 998 ι,
1202 938 1313 999 15).
1365 936 1539 991 Porro
1601 936 1789 1008 ingre-

73 1024 235 1079 ditur
282 1038 420 1080 cum
463 1030 676 1078 secreto
724 1020 913 1076 cordis
962 1020 1307 1077 admittitur.
1369 1022 1521 1077 Luza
1576 1023 1788 1080 dicitur

74 1112 222 1181 boja,
265 1112 426 1183 quod
481 1126 584 1167 nos
633 1124 907 1165 vocamus
957 1111 1307 1180 compedem.
1359 1113 1427 1167 In
1475 1119 1621 1167 terra
1658 1114 1789 1170 Cha-

72 1217 245 1265 naan,
293 1199 506 1269 inquit,
552 1198 606 1254 id
649 1205 734 1253 est
775 1198 830 1253 in
879 1198 1227 1264 terrenitate,
1276 1201 1374 1257 ubi
1432 1202 1630 1273 jugem
1688 1219 1788 1274 per

72 1287 389 1342 criminum
421 1286 663 1342 declivia
701 1294 919 1342 motum
970 1288 1246 1357 patiebar,
1276 1295 1331 1345 et
1362 1306 1481 1362 quo
1525 1293 1787 1363 volupta-

74 1383 200 1430 tum
225 1375 602 1444 compedibus
631 1374 1009 1443 astringebar.
1044 1377 1212 1442 Deus,
1238 1378 1338 1448 qui
1370 1379 1427 1433 in
1452 1379 1785 1436 fortitudine

72 1465 300 1520 vinctos
327 1464 750 1533 omnipotenter
774 1463 985 1530 educit,
1022 1464 1161 1519 mihi
1210 1465 1501 1532 inclaruit,
1554 1470 1786 1526 virtutis

75 1551 617 1621 multiplicatiouem
648 1551 939 1617 benedixit,
989 1562 1042 1607 et
1077 1553 1231 1621 quod
1283 1553 1431 1609 inter
1478 1555 1783 1610 turbulen-

73 1641 182 1696 tias
227 1642 506 1696 vitiorum
552 1638 1009 1695 substantibilem
1055 1655 1143 1695 me
1187 1651 1425 1706 crearet,
1473 1652 1525 1698 et
1570 1653 1784 1700 terram

74 1729 335 1799 corporis
381 1727 560 1797 hujus
608 1726 747 1783 mihi
796 1727 854 1783 in
904 1728 1361 1797 praesentiarum,
1406 1737 1461 1785 et
1510 1739 1632 1800 post
1671 1747 1783 1788 sa-

73 1818 187 1874 culi
238 1818 424 1888 hujus
470 1824 684 1873 statum
725 1816 950 1882 semini,
1005 1816 1057 1871 id
1108 1825 1211 1884 est,
1272 1818 1361 1886 pio
1406 1818 1610 1874 merito
1659 1834 1783 1875 meo

76 1906 595 1976 incorruptibiliter
624 1904 1025 1975 possidendam
1056 1906 1431 1971 contraderet,
1483 1921 1581 1977 spe
1628 1916 1785 1964 certa

73 1994 361 2063 promisit.

146 2082 324 2137 Vens.
360 2085 415 2149 5,
451 2082 502 2134 6.
548 2109 620 2122 —
665 2082 774 2135 Duo
820 2082 995 2147 igitur
1040 2081 1147 2135 lilii
1196 2085 1297 2147 tui,
1339 2088 1634 2153 antequam
1682 2087 1784 2140 huc

74 2171 312 2223 venirem
350 2168 428 2223 ad
460 2174 526 2236 te,
561 2171 667 2222 mei
692 2174 879 2236 erunt;
930 2171 1195 2238 Ephraim
1224 2176 1274 2224 et
1322 2173 1623 2239 Manasses,
1676 2176 1781 2227 sic-

76 2263 134 2311 ut
212 2258 407 2315 Ruben
461 2262 511 2311 et
566 2257 774 2313 Simeon
831 2258 1235 2327 reputabuntur
1303 2261 1457 2313 mihi.
1531 2263 1783 2329 Reliquos

76 2352 253 2401 autem
311 2362 448 2416 quos
493 2348 741 2412 genueris
797 2352 920 2415 post
975 2362 1080 2410 eos,
1114 2349 1199 2401 tui
1257 2353 1415 2401 erunt
1460 2351 1512 2401 et
1569 2351 1784 2404 nomine

75 2435 320 2499 fratrum
373 2449 592 2488 suorum
639 2433 974 2487 vocabuntur
1042 2436 1101 2488 in
1168 2437 1591 2503 possessionibus
1643 2440 1779 2492 suis.

77 2520 501 2576 lntellectuales
549 2520 665 2575 duo
712 2527 850 2575 sunt
894 2520 1013 2588 ﬁlii,
1064 2521 1163 2592 qui
1210 2522 1292 2578 sic
1332 2523 1633 2579 imminent
1678 2540 1782 2594 ge-

74 2609 243 2663 mina
298 2607 617 2664 visceribus
673 2607 968 2663 charitatis
1017 2616 1081 2664 ut
1152 2610 1455 2666 Manassen
1533 2612 1781 2669 habeant

77 2696 447 2763 prasentium
479 2695 801 2763 oblivionis,
862 2697 958 2752 sed
1007 2711 1310 2767 nunquam
1361 2699 1781 2757 obliviscantur

74 2782 406 2839 futurorum
475 2783 758 2839 bonorum
813 2783 1016 2854 frugis.
1071 2785 1136 2841 Hi
1197 2786 1251 2841 in
1326 2794 1477 2842 terra
1545 2788 1777 2858 Egypti

75 2880 398 2927 nascuntur
430 2881 741 2941 antequam
785 2873 951 2928 lsrael
996 2874 1068 2929 ad
1117 2874 1324 2944 Joseph
1376 2875 1586 2941 veniat,
1640 2877 1779 2945 quia

75 2970 388 3032 antequam
448 2961 685 3030 spiritus
731 2969 926 3017 noster
973 2963 1113 3030 quid
1168 2963 1238 3017 sit
1314 2964 1778 3019 intellectualitas

85 3054 220 3103 I20
248 3050 455 3118 sapiat,
486 3059 540 3104 et
570 3050 764 3105 saculi
804 3050 1301 3107 conversationem
1338 3053 1571 3107 omnino
1614 3053 1775 3108 intel-

78 3136 398 3193 lectualitas
430 3138 550 3207 ipsa
583 3153 685 3194 nos
717 3152 981 3207 respuere
1021 3147 1205 3210 cogat,
1254 3141 1357 3195 hoc
1410 3142 1528 3210 ipsa
1590 3141 1647 3195 in
1694 3155 1773 3207 se,

80 3225 160 3280 vel
201 3240 276 3280 ex
337 3240 399 3281 se
456 3236 641 3281 motus
698 3228 918 3295 pietatis
972 3236 1257 3296 procreat;
1321 3229 1428 3284 hoc
1490 3244 1637 3298 opus
1695 3236 1779 3284 est

80 3320 136 3365 ut
163 3313 331 3374 ratio,
370 3322 562 3381 utpote
605 3313 885 3383 proprios,
948 3314 1053 3369 sibi
1098 3314 1331 3386 deligat.
1388 3316 1591 3372 Ruben
1636 3317 1777 3371 dici-

80 3407 170 3455 tur
197 3402 389 3455 videns
417 3403 611 3471 filium,
646 3402 872 3459 Simeon
896 3402 1125 3457 audiens
1157 3406 1461 3459 tristitiam.

145 3490 583 3557 Reputabunlur,
628 3488 836 3559 inquit,
884 3492 1022 3544 mihi
1053 3492 1330 3546 Manasses
1384 3498 1435 3546 et
1485 3494 1775 3561 Ephraim,

80 3576 212 3630 sicut
261 3578 477 3633 Simeon
531 3582 580 3631 et
632 3576 843 3645 Ruben,
899 3578 1040 3649 quia
1091 3579 1186 3635 illa
1245 3579 1587 3637 instantium
1627 3581 1777 3637 obli-

82 3664 167 3718 vio
193 3679 291 3734 per
312 3665 579 3721 auditum
630 3667 872 3723 tristitia
925 3667 1013 3723 vel
1070 3668 1385 3738 prasentis,
1444 3683 1562 3739 qua
1614 3685 1779 3726 mun-

80 3750 186 3806 dus
232 3753 568 3821 tribulatur,
620 3754 709 3811 vel
759 3755 990 3822 futura,
1036 3771 1154 3826 qua
1218 3757 1409 3827 impiis
1474 3759 1777 3815 maledice-

81 3844 190 3904 tur,
236 3840 378 3897 mihi
438 3842 528 3911 tit;
585 3849 640 3898 et
692 3850 809 3898 tota
860 3843 939 3913 pii
992 3844 1181 3914 operis
1236 3845 1619 3913 fructificatio,
1679 3862 1779 3917 per

82 3925 354 3984 visionem
413 3928 530 3994 lilii,
609 3929 665 3985 id
719 3939 803 3986 est
860 3946 962 4001 per
1017 3934 1557 4003 contemplationem
1636 3936 1775 3992 mihi

86 4017 342 4080 provenit
403 4026 751 4074 aternorum
819 4020 959 4090 spei.
1040 4021 1212 4077 Filios
1263 4030 1455 4079 autem
1518 4039 1646 4094 spes
1718 4024 1777 4080 in

86 4098 373 4171 Scriptura
424 4106 602 4162 solere
658 4108 851 4163 vocari
896 4123 1044 4178 sape
1100 4110 1493 4179 probavimus.
1574 4113 1656 4168 Ac
1730 4112 1778 4170 si

88 4186 274 4245 dicat:
330 4192 487 4249 Sicut
536 4209 745 4263 causa,
809 4204 865 4253 et
919 4197 1062 4267 spei,
1122 4206 1178 4253 et
1218 4199 1481 4268 gtristitia
1541 4202 1780 4259 auditus

89 4275 222 4331 mihi
278 4293 393 4334 non
448 4281 673 4350 desunt,
737 4284 819 4340 sic
869 4284 1188 4342 efficientia
1249 4300 1381 4357 qua
1437 4296 1591 4344 retro
1643 4296 1781 4346 sunt

88 4361 471 4435 obliviscendi,
549 4378 604 4426 et
678 4370 974 4429 fructuum
1029 4374 1086 4429 in
1149 4376 1442 4431 anteriora
1507 4377 1778 4433 tendendi

1892 676 2084 730 videns
2158 677 2516 745 principium.
2569 673 2832 741 Quando,
2889 673 3099 743 inquit,
3168 675 3237 730 de
3305 675 3602 731 vocatione

1893 762 2112 826 divina,
2172 776 2293 832 qua
2356 762 2429 816 ab
2488 760 2616 815 imis
2678 760 2889 828 elevor,
2933 761 3127 829 accepi
3194 769 3255 816 ut
3324 762 3396 816 ad
3459 761 3601 818 effe-

1892 857 2049 907 ctum
2101 851 2300 921 gratia
2374 849 2753 919 pervenirem,
2813 856 3103 917 quantum
3152 849 3222 904 ad
3282 864 3458 916 meos,
3546 850 3601 906 id

1891 947 1977 995 est
2024 939 2310 994 humanos
2341 952 2484 994 usus
2527 945 2765 1007 spectat,
2823 936 3033 993 Rachel
3093 937 3235 992 mihi
3295 938 3596 1006 emoritur,

1894 1028 2136 1083 intentio
2192 1027 2406 1083 scilicet
2450 1040 2577 1081 mea
2630 1034 2858 1081 terrena
2912 1026 2986 1081 ad
3039 1024 3345 1081 utilitatem
3414 1040 3602 1083 meam

1892 1116 2246 1181 destituitur,
2297 1123 2361 1170 ut
2387 1114 2460 1170 ad
2487 1129 2622 1169 eum
2675 1113 2774 1183 qui
2825 1115 3085 1169 omnium
3132 1113 3503 1183 principium,
3548 1123 3604 1170 et

1894 1203 2289 1273 principaliter
2350 1210 2453 1269 est,
2517 1202 2796 1272 erigatur.
2871 1203 2937 1256 In
2992 1208 3141 1255 terra
3206 1203 3469 1258 Chanaan
3542 1205 3604 1256 in

1891 1295 2011 1360 ipso
2053 1295 2247 1346 itinere
2299 1290 2524 1353 occidit,
2584 1303 2716 1344 cum
2777 1289 2833 1344 in
2902 1296 3125 1344 terreno
3174 1297 3336 1345 motu
3393 1290 3598 1359 posita,

1891 1395 2009 1450 quo
2065 1379 2323 1449 expediri
2380 1379 2574 1433 adhuc
2627 1378 2867 1447 perfecte
2926 1393 3037 1432 non
3091 1385 3292 1447 potest,
3348 1378 3406 1432 in
3478 1378 3602 1448 ipso

1891 1466 2224 1538 proﬁciendi
2260 1466 2518 1535 appetitu
2560 1466 2837 1535 paulatim
2887 1465 3115 1520 decidit.
3161 1464 3421 1519 Vernum
3471 1471 3602 1520 tem-

1892 1571 2000 1626 pus
2029 1563 2152 1611 erat
2181 1554 2319 1610 dum
2354 1555 2475 1609 hac
2519 1554 2797 1621 moritur;
2846 1562 2899 1608 et
2929 1553 3019 1608 ille
3076 1553 3390 1622 Ephratam
3431 1567 3596 1623 egre-

1888 1644 2174 1709 diebatur,
2230 1642 2370 1712 quia
2411 1642 2714 1697 accedente
2771 1642 2899 1695 fidei
2981 1642 3219 1706 fervore,
3268 1654 3401 1696 cum
3471 1640 3602 1710 pius

1891 1732 1950 1787 in
1974 1732 2224 1788 fructum
2246 1732 2434 1800 operis
2463 1730 2788 1800 prorumpit
2818 1729 3076 1795 allectus,
3128 1744 3261 1799 qua
3310 1743 3379 1784 ex
3429 1743 3603 1784 carne

1893 1829 1976 1877 est
2025 1820 2292 1875 voluntas
2344 1819 2632 1890 dejicitur,
2689 1828 2744 1874 et
2808 1820 2879 1874 ad
2958 1819 3277 1873 ubertatem
3362 1817 3602 1872 interna

1826 1884 2284 1979 Bplenitudinis,
2330 1884 2485 1977 quod
2538 1884 2625 1962 est
2674 1908 2948 1977 Ephrata,
3009 1905 3247 1975 spiritus
3298 1904 3463 1974 quasi
3516 1904 3602 1975 jad

1896 1998 2213 2053 libertatem
2245 1995 2469 2050 solutus
2493 1996 2808 2063 egreditur.

1963 2086 2132 2138 Juxta
2190 2086 2336 2136 viam
2383 2085 2643 2151 Ephrata
2698 2083 2974 2152 sepelitur
3025 2096 3157 2138 cum
3211 2080 3387 2152 juxta
3446 2078 3602 2137 Chri-

1893 2178 2067 2237 stum,
2088 2170 2190 2240 qui
2213 2169 2308 2223 via
2336 2178 2438 2237 est,
2463 2177 2518 2224 et
2536 2169 2688 2239 frugi
2724 2167 3091 2237 ubertatique
3122 2180 3242 2222 sese
3282 2165 3598 2222 {ruentium

1894 2273 1928 2314 a
1958 2259 2255 2313 mundano
2286 2258 2543 2314 tumultu
2587 2256 2981 2312 absconditur.
3039 2258 3179 2310 Pone
3223 2271 3324 2317 me,
3386 2254 3595 2323 inquit,

1883 2346 2055 2416 juxta
2086 2346 2174 2412 te,l
2217 2351 2265 2400 et
2321 2345 2561 2413 cujusvis
2616 2360 2808 2397 manus
2862 2347 3064 2412 pugnet
3112 2347 3299 2397 contra
3345 2357 3427 2395 me
3480 2340 3599 2407 (Job

1891 2450 2030 2502 xvxt,
2057 2434 2130 2504 3).
2170 2433 2498 2489 Bethlebem
2548 2432 2761 2487 dicitur
2803 2432 3009 2486 domus
3070 2430 3250 2500 panis.
3297 2429 3421 2485 Alio
3461 2443 3599 2498 ergo

1890 2521 2124 2577 nomine
2172 2521 2431 2590 Ephrata
2478 2520 2805 2590 appellatur
2831 2520 3019 2573 domus
3064 2523 3248 2588 panis,
3304 2520 3445 2587 quia
3493 2517 3598 2572 etsi

1892 2609 2155 2666 feracitas
2206 2609 2493 2664 bonorum
2561 2616 2796 2663 actuum
2861 2606 3031 2661 laude
3082 2606 3336 2672 ducitur,
3405 2613 3598 2659 tamen

1888 2696 2048 2753 nullo
2081 2697 2248 2751 modo
2310 2696 2466 2764 apud
2530 2696 2713 2750 Deum
2772 2695 3149 2763 approbatur.
3207 2692 3336 2757 nisi,
3396 2698 3461 2747 ut
3521 2692 3598 2746 ita

1888 2783 2096 2849 dicam,
2131 2783 2562 2840 mansionaliter
2603 2797 2746 2839 usus
2795 2781 3219 2852 supercalestis
3263 2779 3441 2849 hujus
3489 2793 3597 2849 pa-

1888 2871 1979 2926 nis
2027 2879 2311 2935 teneatur,
2364 2871 2514 2927 sicut
2564 2871 2772 2927 domus
2822 2886 2937 2925 non
2983 2870 3039 2924 in
3084 2882 3299 2923 morem
3335 2866 3598 2922 taberna-

1887 2961 2025 3028 culi,
2071 2960 2167 3015 sed
2218 2968 2562 3029 temporum,
2612 2968 2666 3015 et
2712 2966 2948 3015 atatum
3002 2956 3384 3013 diuturnitate
3435 2954 3595 3010 habi-

1887 3053 2063 3103 tatur.

1958 3136 2126 3192 Vnus.
2164 3137 2215 3201 8,
2241 3137 2294 3201 9,
2330 3137 2414 3189 lO.
2446 3163 2514 3174 —
2552 3134 2755 3189 Videns
2784 3138 2964 3187 autem
2992 3134 3134 3202 filios
3168 3133 3306 3201 ejus,
3333 3131 3484 3185 dixit
3521 3131 3598 3185 ad

1887 3238 2047 3277 eum:
2084 3224 2192 3287 Qui
2256 3228 2382 3277 sunt
2440 3221 2601 3276 isti?
2675 3221 2973 3288 Respondit
3015 3234 3027 3273 :
3082 3221 3234 3274 Fillii
3284 3221 3389 3273 mei
3444 3224 3591 3285 sunt,

1887 3327 2019 3381 quos
2049 3312 2202 3366 dedit
2230 3314 2368 3365 mihi
2401 3310 2545 3365 Deus
2583 3312 2640 3363 in
2676 3311 2770 3363 hoc
2820 3311 2950 3363 loco.
2994 3309 3205 3371 Adduc,
3259 3310 3460 3377 inquit,
3509 3324 3593 3362 cos

1886 3400 1961 3454 ad
2018 3416 2121 3468 me,
2168 3405 2229 3453 ut
2278 3400 2584 3453 benedicam
2626 3400 2756 3452 illis.
2803 3428 2870 3437 —
2914 3398 3068 3454 Oculi
3108 3399 3248 3451 enim
3299 3397 3474 3451 Israel
3514 3412 3596 3450 ca-

1887 3489 2136 3557 ligabunt
2192 3504 2306 3557 pra
2349 3490 2521 3541 nimia
2578 3493 2859 3551 senectute,
2916 3494 2965 3540 et
3037 3488 3181 3540 clare
3236 3486 3419 3538 videre
3483 3500 3590 3539 non

1881 3583 2115 3647 poterat.
2194 3577 2394 3631 Videas
2445 3577 2589 3642 ﬁlios
2640 3575 2837 3639 Israel,
2906 3575 2959 3630 id
3010 3582 3093 3629 est
3142 3571 3596 3628 intellectualita-

1886 3666 1956 3722 tis
1985 3665 2336 3732 efﬁcientias,
2398 3665 2687 3719 subtiliter
2738 3664 2892 3733 apud
2945 3678 3004 3717 se
3055 3662 3288 3731 spiritus
3361 3661 3595 3717 discutit

1883 3768 2085 3810 eorum
2131 3767 2356 3809 causas.
2416 3753 2521 3808 Sed
2552 3753 2857 3822 respondet
2915 3752 3023 3807 sibi
3076 3751 3220 3806 tilios
3277 3750 3335 3805 in
3394 3750 3514 3805 loco
3562 3750 3595 3806 ἐι

1886 3844 2001 3899 Deo
2058 3842 2166 3899 sibi
2228 3844 2408 3910 datos,
2463 3842 2571 3897 hoc
2642 3850 2725 3896 est
2788 3840 3201 3911 principaliter,
3264 3839 3348 3895 uti
3412 3840 3591 3905 decet,

1886 3932 2067 3989 bonos
2111 3946 2353 4001 operum
2397 3931 2505 3986 sibi
2556 3930 2780 3986 fructus
2832 3930 2888 3984 in
2940 3928 3240 3985 charitatis
3286 3928 3596 3984 stabilitate

1887 4020 2179 4077 lundatos.
2218 4020 2273 4075 Is
2303 4020 2458 4075 enim
2491 4019 2651 4075 locus
2683 4026 2767 4074 est
2813 4018 3100 4087 spatiosus
3151 4017 3211 4073 in
3242 4032 3358 4087 quo
3410 4017 3594 4072 David

1888 4117 2133 4165 statutos
2206 4108 2491 4180 gloriatur
2544 4108 2714 4178 pedes
2765 4121 2904 4162 suos
2956 4107 3123 4170 (Psal.
3175 4120 3311 4172 xxx,
3355 4106 3427 4175 9).
3488 4108 3593 4161 La-

1887 4205 2013 4255 tum
2060 4197 2213 4252 enim
2275 4196 2613 4252 mandatum
2669 4196 2854 4265 ipsum
2914 4194 3086 4249 nimis
3167 4194 3336 4264 (Psal.
3398 4208 3594 4260 cxvut,

1889 4286 1999 4356 96).
2033 4285 2287 4355 Operum
2315 4299 2451 4355 ergo
2500 4298 2690 4339 causa
2735 4291 2873 4339 sunt
2927 4282 3196 4339 cltaritas.
3234 4283 3303 4337 Et
3333 4282 3435 4351 qui
3494 4298 3597 4338 nec

1888 4373 1960 4428 ad
1992 4372 2281 4429 modicum
2326 4387 2429 4427 nec
2460 4387 2563 4427 nos
2612 4373 2742 4437 loco,
2801 4387 2905 4428 nec
2964 4372 3128 4427 nobis
3185 4372 3346 4427 locus
3397 4371 3596 4427 abesse

88 4447 241 4518 (Phil.
295 4470 373 4524 tu,
435 4457 540 4527 l3),
563 4459 753 4514 deesse
802 4474 916 4515 non
965 4468 1254 4530 poterunt.
1304 4462 1360 4518 Si
1419 4463 1561 4534 quid
1618 4472 1775 4534 post-
1816 4461 2103 4529 Ddebeat,
2166 4475 2269 4531 per
2320 4461 2619 4530 prasentis
2681 4461 2760 4516 rei
2839 4460 3382 4527 demonstrativum,
3437 4460 3594 4531 quod

90 4539 315 4597 modum
362 4542 588 4601 viribus
635 4545 1023 4617 intelligentia
1079 4549 1408 4606 studiorum
1459 4552 1777 4609 sanctitatis

88 4624 344 4699 edideris,
396 4631 498 4688 tibi
536 4632 641 4689 hoc
699 4634 772 4690 ad
831 4648 1121 4691 summam
1182 4637 1395 4694 divina
1438 4640 1780 4711 cognitionis

90 4712 407 4785 adauxeris,
479 4726 535 4775 et
591 4719 866 4776 virtutem
918 4721 1149 4777 nomine
1216 4723 1485 4794 fratrum,
1563 4728 1779 4784 scilicet

90 4801 355 4867 sapientia
382 4804 658 4875 genitrice
714 4813 769 4862 et
825 4807 1034 4876 spiritu
1087 4817 1447 4878 procreatore
1495 4821 1776 4877 satorum,

90 4886 468 4977 censebuntur
506 4895 707 4948 merito
756 4893 814 4948 in
860 4894 1239 4965 principando
1288 4898 1540 4954 motibus
1591 4900 1778 4971 subji-

90 4972 309 5059 ciendis.
343 4976 400 5031 Si
430 4977 583 5034 enim
627 4980 905 5037 saculum
946 4982 1189 5051 perfecte
1228 4983 1475 5055 rejicias,
1521 4995 1575 5043 et
1624 4988 1775 5059 frugi

93 5053 360 5151 bonorum
392 5078 631 5133 operum
671 5066 852 5123 Deum
899 5068 1190 5140 diligendo
1240 5053 1478 5141 prorsus
1525 5053 1773 5140 insistas,

91 5150 263 5201 Vll‘lllS
293 5157 375 5206 est
433 5152 719 5223 quidquid
767 5153 1000 5211 demum
1058 5155 1209 5213 inter
1244 5158 1376 5215 istas
1434 5159 1778 5217 intentiones

95 5236 317 5291 attexas.

163 5319 321 5379 Vens.
352 5332 404 5382 7.
432 5358 503 5367 —
532 5329 687 5384 Mihi
711 5336 910 5395 autem,
946 5333 1166 5401 quando
1220 5336 1500 5391 veniebam
1548 5338 1616 5393 de
1663 5341 1773 5394 Me-

99 5415 397 5502 sopotamia,
458 5422 675 5472 mortua
728 5425 808 5474 est
861 5423 1062 5476 Rachel
1100 5424 1159 5476 in
1214 5428 1361 5478 terra
1407 5426 1670 5481 Chanaan
1720 5430 1777 5482 in

100 5507 205 5581 ipso
246 5504 453 5571 itinere,
505 5512 726 5579 eratque
786 5526 1011 5565 vernum
1060 5516 1297 5581 tempus;
1343 5519 1394 5567 et
1460 5517 1778 5580 egrediebar

107 5578 211 5682 [δτι-ν
255 5578 639 5662 ingrediebar)
677 5599 999 5667 Ephratam,
1055 5605 1106 5654 et
1148 5578 1373 5670 sepelivi
1426 5578 1543 5657 eam
1605 5606 1776 5673 juxta

102 5686 232 5729 vtam
285 5683 564 5754 Ephrata,
622 5702 742 5756 qua
796 5691 908 5745 alio
972 5694 1186 5747 nomine
1232 5694 1545 5763 appellatur
1615 5698 1772 5751 Beth-

1884 4558 1989 4615 est,
2044 4552 2157 4612 hoc.
2220 4557 2483 4620 patenter
2538 4548 2814 4605 insinuat.
2871 4548 2927 4605 Si
2975 4548 3174 4619 igitur,
3253 4549 3463 4618 inquit,
3522 4563 3596 4604 ex

1886 4637 2083 4694 divina
2114 4637 2439 4709 cognitione
2480 4637 2786 4708 prodeunt,
2836 4651 2937 4707 per
2973 4637 3154 4707 ipsam
3207 4637 3597 4706 intelligentia

1886 4733 2003 4782 tua
2058 4726 2401 4794 claritatem,
2452 4727 2522 4782 ad
2584 4724 2821 4781 rationis
2889 4725 3089 4780 eadem
3162 4739 3335 4794 opera
3410 4725 3598 4782 deduc

1886 4814 2265 4870 discernenda
2300 4815 2582 4883 notitiam,
2617 4822 2681 4870 ut
2720 4814 2966 4869 discreta
3011 4823 3066 4869 et
3119 4814 3373 4883 quodam
3428 4814 3597 4883 pala-

1887 4904 1965 4960 tio
2014 4902 2259 4960 interius
2308 4904 2579 4972 delibata,
2651 4903 2981 4968 benedicam,
3050 4901 3106 4957 id
3169 4910 3253 4957 est
3307 4901 3596 4972 multipli-

1886 4992 2043 5048 ciora
2090 4994 2345 5048 reddam.
2397 4993 2528 5049 Sine
2569 4991 3078 5047 intellectualitatis
3135 4991 3288 5047 enim
3329 4991 3596 5047 acumine

1884 5082 2034 5137 oculi
2066 5082 2263 5151 Israel,
2306 5082 2539 5154 ingenia
2592 5081 2858 5137 videlicet
2921 5079 3159 5137 rationis
3210 5080 3483 5151 caligant,
3541 5089 3597 5137 et

1886 5184 2005 5241 pra
2051 5170 2231 5226 nimia
2278 5172 2639 5241 temporaria
2688 5171 2987 5226 vetustatis
3036 5170 3473 5237 consuetudine,
3534 5169 3594 5226 in

1885 5259 2083 5315 divina
2112 5267 2167 5315 et
2193 5259 2518 5329 spiritualia
2549 5258 2743 5315 minus
2769 5259 2960 5314 valent
2992 5258 3305 5314 intendere.

1958 5348 2129 5405 Vnus.
2184 5351 2268 5402 ll.
2316 5377 2385 5388 —
2432 5349 2849 5418 Applicitosque
2897 5348 2972 5401 ad
3014 5364 3068 5401 se
3110 5347 3450 5401 deosculatus
3492 5352 3589 5413 est,

1885 5441 1936 5490 et
1981 5435 2383 5505 circumplexus
2432 5437 2580 5490 dixit
2622 5437 2698 5490 ad
2740 5435 2920 5506 ﬁlium
2958 5452 2971 5490 :
3023 5437 3139 5492 Non
3188 5452 3310 5490 sum
3351 5436 3591 5503 frauda-

1886 5530 1971 5580 tus
2016 5541 2051 5579 a
2111 5530 2394 5593 conspectu
2458 5531 2594 5590 tuo;
2674 5528 2898 5593 insuper
2951 5525 3188 5580 ostendit
3252 5525 3388 5578 mihi
3455 5526 3592 5579 Deus

1883 5629 2059 5667 semen
2089 5619 2258 5667 tuum.
2296 5614 2387 5668 Ad
2414 5628 2469 5668 se
2493 5613 2761 5683 applicat,
2796 5628 2928 5669 cum
2969 5621 3024 5668 et
3055 5612 3393 5667 instantium
3440 5612 3591 5667 obli-

1887 5701 2137 5767 vionem,
2198 5710 2253 5757 et
2327 5702 2555 5771 piorum
2610 5709 2850 5757 actuum
2909 5700 3431 5768 fructiticationem,
3484 5699 3590 5756 sibi
