3950 6422
350 393 452 446 319

1237 386 1300 440 ν.
1341 387 1677 442 GUIBEBTI
1728 387 2019 441 ABBA'I‘IS

2224 386 2400 441 “UE
2441 388 2530 442 DE
2572 386 2964 442 NOVIGENTO
3749 392 3849 442 3‘20

342 524 638 579 individuo
686 524 934 593 copulat.
1007 521 1383 576 Deosculatur
1429 519 1568 590 quia
1635 534 1748 574 nou
1811 518 2030 584 timore,
2071 520 2256 587 Atat;
2289 527 2343 574 et
2396 519 2549 588 quod
2597 518 2896 575 sinistrum
2953 526 3200 586 aeternae,
3257 519 3522 588 praesenti
3577 519 3851 575 dextrum

341 612 438 668 sed
466 613 675 667 amoris
701 611 909 667 interni
951 610 1316 666 charitudine
1371 609 1426 662 in
1464 609 1551 662 his
1603 607 1872 662 afficitur.
1911 606 2040 661 Cir-

341 701 760 770 cumplectitur,
835 713 966 755 cum
1049 697 1366 767 spiritualis
1439 696 1741 764 vigilantia.
1824 702 2038 749 statum

342 804 514 845 suum
572 789 958 857 undecunque
1007 785 1320 841 muniendo
1375 791 1698 838 contuetur.
1760 785 1877 836 Non
1923 797 2042 835 sum

345 877 554 946 inquit,
614 878 910 943 fraudatus
971 881 1188 943 aspectu
1259 880 1366 932 tuo,
1427 873 1564 940 quia
1653 871 2040 939 intelligentim

345 965 580 1032 lumine,
606 973 660 1019 et
713 965 913 1019 notitia
964 977 1077 1018 non
1135 975 1382 1025 caream,
1437 959 1494 1013 in
1544 966 1831 1027 quantum
1879 957 2041 1012 bonis

344 1051 756 1107 intentionibus
815 1053 1021 1106 haereo.
1095 1053 1319 1118 Insuper
1389 1048 1621 1101 ostendit
1689 1048 1826 1098 mihi
1905 1049 2041 1099 Deus

343 1156 514 1194 semen
541 1146 710 1202 tuum,
759 1140 816 1194 id
847 1148 930 1194 est
981 1137 1292 1208 perspicuae
1343 1137 1494 1190 illius
1546 1135 1802 1189 veritatis
1862 1149 2040 1204 quam

344 1227 400 1282 in
451 1236 501 1283 te
543 1227 798 1282 contines
836 1227 1109 1291 fructum,
1162 1225 1500 1278 intentiones
1552 1223 1896 1278 intendendo
1944 1238 2038 1277 us-

343 1330 456 1385 que
487 1317 556 1369 ad
589 1315 970 1370 exhibitiones
998 1329 1258 1382 operum.

412 1404 590 1457 Vens.
622 1406 704 1468 1'2,
769 1406 846 1456 l3.
889 1432 956 1442 —
1027 1405 1268 1469 Cumque
1316 1402 1524 1452 tulisset
1583 1415 1667 1452 eos
1720 1400 1913 1468 Joseph
1978 1399 2042 1451 de

340 1495 540 1558 gremio
587 1495 784 1559 patris,
836 1492 1089 1544 adoravit
1137 1506 1339 1558 pronus
1391 1493 1444 1542 in
1491 1495 1713 1542 terram.
1760 1490 1836 1541 Et
1859 1491 2041 1556 posuit

343 1581 605 1647 Ephraim
652 1581 726 1632 ad
754 1580 1033 1632 dea-teram
1083 1595 1257 1643 suam,
1292 1578 1351 1629 id
1389 1583 1468 1630 est
1512 1578 1586 1630 ad
1631 1579 1916 1630 sinistram
1961 1579 2040 1630 Is-

342 1669 456 1721 rael
510 1683 523 1721 :
575 1669 880 1721 Manassem
931 1683 1054 1720 vero
1099 1669 1156 1720 in
1210 1668 1438 1718 sinistra
1489 1680 1608 1730 sua,
1652 1665 1725 1716 ad
1764 1664 2042 1718 dexteram

341 1757 542 1810 scilicet
588 1758 789 1823 patris,
847 1761 897 1807 et
945 1755 1211 1822 applicuit
1258 1753 1439 1806 ambos
1495 1752 1568 1805 ad
1635 1767 1771 1805 eum.
1835 1753 2038 1820 Joseph

343 1844 408 1897 de
461 1845 664 1908 gremio
716 1845 895 1910 patris
957 1842 1098 1896 filios
1159 1841 1322 1906 tollit,
1385 1854 1515 1895 eum
1579 1839 1898 1894 intellectus
1970 1841 2040 1894 ab

344 1931 557 1985 intimis
603 1930 1002 1985 voluntatibus
1065 1929 1462 1998 operationum
1515 1927 1883 1982 intentionem
1938 1929 2043 1982 eri-

345 2020 444 2090 git.
494 2018 782 2074 Gremium
830 2032 1084 2087 namque
1141 2018 1306 2086 longe
1359 2015 1596 2070 inferius
1647 2016 1756 2070 sub
1820 2024 2043 2084 pectore

343 2105 594 2174 corporis
638 2106 794 2160 locus
835 2113 936 2160 est.
980 2109 1108 2159 III
1175 2104 1358 2160 Patris
1401 2118 1539 2173 ergo
1591 2105 1876 2173 gremium
1933 2105 2041 2160 hu-

344 2206 528 2248 manae
585 2194 898 2262 accipimus
949 2192 1187 2247 rationis
1241 2199 1481 2247 motum.
1551 2192 1820 2246 Humana
1888 2193 2042 2248 enim

341 2288 426 2336 est
480 2281 644 2346 ratio,
675 2288 759 2335 est
779 2280 1075 2335 etdivina.
1135 2280 1235 2334 His
1283 2279 1524 2334 sublatis
1572 2282 1631 2332 in
1686 2283 1886 2334 terram
1915 2297 2041 2350 pro-

341 2383 444 2421 nus
471 2369 690 2434 adorat,
720 2369 858 2437 quia
891 2377 1109 2438 quanto
1165 2368 1350 2437 magis
1397 2381 1432 2422 a
1489 2367 1680 2422 carnis
1737 2368 2044 2436 prudentia

343 2455 600 2511 studium
642 2455 864 2520 eximit,
922 2461 1078 2509 tanto
1137 2456 1320 2523 magis
1365 2453 1800 2522 contemplando
1859 2457 2044 2510 subli-

345 2543 461 2598 mia
513 2558 705 2598 coram
740 2545 852 2599 Deo
886 2543 1166 2598 humilius
1209 2543 1276 2597 de
1322 2558 1381 2597 se
1428 2542 1614 2597 sentit.
1669 2544 1941 2611 Ephraim
1971 2543 2044 2596 ad

345 2633 626 2685 dexteram
671 2648 824 2686 suam
879 2633 1058 2702 ponit,
1106 2631 1244 2701 quia
1301 2631 1431 2686 boni
1460 2631 1647 2700 operis
1693 2631 1918 2702 frugem
1969 2631 2042 2686 ad

343 2734 497 2788 spem
529 2720 635 2775 sibi
656 2728 882 2774 aeternas
917 2719 1288 2774 beatitudinis
1312 2718 1625 2773 constituit.

416 2807 522 2862 Sed
553 2806 787 2862 dextera
816 2807 1022 2874 Ioseph
1057 2806 1122 2859 ad
1155 2806 1451 2860 dexteram
1506 2806 1730 2860 Israelis
1767 2813 1850 2861 est
1903 2808 2042 2877 quia

344 2894 441 2950 illa
490 2893 1381 2962 intellectualitatis’supremitas
1430 2893 1648 2948 intenta
1696 2894 2038 2961 cmlestibus,

343 2983 658 3046 sinistrum,
691 2983 740 3036 id
769 2991 852 3037 est
884 2982 1156 3037 saeculare
1187 2991 1240 3036 et
1269 2981 1554 3048 ,infimum
1597 2982 1842 3037 aestimat
1871 2984 2038 3052 quid-

2151 608 2345 676 abjicit
2375 616 2428 662 et
2455 608 2684 662 refutat.

2223 696 2392 751 Vens.
2430 698 2511 761 15,
2568 699 2646 749 l6.
2693 723 2767 736 —
2795 695 3185 764 Benedia'itque
3233 697 3430 764 Ioseph
3484 697 3598 759 ﬁlio
3637 713 3738 750 suo
3783 702 3852 762 et,

2150 785 2230 836 ait
2272 798 2284 836 :
2335 786 2490 848 Deus,
2552 786 2607 834 in
2661 784 2814 849 cujus
2868 788 3147 850 conSpectu
3194 784 3608 836 ambulaverunt
3662 789 3858 852 patres

2149 873 2254 924 mei
2289 873 2576 924 Abraham
2605 877 2655 924 et
2685 871 2866 934 Isaac,
2913 875 3065 934 Deus,
3099 874 3196 940 qui
3215 876 3389 940 pascit
3428 888 3509 926 me
3557 872 3626 925 ab
3675 872 3860 925 adole-

2148 964 2354 1015 scentia
2404 977 2517 1013 mea
2569 977 2734 1028 usque
2782 963 2839 1013 in
2889 966 3204 1029 prasentem
3253 961 3414 1022 diem.
3461 961 3712 1027 angelus,
3763 964 3860 1028 qui

2151 1052 2352 1118 eripuit
2382 1065 2466 1101 me
2489 1048 2554 1100 de
2583 1051 2786 1101 cunctis
2831 1049 3007 1113 malis,
3063 1047 3340 1100 bmedicat
3382 1051 3564 1116 pueris
3606 1049 3758 1111 istis,
3811 1052 3860 1099 et

2150 1142 2425 1192 invocetur
2454 1154 2616 1206 super
2647 1154 2730 1190 eos
2769 1153 2957 1190 nomen
3011 1142 3180 1204 tuum,
3224 1140 3442 1190 nomina
3487 1151 3700 1204 quoque
3760 1151 3860 1203 pa-

2152 1234 2296 1281 trum
2324 1243 2557 1280 meorum
2598 1227 2876 1280 Abraham
2906 1231 2955 1278 et
2987 1227 3155 1287 Isaac,
3188 1231 3238 1278 et
3283 1229 3522 1278 crescant
3557 1227 3617 1277 in
3662 1225 3859 1276 multi-

2153 1315 2338 1369 tudine
2366 1330 2527 1382 super
2566 1320 2783 1367 terram.
2834 1315 3175 1381 Benedictio,
3232 1312 3728 1382 multiplicationis
3779 1319 3862 1366 est

2155 1404 2498 1472 imprecatio.
2550 1403 2754 1471 Joseph
2821 1411 3032 1468 autem,
3089 1403 3143 1456 id
3195 1410 3279 1457 est
3343 1401 3718 1466 intellectum,
3781 1413 3864 1454 ra-

2155 1492 2320 1546 tionis
2351 1491 2595 1546 dicimus
2626 1491 2828 1556 lilium,
2858 1491 2995 1560 quia
3043 1506 3156 1545 non
3203 1505 3274 1545 ex
3322 1490 3612 1544 intellectu
3675 1488 3861 1544 ratio-

2153 1594 2302 1644 nem,
2333 1580 2428 1632 sed
2472 1593 2542 1634 ex
2585 1579 2803 1633 ratione
2841 1579 3139 1648 procedere
3171 1578 3436 1632 novimus
3476 1577 3859 1632 intellectum.

2160 1669 2322 1727 Deus,
2377 1667 2582 1735 inquit,
2635 1666 2694 1720 in
2733 1667 2904 1736 cujus
2959 1666 3162 1734 placito
3216 1667 3390 1735 (quod
3431 1665 3584 1720 enim
3644 1664 3858 1734 placet,

2153 1769 2269 1824 pra:
2317 1755 2497 1808 oculis
2549 1755 2760 1809 habere
2809 1754 3102 1822 volumus)
3161 1755 3431 1822 proficere
3495 1753 3861 1808 studuerunt

2155 1851 2392 1912 paterna
2423 1843 2708 1897 interioris
2754 1843 2998 1896 hominis
3047 1843 3304 1912 gentium
3357 1841 3634 1907 custodia,
3693 1840 3859 1910 quod

2153 1932 2537 1987 estAbraham
2586 1937 2636 1984 et
2686 1933 2858 1996 Isaac,
2915 1945 3043 2000 spes
3094 1929 3305 1986 scilicet
3359 1929 3558 1999 gaudii
3610 1930 3861 1984 Caelestis

2153 2027 2327 2089 atque
2357 2019 2570 2074 lzetitia.
2603 2021 2762 2083 Deus,
2789 2020 2886 2088 qui
2911 2033 2945 2074 a
2976 2026 3247 2088 provectu
3273 2018 3648 2074 exolescentis
3669 2017 3858 2072 animi

2153 2107 2484 2163 constantize
2536 2121 2644 2161 sua
2699 2107 3084 2162 consolatione
3137 2120 3223 2160 me
3275 2107 3477 2171 nutrit,
3536 2120 3731 2174 usque
3801 2105 3860 2160 in

2154 2195 2309 2251 illius
2339 2195 2438 2264 qui
2470 2209 2689 2264 semper
2721 2209 2967 2264 prtesens
2996 2203 3078 2250 est
3120 2194 3228 2248 diei
3264 2208 3352 2248 me
3401 2193 3662 2248 ducendo
3711 2208 3861 2248 cou-

2153 2284 2599 2353 templationem.
2633 2285 2872 2350 Angelus
2917 2283 3098 2338 divini
3137 2281 3372 2351 eloquii,
3431 2282 3600 2352 cujus
3648 2281 3861 2336 nuntio

2153 2372 2221 2426 de
2246 2372 2470 2426 cunctis
2503 2372 2710 2440 peccati
2739 2371 2952 2440 eripior
2988 2371 3381 2435 incommodis,
3416 2384 3516 2438 per
3547 2369 3638 2424 sui
3673 2368 3860 2437 ipsius

2151 2459 2532 2525 efficientiam,
2585 2466 2640 2514 et
2687 2459 3145 2528 adimpletionem
3194 2457 3532 2527 multiplicet
3580 2457 3856 2526 propositi

2152 2548 2482 2609 novitatem,
2537 2547 2874 2602 instantium
2922 2546 3182 2600 videlicet
3233 2545 3597 2610 oblivionem,
3658 2552 3715 2599 et
3774 2545 3858 2598 fu-

2151 2644 2298 2691 turzr
2318 2636 2432 2704 spei
2463 2635 2958 2690 fructificatiouem
2984 2643 3038 2689 et
3080 2633 3338 2702 perpetui
3380 2633 3629 2687 sentiant
3681 2631 3857 2686 intel-

2153 2724 2515 2779 lectualitatis
2589 2723 2869 2792 augendae
2947 2723 3211 2778 desiderii
3287 2721 3741 2788 invocationem;
3804 2728 3857 2775 et

2153 2820 2411 2868 crescant
2438 2812 2764 2866 devotiones
2796 2813 3034 2866 interna:
3078 2811 3135 2865 in
3185 2809 3383 2866 multis
3432 2808 3732 2865 effectibus
3782 2811 3853 2862 ad

2153 2901 2461 2967 corporalis
2486 2900 2738 2954 exercitii
2776 2899 3155 2969 superﬁciem.

2223 2987 2391 3042 Vnus.
2443 2992 2521 3041 l7.
2558 3017 2626 3027 —
2680 2988 2880 3041 Videas
2935 2992 3113 3039 autem
3161 2987 3355 3053 Ioseph
3396 2984 3540 3053 quod
3583 2987 3856 3054 posuisslet

344 3071 485 3140 quid
538 3070 596 3126 in
638 3070 928 3136 humanis,
983 3071 1204 3126 etiamsi
1261 3070 1640 3139 spiritualiter
1709 3085 1910 3138 sapere
1954 3072 2038 3125 vi-
2079 3083 2118 3138 c
2146 3081 2306 3144 pater
2343 3090 2472 3128 suus
2519 3076 2798 3130 dexteram
2844 3090 3065 3128 manum
3111 3089 3274 3142 super
3335 3079 3498 3142 caput
3548 3074 3850 3142 Ephraim,

343 3160 608 3223 deantur,
670 3167 937 3214 versatur
1016 3158 1565 3213 ratiocinationibus.
1638 3159 1825 3226 Ipsam
1890 3161 2042 3213 enim

342 3247 837 3317 contemplationis
901 3247 1263 3302 dulcedinem
1322 3261 1455 3302 cum
1505 3246 1670 3316 gravi
1721 3247 2043 3301 vanitatum

341 3337 599 3393 molestia
649 3346 1090 3407 przegustamus.
1146 3337 1470 3405 Antequam
1518 3336 1669 3390 enim
1729 3336 2045 3392 intellectus

342 3426 620 3491 comedat,
652 3426 889 3494 spiritus
925 3425 1198 3493 suspirat.
1254 3427 1368 3492 Ipsi
1410 3438 1632 3492 nempe,
1681 3424 1760 3479 ait
1802 3428 2044 3493 Aposto-

341 3513 455 3575 lus,
504 3516 782 3583 primitias
840 3513 1071 3582 spiritus
1121 3513 1372 3566 habentes
1430 3514 1580 3564 intra
1639 3528 1732 3565 nos
1774 3513 2044 3578 ’gemimus

342 3601 512 3671 (Rom.
553 3615 674 3663 viti,
711 3604 826 3672 23).
867 3603 1152 3655 Manasses
1183 3599 1241 3654 in
1281 3600 1514 3654 sinistra
1556 3599 1892 3666 intellectus,
1947 3601 2043 3656 sed

341 3689 413 3744 ad
471 3689 768 3745 deXteram
828 3687 1085 3752 rationis,
1155 3689 1294 3756 quia
1364 3687 1746 3742 materialium
1811 3688 2039 3755 oblivio,

342 3777 463 3832 sine
493 3790 614 3846 qua
649 3777 833 3832 virtus
865 3790 980 3831 non
1031 3775 1243 3830 eminet
1283 3775 1708 3844 speculationis,
1739 3791 1915 3832 causa
1961 3785 2044 3832 est

344 3865 499 3933 apud
522 3863 682 3920 illum
731 3864 1020 3920 durissimi
1064 3863 1306 3932 laboris;
1359 3863 1461 3934 qui
1511 3871 1699 3919 tamen
1743 3865 1904 3921 labor
1946 3881 2045 3921 ra-

341 3952 484 4008 tioni
541 3953 761 4008 occasio
810 3961 894 4007 est
956 3952 1461 4022 perspicacissimze
1530 3953 1590 4007 in
1665 3953 2044 4009 discernendo

341 4041 665 4111 spiritualia
694 4041 1004 4110 dignitatis.
1039 4041 1251 4096 Ambos
1277 4055 1414 4111 ergo
1474 4041 1545 4095 ad
1594 4057 1726 4098 eum
1777 4044 2042 4113 applicat,

343 4129 577 4200 quando
623 4136 894 4198 utraque,
937 4129 1058 4184 sine
1103 4129 1318 4198 quibus
1375 4129 1455 4184 nil
1504 4129 2045 4202 efticitur,lintelli-

343 4219 547 4288 gentia}
582 4217 662 4271 vis
691 4216 968 4271 desiderio
1022 4216 1260 4272 rationis
1291 4217 1550 4272 associat.

413 4307 576 4360 Vnus.
637 4305 718 4358 14.
767 4333 836 4344 -
866 4305 970 4369 Qui
997 4305 1285 4358 eartemtens
1332 4321 1550 4360 manum
1584 4306 1883 4371 dexteram,
1943 4324 2047 4375 po-

342 4395 456 4449 suit
484 4407 646 4461 super
666 4397 830 4460 caput
868 4393 1142 4460 Ephraim
1185 4393 1428 4461 junioris
1477 4396 1706 4460 fratris;
1756 4398 2040 4450 sinistram

344 4486 523 4536 autem
583 4495 748 4548 super
801 4486 964 4548 caput
1015 4482 1281 4547 Manasse,
1343 4484 1440 4550 qui
1483 4483 1662 4551 major
1708 4488 1842 4536 natu
1905 4489 2041 4548 erat,

345 4574 676 4625 commutans
732 4584 944 4621 manus.
1005 4569 1279 4624 Extendit
1323 4585 1560 4636 manum,
1611 4585 1742 4625 cum
1809 4571 2046 4639 spiritus

343 4659 581 4714 internae
658 4657 1009 4712 fortitudinis
1103 4658 1364 4728 provehit
1431 4659 1790 4714 exercitium.
1874 4660 2046 4727 Caput

341 4749 627 4817 Ephraim,
685 4745 779 4802 cui
832 4746 1038 4801 dextra
1096 4747 1528 4816 superponitur,
1590 4747 1710 4816 ipsa
1769 4747 2048 4803 Divinitas

344 4844 446 4902 est,
473 4849 506 4890 a
534 4849 652 4904 qua
683 4849 748 4888 ac
772 4834 818 4888 si
849 4834 917 4888 de
949 4833 1132 4903 capite
1167 4835 1371 4904 pendet
1412 4835 1584 4890 totius
1629 4843 1834 4890 nostra:
1884 4837 2046 4890 bonae

345 4923 582 4979 actionis
627 4921 890 4990 effectus;
949 4937 1123 4990 super
1178 4936 1296 4992 qua
1346 4923 1517 4978 etiam
1569 4922 1809 4991 spiritus
1869 4923 2048 4979 nostri

347 5025 475 5079 spes
535 5018 590 5066 et
656 5010 950 5066 beatitudo
1003 5010 1304 5065 fundatur.
1366 5010 1608 5066 Sinistra
1658 5026 1822 5080 super
1883 5018 2048 5080 caput

347 5101 616 5162 Manasse,
661 5098 802 5166 quia
827 5105 942 5152 tota
973 5099 1354 5153 tentationum
1417 5099 1752 5166 adversitas,
1804 5100 2048 5155 ca‘Iestis

344 5185 541 5256 gloriae
574 5185 887 5245 altitudini,
923 5200 1053 5252 quae
1080 5185 1386 5240 oblivionis
1417 5187 1784 5254 praesentium
1821 5201 2049 5244 summa.

343 5281 399 5328 et
427 5272 688 5342 capitalis
729 5272 970 5328 intentio
1009 5281 1111 5338 est,
1163 5272 1449 5328 innititur.
1509 5275 1784 5343 Ephraim
1827 5275 2045 5345 junior,

345 5363 636 5418 Manasses
691 5361 874 5432 major
900 5368 1042 5416 natu
1089 5360 1488 5431 dicitur,quia
1549 5363 1710 5432 prius
1757 5364 2050 5419 saecularis

347 5447 624 5504 memoria
709 5448 985 5515 rejicitur,
1072 5455 1134 5502 ut
1209 5449 1437 5503 aeternis
1511 5451 2050 5507 fructificatiouibus

349 5536 554 5592 deinde
587 5535 906 5590 iusistatur.
931 5537 1126 5590 Manus
1168 5549 1306 5604 ergo
1335 5546 1668 5605 commutat,
1721 5539 1860 5594 dum
1895 5539 2051 5610 quod

348 5625 621 5681 dextrum
653 5622 922 5694 praesenti
967 5628 1072 5686 est,
1101 5629 1328 5678 aeternae
1354 5626 1485 5680 vitae
1519 5626 1819 5683 sinistrum
1863 5627 2049 5696 depu-

2153 3163 2395 3226 graviter
2422 3165 2645 3230 accepit,
2669 3168 2717 3215 et
2739 3164 3133 3230 apprehensum
3181 3177 3400 3214 manum
3441 3163 3622 3230 patris
3673 3162 3857 3215 levare

2153 3255 2374 3302 conatus
2421 3255 2498 3302 est
2547 3251 2612 3303 de
2663 3254 2840 3319 capite
2897 3251 3184 3318 Ephraim,
3229 3255 3279 3303 et
3337 3251 3638 3314 transferre
3691 3265 3860 3318 super

2153 3344 2316 3406 caput
2367 3341 2637 3392 Manassc.
2702 3338 3029 3393 Intellectus
3078 3337 3216 3392 dum
3265 3337 3506 3392 attendit
3549 3337 3858 3407 aliquoties

2155 3427 2430 3481 rationem
2465 3428 2544 3481 sic
2577 3426 2762 3496 potius
2800 3427 3058 3481 studium
3089 3440 3259 3479 suum
3296 3425 3459 3479 bonis
3508 3439 3640 3495 quae
3687 3439 3854 3479 exer-

2152 3522 2238 3570 cet
2261 3515 2486 3570 actibus
2526 3514 2871 3583 impendere,
2913 3521 2978 3568 ut
3009 3513 3078 3568 ad
3124 3512 3620 3580 contemplationis
3667 3512 3855 3568 subti-

2153 3601 2388 3668 litatem,
2445 3603 2598 3672 quod
2645 3610 2728 3657 est
2777 3601 3248 3671 corporalitatum
3311 3600 3543 3666 oblivio,
3596 3599 3858 3671 negligat

2152 3704 2481 3760 assurgere;
2515 3705 2666 3760 zegre
2697 3690 2912 3759 patitur
2944 3689 3352 3744 hebetudinem
3399 3688 3659 3754 rationis,
3699 3689 3859 3743 unde

2153 3785 2206 3832 et
2237 3777 2415 3847 ipsam
2461 3779 2776 3843 dexteram,
2812 3777 2868 3832 id
2899 3785 2984 3833 est
3022 3777 3309 3832 interioris
3355 3776 3605 3831 hominis
3642 3785 3858 3846 poten-

2153 3865 2312 3930 tiam,
2365 3866 2436 3920 δι)
2489 3866 2810 3920 extrinseca
2871 3877 3012 3919 cura
3062 3863 3433 3933 restringens,
3493 3862 3563 3917 de
3619 3863 3860 3932 capitali

2151 3953 2500 4008 actualitatis
2532 3952 2843 4008 intentione
2873 3952 3096 4007 elevare
3135 3949 3340 4006 nititur
3385 3950 3455 4004 ad
3508 3950 3681 4005 totius
3727 3966 3862 4006 ma-

2153 4040 2472 4097 terialitatis
2497 4041 2993 4096 oblitterationem.
3041 4038 3236 4108 Capita
3277 4051 3528 4108 namque
3563 4038 3862 4109 principa-

2153 4129 2368 4184 litatem
2442 4129 2668 4194 mentis,
2746 4142 2877 4198 quze
2929 4135 3016 4182 est
3082 4126 3442 4193 intentiones,
3503 4125 3858 4197 significant.

2156 4217 2345 4285 (Vens.
2379 4219 2484 4285 l8).
2538 4219 2653 4271 Non
2685 4219 2785 4279 ita,
2818 4215 3032 4286 inquit,
3073 4217 3334 4280 convenit,
3365 4219 3543 4283 pater,
3585 4217 3720 4284 quia
3773 4217 3862 4269 hic

2153 4310 2232 4358 est
2267 4307 2680 4373 primogenitus,
2741 4319 2879 4371 pone
2936 4303 3217 4356 dexteram
3275 4307 3424 4356 tuam
3490 4318 3655 4371 super
3689 4310 3863 4372 caput

2152 4391 2288 4461 ejus.
2323 4390 2774 4460 Primogenitum
2810 4399 2994 4455 vocat,
3036 4389 3125 4444 vel
3157 4388 3296 4458 quia
3327 4389 3498 4444 homo
3550 4403 3666 4444 non
3711 4389 3861 4444 fora-

2154 4481 2306 4535 sticze
2341 4478 2845 4547 administrationi,
2882 4479 2978 4532 sed
3006 4477 3216 4532 divinae
3249 4477 3438 4546 potius
3475 4476 3684 4532 visioni
3714 4493 3858 4532 con-

2153 4568 2307 4623 ditus
2366 4575 2468 4631 est,
2535 4569 2622 4623 vel
2664 4568 2804 4636 quia
2850 4566 3080 4637 dignior
3125 4573 3208 4621 est
3271 4565 3604 4634 speculatio,
3672 4580 3857 4634 quam

2153 4656 2478 4712 communis
2529 4655 2631 4710 etsi
2674 4655 2823 4710 bona
2872 4655 3038 4709 actio.
3103 4654 3234 4708 Haec
3276 4661 3361 4708 est
3406 4653 3622 4722 optima
3656 4654 3858 4710 Mariae

2156 4745 2336 4814 portio
2367 4745 2518 4810 (Luc.
2575 4760 2627 4810 x,
2671 4745 2784 4810 43).
2835 4742 2979 4797 Huic
3015 4755 3172 4810 ergo,
3205 4740 3415 4811 inquit,
3461 4740 3705 4796 admove
3757 4756 3856 4812 po-

2155 4835 2437 4890 tissimum
2470 4840 2582 4887 tute
2606 4831 2848 4901 ivirtutis
2875 4831 3245 4900 diligentiam.

2226 4923 2394 4978 Vnus.
2433 4923 2516 4988 l9,
2577 4923 2662 4974 20.
2715 4949 2787 4960 —
2843 4921 2946 4986 Qui
3002 4933 3250 4985 renuens,
3289 4920 3416 4972 ait:
3452 4920 3592 4982 Scio,
3639 4920 3724 4986 ﬁli
3757 4923 3852 4984 mi,

2153 5014 2278 5071 scio,
2311 5017 2361 5064 et
2390 5013 2490 5063 iste
2535 5010 2753 5079 quidem
2781 5011 2885 5062 erit
2915 5011 2972 5060 in
3001 5010 3247 5077 populos,
3292 5013 3340 5061 et
3360 5007 3848 5074 multiplicabitur;

2153 5098 2246 5152 sed
2278 5099 2469 5164 'f-rater
2525 5113 2641 5165 ejus
2683 5095 2899 5167 junior,
2954 5096 3132 5162 major
3181 5100 3304 5161 erit,
3365 5101 3414 5148 et
3471 5110 3645 5149 semen
3700 5097 3851 5150 illius

2153 5192 2346 5242 crescet
2391 5188 2448 5239 in
2501 5191 2698 5252 gentes.
2749 5183 3139 5252 Benedixitque
3195 5186 3270 5237 eis
3319 5185 3377 5236 in
3433 5185 3551 5251 ipso
3599 5188 3851 5252 tempore,

2155 5276 2388 5329 dicens:
2439 5276 2500 5328 In
2557 5279 2607 5328 te
2665 5273 3004 5326 benedicetur
3062 5273 3250 5326 Israel.
3314 5271 3545 5333 Renuit,
3599 5278 3656 5327 et
3713 5273 3854 5328 scire

2157 5361 2390 5432 quidem
2417 5362 2544 5432 ejus
2575 5361 2886 5431 primatum
2917 5375 2975 5415 se
3017 5359 3237 5426 asserit,
3265 5367 3319 5414 et
3345 5358 3666 5428 quamdam
3708 5360 3855 5416 inter

2157 5451 2419 5505 inanium
2458 5449 2868 5520 cogitationum
2896 5448 3140 5518 populos
3187 5446 3595 5516 speculationis
3656 5447 3852 5519 singu-

2157 5539 2334 5594 larem
2371 5539 2611 5594 attendit
2651 5537 2978 5600 essentiam,
3027 5537 3429 5606 virtutumque
3481 5535 3608 5606 ejus
3651 5537 3856 5592 exube-

2157 5625 2428 5693 rantiam,
2491 5626 2588 5681 sed
2653 5623 2836 5680 active
2898 5625 3173 5694 majorem
3247 5623 3492 5680 aestimat
3542 5623 3855 5694 aliquando
