3950 6438
92 423 177 473 321
1302 416 1665 472 MORALIUM
1706 416 1775 471 IN
1815 415 2117 471 GENESIN
2166 415 2294 472 LIB.
2328 417 2392 471 Χ.

3502 424 3604 477 322

91 550 315 605 animus
364 549 693 614 utilitatem,
731 562 862 618 quae
912 547 1111 602 multis
1156 547 1421 617 prodesse
1468 546 1784 616 delegerit;
1826 552 1871 604 Α
1906 547 2229 603 ternitatem
2278 547 2680 617 experiamini,
2729 548 2826 604 cui
2872 562 2955 604 εει
2996 564 3129 605 cum
3179 551 3292 605 Deo
3330 552 3448 622 jam
3502 566 3601 620 per

91 640 251 707 cujus
293 654 517 702 semen,
567 638 617 692 id
670 646 752 692 est
785 637 1115 706 exemplum
1148 638 1334 706 operis
1381 638 1439 690 in
1471 638 1786 691 multorum

92 728 426 782 innumeras
492 727 900 781 aediﬁcationes
945 727 1250 794 propagari
1300 733 1494 795 utpote
1544 725 1788 780 imitabi-

92 817 196 870 lius
243 816 475 884 poterit.
531 816 676 870 Huic
727 816 919 869 sensui
987 820 1126 868 I72
1158 815 1523 884 querimonia
1555 815 1791 869 Marthae

90 905 154 958 ad
188 905 504 959 Dominum
557 904 872 958 laborantis
922 903 977 957 in
1030 904 1345 973 Evangelio
1388 904 1669 958 adversus
1699 918 1783 957 so-

91 1007 266 1047 rorem
300 993 556 1047 concinit
584 993 735 1060 (Luc.
786 1006 841 1057 x,
876 993 985 1060 41).
1024 992 1312 1047 Benedicit
1358 999 1548 1047 tamen
1599 992 1681 1047 eis
1731 992 1788 1045 in

91 1082 205 1150 ipso
234 1090 515 1150 tempore,
563 1080 701 1134 dum
755 1078 1130 1148 multiplicari
1189 1078 1245 1133 in
1278 1080 1543 1148 utrisque
1578 1080 1793 1147 appetit

89 1170 145 1223 in
206 1171 314 1225 hoc
371 1169 570 1225 eodem
647 1177 801 1224 statu
886 1168 1362 1223 considerationis
1416 1182 1555 1222 suae.
1622 1169 1787 1235 Licet,

90 1259 296 1327 inquit,
353 1258 743 1327 plurimorum
789 1257 1095 1312 actualitas
1143 1257 1531 1311 emolumento
1580 1257 1788 1323 valeat,

88 1349 265 1402 fateor
296 1354 490 1401 tamen
524 1347 770 1416 quodin
818 1354 887 1413 te,
938 1361 971 1401 0
1025 1346 1502 1411 intellectualitas,
1552 1345 1791 1400 internae

90 1431 507 1489 benedictionis
532 1432 924 1503 principalitas
967 1432 1237 1487 consistat
1267 1447 1282 1493 ;
1325 1434 1510 1487 virtus
1541 1445 1792 1500 namque

88 1525 312 1579 Israelis
341 1537 445 1592 per
477 1531 548 1591 te,
603 1524 657 1578 id
705 1530 790 1578 est
840 1522 1097 1589 rationis,
1130 1521 1433 1588 exuberat,
1467 1528 1522 1576 et
1556 1520 1679 1575 ideo
1705 1520 1795 1574 di-

88 1621 280 1669 cetur:
314 1615 512 1667 Faciat
555 1615 659 1665 tibi
712 1615 853 1666 Deus
897 1614 1039 1665 sicut
1087 1613 1375 1679 Ephraim,
1424 1615 1474 1663 et
1502 1613 1642 1663 sicut
1673 1610 1792 1663 Ma-

86 1718 259 1765 nasse,
294 1701 397 1756 tibi
430 1701 712 1767 videlicet,
757 1715 790 1756 o
835 1699 1093 1768 spiritus,
1146 1698 1420 1754 fulciatur
1470 1697 1796 1752 animalitas

90 1790 231 1845 sicut
286 1789 456 1857 adipe
509 1795 563 1843 et
642 1787 1012 1857 pinguedine,
1094 1786 1343 1855 profecto
1393 1784 1793 1839 fructilicando

87 1880 343 1933 exterius
400 1879 458 1931 in
514 1876 888 1941 exhibitione,
958 1884 1013 1930 et
1097 1874 1393 1929 imbuatur
1450 1873 1793 1927 intrinsecus

89 1968 285 2037 gratiae
320 1980 496 2021 succo
523 1967 780 2019 omnium
812 1978 845 2017 a
877 1970 1064 2019 mente
1111 1962 1424 2017 visibilium
1461 1960 1791 2015 abolitione.

157 2052 563 2118 Constituilque
619 2051 883 2118 Epln'aim
935 2056 1060 2101 ante
1123 2052 1423 2112 Manassen,
1492 2045 1631 2114 quia
1688 2060 1795 2099 ne-

88 2156 237 2195 cesse
286 2148 377 2194 est
434 2139 599 2193 bonis
656 2138 817 2207 prius
861 2139 1086 2192 actibus
1137 2137 1429 2200 insudare,
1481 2142 1793 2203 antequam

89 2228 480 2298 corporalium
547 2226 828 2297 imagines
888 2226 1118 2280 valeant
1184 2223 1469 2279 eliminari
1518 2237 1551 2276 a
1604 2223 1792 2277 corde.

89 2319 278 2387 (Vens.
331 2317 452 2386 ill.)
496 2319 601 2383 En,
627 2316 837 2385 inquit,
870 2318 1087 2380 morior,
1142 2319 1192 2367 et
1234 2317 1338 2367 erit
1389 2316 1650 2367 Dominus
1697 2328 1796 2365 υο-

88 2408 313 2472 biscum,
350 2407 674 2473 reducelque
725 2420 816 2458 vos
857 2404 930 2456 ad
980 2408 1179 2455 terram
1224 2406 1445 2470 patrum
1473 2406 1793 2454 vestrorum.

86 2499 167 2549 En
199 2509 303 2564 per
351 2492 720 2549 continentiae
753 2493 1025 2558 fructum,
1074 2498 1129 2546 et
1178 2504 1371 2545 rerum
1406 2488 1798 2544 tractabilium

88 2582 534 2652 despectionem,
569 2581 945 2637 saecularibus
991 2579 1289 2635 desideriis
1321 2578 1569 2637 morior:
1611 2585 1665 2632 et
1695 2577 1794 2643 sic,

89 2690 118 2725 o
162 2671 491 2741 spiritualis
540 2678 747 2736 motus,
803 2670 1075 2739 abscissis
1121 2667 1424 2723 alTectibus
1473 2667 1676 2721 alienis
1706 2666 1798 2720 di—

90 2762 259 2816 vinus
292 2759 685 2815 cotnmanebit
728 2773 889 2813 amor
939 2758 1120 2825 vobis,
1168 2757 1270 2827 qui
1320 2771 1419 2811 vos
1468 2757 1700 2811 reducet
1727 2756 1798 2810 ad

91 2856 301 2905 terram
336 2848 643 2903 soliditatis
672 2857 921 2914 (eterna),
976 2862 1150 2917 quam
1202 2846 1471 2900 amisistis
1527 2846 1582 2899 in
1620 2845 1795 2915 patri-

95 2938 197 2993 bus
246 2938 476 3007 primis.
520 2936 766 3005 Spiritus
812 2937 964 2991 enim
1016 2943 1272 3001 sanctus,
1320 2934 1423 3004 qui
1481 2948 1646 2989 amor
1692 2940 1795 2999 est,

91 3026 333 3081 deducet
382 3040 490 3079 nos
523 3027 581 3078 in
639 3032 851 3079 terram
898 3032 1131 3079 rectam.
1186 3024 1379 3093 (Vens.
1432 3024 1542 3093 22.)
1593 3025 1671 3076 Do
1702 3024 1803 3075 tibi

90 3122 301 3183 partem
331 3130 503 3167 unam
533 3119 690 3167 extra
733 3116 941 3178 fratres
991 3118 1128 3179 tuos,
1181 3128 1345 3180 quam
1392 3113 1496 3165 tuli
1543 3112 1608 3164 de
1636 3127 1801 3164 manu
1840 3150 1879 3205 Ο

92 3198 411 3257 Amorrlaei
450 3206 508 3255 in
535 3202 721 3268 gladio
754 3206 803 3255 et
830 3218 963 3255 arcu
992 3216 1122 3255 meo.
1162 3201 1299 3255 Pars
1331 3201 1435 3255 ista
1475 3215 1605 3270 quae
1632 3207 1798 3254 extra

92 3291 293 3347 fratres
321 3292 533 3360 Ioseph
586 3291 781 3356 datur,
840 3290 1089 3360 cognitio
1144 3290 1471 3344 Divinitatis
1526 3297 1632 3356 est,
1667 3302 1797 3358 quae

92 3395 201 3435 non
225 3381 540 3436 oculorum
572 3379 801 3447 visioni,
856 3394 973 3433 non
1019 3378 1477 3433 extrinsecorum
1521 3391 1796 3432 sensuum

92 3470 212 3532 ulli,
249 3484 370 3524 non
402 3467 798 3535 imaginationi
842 3466 1279 3537 cogitationum,
1313 3481 1427 3520 non
1460 3466 1796 3521 interiorum

90 3557 404 3612 habituum
454 3556 576 3621 ulli,
610 3556 881 3624 quamvis
934 3554 1424 3621 ratiocinantium,
1460 3555 1559 3609 soli
1597 3562 1802 3624 praeter

91 3643 190 3697 hos
233 3658 441 3698 omnes
487 3642 961 3698 intellectualitati
1019 3644 1379 3698 attribuitur.
1429 3644 1802 3698 Amorrhteus

93 3730 207 3799 ipse
238 3732 462 3787 dicitur
500 3733 830 3799 amaricans,
881 3731 1175 3787 carnalem
1233 3730 1461 3800 spiritui
1514 3731 1803 3787 infensum

92 3821 369 3876 allectum
405 3821 711 3890 signiﬁcat,
748 3821 817 3875 de
856 3821 1025 3891 cujus
1060 3834 1259 3887 manu,
1307 3821 1362 3875 id
1392 3829 1475 3875 est
1510 3828 1799 3889 potestate,

93 3918 145 3964 et
176 3920 332 3975 actu,
373 3910 553 3964 divini
608 3909 898 3965 subtilitas
950 3910 1183 3977 amoris,
1244 3924 1310 3964 ac
1371 3909 1417 3963 si
1467 3924 1693 3979 gemma
1736 3911 1804 3965 de

95 4000 386 4064 sordibus,
438 3998 627 4067 gladio
666 3998 1043 4064 discretionis,
1087 4006 1142 4053 et
1191 3998 1429 4067 superni
1477 4012 1618 4053 arcu
1651 3999 1806 4054 timo-

97 4088 195 4151 ris,
232 4102 267 4141 a
297 4086 445 4142 facie
492 4086 661 4156 cujus
711 4094 774 4141 ut
822 4086 1006 4157 fugiat
1057 4087 1163 4141 sibi
1212 4087 1552 4156 signiﬁcatio
1609 4087 1803 4154 datur,

98 4176 487 4232 sollicitudine
516 4175 758 4230 rationis
794 4175 1057 4244 eripitur.

747 4264 980 4320 CAPUT
1020 4263 1221 4318 XLIX.

168 4355 339 4411 Vnus.
384 4357 433 4421 i,
477 4356 527 4407 '2.
559 4383 626 4393 —
680 4355 901 4409 Vocavit
952 4358 1131 4407 autem
1177 4351 1339 4406 Jacob
1382 4353 1523 4419 ﬁlios
1570 4366 1713 4418 suos,
1757 4354 1805 4404 et

97 4446 177 4496 ait
230 4447 307 4498 eis
333 4461 346 4498 :

99 4540 222 4587 sunt
251 4535 410 4587 vobis
432 4532 621 4586 diebus
651 4534 979 4585 novissimis.
1028 4532 1464 4597 Congregamini,
1496 4535 1546 4583 et
1595 4530 1808 4589 audite,

98 4622 417 4691 ﬁliiJaCUb,
452 4622 638 4674 audite
685 4621 863 4676 Israel
910 4626 1127 4689 patrem
1177 4624 1433 4672 vestrum.
1466 4619 1630 4673 Jacob
1666 4621 1810 4688 ﬁlios

101 4719 285 4778 vocat,
348 4724 487 4764 cum
550 4709 964 4779 cogitationum
1039 4709 1453 4777 dispersionem
1541 4721 1640 4776 per
1683 4706 1811 4774 ejus

102 4814 274 4868 quem
304 4798 587 4869 prtemisit
635 4812 806 4853 arcus
854 4797 1275 4867 providentiam
1326 4796 1468 4850 ratio
1517 4795 1813 4865 restringit

102 4896 155 4942 et
183 4888 412 4958 alligat.
446 4885 616 4941 Hunc
665 4893 858 4941 autem
912 4899 1114 4940 arcum
1170 4898 1343 4939 suum
1383 4884 1649 4952 superius
1675 4884 1814 4940 dicit

106 4978 242 5046 quia
268 4977 401 5045 ejus
428 4975 536 5030 sibi
587 4989 780 5043 usum,
813 4982 867 5030 et
915 4974 1321 5030 exercitionem
1366 4975 1686 5043 specialiter
1717 4974 1812 5028 in-

106 5065 259 5119 dicit.
316 5064 407 5120 Ad
457 5064 719 5130 rationis,
782 5063 990 5133 inquit,
1045 5063 1239 5117 sinunt
1289 5063 1442 5117 visco
1485 5077 1585 5117 Vos
1631 5061 1809 5116 divini

108 5161 292 5209 metus
326 5152 685 5209 unanimiter
717 5152 919 5222 cogite,
949 5160 1011 5207 ut
1035 5151 1282 5221 singulis
1313 5152 1520 5207 mentis
1563 5151 1812 5207 tnotibus

108 5241 444 5297 denuntient
495 5254 628 5309 quae
675 5239 905 5294 valeant
949 5240 1212 5307 fortuna,
1264 5240 1351 5295 vel
1403 5239 1717 5295 infortunia
1755 5239 1812 5294 in

111 5330 377 5384 extremis
408 5327 660 5391 dierum,
692 5328 744 5382 id
787 5337 871 5382 est
901 5327 1185 5383 virtutum
1216 5328 1579 5382 successibus
1611 5342 1810 5396 prove—

112 5419 250 5473 nire.
296 5418 739 5485 Congregamini,
785 5417 923 5486 quia
976 5416 1033 5470 in
1089 5416 1321 5471 dissidio
1377 5423 1431 5471 et
1477 5416 1814 5484 cvagatione

113 5521 424 5575 nusquam,
464 5517 581 5559 vox
610 5503 805 5560 divina
828 5505 1163 5575 percipitur,
1200 5513 1254 5559 et
1281 5505 1473 5569 Iacob,
1506 5504 1557 5558 id
1580 5512 1814 5573 estsup-

116 5594 453 5661 plantatoris
493 5590 772 5647 vitiorum
823 5593 1075 5662 pritnum
1125 5592 1355 5647 monitis
1393 5592 1662 5647 obaudite
1693 5593 1814 5661 spi-

114 5682 267 5749 ritus,
297 5690 362 5738 ut
408 5678 778 5749 postmodum
812 5680 1047 5736 victoris
1085 5681 1343 5749 ejusdem
1391 5679 1672 5747 placidam
1708 5693 1815 5749 pa-

434 4445 851 4511 Congregamini
910 4448 969 4496 ut
1019 4443 1334 4495 annuntiem
1393 4456 1510 4509 qua:
1576 4445 1809 4494 ventura
1849 4427 1891 4479 D

1900 636 2197 691 victoriam
2237 637 2612 706 principatus.
2662 639 2839 693 Israel
2898 653 3151 709 namque
3196 643 3449 709 princeps
3479 658 3599 695 cum

1903 728 2003 778 Deo
2032 725 2265 780 dicitur.

1974 814 2142 869 Vens.
2188 816 2238 881 3,
2274 815 2326 866 4.
2365 844 2433 853 ——
2462 816 2646 869 Ruben
2683 817 3078 885 primogenitus
3134 832 3303 881 meus,
3349 822 3405 871 tu
3435 819 3596 883 forti-

1904 900 2031 953 tudo
2068 917 2207 965 mea,
2254 906 2303 954 et
2340 904 2678 970 principium
2722 902 2925 955 doloris
2972 906 3099 969 mei,
3138 906 3295 970 prior
3334 907 3391 956 in
3422 904 3599 971 donis,

1903 991 2078 1056 major
2126 992 2372 1058 imperio.
2430 992 2651 1057 Effusas
2709 1007 2762 1044 es
2825 995 2967 1044 sicut
3014 1008 3180 1058 aqua,
3217 1008 3324 1045 non
3369 1007 3597 1057 crescas,

1901 1082 2034 1146 quia
2062 1080 2356 1132 ascendisti
2379 1080 2552 1133 cubile
2576 1083 2759 1148 patris
2792 1083 2891 1147 tui,
2942 1086 2990 1133 et
3041 1082 3333 1134 maculasti
3361 1086 3596 1134 stratum

1901 1167 2038 1233 ejus.
2071 1166 2271 1221 Ruben
2304 1167 2716 1236 interpretatur
2761 1169 2948 1221 videns
3000 1171 3057 1220 in
3102 1169 3294 1222 medio.
3350 1169 3601 1224 Medium

1902 1263 2095 1310 autem
2132 1270 2234 1324 pro
2264 1259 2530 1309 communi
2580 1271 2808 1324 ponere,
2857 1266 2910 1311 et
2959 1257 3230 1312 humana)
3273 1271 3339 1312 ac
3391 1257 3603 1312 divina:

1902 1344 2127 1413 paginae
2158 1344 2418 1399 inolitutn
2448 1352 2547 1399 est.
2610 1346 2802 1399 Videas
2854 1360 2990 1415 ergo
3042 1349 3099 1398 in
3151 1345 3331 1399 medio
3384 1346 3469 1401 vis
3501 1360 3604 1401 ra-

1903 1432 2235 1487 tionalitatis
2273 1433 2574 1502 accipitur,
2618 1449 2749 1504 quae
2799 1435 3144 1504 generaliter
3174 1442 3290 1489 tota
3339 1449 3470 1504 quae
3498 1436 3604 1490 ho-

1904 1521 2075 1576 minis
2112 1529 2246 1577 sunt
2296 1522 2527 1591 provide
2581 1536 2787 1578 curare
2842 1523 3217 1592 dignoscitur.
3288 1523 3387 1578 Est
3460 1537 3597 1593 ergo

1903 1610 2122 1665 dicere:
2177 1610 2312 1665 Mihi
2362 1610 2569 1665 rationi
2621 1610 3019 1679 principaliter
3071 1611 3325 1679 ingenita
3356 1611 3607 1681 dignitas

1904 1714 1963 1753 es
2008 1698 2377 1767 providentiae
2416 1707 2519 1754 aut
2568 1699 2947 1765 discretionis,
3001 1714 3132 1768 qua}
3185 1700 3311 1754 licet
3374 1700 3604 1755 fortitu-

1907 1787 2099 1841 dinem
2130 1795 2331 1842 eontra
2359 1788 2713 1857 emergentia
2746 1786 2882 1841 vitia
2917 1786 3339 1853 subministres,
3388 1791 3606 1856 princi—

1904 1879 2058 1943 pium
2093 1884 2282 1931 tamen
2332 1876 2532 1929 doloris
2582 1878 2684 1929 mei
2728 1891 2807 1936 es.
2856 1876 2996 1945 quia
3046 1891 3161 1945 quo
3213 1877 3397 1947 magis
3447 1878 3609 1932 addis

1905 1964 2225 2027 scientiam,
2262 1971 2419 2018 tanto
2446 1963 2609 2018 addis
2638 1964 2781 2019 scita
2811 1964 2995 2020 facere
3031 1980 3147 2018 non
3179 1964 3393 2033 potenti
3426 1964 3610 2019 tristi-

1906 2054 2084 2121 tiam;
2117 2060 2323 2107 etcum
2358 2052 2435 2107 sis
2461 2056 2618 2121 prior
2651 2054 2971 2109 secundum
3016 2054 3304 2108 excellens
3348 2053 3608 2122 sapiendi

1906 2141 2143 2208 donum,
2177 2149 2231 2195 et
2258 2144 2434 2209 major
2464 2142 2536 2195 ad
2566 2142 2918 2211 exigendum
2973 2142 3394 2211 corporalitatis
3434 2142 3611 2197 servi-

1909 2229 2074 2296 tium,
2131 2230 2518 2299 corruptionis
2575 2237 2761 2284 tamen
2813 2229 2980 2285 ﬂuxu
3027 2245 3126 2299 per
3173 2230 3611 2285 alioctualitates

1905 2317 2240 2383 ellunderis,
2280 2319 2335 2372 in
2367 2333 2620 2387 quarum
2656 2319 2797 2373 nolit
2840 2319 2990 2373 Deus
3020 2319 3365 2374 distensione
3396 2326 3462 2374 ut
3492 2318 3611 2373 ullo

1907 2406 2074 2460 modo
2103 2406 2408 2476 superbias
2437 2422 2452 2475 ;
2486 2407 2624 2462 solet
2655 2407 2808 2461 enim
2860 2407 3134 2476 improbis
3165 2407 3611 2477 cogitationibus

1909 2494 2118 2549 ltelitite
2168 2495 2355 2549 inanis
2408 2503 2601 2550 tumor
2666 2495 2999 2561 increscere,
3061 2510 3193 2549 cum
3245 2496 3610 2564 voluptatum

1907 2584 2015 2639 sibi
2047 2583 2301 2638 arriserit
2340 2584 2762 2653 opportunitas.
2813 2585 3078 2639 Gaudent
3121 2585 3275 2639 enim
3328 2584 3385 2638 in
3436 2585 3611 2640 rebus

1910 2673 2167 2742 pessimis
2210 2674 2387 2743 (Prov.
2438 2688 2496 2739 ιι,
2564 2674 2667 2741 14),
2713 2681 3005 2728 sumentes
3067 2674 3369 2727 audaciam
3414 2674 3483 2729 de
3531 2673 3613 2728 ni-

1911 2763 2137 2817 mietate
2163 2762 2439 2817 criminis.
2473 2762 2670 2828 Versa,
2717 2764 2925 2831 inquit,
2960 2771 3020 2816 tu
3053 2762 3196 2816 ratio
3230 2762 3285 2815 in
3318 2761 3609 2827 allectum,

1908 2852 2064 2907 etde
2115 2851 2353 2905 veritate
2402 2851 2549 2906 facta
2598 2850 2985 2916 mendacium,
3038 2850 3109 2904 ab
3151 2850 3361 2904 inlimis
3409 2850 3609 2905 subre-

1913 2939 2095 3008 pendo
2129 2939 2336 2994 mentis
2384 2940 2657 3008 quietem,
2704 2938 2875 3008 (quod
2911 2938 3198 3008 signiticat
3230 2938 3444 3004 cubile)
3476 2952 3612 3008 per—

1911 3028 2132 3093 turbas,
2156 3036 2208 3082 et
2251 3029 2511 3096 turpium
2559 3028 2973 3094 desideriorum
3024 3026 3369 3082 adulterinis
3410 3025 3611 3082 incur-

1909 3114 2088 3181 sibus,
2132 3115 2417 3169 virtutum
2448 3121 2766 3169 stramenta
2806 3113 3216 3168 commaculas.
3271 3114 3403 3168 Htec
3435 3114 3614 3170 verba

1910 3204 2145 3271 spiritus
2193 3202 2432 3257 internae
2471 3202 2699 3256 familia),
2749 3201 2947 3271 patris,
2996 3201 3066 3256 de
3116 3200 3278 3270 pravi
3325 3200 3612 3270 appetitus

1910 3290 2271 3346 immersione
2308 3290 2552 3345 subdola
2582 3289 3007 3360 conquerentis.

1982 3380 2149 3436 Vens.
2185 3381 2235 3446 5,
2267 3382 2322 3433 6.
2354 3410 2422 3417 —-
2460 3381 2675 3434 Simcon
2732 3385 2780 3431 et
2835 3381 2963 3433 Levi
3010 3380 3257 3444 fratres;
3312 3394 3448 3431 vasa
3493 3379 3609 3431 ini-

1910 3471 2140 3537 quitatis
2182 3469 2458 3521 bellantia.
2511 3469 2570 3521 In
2611 3469 2835 3521 consilio
2876 3483 3053 3520 eorum
3107 3484 3170 3519 ne
3210 3470 3389 3519 tcniat
3420 3468 3606 3519 anima

1907 3574 2043 3624 mea,
2078 3562 2126 3610 et
2160 3559 2217 3609 in
2268 3562 2401 3609 ctrlu
2450 3558 2665 3609 illorum
2722 3572 2825 3608 non
2862 3558 2935 3609 sit
2975 3556 3154 3623 gloria
3204 3571 3340 3621 mea,
3387 3558 3520 3623 quia
3552 3557 3614 3608 in

1909 3649 2097 3712 furore
2162 3661 2257 3699 suo
2325 3646 2636 3698 OCciderunt
2693 3648 2893 3711 virum,
2950 3649 3000 3697 et
3060 3647 3117 3696 in
3171 3646 3447 3698 voluntate
3514 3658 3615 3697 sua

1911 3734 2249 3803 sat/foderunt
2308 3750 2539 3787 murum.
2604 3733 2827 3789 Simeon
2888 3733 3100 3788 dicitur
3155 3733 3383 3786 audiens
3440 3734 3619 3786 tristi-

1914 3825 2067 3876 tiam.
2105 3822 2240 3877 Levi
2271 3822 2523 3887 additus,
2561 3822 2646 3876 vel
2678 3827 3010 3890 assumptus.
3046 3822 3121 3887 Si,
3169 3822 3342 3891 juxta
3373 3821 3618 3890 Prophe-

1914 3917 2053 3977 tam,
2109 3925 2221 3965 non
2280 3918 2363 3965 est
2430 3910 2683 3979 gaudere
2736 3909 2946 3979 impiis,
3015 3909 3150 3965 dicit
3222 3909 3623 3965 Dominuszet

1916 3999 2218 4069 gaudium,
2252 3999 2574 4053 secundum
2611 3998 2827 4062 Patres,
2877 3998 2935 4052 in
2968 3997 3116 4051 bono
3165 3999 3467 4067 accipitur,
3520 3998 3620 4054 tri-

1915 4088 2081 4143 stitize
2141 4088 2359 4143 auditio
2427 4088 2497 4142 ad
2556 4086 2773 4141 malutn
2854 4086 3084 4152 dicitur,
3147 4095 3211 4141 ut
3281 4101 3458 4141 causa
3518 4101 3623 4157 pro

1916 4175 2125 4231 ell‘ectu
2174 4177 2443 4245 ponatur,
2496 4174 2636 4244 quia
2683 4174 2728 4227 si
2791 4174 3069 4243 gaudium
3116 4182 3169 4229 et
3213 4187 3327 4242 pax
3376 4188 3624 4244 regnum

1920 4264 2038 4331 Dei,
2086 4279 2202 4319 non
2251 4277 2399 4329 esca,
2445 4270 2499 4319 et
2548 4270 2713 4331 potus
2768 4268 2908 4316 I73
2960 4262 3033 4317 ab
3090 4262 3359 4332 Apostolo
3408 4263 3625 4318 dicitur

1919 4353 2087 4424 (Rom.
2119 4367 2239 4420 x1v,
2288 4355 2394 4421 l7),
2424 4352 2556 4421 jure
2604 4366 2850 4419 regnum
2900 4352 3108 4407 diaboli
3153 4351 3383 4406 tristitia
3425 4360 3477 4408 et
3528 4353 3623 4407 in-

1918 4441 2196 4513 quietudo
2243 4450 2521 4508 vocatur;
2574 4440 2788 4508 peccati
2843 4443 2997 4494 enim
3063 4440 3255 4496 studia
3303 4441 3411 4496 hoc
3456 4455 3627 4497 omne

1919 4532 2311 4600 consequitur.
2370 4529 2627 4585 Audiens
2673 4542 2831 4599 ergo,
2883 4528 2937 4583 id
2977 4535 3060 4583 est
3118 4529 3464 4600 intelligens,
3514 4532 3625 4585 imo

1919 4620 2249 4675 obedienter
2267 4618 2563 4688 excipiens
2609 4616 2940 4685 hujusmodi
2979 4617 3287 4683 tristitiam,
3322 4634 3436 4674 non
3470 4619 3625 4689 quod

1923 4707 2053 4763 inde
2095 4708 2373 4774 tristetur,
2420 4707 2515 4761 sed
2563 4706 2716 4776 quod
2762 4705 2867 4760 sibi
2915 4706 3059 4760 iram
3112 4706 3168 4760 in
3212 4706 3302 4760 die
3347 4707 3444 4761 ira:
3489 4707 3627 4763 hinc

1922 4796 2309 4852 thesaurizare
2349 4804 2642 4862 noscatur,
2692 4792 2932 4849 allectus
2984 4793 3101 4863 ipse
3134 4794 3493 4865 intelligitur,
3531 4796 3625 4851 cui

1920 4900 2054 4941 cum
2086 4885 2311 4940 fructus
2359 4883 2840 4952 concupiscentia:
2880 4898 2998 4938 sum
3030 4883 3282 4951 additur,
3335 4884 3485 4939 tiunt
3510 4885 3625 4940 duo

1921 4974 2181 5042 pessimae
2234 4972 2567 5042 capacitatis
2606 4986 2764 5036 vasa,
2812 4986 2942 5041 qnze
2989 4971 3151 5027 bellis
3179 4979 3233 5027 et
3278 4973 3627 5029 tumultibus

1920 5062 2196 5116 adversus
2226 5061 2481 5116 animam
2516 5059 2901 5115 militantibus
2924 5059 3336 5129 adimplentur.

1993 5151 2057 5205 In
2094 5151 2301 5205 borum
2331 5150 2570 5205 consilio
2624 5164 2692 5205 ne
2742 5150 2936 5204 veniat
2984 5148 3177 5203 anima
3209 5163 3242 5203 a
3280 5149 3485 5218 spiritu
3518 5165 3622 5220 op-

1926 5247 2099 5305 tatur,
2136 5253 2268 5293 cum
2301 5252 2335 5292 a
2381 5238 2669 5307 proposito
2716 5246 2942 5293 terrena
2990 5237 3286 5305 ambienti,
3323 5246 3377 5293 et
3407 5240 3627 5295 ambita

1924 5327 2222 5383 libidinose
2273 5335 2397 5396 post
2442 5330 2857 5382 assecutionem
2905 5327 3141 5393 lruenti,
3196 5328 3435 5382 intentio
3478 5328 3626 5384 inte-

1922 5417 2089 5471 rioris
2144 5415 2392 5470 hominis
2451 5415 2523 5469 ab
2578 5414 2701 5483 ipso
2759 5423 3007 5470 arcetur.
3067 5415 3383 5470 Consilium
3433 5426 3622 5471 autem

1920 5519 2119 5561 eorum
2145 5512 2245 5570 est,
2287 5512 2341 5559 et
2372 5518 2602 5573 cupere,
2635 5510 2689 5558 et
2720 5504 2777 5557 in
2816 5504 3137 5572 concupitis
3176 5518 3309 5559 cum
3353 5503 3625 5560 alfuerint

1925 5591 2206 5647 lascivire.
2242 5592 2399 5648 Unde
2428 5591 2568 5645 Job:
2605 5593 2772 5655 Quia,
2811 5591 3017 5659 inquit,
3050 5606 3157 5644 non
3195 5597 3321 5646 sunt
3363 5595 3420 5645 in
3460 5609 3627 5647 manu

1921 5696 2108 5734 eorum
2159 5682 2294 5734 bona
2380 5695 2502 5748 sua,
2562 5680 2847 5733 consilium
2903 5695 3086 5734 eorum
3140 5682 3293 5747 longe
3339 5684 3411 5735 sit
3454 5698 3490 5734 a
3543 5696 3625 5735 me
