3950 6448
323 401 427 454 327

1211 395 1275 449 V.
1315 391 1650 450 GUIBERTI
1689 389 1977 447 ABBATIS
2016 391 2071 446 S.
2116 389 2352 445 MAR”?
2388 389 2482 446 DE
2543 389 2928 446 NOVIGENTO
3725 391 3820 444 328

325 528 652 599 signiﬁcat;
711 527 806 582 cui
850 525 1048 582 semita
1083 523 1353 588 concinit,
1399 537 1528 592 qua:
1565 521 2019 590 singularitatem
2061 523 2106 575 Α
2139 519 2269 586 dici,
2302 526 2355 575 et
2397 519 2770 589 Apocalypsis
2802 526 3059 586 testatur,
3091 526 3146 575 et
3175 519 3404 588 Psalmi,
3454 534 3710 592 quorum
3741 521 3825 577 de-

328 616 625 671 iusolentis
683 615 1044 683 cogitationis
1098 613 1348 679 indicat,
1405 612 1502 666 ubi
1544 625 1600 663 se
1659 623 1833 677 super
1886 608 2026 662 alios

327 707 554 760 cunctis
585 704 939 772 indignando
966 703 1170 767 elevat,
1204 701 1302 770 qui
1331 714 1469 769 pene
1499 699 1610 752 Deo
1637 697 1741 766 ipsi
1776 711 1833 750 se
1865 711 2026 751 com-

328 800 510 863 parat.
545 792 764 846 Mordet
797 805 931 845 vero
961 790 1193 857 ungulas
1237 790 1379 856 equi,
1409 801 1538 841 cum
1585 785 1902 854 corrumpit
1933 784 2026 838 ni-

328 881 529 935 mietas
573 880 920 948 arrogantiae
955 878 1008 931 in
1056 876 1247 931 animo
1283 878 1460 944 ipsam
1512 873 1598 928 sui
1631 874 2022 927 discretionem

327 970 468 1040 typi,
505 976 567 1024 ut
595 983 706 1022 non
743 982 801 1022 se
840 967 1158 1036 superbire,
1191 965 1284 1024 sed
1320 962 1602 1033 quidquid
1637 962 1704 1016 de
1735 977 1792 1015 se
1818 961 2022 1028 glorio-

328 1072 456 1112 sum
487 1056 717 1123 cogitat,
757 1055 860 1108 sibi
907 1055 1146 1108 testimet
1180 1053 1351 1117 digne
1400 1057 1734 1119 competere.
1769 1049 2028 1117 Ungulas

330 1160 432 1215 pro
468 1144 805 1199 discretione
854 1155 1060 1212 ponere
1107 1140 1289 1205 novit,
1334 1139 1434 1208 qui
1474 1138 1578 1193 scit
1624 1136 1873 1192 vitulum
1923 1152 2022 1191 no-

329 1234 538 1288 vellum
567 1244 786 1286 cornua
816 1238 869 1284 et
901 1229 1154 1299 ungulas
1185 1227 1500 1296 producere
1533 1226 1699 1295 (Psal.
1731 1240 1883 1290 LXIII,
1912 1226 2021 1294 32).

329 1324 555 1392 Equum
587 1325 778 1374 autem
839 1333 940 1388 pro
988 1317 1262 1386 superbia
1311 1316 1489 1371 solere
1539 1315 1690 1384 poni,
1743 1315 1897 1369 testis
1943 1320 2026 1368 est

329 1410 604 1480 psalmus,
639 1409 736 1477 qui
785 1420 1114 1461 ascensores
1144 1418 1428 1474 equorum
1469 1403 1804 1458 dormitasse
1843 1403 2029 1472 perhi-

328 1499 420 1553 bet
469 1497 540 1551 ab
609 1495 995 1564 increpatione
1041 1493 1139 1548 Dei
1194 1493 1362 1562 (Psal.
1415 1507 1584 1558 Lxxv,
1618 1493 1689 1559 '7).
1742 1494 1807 1544 Ut
1865 1491 2027 1544 cadat

326 1599 577 1639 ascensor
601 1584 717 1652 ejus
744 1587 910 1644 retro,
945 1582 1005 1634 id
1034 1586 1131 1645 est,
1161 1589 1224 1635 ut
1252 1581 1390 1635 dum
1423 1579 1490 1634 de
1523 1579 1718 1647 gloria;
1751 1578 2026 1634 inanitate

329 1673 606 1742 superbit,
657 1678 972 1733 evertatur,
1020 1678 1073 1724 et
1105 1669 1328 1723 decidat
1378 1667 1432 1722 in
1491 1668 1584 1722 illo
1615 1669 1769 1722 unde
1822 1668 2027 1723 avertit

329 1763 568 1818 obtutus
601 1760 794 1814 futuro
833 1757 1060 1812 saeculo.
1107 1755 1392 1811 Percussit
1421 1755 1570 1809 enim
1605 1753 1882 1807 Dominus
1915 1749 2026 1804 ini-

329 1850 506 1906 micas
557 1863 708 1908 suos,
761 1847 856 1901 ubi
892 1846 1086 1900 minus
1127 1845 1433 1900 attendunt
1478 1843 1534 1897 in
1566 1841 1858 1911 sequentis
1895 1839 2027 1893 vitm

333 1935 664 2005 posteriora.
697 1934 941 2002 Spiritus
974 1942 1165 1987 autem
1211 1941 1402 1986 noster
1433 1932 1539 1985 ista
1586 1929 1819 1999 provide
1853 1928 2026 1996 dispi-

331 2022 506 2085 ciens,
558 2028 730 2089 atque
783 2017 1120 2087 despiciens,
1166 2018 1408 2070 salutare
1455 2015 1547 2069 Dei
1592 2029 1650 2068 se
1695 2021 2027 2082 exspectare.

333 2110 446 2164 Deo
489 2108 592 2178 ipsi
627 2107 944 2177 pollicetur,
1003 2106 1143 2176 quia
1176 2120 1292 2174 quo
1319 2104 1507 2173 magis
1563 2102 1772 2171 impius
1799 2110 1852 2156 et
1898 2116 2028 2170 apo-

333 2205 479 2252 stata
508 2195 784 2265 superbit,
838 2208 1057 2264 pauper
1088 2201 1244 2249 tanto
1283 2195 1468 2261 magis
1502 2191 1828 2246 incenditur
1858 2190 2024 2258 (Ps-al.

332 2301 393 2352 Χ,
427 2285 541 2354 23),
584 2285 653 2338 ad
697 2285 836 2339 bene
862 2283 1152 2352 agendum
1187 2281 1397 2336 scilicet
1429 2279 1726 2350 purgatior
1761 2279 2030 2333 vividior-

335 2387 449 2442 que
479 2373 774 2436 redditur;
807 2377 861 2424 et
905 2384 1034 2424 cum
1083 2368 1386 2423 smculares
1431 2367 1520 2421 ille
1549 2367 1760 2436 glorias
1795 2373 2030 2435 pra'sto-

335 2457 508 2524 latur,
545 2457 647 2512 iste
691 2458 759 2512 de
817 2456 1101 2523 salutaris,
1136 2457 1190 2510 id
1241 2463 1325 2510 est
1353 2455 1560 2510 Christi
1612 2455 2029 2522 exspectatione

335 2547 581 2600 lzetatur.
613 2545 772 2599 Unde
805 2544 1004 2609 David,
1038 2543 1138 2614 qui
1167 2543 1235 2597 de
1267 2557 1332 2596 eo
1375 2543 1474 2611 qui
1504 2542 1806 2610 praevaluit
1839 2543 1894 2595 in
1923 2554 2028 2594 va-

335 2634 516 2688 nitate
558 2647 663 2687 sua
717 2632 1066 2702 loqueretur,
1119 2631 1374 2686 subdidit
1418 2630 1486 2684 de
1537 2645 1612 2696 se,
1649 2629 1734 2684 vel
1783 2629 2026 2694 Christo,

334 2721 576 2790 ejusque
629 2720 915 2774 similibus
947 2734 959 2773 :
989 2723 1102 2786 Ego
1131 2724 1329 2785 autem,
1381 2721 1521 2772 sicut
1549 2719 1692 2771 oliva
1734 2719 2032 2784 fructifera

339 2811 502 2878 (Psal.
536 2823 608 2874 LI,
644 2812 694 2874 9,
735 2807 842 2875 10),
878 2815 982 2862 etc.

409 2896 580 2952 VERs.
619 2897 704 2948 19.
736 2924 804 2934 -
847 2894 967 2949 Gad
1011 2897 1281 2949 accinctus
1323 2893 1676 2963 praeliabitur
1721 2897 1846 2946 ante
1891 2907 2028 2958 eum,

337 2989 386 3037 et.
418 2985 531 3052 ipse
568 2985 880 3048 accingetur
927 2988 1238 3036 retrorsum.
1295 2980 1412 3035 Gad
1463 2981 1802 3034 latrunculus
1850 2979 2033 3034 inter-

338 3079 615 3141 pretatur,
669 3083 768 3140 per
817 3085 988 3140 quem
1042 3070 1382 3139 intelligitur
1442 3069 1691 3123 carnalis
1737 3067 2028 3122 stimulus.
2071 3109 2110 3164 Ο

337 3159 446 3224 Qui
497 3159 787 3214 accinctus
829 3166 960 3213 ante
995 3159 1113 3212 Dan
1152 3159 1467 3227 przeliatur,
1517 3156 1656 3226 quia
1699 3155 1946 3211 collectis
1977 3163 2030 3210 et

338 3247 610 3318 appositis
640 3247 744 3301 sibi
789 3261 860 3301 ex
895 3246 1055 3300 inani
1088 3254 1308 3301 tumore
1339 3245 1583 3311 viribus,
1619 3245 1866 3299 quurize
1893 3243 2030 3298 solet

339 3336 681 3405 despumare
726 3335 1020 3389 fetoribus.
1057 3335 1210 3402 Sa-pc
1242 3334 1417 3399 enim,
1465 3341 1519 3388 et
1549 3335 1713 3402 quasi
1746 3333 2031 3388 naturali-

339 3432 443 3490 ter,
492 3423 810 3491 majestatis
860 3421 1014 3476 illius
1051 3422 1364 3476 ventositas
1410 3421 1597 3474 reﬁari
1629 3421 1925 3476 consuevit
1973 3419 2029 3474 in

339 3511 548 3576 labem,
600 3518 654 3565 et
708 3511 864 3580 justo
906 3509 998 3563 Dei
1041 3508 1258 3578 judicio
1311 3507 1629 3577 improvide
1669 3507 2033 3563 latrunculus

340 3599 447 3655 sibi
481 3599 584 3654 iste
613 3597 885 3664 occurrit,
923 3604 986 3651 ut
1014 3595 1115 3666 qui
1164 3597 1339 3651 Deum
1374 3597 1748 3665 hominesque
1794 3610 1906 3651 non
1938 3610 2031 3652 re-

343 3694 526 3758 putat,
578 3686 634 3740 in
673 3700 776 3740 suo
823 3694 1054 3754 repente
1098 3684 1404 3739 fmdissimo
1450 3698 1588 3738 casu
1636 3683 1826 3740 videat
1857 3699 2030 3754 quam

340 3775 544 3830 nullus
565 3773 790 3828 existat.
830 3776 977 3827 Ante
1009 3780 1198 3828 autem
1244 3773 1492 3842 prailiari
1535 3772 1766 3838 dicitur,
1801 3775 1938 3842 quia.
1981 3773 2030 3828 ei

341 3863 443 3934 qui
475 3862 716 3918 interius
765 3861 917 3917 ultra
963 3875 1188 3916 onmem
1223 3861 1454 3916 modum
1502 3860 1785 3930 gloriatur
1825 3870 2033 3929 apertae

341 3950 790 4022 impugnationis
820 3951 1021 4006 turbas
1065 3949 1368 4005 insolentia
1399 3949 1603 4004 subitte
1637 3949 1888 4004 libidinis
1920 3964 2034 4004 m0-

339 4055 474 4096 vere
524 4039 891 4110 permittitur.
943 4040 1041 4094 His
1083 4039 1234 4094 enim
1283 4038 1387 4108 qui
1428 4038 1751 4093 voluntarie
1800 4045 2034 4107 peccant

339 4126 747 4182 ollendiculum
795 4127 1152 4197 preponitur.
1187 4130 1495 4182 Retrorsum
1527 4137 1714 4182 tamen
1747 4126 1906 4196 prius
1939 4140 2031 4181 ac-

340 4215 615 4286 cingitur,
661 4216 798 4270 dum
832 4215 890 4270 in
935 4215 1129 4270 animo
1157 4229 1281 4279 suo,
1331 4214 1422 4270 cui
1455 4215 1751 4284 hypocrita
1797 4215 2031 4270 dorsum

340 4304 530 4371 vertit,
565 4303 762 4358 multis
809 4302 970 4372 prius
999 4303 1412 4372 cogitationum
1461 4303 1854 4358 moliminibus
1893 4318 2036 4358 con-

2135 608 2279 662 licire
2327 623 2440 662 non
2490 609 2646 662 aliud
2707 616 2843 662 sunt
2889 623 3066 676 quam
3119 609 3496 666 invisibilium
3545 610 3826 666 bonorum

2136 695 2312 750 lucris
2366 711 2482 750 sese
2533 711 2820 750 exercere.
2869 697 3162 766 Frequens
3206 700 3360 753 enim
3412 698 3621 769 legere,
3677 699 3825 758 ﬁere,

2133 784 2310 839 verba
2362 785 2454 838 Dei
2510 784 2710 838 audire
2769 783 3034 851 libenter,
3091 793 3145 840 et
3201 785 3417 852 dicere,
3471 794 3525 841 et
3580 800 3830 856 quaeque

2135 873 2468 942 quibusque
2552 872 2820 927 sensibus
2881 873 3284 928 convenientia
3352 874 3448 942 pia
3514 876 3830 929 intentione

2135 974 2322 1027 agere,
2357 961 2574 1014 delicize
2622 968 2755 1015 sunt
2797 969 3152 1031 emergentes
3182 961 3254 1016 ab
3305 961 3531 1018 interna
3578 963 3833 1033 pingue-

2133 1049 2285 1103 dine.

2206 1136 2376 1192 Vsus.
2418 1139 2506 1190 21.
2541 1167 2608 1174 -
2649 1136 2928 1204 Nephtali,
2963 1152 3148 1192 cervus
3176 1141 3422 1205 emissus,
3452 1144 3503 1192 et
3545 1139 3686 1194 dans
3718 1141 3832 1192 elo-

2134 1227 2265 1293 quia
2309 1223 2758 1292 pulchritudinis.
2806 1223 3067 1293 Nephtali
3113 1225 3326 1280 dicitur
3354 1229 3698 1280 conversavit
3730 1242 3832 1288 me,

2133 1313 2220 1367 vel
2255 1314 2556 1380 implicavit
2577 1329 2676 1376 me,
2702 1310 2790 1366 vel
2823 1312 3081 1366 dilatavit
3109 1329 3208 1366 me.
3246 1316 3550 1384 Postquam
3572 1328 3835 1385 namque

2133 1401 2354 1457 celebro
2371 1401 2598 1456 virtutis
2617 1415 2725 1456 usu
2750 1399 2951 1470 impios
2973 1402 3142 1468 Deus,
3164 1411 3226 1457 ut
3247 1417 3357 1457 non
3384 1404 3516 1470 sint,
3540 1405 3612 1459 ab
3632 1403 3838 1472 impie-

2137 1497 2246 1544 tate
2272 1496 2591 1555 conversat,
2623 1495 2678 1544 et
2708 1489 2828 1543 suis
2853 1504 2948 1544 eos
2986 1489 3278 1560 obsequiis
3317 1490 3592 1560 implicat,
3637 1505 3838 1546 conse-

2135 1585 2379 1647 quenter
2411 1584 2439 1631 I
2459 1582 2553 1630 16
2587 1591 2686 1646 per
2712 1577 3070 1646 profectuum
3101 1579 3317 1646 gradus
3337 1579 3632 1635 charitatis
3658 1581 3840 1633 visi-e-

2135 1667 2358 1722 ralitate
2392 1664 2608 1720 dilatat.
2643 1665 2888 1734 Spiritus
2924 1679 3062 1733 ergo
3096 1674 3306 1734 noster,
3341 1667 3440 1722 ubi
3476 1667 3595 1722 haec
3625 1669 3839 1737 attige-

2139 1755 2230 1820 rit,
2257 1755 2595 1823 ccrvusjam
2626 1753 3026 1822 potentissimae
3048 1755 3327 1810 adversus
3353 1755 3490 1810 vitia
3519 1755 3842 1825 majestatis

2138 1842 2413 1897 cornibus
2441 1849 2496 1895 et
2527 1841 2913 1895 subtilissimis
2947 1841 3018 1895 ad
3044 1842 3235 1896 omnia
3263 1842 3637 1898 discernenda
3664 1845 3841 1899 sensi-

2139 1932 2265 1992 bus.
2293 1939 2458 1984 extra
2488 1944 2545 1983 se
2573 1930 2853 1985 emittitur
2882 1943 2984 1999 per
3007 1929 3206 1997 saltus,
3227 1939 3278 1985 et
3300 1931 3651 1986 alacritatem
3682 1932 3838 1987 divi-

2137 2035 2224 2073 na)
2250 2017 2766 2087 contemplationis,
2796 2017 2894 2072 ubi
2928 2018 3121 2073 haurit
3149 2021 3358 2087 eloquia
3390 2021 3560 2075 totius
3579 2021 3841 2089 pulchri-

2139 2107 2368 2159 tudinis.
2405 2106 2541 2171 Quar
2568 2113 2786 2174 quanto
2808 2104 2914 2159 sibi
2949 2105 3099 2160 intro
3125 2107 3380 2177 gratiora
3409 2106 3639 2172 fuerint,
3673 2115 3841 2164 tanto

2137 2195 2366 2249 dulcius
2394 2208 2461 2248 ea
2494 2193 2757 2263 propinat
2780 2200 2831 2247 et
2863 2193 3006 2247 aliis.

2214 2281 2379 2336 Vens.
2429 2283 2518 2333 22.
2551 2311 2620 2320 —
2648 2283 2818 2334 Filius
2867 2295 3168 2334 accrescens
3196 2281 3414 2352 Joseph,
3464 2284 3615 2350 ﬁlius
3645 2299 3838 2338 accre-

2136 2385 2303 2435 scms,
2355 2374 2405 2423 et
2451 2369 2674 2422 decorus
2725 2374 2962 2437 aspectu.
3007 2369 3214 2438 Josepb
3269 2370 3683 2440 interpretatur
3729 2388 3843 2424 au-

2137 2463 2426 2524 gmentum.
2458 2462 2842 2526 Augmentum
2877 2456 3052 2522 igitur
3083 2457 3234 2512 istud
3277 2459 3566 2526 accrescit,
3599 2467 3653 2514 et
3693 2473 3842 2515 rur-

2137 2561 2238 2601 sus
2268 2546 2553 2607 accrescit,
2603 2558 2736 2598 cum
2785 2543 2924 2599 illud
2991 2545 3215 2600 creleste
3265 2546 3500 2612 bonum,
3549 2561 3664 2616 quo
3717 2548 3840 2602 solo

2139 2649 2272 2689 vere
2302 2633 2696 2702 provehimur,
2729 2643 2783 2686 et
2813 2633 2869 2686 in
2905 2634 3109 2688 mentis
3140 2633 3304 2703 prius
3332 2634 3610 2689 desiderio
3639 2643 3844 2690 exten-

2139 2722 2316 2787 ditur,
2377 2728 2432 2775 et
2482 2719 2824 2774 certitudine
2875 2720 3140 2788 deinceps
3191 2721 3441 2790 quadam
3482 2722 3598 2790 spei
3653 2729 3710 2776 et
3744 2737 3842 2776 se-

2141 2811 2400 2864 curitatis
2452 2808 2784 2876 ampliatur.
2842 2807 3002 2863 Unde
3051 2808 3266 2863 Paulus
3303 2823 3316 2860 :
3349 2811 3569 2877 Nostra,
3621 2811 3839 2878 inquit,

2141 2899 2471 2951 conversatio
2516 2899 2571 2948 in
2603 2897 2742 2948 ca'lz's
2776 2895 2939 2964 (Phil.
2983 2910 3061 2963 ιιι,
3108 2897 3213 2964 l0).
3257 2897 3323 2951 Et
3361 2912 3373 2950 :
3407 2898 3710 2950 Consedere
3743 2913 3843 2950 nos

2140 2989 2272 3054 fecit
2337 2989 2392 3038 in
2446 2985 2740 3038 cmlestibus
2797 2985 3020 3052 (Ephes.
3071 2997 3129 3050 ιι,
3187 2985 3265 3051 6.)
3312 2989 3554 3054 Aspectu
3611 2987 3842 3040 decorus

2141 3083 2244 3140 est,
2305 3073 2444 3142 quia
2497 3085 2746 3140 superna
2796 3072 3200 3140 speculatione,
3261 3072 3340 3128 nil
3397 3075 3564 3128 etiam
3620 3074 3839 3140 adhuc,

2142 3175 2272 3215 cum
2305 3160 2548 3214 necdum
2584 3158 2756 3213 rebus
2795 3159 3009 3228 agitur,
3053 3159 3266 3215 clarius
3295 3168 3397 3215 est.
3425 3162 3582 3215 Filiae
3613 3161 3837 3214 discur-

2141 3253 2326 3303 rerunt
2359 3263 2520 3316 super
2569 3263 2780 3300 murum
2822 3247 3016 3315 (Vsus.
3068 3250 3176 3314 23).
3225 3249 3330 3302 Sed
3372 3255 3840 3317 exasperaverunt

2141 3354 2277 3402 eum,
2311 3342 2358 3390 et
2380 3335 2621 3408 jurgatz
2649 3340 2794 3400 sunt,
2822 3337 3241 3405 iuvideruntque
3268 3339 3320 3390 ei
3349 3338 3600 3392 habentes
3617 3337 3844 3408 jacula.

2142 3426 2345 3480 Murus
2382 3424 2644 3480 Christus
2694 3423 3055 3494 intelligitur,
3109 3426 3360 3480 Salvator
3400 3426 3556 3480 enim
3607 3433 3848 3496 ponetur

2141 3519 2198 3568 in
2229 3531 2290 3567 ea
2337 3529 2524 3567 murus
2592 3514 2743 3582 (lsai.
2814 3527 2967 3580 xxvi,
3014 3513 3088 3583 2).
3154 3513 3337 3583 Super
3375 3513 3531 3570 hunc
3597 3529 3843 3570 murum

2145 3603 2273 3657 ﬁlia:
2328 3602 2680 3668 discurrunt,
2735 3613 2866 3654 cum
2921 3599 3136 3655 inﬁrmi
3193 3601 3434 3670 quique,
3491 3608 3545 3657 et
3603 3601 3850 3670 fragiles

2143 3698 2350 3757 motus,
2407 3690 2532 3745 licet
2584 3689 2640 3743 in
2672 3687 2881 3744 Christi
2937 3687 3044 3743 ﬁde
3076 3703 3134 3744 se
3178 3696 3327 3744 stare
3373 3689 3687 3755 conﬁdant,
3735 3691 3854 3746 bac

2143 3787 2332 3834 tamen
2380 3777 2725 3833 conﬁdentia
2755 3775 3052 3832 all‘ectibus
3095 3777 3288 3846 pravis
3317 3785 3373 3833 et
3415 3775 3714 3833 effectibus
3762 3793 3856 3835 er-

2143 3876 2294 3924 rant.
2352 3867 2456 3922 Sed
2513 3867 2640 3922 licet
2686 3865 3086 3921 lenocinentur
3132 3865 3622 3930 intellectualitati,
3678 3869 3855 3936 quod

2144 3963 2227 4011 est
2269 3955 2490 4025 Joseph,
2535 3968 2778 4024 eamque
2809 3954 3116 4020 mulceant,
3166 3967 3234 4009 ea
3277 3961 3468 4010 tamen
3514 3953 3858 4011 mulcedine

2146 4059 2260 4099 non
2295 4043 2577 4107 molliunt,
2611 4042 2708 4097 sed
2753 4041 3122 4097 vehementer
3149 4041 3219 4096 ad
3269 4055 3328 4096 se
3355 4055 3560 4097 versus
3603 4056 3862 4113 exaspe-

2144 4139 2295 4188 rant.
2329 4131 2488 4187 Unde
2518 4138 2572 4186 et
2595 4129 2928 4201 jurgantur,
2957 4129 3096 4199 quia
3123 4130 3335 4199 repulsi
3368 4129 3622 4200 graviort
3647 4131 3860 4189 denuo

2145 4228 2344 4276 contra
2369 4233 2495 4274 eam
2542 4218 2824 4274 bellorum
2878 4218 3214 4287 repetitione
3259 4226 3586 4273 moventur.
3645 4218 3726 4274 De
3762 4221 3862 4277 his

2146 4307 2377 4363 filiabus
2419 4306 2630 4361 dicitur
2665 4321 2678 4360 :
2710 4308 2862 4360 Filia,
2891 4306 2992 4360 tibi
3016 4307 3186 4359 sunt?
3227 4320 3384 4360 serva
3413 4320 3611 4376 corpus
3651 4322 3862 4362 earum

341 4399 519 4460 ceptae
563 4391 873 4459 voluptatis
913 4390 1152 4447 affectus
1181 4400 1460 4458 armatur,
1495 4393 1786 4462 quomodo
1816 4391 2038 4447 callidis
2076 4405 2120 4460 1)
2147 4397 2314 4465 (Eccl.
2351 4411 2444 4462 vII,
2496 4396 2605 4461 26),
2661 4394 2716 4449 id
2746 4402 2828 4449 est
2871 4394 3152 4464 restringe
3183 4408 3437 4463 nequam
3475 4407 3651 4463 opera
3695 4395 3861 4452 affe-

341 4478 636 4534 eﬁ‘ectibus
668 4479 990 4548 impleatur.

412 4567 582 4623 VERS.
616 4569 702 4620 20.
735 4597 804 4606 ——
843 4567 996 4633 Aser,
1042 4569 1266 4637 pinguis
1302 4571 1465 4636 panis
1513 4567 1648 4638 ejus,
1686 4572 1735 4621 et
1770 4568 2033 4636 praebebit

342 4655 566 4710 delicias
604 4655 849 4726 regibus.
885 4657 1023 4710 Aser
1052 4655 1262 4710 dicitur
1311 4656 1527 4724 beatus;
1563 4670 1669 4710 nec
1695 4655 1878 4710 Deum
1907 4669 2036 4724 per-

343 4743 483 4800 fecte
531 4743 749 4800 timenti
800 4743 1017 4799 beatior
1062 4751 1146 4798 est
1193 4743 1366 4798 ullus.
1415 4744 1561 4798 Huic
1607 4746 1774 4812 panis
1811 4745 2036 4813 pinguis

341 4841 442 4899 est,
471 4833 610 4902 quia
654 4833 793 4888 dum
827 4832 1016 4888 oleum
1055 4832 1326 4899 continet,
1376 4847 1481 4888 nec
1531 4833 1772 4887 interius
1799 4833 1868 4886 de
1911 4833 2037 4887 vir—

343 4921 578 4990 ginitate
623 4921 906 4990 superbit,
953 4921 1118 4990 panis
1160 4921 1231 4987 ei,
1294 4920 1396 4990 qui
1443 4921 1512 4976 de
1558 4920 1700 4976 coelo
1747 4920 2037 4976 descendit

345 5011 516 5078 (Joan.
563 5023 638 5075 vx,
670 5010 779 5074 41),
833 5009 1067 5064 interior
1096 5009 1348 5076 libertas,
1394 5017 1448 5064 et
1477 5023 1686 5065 succus
1714 5016 1816 5064 est.
1865 5009 1919 5064 Is
1963 5023 2031 5065 ex

345 5096 510 5165 adipe
551 5096 824 5152 frumenti
879 5097 1108 5152 cibatur
1157 5098 1326 5166 (Psal.
1361 5113 1533 5165 Lxxx,
1581 5101 1688 5167 l7).
1734 5099 1876 5153 Aser
1902 5111 2037 5168 ergo

347 5183 468 5249 iste,
513 5193 704 5238 noster
732 5184 945 5240 scilicet
989 5185 1246 5254 spiritus,
1289 5199 1426 5240 vera
1458 5187 1635 5255 hujus
1665 5185 1886 5255 saporis
1914 5186 2040 5241 bea-

347 5273 591 5329 titudine
620 5273 888 5340 donatus,
937 5275 1188 5344 prmfatis
1236 5275 1483 5342 duobus,
1524 5276 1646 5330 Dan
1695 5275 1954 5330 videlicet
1985 5284 2039 5330 et

347 5361 486 5429 Gad,
537 5364 850 5431 oppositus.
907 5363 1121 5432 przebet
1165 5364 1285 5433 jam
1321 5363 1550 5418 delicias
1599 5363 1852 5433 regibus,
1901 5364 2040 5433 quia

348 5463 464 5505 non
511 5451 830 5522 spurcitias,
876 5450 990 5507 imo
1033 5453 1228 5521 spinas
1275 5451 1892 5520 concupiscentiarum,
1942 5453 2038 5506 sed

349 5537 749 5594 delectationes
813 5539 1050 5594 internae
1110 5538 1496 5608 jucunditatis
1541 5539 1905 5595 administrat
1953 5540 2042 5594 his

349 5627 452 5697 qui
491 5639 594 5682 nos
635 5627 927 5696 quondam
972 5641 1170 5682 rexere
1200 5626 1480 5682 sensibus.
1514 5629 1693 5699 Reges
1719 5635 1913 5684 autem
1939 5627 2043 5682 hos

2143 4484 2418 4540 ctionum.
2463 4483 2728 4538 Invident
2785 4496 3018 4553 quoque
3059 4485 3110 4536 ei
3147 4482 3399 4536 habentes
3440 4483 3650 4550 jacula,
3701 4485 3862 4554 quia

2143 4573 2212 4628 ad
2245 4581 2590 4628 teternorum
2641 4571 2916 4627 suscitare
2948 4571 3266 4626 moliuntur
3313 4570 3588 4626 invidiam
3618 4573 3858 4639 molles,

2144 4661 2197 4717 id
2246 4668 2330 4716 est
2381 4667 2588 4724 motus,
2623 4659 2994 4726 intellectum,
3039 4673 3140 4728 per
3184 4658 3572 4728 praasentium,
3625 4661 3864 4729 quibus

2143 4764 2276 4804 eum
2319 4748 2658 4820 jaculantur
2703 4746 3006 4802 desideria.
3057 4747 3224 4802 Recte
3271 4746 3546 4803 dicuntur
3579 4746 3863 4806 invidere

2143 4838 2242 4908 qui
2271 4839 2342 4892 ad
2375 4837 2478 4891 hoc
2511 4835 2812 4905 impellunt
2839 4842 2903 4890 ut
2933 4835 3144 4890 faciant
3175 4849 3289 4890 non
3316 4835 3532 4890 videre.

2216 4927 2387 4982 Vens.
2419 4927 2508 4978 2i.
2541 4955 2609 4963 —-
2655 4925 2813 4980 Sedit
2841 4926 2899 4976 in
2937 4925 3076 4990 forti
3107 4938 3266 4978 arcus
3303 4925 3441 4992 ejus,
3482 4929 3532 4977 et
3576 4923 3864 4980 dissoluta

2145 5019 2272 5070 sunt
2300 5015 2516 5066 vincula
2543 5011 2904 5079 brachiorum,
2937 5016 2986 5065 et
3018 5028 3278 5066 manuum
3315 5013 3482 5079 illius,
3517 5028 3616 5080 per
3648 5029 3863 5071 manus

2143 5104 2377 5172 potentis
2403 5101 2598 5165 Jacob;
2648 5101 2774 5155 inde
2820 5106 3008 5170 pastor
3055 5115 3295 5168 egressus
3325 5107 3402 5156 est
3450 5103 3592 5170 lapis
3639 5103 3857 5159 Israel.

2147 5195 2332 5245 Arcus
2363 5193 2418 5243 in
2465 5192 2603 5255 forti
2635 5189 2808 5256 sedet,
2852 5203 2984 5245 cum
3027 5189 3287 5257 intentio,
3319 5204 3390 5246 ex
3436 5205 3554 5260 qua
3600 5205 3862 5261 operum

2148 5279 2386 5334 missilia
2432 5278 2788 5348 diriguntur,
2822 5292 2937 5333 non
2982 5276 3286 5348 fragilibus
3327 5279 3422 5334 sed
3464 5279 3694 5334 aeternis
3728 5296 3863 5351 per-

2149 5374 2482 5423 severanter
2535 5366 2792 5422 inhzeret.
2846 5367 2962 5422 Hoc
3001 5367 3152 5422 enim
3205 5365 3470 5422 sessionis
3517 5367 3864 5436 signiﬁcare

2149 5469 2358 5510 nomen
2404 5453 2558 5516 solet,
2623 5461 2686 5508 ut
2732 5460 2816 5508 est
2861 5468 2874 5507 :
2923 5454 2990 5507 In
3037 5454 3300 5507 cathedra
3355 5454 3678 5523 pestilentiae
3743 5473 3864 5511 non

2149 5543 2289 5596 sedit
2321 5541 2494 5612 (Psal.
2530 5557 2564 5607 I,
2630 5541 2697 5610 l).
2749 5541 2854 5596 Per
2893 5541 3150 5607 brachia,
3210 5542 3520 5609 fortitudo;
3573 5557 3675 5612 per
3724 5561 3860 5602 Ina-

2151 5642 2282 5695 nus,
2315 5630 2581 5697 signatur
2627 5628 2902 5696 operatio.
2963 5629 3180 5684 Horum
3222 5629 3359 5684 dum
3411 5632 3558 5684 recte
3603 5630 3868 5688 intendit
