3950 6430
90 340 195 398 329

1302 342 1668 400 MORALIUM
1706 344 1777 400 ΙΝ
1815 344 2112 402 GENESIN
2154 344 2285 401 LIB.
2319 345 2385 402 Χ.

3517 348 3620 402 330

88 480 313 533 vincula
343 478 539 547 solvit,
573 478 675 550 qui
708 478 1126 535 consuetudine
1164 493 1282 549 qua
1319 478 1456 534 olim
1505 479 1810 535 tenebatur
1846 482 1892 535 Α
1919 479 1990 535 ad
2016 480 2171 536 omni
2200 479 2560 537 sensibilium
2592 478 2847 552 imagine
2896 480 3154 537 mundus
3182 489 3248 538 ut
3294 481 3366 539 sit
3394 496 3621 539 necesse

93 567 414 637 implicitus
480 567 689 623 obruta
740 566 915 623 libere
957 566 1077 637 jam
1135 568 1427 637 proposita
1481 573 1536 622 et
1591 567 1808 623 fortiter

90 656 225 723 agit.
264 656 404 710 Haec
434 670 630 709 manus
655 657 892 725 potentis
928 654 1095 709 Jucob
1144 654 1422 720 efﬁciunt,
1474 654 1613 710 dum
1663 669 1809 724 sup-

93 744 438 811 plantatoris
470 745 743 799 vitiorum
773 743 1012 813 spiritus
1051 743 1201 798 vires
1233 751 1406 800 tanta
1455 743 1810 800 auctoritatis

91 832 317 888 occasio
359 840 519 888 sunt.
554 832 691 888 Inde
717 837 909 900 pastor
937 833 1080 901 lapis
1125 832 1293 886 Israel
1321 832 1634 901 egreditur,
1675 846 1809 886 cum

90 932 161 974 ex
189 920 397 976 eodem
419 920 625 990 spiritu
658 921 997 987 intellectus,
1027 920 1126 990 qui
1155 920 1422 989 spiritum
1449 920 1639 990 ipsum
1666 935 1810 989 pane

90 1008 225 1063 vita
250 1009 497 1077 reficiat,
537 1017 591 1065 et
631 1009 703 1064 ad
750 1024 884 1065 cum
942 1011 1053 1064 Deo
1111 1009 1580 1078 principandum,
1653 1009 1809 1079 quod

91 1104 177 1152 est
240 1098 443 1165 lsrael,
493 1098 551 1152 in
597 1097 835 1153 modum
897 1097 1104 1167 lapidis
1157 1097 1343 1152 ﬁrmet
1410 1105 1465 1153 et
1534 1098 1807 1165 stabiliat,

95 1185 168 1240 ad
218 1185 549 1242 libertatem
595 1186 1092 1255 contemplationis
1158 1185 1465 1255 procedere
1521 1193 1807 1241 monetur.

165 1273 344 1330 Vsus.
393 1277 484 1343 25,
524 1277 613 1329 26.
664 1304 731 1313 —
763 1278 899 1328 Deus
940 1277 1121 1343 patris
1162 1277 1244 1327 tui
1280 1276 1385 1328 erit
1413 1273 1640 1342 adjulor
1663 1279 1807 1341 tuus,

99 1367 147 1415 et
189 1365 532 1431 omnipotens
589 1363 857 1417 benedicet
902 1364 1005 1417 tibi
1052 1363 1511 1417 benedictionibus
1554 1364 1671 1415 cali
1712 1362 1812 1415 de-

100 1467 281 1520 super,
314 1451 779 1507 benedictionibus
822 1452 1012 1522 abyssi
1042 1451 1315 1519 deorsum,
1355 1451 1811 1505 benedictionibus

100 1541 327 1594 uberum
361 1546 413 1594 et
461 1542 650 1595 vulva.
702 1541 1102 1594 Benedictiones
1141 1542 1319 1609 patris
1364 1543 1445 1592 tui
1495 1541 1813 1605 confortata

100 1634 227 1683 sunt
253 1629 719 1683 benedictionibus
760 1633 983 1698 patrum
1021 1629 1161 1698 ejus,
1211 1628 1373 1682 donec
1410 1629 1613 1681 veniret
1667 1626 1811 1680 desi-

100 1719 316 1771 derium
347 1720 567 1773 collium
604 1724 956 1783 aeternorum;
1006 1721 1143 1787 ﬁant
1183 1720 1242 1771 in
1289 1719 1465 1785 capite
1511 1717 1728 1784 Joseph,
1761 1721 1812 1768 et

99 1809 156 1860 in
192 1810 399 1861 vertice
443 1810 696 1864 Nazarai
722 1810 865 1861 inter
902 1808 1109 1873 fratres
1154 1821 1303 1860 suos.
1359 1806 1535 1870 Deus,
1596 1804 1806 1874 inquit,

102 1896 200 1965 qui
229 1895 405 1966 quasi
435 1903 658 1966 patrem
691 1910 778 1952 me
806 1902 861 1950 et
894 1902 1170 1951 rectorem
1199 1894 1467 1964 spiritum
1498 1894 1553 1948 in
1581 1892 1814 1949 homine

102 1985 424 2050 constituit,
483 1992 539 2040 et
583 1992 637 2040 te
694 1985 823 2039 licet
884 1991 1099 2039 natura
1144 1998 1363 2051 meum,
1416 1990 1604 2038 tamen
1672 1980 1813 2036 mihi

104 2072 386 2143 dignitate
435 2086 794 2142 supremum,
838 2087 909 2128 ex
942 2086 1031 2127 me
1085 2072 1266 2127 creari
1301 2070 1501 2137 voluit,
1535 2070 1651 2139 ipse
1699 2069 1816 2125 tuis

105 2161 630 2217 conﬂictationibus
657 2169 990 2231 cooperator
1018 2162 1147 2229 erit,
1178 2168 1233 2217 et
1280 2174 1415 2217 cum
1446 2159 1642 2216 omnia
1678 2173 1814 2229 pos-

107 2251 194 2316 sit,
224 2264 300 2305 ex
322 2250 570 2306 rationis
599 2258 652 2306 te
678 2249 1085 2319 multiplicabit
1110 2265 1176 2305 ac
1211 2250 1257 2305 si
1306 2249 1432 2305 cali
1477 2247 1809 2314 eminentia,

108 2355 206 2395 nec
252 2339 686 2405 benedictionis,
742 2338 797 2395 id
827 2346 911 2395 est
948 2337 1324 2409 plenitudinis
1371 2338 1430 2393 in
1479 2337 1814 2407 subjacente

107 2426 317 2482 rationi
364 2426 576 2483 affectu
629 2428 817 2483 minor
875 2427 984 2484 erit
1036 2427 1352 2483 obediendo
1407 2426 1809 2482 exuberantia.

108 2518 347 2586 Legitur
377 2517 531 2572 enim
568 2533 581 2572 :
615 2516 837 2585 Audite,
865 2518 1001 2584 cali,
1038 2532 1156 2585 qua
1185 2517 1392 2585 loquor,
1425 2515 1622 2569 audiat
1665 2521 1813 2569 terra

107 2608 267 2659 verba
295 2607 411 2660 oris
440 2608 547 2659 mei
574 2609 752 2677 (Deut.
782 2619 960 2673 xxxu,
1004 2610 1074 2673 l).
1108 2604 1197 2661 Nil
1224 2605 1379 2660 enim
1427 2612 1511 2660 est
1553 2603 1809 2674 spiritus,

108 2694 213 2749 nisi
245 2694 296 2750 ei
328 2694 683 2764 obtemperet
713 2693 970 2762 affectus,
1015 2694 1171 2765 quod
1203 2702 1287 2750 est
1333 2702 1487 2749 terra
1532 2692 1605 2748 ob
1650 2692 1811 2748 inﬁr-

109 2782 361 2838 mitatem
394 2783 486 2838 vel
519 2783 783 2853 abyssus.
814 2783 1008 2841 Vulva
1032 2790 1224 2839 autem
1251 2790 1306 2838 et
1328 2782 1608 2838 uberibus
1638 2780 1809 2837 bene-

110 2870 337 2938 dicitur,
377 2871 520 2927 dum
572 2872 629 2927 in
687 2872 812 2942 ipsa
860 2871 937 2942 pii
992 2871 1259 2927 desiderii
1314 2870 1706 2939 conceptione,
1757 2876 1813 2924 et

109 2958 487 3015 destinatione
536 2960 833 3030 propositi,
883 2967 938 3016 et
989 2960 1232 3031 gemina
1285 2959 1604 3015 dilectionis
1642 2957 1812 3013 rudi-

109 3049 332 3115 mentis,
354 3048 571 3119 quibus
592 3049 808 3120 gremio
830 3049 1125 3119 prasentis
1149 3049 1412 3105 Ecclesiae
1439 3048 1509 3103 ad
1544 3047 1807 3103 futurum
1848 3082 1887 3137 ε

109 3150 240 3192 vere
264 3137 495 3193 virilem
529 3152 596 3193 ac
630 3139 676 3193 si
712 3138 993 3196 uberibus
1042 3139 1337 3195 enutritur
1386 3146 1621 3206 statum,
1673 3150 1810 3206 pro-

111 3240 267 3296 spere
290 3235 687 3297 promovetur.
950 3235 963 3249 °

178 3315 685 3372 Benedictionibus
726 3319 953 3386 patrum
992 3319 1178 3386 patris
1235 3315 1623 3370 benedictiones
1675 3328 1808 3369 con-

114 3403 416 3472 fortantur,
451 3404 591 3460 dum
622 3419 723 3474 per
751 3404 1125 3475 antiquorum
1158 3404 1484 3471 memorias,
1509 3403 1609 3473 qui
1630 3403 1812 3458 abun-

113 3492 316 3549 davere
346 3493 680 3560 virtutibus,
711 3493 955 3549 virtutes
978 3494 1126 3564 ejus,
1158 3494 1259 3565 qui
1310 3492 1815 3549 intellectualitatis

115 3588 270 3650 pater
299 3589 405 3649 est,
439 3582 904 3651 multiplicantur
935 3583 1193 3652 spiritus.
1244 3583 1314 3637 Et
1356 3582 1466 3638 hoc
1508 3581 1672 3636 donec
1716 3595 1815 3636 ve-

116 3669 232 3726 niat
280 3671 613 3726 desiderium
675 3672 891 3725 collium
942 3676 1285 3739 aternorum,
1360 3670 1418 3726 id
1482 3677 1566 3727 est
1634 3670 1817 3725 denec

116 3758 420 3825 impleatur
440 3759 636 3831 gloria
689 3774 955 3830 superna
998 3761 1254 3832 largitas,
1292 3774 1471 3830 quam
1524 3759 1817 3829 suspirant

120 3846 367 3903 ﬁdelium
426 3848 755 3904 devotiones
816 3856 1045 3904 aterna
1091 3846 1446 3903 excellentia
1507 3847 1814 3902 destinato-

120 3949 263 3991 rum.
284 3937 501 3992 Montes
524 3944 579 3992 et
608 3936 781 3992 colles
811 3936 953 4007 quid
984 3935 1310 4007 signiﬁcent
1343 3935 1595 4005 psalmos
1625 3934 1811 3990 inter-

123 4038 276 4095 roga.
316 4025 599 4081 Montium
650 4039 807 4094 vero,
863 4025 952 4081 vel
1009 4024 1243 4081 collium
1297 4022 1816 4095 signiﬁcativorum

122 4116 491 4173 aternitatem
538 4116 751 4186 Sibylla
788 4116 1053 4172 destruit.
1109 4135 1136 4166 (ι
1184 4116 1312 4171 Jam
1358 4121 1691 4184 aquantur,
1723 4113 1817 4168 in-

126 4205 265 4274 quit,
293 4212 515 4261 montes
540 4206 778 4275 campis.
816 4224 843 4256 ι)
877 4204 1064 4275 Caput
1101 4204 1331 4274 Joseph,
1377 4204 1495 4273 ipse
1536 4204 1685 4258 Deus
1711 4210 1814 4269 est,

126 4293 259 4362 quia
299 4294 799 4364 intellectualitati,
848 4294 953 4365 qui
999 4293 1240 4349 intimus
1281 4306 1472 4362 sapor,
1515 4298 1571 4348 et
1616 4291 1819 4347 notitia

1915 576 2017 624 est.

1988 657 2159 713 Vsus.
2211 661 2300 712 27.
2333 688 2384 697 —
2447 656 2742 728 Benjamin
2789 659 2950 727 lupus
3014 676 3217 728 rapam,
3268 675 3427 714 mane
3481 676 3620 715 com-

1916 744 2034 798 edet
2087 747 2353 815 pradam,
2414 752 2465 801 et
2523 763 2740 817 vespere
2799 747 3008 801 dividet
3057 749 3258 817 spolia.
3319 748 3620 819 Benjamin

1918 833 2130 889 dicitur
2151 837 2300 902 ﬁlius
2341 835 2596 890 dextera.
2632 836 2841 892 Filium
2891 836 3143 892 dextera
3183 851 3341 907 spem
3389 838 3622 893 electio-

1919 921 2010 976 nis
2047 937 2441 991 sapenumero
2494 924 2767 990 diximus,
2813 932 2867 980 et
2921 925 3169 980 rationes
3221 924 3510 981 multoties
3556 925 3625 981 de

1921 1010 2035 1065 ﬁlio
2061 1019 2114 1066 et
2142 1011 2380 1067 dextera
2411 1012 2786 1069 reddidimus.
2821 1014 2921 1068 Est
2950 1027 3089 1084 ergo
3115 1014 3184 1068 de
3229 1013 3337 1069 hoc
3387 1013 3625 1069 rationis

1918 1101 2198 1155 sententia
2230 1115 2243 1154 :
2272 1102 2442 1155 Filius
2480 1101 2734 1169 dextera,
2772 1101 3023 1171 quisque
3069 1101 3337 1158 videlicet
3384 1102 3620 1166 electus,

1918 1188 2015 1243 cui
2048 1188 2161 1244 ﬁda
2209 1189 2509 1258 posteritas
2565 1190 2623 1245 in
2676 1190 2974 1246 beatorum
3023 1197 3175 1246 sorte
3224 1190 3454 1257 resedit,
3508 1205 3625 1246 non

1918 1291 2142 1346 semper
2170 1277 2240 1333 de
2274 1277 2361 1332 his
2390 1278 2492 1347 qui
2532 1278 2866 1334 innocenter
2911 1278 3153 1349 egerint,
3204 1278 3301 1334 sed
3348 1286 3402 1335 et
3434 1279 3505 1334 de
3538 1279 3627 1334 his

1920 1366 2021 1436 qui
2050 1365 2252 1435 lupina
2298 1366 2633 1422 crudelitate
2690 1366 3010 1434 nocuerint,
3063 1367 3401 1422 assumitur.
3469 1366 3623 1422 Talis

1920 1455 2117 1525 itaque
2144 1455 2214 1510 ad
2245 1469 2341 1511 eas
2377 1463 2432 1511 et
2462 1470 2609 1526 quas
2639 1454 2910 1525 pramisi,
2942 1462 2997 1511 et
3026 1469 3175 1525 quas
3205 1457 3445 1511 rationis
3489 1455 3626 1526 jure

1919 1544 2183 1600 contineo
2221 1544 2463 1600 virtutes
2495 1551 2801 1611 venturus,
2853 1552 3160 1614 postquam
3209 1561 3365 1599 mane
3413 1543 3624 1600 divina

1922 1631 2320 1687 illustrationis
2362 1632 2663 1701 acceperit,
2697 1631 2753 1686 id
2795 1631 2950 1701 quod
2992 1632 3050 1686 in
3085 1646 3143 1687 se
3180 1647 3278 1702 per
3328 1632 3465 1688 vitia
3500 1632 3620 1687 dia-

1924 1719 2091 1774 bolus
2131 1718 2496 1787 depradatus
2560 1718 2768 1783 fuerat,
2821 1718 3085 1781 comedit,
3164 1719 3237 1773 ad
3306 1719 3626 1775 refectionis

1921 1808 2135 1863 scilicet
2172 1808 2352 1862 robur
2407 1805 2596 1873 vertit,
2624 1809 2681 1862 et
2726 1820 2801 1862 ex
2854 1820 2990 1862 casu
3029 1806 3276 1862 alacrior
3321 1807 3526 1878 surgit,
3577 1813 3627 1862 et

1921 1911 2136 1965 vespere
2149 1897 2272 1966 jam
2317 1894 2540 1950 fervore
2591 1894 2923 1951 tentationis
2959 1896 3261 1962 exstincto,
3314 1903 3627 1951 armatura

1921 1984 2172 2041 salubris
2214 1984 2417 2054 spolia,
2477 1999 2609 2054 qua
2662 1983 2979 2053 aliquando
3027 1984 3352 2053 possederat
3424 1984 3622 2049 hostis,

1922 2088 2022 2144 per
2061 2073 2323 2144 singulas
2370 2087 2602 2128 morum
2668 2072 3041 2128 habitudines
3086 2072 3309 2129 dividit.
3375 2073 3627 2130 Virtutes

1918 2162 2073 2218 enim
2123 2170 2407 2231 corrupta
2464 2161 2613 2217 tiunt
2669 2160 2841 2226 vitia;
2892 2169 3192 2231 reparata,
3252 2169 3391 2217 sunt
3445 2161 3626 2231 spolia

1920 2252 2253 2322 quibusque
2298 2249 2503 2306 mentis
2547 2249 2795 2305 statibus
2841 2248 3147 2305 victoriose
3214 2248 3622 2318 dispertienda.

1923 2341 2021 2396 His
2047 2338 2322 2396 extremis
2351 2337 2592 2394 rationis
2630 2337 2823 2393 verbis
2861 2337 2931 2391 ad
2964 2337 3249 2393 virtutum
3297 2336 3626 2407 pralibata-

1921 2443 2052 2485 rum
2072 2427 2384 2485 efﬁcaciam
2410 2426 2846 2483 commendatur
2882 2425 3088 2495 gratia.
3134 2425 3241 2482 Ubi
3263 2425 3415 2482 enim
3450 2426 3628 2481 abun-

1921 2518 2079 2573 davit
2136 2525 2432 2586 peccatum
2478 2515 2977 2586 superabundant
3011 2513 3403 2569 misericordia
3441 2515 3623 2583 (Rom.

1920 2623 1977 2677 v,
2008 2607 2118 2677 20).
2155 2607 2384 2662 Etcum
2415 2603 2864 2675 cogitaverimus
2893 2610 3113 2674 quanta
3147 2603 3216 2658 de
3245 2617 3423 2673 quam
3465 2603 3627 2659 nulla

1921 2710 2082 2751 mens
2116 2702 2312 2750 nostra
2357 2692 2507 2749 facta
2545 2692 2738 2759 fuerit,
2782 2698 3045 2762 patenter
3075 2691 3434 2747 advertimus
3487 2692 3628 2762 quia

1921 2783 2063 2840 nihil
2094 2783 2265 2839 habet
2286 2783 2438 2853 quod
2463 2796 2579 2836 non
2609 2780 2911 2850 acceperit.

1988 2874 2154 2929 Vens.
2201 2875 2289 2927 28.
2332 2902 2398 2911 —
2444 2870 2523 2925 Et
2570 2885 2749 2924 omnes
2790 2870 2850 2923 hi
2891 2871 2951 2923 in
3001 2869 3176 2922 tribus
3204 2868 3381 2924 Israel
3422 2866 3625 2922 duode-

1918 2965 2041 3017 cim.
2097 2961 2306 3017 Tribus
2359 2960 2431 3015 ad
2490 2958 2619 3014 ﬁdei
2669 2957 2784 3027 spei
2839 2964 2894 3013 et
2960 2957 3258 3013 cliaritatis
3309 2956 3625 3013 ternionem

1919 3049 2239 3115 referimus,
2281 3057 2336 3104 et
2386 3047 2686 3103 duodecim
2725 3053 2990 3102 constant
3026 3059 3099 3101 ex
3132 3052 3388 3115 quatuor
3417 3044 3622 3099 tribus.

1917 3135 2098 3202 Quem
2142 3135 2583 3204 quaternarium
2647 3133 2719 3188 ad
2787 3132 3189 3203 Evangelium,
3246 3132 3337 3187 vel
3373 3139 3628 3202 quatuor

1920 3223 2264 3295 principales
2302 3222 2546 3279 virtutes
2591 3221 2944 3287 reducimus,
2997 3234 3147 3291 quas
3195 3234 3296 3290 per
3331 3218 3629 3275 Trinitatis

1920 3327 2194 3381 amorem,
2275 3320 2331 3368 et
2396 3311 2574 3367 trium
2632 3311 3061 3380 pramissarum
3135 3308 3626 3364 necessitudinum

1918 3401 2341 3458 exsecutionem
2399 3400 2685 3470 pertinere
2733 3398 2997 3465 facimus,
3038 3412 3173 3453 cum
3230 3396 3343 3452 illis
3392 3395 3625 3452 benedi-

1921 3492 2177 3547 ctionum
2227 3489 2405 3559 copiis
2461 3488 2535 3544 ad
2586 3487 2661 3554 id,
2720 3488 2875 3558 quod
2929 3494 3014 3542 est
3060 3485 3256 3553 Israel,
3318 3500 3450 3540 cum
3512 3485 3627 3540 Deo

1922 3578 2134 3636 scilicet
2162 3578 2545 3635 dilectionem.
2596 3577 2735 3631 Hac
2767 3578 2973 3630 locutus
3001 3580 3080 3629 est
3129 3577 3205 3628 eis
3255 3580 3416 3643 pater
3472 3588 3625 3638 suus,

1924 3669 2305 3737 benedixitque
2383 3667 2617 3735 singulis
2693 3662 3152 3719 benedictionibus
3234 3666 3498 3733 propriis.
3560 3663 3630 3716 Et

1919 3760 2178 3829 praecepit
2219 3759 2296 3811 eis
2351 3756 2553 3811 dicens.
2620 3755 2771 3811 Dum
2838 3753 3173 3824 quibusque
3212 3753 3631 3823 cogitationum

1922 3845 2355 3915 aﬁectuumque
2387 3844 2788 3915 qualitatibus,
2825 3842 2992 3898 utilia
3028 3841 3282 3911 spiritus,
3338 3840 3631 3897 interiori-

1924 3943 2108 3992 tatum
2139 3934 2401 4004 specialis
2443 3941 2772 3989 nostrarum
2808 3939 2988 4000 pater,
3028 3930 3268 3985 consilia
3315 3928 3629 3995 distribuit,

1926 4023 2095 4095 quasi
2126 4022 2371 4093 singulis
2401 4020 2647 4091 propriis
2675 4018 3173 4074 benedictionibus
3202 4016 3487 4073 valedicit.

1997 4112 2169 4171 VEns.
2222 4113 2310 4179 29,
2365 4112 2451 4164 30.
2499 4138 2569 4149 ——
2613 4110 2946 4175 Congregor,
2999 4106 3208 4176 inquit,
3249 4105 3325 4159 ad
3371 4106 3634 4174 populum

1925 4216 2128 4268 meum;
2159 4205 2210 4254 et
2231 4200 2449 4269 sepelite
2502 4213 2583 4251 me
2611 4213 2731 4251 cum
2771 4196 3025 4265 patribus
3082 4196 3215 4248 meis
3268 4197 3328 4247 in
3376 4194 3633 4262 spelunca

1925 4290 2155 4359 duplici,
2235 4304 2354 4357 qua
2418 4292 2498 4341 est
2558 4289 2618 4340 in
2684 4300 2820 4353 agro
2876 4285 3103 4353 Ephron
3152 4282 3397 4352 Hethai,
3448 4287 3636 4336 contra

132 4379 220 4434 Dei
249 4388 349 4449 est,
380 4382 606 4438 cunctis
634 4397 766 4452 qua
816 4389 1168 4453 pratereunt
1214 4380 1651 4451 subjacentibus
1704 4379 1826 4436 sola
1864 4383 1907 4437 D
1932 4378 2175 4434 Mambre
2202 4380 2259 4431 in
2298 4382 2443 4430 terra
2473 4376 2755 4442 Chanaan,
2789 4390 2955 4443 quam
2984 4373 3117 4429 emit
3177 4372 3463 4427 Abraham
3517 4387 3638 4425 cum

130 4469 515 4540 principalitas
565 4472 914 4542 praeminens
990 4472 1141 4527 Deus
1214 4478 1317 4526 est.
1395 4469 1824 4526 Benedictiones

131 4571 259 4629 ergo
288 4562 346 4614 in
375 4564 555 4629 capite
581 4562 789 4630 Joseph
835 4562 1294 4627 constituuntur,
1343 4573 1477 4615 cum
1529 4556 1823 4627 sapientia

132 4656 434 4717 augmenta
460 4651 590 4717 Deo,
625 4664 741 4705 non
770 4657 978 4706 nostra
1004 4648 1269 4715 solertia,
1302 4647 1697 4703 ascribuntur.

197 4736 375 4794 Potest
430 4746 486 4793 et
542 4753 642 4808 per
708 4745 885 4808 caput
954 4738 1178 4795 caleste
1246 4737 1549 4807 pramium
1617 4735 1821 4807 accipi,

134 4825 277 4892 quod
304 4840 599 4882 summum
621 4834 676 4882 et
695 4827 937 4897 capitale
974 4835 1058 4883 est
1089 4826 1431 4896 intellectui;
1467 4840 1584 4896 quo
1623 4833 1826 4881 contra

136 4912 200 4968 de
246 4916 542 4985 reprobis:
593 4916 790 4985 Caput,
852 4916 1044 4986 inquit
1102 4918 1364 4970 circuitus
1417 4930 1598 4969 eorum
1658 4913 1824 4985 (Psal.

138 5000 355 5071 cxxxix,
392 5006 500 5075 10).
534 5003 695 5059 Unde
719 5011 775 5059 et
804 5011 1005 5060 vertex
1058 5003 1421 5074 postmodum
1456 5002 1714 5072 ponitur,
1766 5000 1826 5055 in

141 5103 245 5158 quo
268 5094 402 5162 quia
456 5092 625 5163 capiti
663 5093 962 5163 praminet
1007 5094 1179 5156 Deus,
1231 5092 1335 5163 qui
1384 5091 1540 5147 omni
1587 5103 1829 5146 munere

142 5177 351 5250 dignior
376 5190 482 5251 est,
515 5182 872 5253 intelligitur.
901 5182 1208 5238 Nazaraus
1236 5189 1430 5237 autem
1461 5180 1567 5235 ﬂos
1595 5179 1828 5245 dicitur,

143 5264 249 5323 sive
285 5270 586 5327 munditia.
626 5270 836 5327 Vertex
886 5271 1084 5341 itaque
1128 5268 1490 5326 benedicitur
1548 5267 1827 5333 Nazarai,

146 5368 263 5411 cum
290 5359 399 5415 Deo
428 5358 771 5415 attribuitur
800 5359 1135 5415 fructuosus
1166 5358 1257 5413 ille
1279 5357 1431 5412 nitor
1451 5364 1628 5427 atque
1667 5369 1832 5411 mun-

148 5441 292 5513 ditia,
315 5462 430 5519 qua
462 5448 616 5503 Deus
645 5447 1021 5517 consipicitur
1049 5446 1246 5502 animi.
1286 5450 1419 5500 In
1444 5446 1596 5501 Inter
1625 5443 1832 5500 fratres

150 5540 321 5591 autem
365 5537 677 5593 Nazaraus
717 5544 821 5603 est,
869 5535 1011 5607 quia
1061 5533 1559 5604 contemplationis
1605 5531 1835 5588 habitus

154 5617 283 5678 inter
300 5634 532 5683 cateros
577 5625 785 5680 mentis
827 5632 1011 5681 status
1056 5638 1169 5679 non
1218 5622 1405 5679 solum
1452 5635 1487 5677 a
1530 5621 1688 5686 vitio,
1736 5619 1833 5673 sed

488 5725 767 5788 I’ATROL.
822 5724 1025 5788 CLVI.

1930 4482 2064 4535 agro
2108 4467 2175 4519 ab
2233 4466 2467 4535 Ephron
2532 4465 2746 4518 Hethao
2796 4464 2857 4516 in
2922 4462 3310 4531 possessionem
3378 4461 3633 4529 sepulcri.

1928 4555 2023 4610 Ad
2048 4556 2309 4625 populum
2337 4569 2495 4608 suum
2553 4559 2961 4622 congregatur,
3010 4565 3145 4607 cum
3193 4549 3268 4605 ad
3324 4563 3529 4616 mores,
3586 4554 3640 4603 et

1933 4652 2097 4700 actus
2137 4643 2359 4699 ratione
2410 4641 2616 4712 dignos
2682 4640 2922 4710 spiritus
2969 4640 3202 4694 omnino
3247 4636 3638 4708 restringitur.

1932 4735 1999 4789 In
2018 4733 2271 4802 spelunca
2310 4731 2521 4800 duplici
2545 4744 2664 4783 cum
2689 4728 2946 4798 patribus
2994 4726 3117 4782 suis
3163 4725 3458 4795 sepelitur,
3506 4737 3640 4779 cum

1932 4822 2079 4879 etab
2123 4818 2462 4876 extrinsecis
2511 4816 3010 4882 delectationibus,
3066 4821 3123 4870 et
3177 4812 3641 4868 exterioritatum

1932 4909 2270 4981 earumdem
2300 4905 2835 4978 imaginationibus,
2868 4918 3000 4960 cum
3053 4900 3421 4973 pramaturis
3469 4900 3644 4970 spiri-

1936 4999 2184 5056 tualium
2256 4997 2551 5053 rationum
2625 4994 2898 5062 motibus,
2979 4991 3096 5047 acsi
3167 5004 3302 5046 cum
3377 4990 3643 5059 patribus

1935 5085 2327 5144 absconditur.
2396 5084 2581 5140 Potest
2637 5090 2691 5139 et
2720 5082 2997 5152 spelunca
3052 5080 3292 5150 duplex,
3376 5078 3646 5149 geminus

1937 5176 2111 5233 timor
2158 5173 2422 5244 intelligi,
2483 5187 2602 5243 quo
2649 5178 2705 5229 et
2754 5186 2925 5242 pana
2981 5170 3279 5235 metuitur,
3345 5168 3437 5223 vel
3486 5165 3647 5235 regni

1939 5263 2168 5321 amissio
2191 5261 2552 5334 proponitur.
2587 5261 2687 5316 His
2734 5274 2872 5331 ergo
2920 5258 3150 5315 duobus
3195 5272 3311 5313 non
3366 5255 3650 5312 immerito

1941 5365 2155 5424 pavore
2214 5358 2546 5406 contractus
2596 5356 2914 5416 coercetur,
2982 5354 3037 5403 et
3102 5346 3383 5416 exemplis
3448 5356 3650 5401 eorum

1942 5453 2195 5513 quorum
2223 5438 2595 5509 paternitates
2624 5438 2745 5509 (sic)
2778 5436 3017 5494 allectus
3052 5443 3423 5509 aggregatus,
3469 5447 3504 5489 a
3541 5447 3652 5489 sa-

1943 5529 2061 5587 culi
2093 5528 2329 5585 turbare
2358 5527 2602 5595 sopitur.

2016 5618 2181 5673 Hanc
2227 5614 2565 5687 speluncam
2613 5615 2682 5670 ab
2710 5614 2933 5684 Ephron
2981 5611 3200 5669 Hethao
3239 5614 3298 5666 in
3350 5612 3651 5681 possessio-

3221 5715 3289 5771 Η
