3950 6426
317 391 414 447 331

1169 385 1240 442 ν.
1302 383 1636 440 GUIBERTI
1691 381 1984 438 ABBATlS

2184 377 2381 434 ΙΑΒΙᾸΞ
2437 377 2529 433 DE
2589 374 2978 433 NOVIGENTO

3729 382 3835 435 332

315 542 436 581 nem
484 525 718 596 sepulcri
767 523 1056 579 Abraham
1110 524 1258 588 emit,
1315 535 1446 576 cum
1496 519 1733 590 spiritus
1775 517 2013 574 interio-
2052 515 2826 585 Aszeculicorruptionibus,
2877 515 3164 571 virtutum
3193 514 3458 572 videlicet
3493 529 3561 572 ac
3608 517 3838 573 oratio-

315 628 446 671 rum
480 614 737 684 gentium
766 613 933 669 Pater
957 611 1029 666 ab
1055 610 1264 666 an‘ectu
1288 609 1526 674 carnali,
1550 609 1649 678 qui
1698 607 2010 676 pulverem,

318 703 375 758 id
403 711 486 758 est
519 716 691 757 curas
747 701 978 756 inutiles
1033 707 1088 754 et
1121 699 1381 754 maeroris
1431 696 1536 752 sibi
1603 695 1805 765 injicit,
1856 701 1909 748 et
1941 692 2014 748 ad

317 789 544 860 reprobi
579 803 783 844 sensus
819 797 1104 858 stuporem
1141 786 1490 857 quandoque
1532 782 1827 853 pertrahit.
1880 796 2016 836 sen-

315 893 488 935 suum
521 878 1118 947 imaginationumque
1169 874 1596 938 continentiam,
1641 871 1750 927 sub
1777 872 2016 925 obtentu

316 968 556 1023 internae
628 965 838 1036 quietis
892 964 1048 1020 omni
1108 963 1370 1018 labirum
1449 960 1733 1030 impendio
1809 960 2012 1028 exigit.

317 1056 556 1125 Ephron
587 1065 778 1110 autem
810 1053 1023 1108 dicitur
1050 1051 1230 1121 pulvis
1271 1053 1502 1114 inutilis,
1543 1049 1630 1104 vel
1675 1049 1858 1118 pulvis
1890 1063 2014 1101 mm-

315 1147 494 1206 roris;
545 1143 814 1197 Hethteus
869 1149 1107 1210 stupens.
1170 1141 1242 1192 In
1298 1146 1443 1192 terra
1507 1138 1770 1194 Chanaan
1829 1143 2017 1190 contra

317 1231 557 1287 Mambre
584 1243 723 1299 ager
769 1237 872 1296 est,
923 1230 1062 1298 quia
1103 1230 1160 1282 in
1209 1228 1560 1291 terrenitate,
1613 1225 1710 1280 ubi
1769 1239 1802 1279 a
1863 1225 2017 1279 vitiis

318 1327 564 1390 negatur
586 1319 788 1383 otium,
817 1317 972 1388 quod
1015 1324 1099 1371 est
1147 1314 1348 1370 virtuti
1392 1312 1749 1371 discretionis
1784 1319 1838 1368 et
1886 1327 2014 1382 per-

315 1407 633 1477 spicuitatis
705 1406 1034 1472 adversum,
1130 1403 1482 1459 conscientia
1575 1415 1752 1472 quam
1829 1401 2014 1456 excoli

314 1510 540 1551 necesse
567 1501 671 1560 est,
699 1495 880 1565 jacet;
917 1493 1004 1549 vel
1031 1507 1245 1562 corpus
1285 1499 1572 1556 nostrum,
1606 1490 1705 1545 ubi
1753 1490 1935 1560 quaeri
1962 1498 2016 1546 et

313 1586 421 1640 emi
451 1583 721 1638 convenit
759 1581 1006 1651 duplicis
1036 1580 1322 1650 speluncas
1354 1579 1706 1649 sepulcrum.
1739 1577 2014 1634 Chanaan

313 1673 466 1727 enim
521 1673 960 1737 negotiationem,
1012 1669 1266 1725 Mambre
1335 1675 1499 1724 sonat
1541 1670 1858 1738 perspicua,
1925 1666 2014 1722 vel

318 1761 658 1814 divisionem.

389 1848 550 1902 VBRS.
597 1850 687 1902 3i.
735 1875 805 1885 -—
855 1845 940 1900 Ibi
988 1846 1312 1914 sepelierunt
1351 1861 1488 1910 eum,
1535 1849 1587 1898 et
1633 1844 1830 1899 Suram
1878 1860 2012 1898 uxo-

316 1953 429 1991 rem
457 1937 572 2004 ejus
606 1951 618 1989 :
651 1935 733 1988 ibi
757 1935 998 2003 sepultus
1027 1939 1105 1987 est
1134 1935 1287 1988 Isaac
1333 1949 1450 1987 cum
1493 1934 1726 1988 Rebecca
1768 1934 2012 2001 conjuge.

316 2027 405 2082 Ibi
441 2030 492 2078 et
549 2026 651 2078 Lia
703 2023 922 2078 condita
967 2023 1134 2091 jacet.
1184 2022 1476 2078 Abraham
1553 2037 1685 2077 cum
1747 2022 1888 2076 Sara
1938 2021 2014 2076 ibi

317 2114 605 2182 sepelitur,
633 2127 764 2167 cum
798 2111 941 2167 ratio
964 2111 1046 2166 vel
1074 2111 1329 2180 spiritus,
1365 2111 1516 2180 quod
1552 2110 1696 2165 idem
1745 2118 1846 2172 est,
1880 2123 2012 2164 cum

317 2201 571 2267 subdita,
603 2200 710 2254 sibi
752 2199 1048 2255 voluntate
1091 2198 1240 2253 bona
1270 2213 1305 2253 a
1358 2201 1600 2267 strepitu
1651 2198 2011 2264 interiorum,

315 2288 786 2356 exteriorumque
815 2301 1113 2354 sensuum,
1148 2287 1298 2342 intra
1346 2296 1505 2355 septa
1549 2286 1771 2342 timoris
1816 2285 2015 2340 occul-

318 2384 494 2432 tatur.
525 2377 681 2430 lsaac
707 2382 762 2430 et
800 2375 1053 2431 Rebecca
1088 2374 1299 2444 pariter
1327 2374 1676 2441 conduntur,
1727 2389 1860 2429 cum
1889 2388 2016 2442 spes

317 2464 516 2520 aeterni
589 2463 808 2533 gaudii,
863 2477 996 2518 cum
1070 2463 1237 2518 unice
1308 2462 1414 2518 sibi
1461 2463 1664 2533 juncta
1741 2462 2014 2532 patientia

319 2553 548 2607 illorum
610 2561 826 2608 secreto
897 2552 1187 2608 miscetur.
1252 2553 1489 2607 Frustra
1555 2552 1706 2607 enim
1765 2551 2012 2620 palmam

317 2639 538 2709 praemii
582 2648 795 2709 sperat,
847 2640 947 2710 qui
995 2640 1237 2696 adversa
1289 2640 1567 2696 bellorum
1621 2655 1732 2695 non
1791 2640 2010 2695 tolerat.

316 2728 400 2784 lbi
430 2729 534 2782 Lia
562 2729 780 2782 condita
819 2729 987 2797 jacet,
1033 2728 1173 2798 quia
1228 2736 1344 2784 tota
1393 2742 1629 2798 operum
1687 2736 2014 2784 nostrorum

315 2814 673 2871 laboriositas
717 2816 886 2872 simul
928 2817 1279 2886 conquiescit
1335 2821 1391 2872 et
1440 2817 1673 2888 residet;
1721 2817 1802 2873 nil
1861 2817 2012 2872 enim

315 2904 574 2959 exterius
595 2912 840 2974 usurpat
866 2911 967 2960 aut
995 2905 1164 2960 volet.

389 2992 561 3048 Vsus.
597 2994 684 3048 32.
728 3021 802 3034 —
839 2993 1150 3062 Finitisque
1178 2993 1456 3048 mandatis
1484 2994 1679 3064 quibus
1726 2995 1867 3063 ﬁlios
1922 2997 2016 3048 in-

313 3085 613 3149 struxerat,
673 3083 888 3150 collegit
949 3083 1113 3152 pedes
1187 3097 1310 3137 suos
1380 3099 1544 3152 super
1610 3084 1882 3148 lectulum,
1965 3088 2017 3137 et
2053 3113 2094 3168 ε

313 3169 474 3235 obiit;
553 3172 945 3240 appositusque
1010 3175 1088 3225 est
1143 3170 1220 3225 ad
1295 3173 1558 3242 populum
1628 3187 1804 3228 suum.
1883 3173 2014 3228 Post

312 3255 586 3311 mandata
641 3256 855 3327 colligit
929 3257 1089 3326 pedes
1145 3273 1308 3327 super
1352 3258 1623 3318 lectulum.
1679 3257 1781 3328 qui
1852 3266 2011 3327 post-

312 3354 490 3410 quam
531 3340 603 3395 ad
664 3339 897 3396 virtutis
955 3341 1341 3397 instrumenta
1397 3341 1693 3412 pertigerit
1752 3341 2009 3408 allectus,

313 3427 422 3483 hac
457 3427 704 3498 illucque
753 3427 1084 3484 difﬂuentes
1133 3429 1286 3485 intra
1348 3428 1599 3484 fulcrum
1650 3430 2012 3486 conscientias

305 3515 428 3586 jam
460 3523 676 3585 pacatae
699 3522 755 3571 et
784 3514 1002 3572 silentis
1049 3515 1363 3572 constituit.
1413 3516 1562 3583 Obit,
1613 3524 1668 3572 et
1714 3516 1788 3570 ad
1836 3533 2008 3587 popu-

311 3602 423 3656 lum
451 3601 782 3671 apponitur,
809 3615 944 3658 cum
991 3615 1026 3657 a
1079 3602 1451 3672 praesentium
1508 3602 1804 3658 desideriis
1844 3605 2010 3660 exci-

308 3688 470 3755 dens,
519 3688 592 3744 ad
639 3689 918 3759 populum
969 3689 1332 3748 internarum
1381 3691 1725 3747 seditionum
1773 3692 2009 3750 sollicite

307 3784 365 3833 et
408 3775 719 3848 vigilanter
756 3776 1183 3835 observandum
1239 3778 1485 3851 diligens
1535 3787 1728 3836 custos
1795 3779 2006 3852 adjun-

313 3865 492 3936 gitur.

989 3991 1218 4050 CAPUT
1250 3991 1320 4048 L.

378 4129 574 4202 (Vnus.
612 4135 663 4188 l.
713 4135 767 4188 2.
836 4163 904 4175 —
946 4133 1100 4201 Quod
1154 4149 1372 4189 cernens
1418 4134 1634 4204 Ioseph,
1682 4136 1795 4189 ruit
1840 4149 2004 4205 super

303 4220 506 4286 faciem
548 4224 726 4290 patris
772 4224 904 4290 ﬂens
959 4227 1011 4277 et
1078 4223 1392 4278 deosculans
1443 4239 1580 4277 eum.
1641 4224 2003 4294 Precepitque

302 4309 472 4362 seruis
529 4311 647 4363 suis
694 4310 916 4365 medicis
959 4316 1020 4366 ut
1068 4312 1402 4367 aromatibus
1447 4312 1727 4367 condirent
1764 4318 1998 4382 patrem.

2125 618 2264 660 num
2289 604 2606 659 condiendo
2634 604 2926 660 odoribus.

2195 692 2365 749 Vens.
2413 696 2464 748 3.
2506 722 2573 734 —
2615 693 2819 758 Quibus
2854 693 3017 762 jussa
3062 693 3423 762 explentibus,
3483 697 3834 748 transierunt

2125 781 2496 850 quadraginta
2545 781 2689 848 dies;
2741 784 2844 835 iste
2897 784 3098 851 quippe
3159 797 3270 836 mos
3321 787 3439 836 erat
3489 785 3835 838 cadaverum

2123 869 2482 924 conditorum.
2550 871 2827 939 Flevttque
2880 887 3000 924 eum
3047 873 3315 940 Egyptus
3365 872 3558 926 diebus
3606 878 3835 942 septua-

2121 960 2297 1026 ginta.
2333 958 2712 1025 Quadraginta
2752 958 2866 1012 dies
2901 967 3020 1028 p-ist
3067 959 3450 1015 conditionem
3500 968 3836 1027 transeunt,

2123 1060 2254 1100 cum
2307 1046 2652 1100 universitas
2696 1046 3025 1115 tempn'alis
3081 1048 3444 1117 properitatis
3495 1048 3578 1104 uti
3634 1057 3841 1104 trans-

2126 1133 2291 1189 itoria
2343 1135 2750 1195 contemnitur,
2841 1144 3146 1204 postquam
3225 1145 3473 1191 mentem
3500 1136 3841 1206 spiritualia

2124 1221 2470 1277 charismata
2495 1222 2783 1280 itnbuunt.
2816 1223 3100 1279 Denarius
3128 1223 3278 1279 enim
3300 1239 3399 1294 pro
3427 1224 3833 1292 universitate,

2123 1311 2532 1381 quaternarius
2568 1325 2668 1380 pro
2727 1311 3165 1381 temporalitate,
3198 1312 3320 1367 dies
3379 1326 3480 1382 pro
3544 1314 3835 1383 prosperi-

2125 1407 2236 1455 tate
2268 1400 2518 1468 ponitur.
2562 1400 2644 1455 Ex
2690 1399 2777 1455 his
2829 1401 3092 1470 superius
3135 1409 3328 1456 actum
3372 1409 3475 1457 est.
3530 1401 3624 1456 Sic
3673 1403 3832 1458 enim

2123 1487 2438 1553 cadaveris,
2471 1487 2524 1544 id
2556 1496 2638 1543 est
2693 1488 2902 1544 intimae
2923 1498 2977 1544 et
3031 1489 3279 1545 ruinosae
3339 1498 3548 1545 nostrae
3598 1497 3832 1546 naturae

2123 1577 2321 1646 aliqua
2354 1577 2591 1633 Iirmitas
2620 1579 3048 1647 comprobatur,
3077 1577 3120 1632 si
3156 1577 3300 1633 nihil
3331 1591 3365 1632 a
3393 1578 3556 1633 nobis
3607 1586 3832 1648 tempo-

2124 1666 2319 1719 raliter
2351 1679 2688 1735 prosperum
2717 1667 3008 1734 cupiatur.
3049 1668 3151 1721 l’er
3179 1665 3300 1721 dies
3338 1679 3544 1721 rursus
3590 1666 3835 1722 divino-

2124 1765 2254 1807 rum
2323 1767 2629 1808 munerum
2689 1753 3018 1824 splendores
3075 1753 3404 1824 signantur.
3461 1755 3835 1824 Septuaginta

2123 1855 2258 1911 ergo
2288 1841 2474 1895 diebus
2505 1844 2773 1911 Egyptus
2801 1843 2962 1895 Jacob
2991 1845 3157 1910 ﬂevit,
3189 1842 3326 1898 dum
3367 1855 3440 1898 ex
3499 1843 3830 1913 gratiarum

2127 1930 2480 1999 plenitudine
2530 1932 2796 1999 spiritum
2850 1939 3108 1986 nostrum
3154 1931 3410 1986 mundus
3449 1931 3557 1986 sibi
3595 1932 3830 1987 exstin-

2122 2027 2277 2073 ctum
2353 2017 2552 2073 doluit.
2619 2018 2831 2087 Septies
2897 2019 3027 2074 deni
3106 2019 3474 2089 septuaginta
3537 2028 3699 2081 sunt,
3772 2028 3828 2074 et

2123 2107 2477 2176 septenarius
2533 2107 2854 2177 plenarium
2911 2107 3051 2177 quid
3105 2109 3364 2178 tigurans
3411 2108 3668 2176 denario,
3730 2124 3833 2164 cu-

2123 2195 2305 2251 stodia
2360 2195 2571 2251 scilicet
2613 2205 2824 2251 sanctas
2881 2195 3023 2266 legis
3079 2197 3399 2260 roboratur,
3463 2198 3603 2268 quia
3644 2211 3833 2267 super

2125 2292 2458 2339 trementem
2509 2284 2607 2339 Dei
2656 2286 2832 2340 verba
2878 2284 3126 2354 Spiritus
3187 2284 3549 2356 requiescere
3605 2285 3832 2341 dicitur

2125 2371 2284 2440 (Isai.
2316 2387 2465 2438 va1,
2499 2375 2573 2438 2).

2194 2460 2365 2516 Vnus.
2398 2462 2453 2528 4,
2503 2464 2555 2514 5.
2605 2491 2673 2501 --
2711 2464 2779 2516 Et
2823 2462 3034 2530 expleto
3073 2461 3323 2531 planctus
3371 2468 3622 2532 tempore,
3673 2462 3829 2516 locu-

2125 2554 2212 2603 tus
2266 2555 2344 2602 est
2394 2551 2590 2618 Ioseph
2650 2549 2724 2602 ad
2777 2552 3053 2615 familiam
3109 2550 3458 2604 Pharaonis:
3519 2550 3580 2605 Si
3635 2551 3834 2603 inveni

2122 2640 2363 2703 gratiam
2412 2640 2471 2690 in
2519 2643 2800 2706 conspectu
2857 2644 3054 2703 vestro,
3124 2639 3414 2707 loquimini
3464 2640 3524 2690 in
3590 2638 3829 2691 auribus

2124 2727 2448 2791 Pharaonis,
2531 2741 2588 2778 eo
2653 2724 2798 2793 quod
2847 2730 3007 2794 pater
3080 2741 3226 2779 meus
3302 2726 3646 2792 adjuraverit
3716 2741 3824 2790 me,

2124 2813 2352 2868 dicens:
2390 2815 2472 2868 En
2507 2816 2726 2881 morior,
2780 2816 2839 2867 in
2880 2815 3124 2882 sepulcro
3171 2829 3284 2866 meo
3331 2813 3477 2883 quod
3517 2813 3642 2880 fodi
3685 2815 3832 2867 mihi

2124 2906 2183 2957 in
2240 2908 2388 2956 terra
2435 2903 2716 2966 Chanaan,
2794 2905 3014 2971 sepelies
3081 2918 3182 2955 me.
3233 2902 3484 2972 Tempus
3561 2903 3826 2971 planctus

2124 2992 2410 3061 expletur,
2485 3005 2619 3046 cum
2678 2991 2920 3062 quilibet
2975 2990 3066 3046 vir
3133 2999 3388 3056 sanctus,
3447 2990 3548 3060 qui
3608 2990 3828 3046 saeculo

2127 3080 2366 3136 idoneus
2398 3078 2532 3135 olim
2563 3087 2704 3145 erat,
2763 3087 2820 3136 et
2869 3079 2993 3134 ideo
3044 3080 3280 3149 periisse
3333 3077 3538 3134 mundi
3584 3078 3826 3134 honori-

2125 3168 2234 3224 bus
2265 3169 2662 3238 plangebatur,
2695 3167 2767 3223 ad
2799 3168 2904 3224 hoc
2937 3182 3122 3236 usque
3155 3181 3253 3236 per
3281 3167 3541 3222 studium
3577 3166 3827 3237 discipli-

2121 3271 2210 3312 nae
2245 3271 2303 3312 se
2347 3255 2560 3326 dejicit,
2621 3263 2685 3311 ut
2726 3255 2896 3310 etiam
2947 3269 2982 3311 a
3026 3257 3235 3311 smeulo
3287 3263 3709 3324 contemnatur,
3761 3263 3824 3311 et

2114 3346 2234 3415 jam
2297 3360 2413 3401 non
2471 3346 2656 3400 solum
2716 3345 2825 3400 sibi
2882 3345 3137 3401 mundus
3193 3344 3511 3401 crucifixus
3573 3344 3665 3412 sit,
3717 3344 3820 3400 sed

2118 3436 2288 3490 etiam
2318 3435 2435 3504 ipse
2479 3433 2695 3490 mundo
2743 3432 3138 3504 crucifigatur.
3187 3433 3376 3504 Hujus
3421 3447 3558 3503 ergo
3601 3433 3821 3489 intelle-

2119 3522 2382 3577 ctualitas
2410 3521 2486 3576 ad
2524 3523 2803 3587 familiam
2845 3522 3145 3575 Pharaonis
3200 3521 3481 3591 loquitur,
3527 3534 3660 3576 cum
3709 3535 3816 3576 co-

2118 3611 2421 3682 gitationes
2474 3607 2786 3666 ail‘ectuum
2849 3602 3172 3665 carnalium
3232 3609 3442 3665 sentire
3513 3623 3645 3678 qua:
3703 3623 3819 3664 sua

2115 3706 2252 3755 sunt
2303 3698 2662 3754 adhortatur.
2719 3697 3037 3754 Verborum
3086 3705 3278 3754 autem
3330 3711 3534 3753 sensus
3561 3700 3693 3753 est:
3759 3696 3822 3752 Si

2115 3788 2172 3844 in
2221 3788 2342 3858 ipso
2411 3785 2886 3843 considerationis
2963 3793 3165 3842 vestrae
3220 3787 3508 3854 examine,
3567 3785 3822 3856 gratiam

2113 3875 2393 3937 divinam,
2425 3889 2540 3930 non
2570 3875 2886 3931 humanam
2921 3875 3160 3945 gloriam
3193 3874 3482 3946 prosequi,
3514 3881 3568 3930 et
3601 3888 3822 3944 cupere

2113 3962 2394 4025 invenior,
2454 3962 2606 4034 agite
2676 3976 2778 4017 vos
2832 3963 3206 4032 cogitationes
3241 3977 3377 4019 cum
3437 3962 3821 4034 intelligentia

2111 4051 2350 4108 allectus
2397 4050 2679 4116 carnalis;
2718 4057 2774 4107 et
2820 4051 2974 4121 apud
3010 4051 3200 4120 ipsum
3231 4058 3472 4108 tractato
3518 4059 3818 4122 quatenus

2109 4140 2382 4197 assentiat
2405 4139 2524 4210 juri
2563 4146 2822 4210 paterno,
2866 4139 2925 4195 id
2966 4148 3050 4195 est
3090 4139 3315 4210 legibus
3358 4139 3617 4206 rationis,
3672 4139 3819 4210 quia

2108 4229 2288 4285 emori
2337 4228 2548 4284 saeculo
2605 4227 2835 4298 delegit,
2889 4236 2945 4284 et
2996 4227 3260 4285 saeculari
3317 4228 3642 4285 terrenitate
3706 4228 3818 4284 dis-

2108 4331 2292 4381 cussa,
2360 4317 2419 4372 in
2475 4330 2594 4388 qua
2650 4316 2948 4383 continua,
3001 4316 3175 4386 juxta
3240 4331 3448 4374 nomen
3507 4317 3809 4384 Chanaan,

302 4393 446 4451 Cum
479 4395 939 4454 intellectualitas
967 4400 1288 4456 secundum
1323 4405 1464 4457 las
1515 4401 1798 4456 humanas
1835 4409 1999 4458 astu-
2037 4409 2080 4464 Ι)
2110 4404 2416 4461 motatione
2445 4404 2708 4472 nutabat,
2743 4404 2816 4461 ab
2841 4404 3097 4462 externis
3136 4404 3485 4462 tumultibus
3534 4405 3810 4460 abscondi

302 4483 432 4551 tias,
470 4491 527 4540 et
563 4485 759 4541 saeculi
819 4487 1324 4558 concupiscentias,
1384 4489 1651 4559 spiritum
1699 4489 1998 4560 experitur

299 4571 616 4644 exstingui,
647 4581 866 4644 quanto
896 4578 1186 4646 puriorem
1235 4577 1422 4646 sentit,
1451 4585 1610 4634 tanto
1644 4578 1882 4633 uberius
1939 4577 1996 4632 in

299 4657 501 4718 faciem
565 4675 758 4729 ruere,
843 4664 916 4720 ad
979 4665 1108 4737 ejus
1182 4666 1396 4724 scilicet
1473 4666 1733 4722 notitiam
1814 4665 1998 4736 magis

296 4749 600 4822 magisque
626 4753 982 4823 sequendam
1008 4753 1291 4810 divinitus
1336 4755 1632 4810 consuevit
1672 4754 1850 4809 illabi.
1884 4755 1996 4809 Fa-

298 4839 443 4894 ciem
497 4855 600 4911 pro
643 4842 848 4898 notitia
889 4843 1023 4914 poni
1072 4843 1384 4914 Scriptura:
1431 4843 1866 4900 consuetudinis
1889 4850 1992 4899 est.

296 4925 434 4994 Flet,
459 4941 711 5000 eumque
756 4931 1144 4999 deosculatur,
1190 4947 1321 4988 cum
1375 4933 1670 4998 intentive,
1729 4938 1785 4988 et
1839 4932 1996 4988 omni

291 5014 667 5073 animositatis
702 5019 1108 5084 teneritudine,
1155 5035 1294 5091 erga
1325 5021 1725 5076 rationalitatis
1779 5019 1992 5076 bonum

293 5100 562 5160 afﬁcitur.
625 5106 810 5160 Seruis
879 5110 994 5162 suis
1058 5108 1280 5163 medicis
1336 5111 1594 5179 prmeipit
1657 5114 1718 5163 ut
1781 5116 1996 5180 patrem

291 5191 582 5258 condiant,
616 5193 756 5264 quia
781 5195 1028 5266 singulis
1059 5196 1389 5266 quibusque
1422 5198 1741 5254 luminibus
1759 5198 1996 5253 rationis

291 5275 473 5347 ipsius
537 5281 815 5348 veritatis,
899 5296 966 5338 ac
1040 5284 1083 5337 si
1160 5283 1490 5340 clarissimas
1557 5285 1715 5340 faciei
1812 5286 1996 5340 forma

290 5367 552 5436 cognitae,
625 5375 681 5424 et
725 5368 942 5424 intimae
995 5369 1380 5426 charitudiuis
1432 5371 1642 5428 osculis
1697 5371 1993 5440 applicata!

286 5462 473 5511 status
567 5457 963 5514 infirmitatem
1027 5459 1240 5515 mederi
1335 5461 1684 5530 potentibus,
1769 5461 1992 5530 solique

287 5542 490 5601 divino
521 5545 833 5604 intellectui
869 5546 1328 5614 inservientibus,
1361 5549 1430 5604 de
1468 5562 1611 5604 cura
1659 5547 1991 5603 iudeSinen-

287 5638 376 5688 ter
429 5633 765 5706 sollicitatis,
829 5638 1070 5708 spiritus
1119 5639 1377 5705 mandat,
1431 5653 1502 5694 ne
1547 5645 1742 5708 patere
1795 5636 1991 5693 sinant

2107 4492 2334 4564 quaerit.

2177 4581 2349 4639 Vens.
2379 4583 2433 4636 6.
2477 4611 2547 4621 —
2575 4580 2879 4637 Ascendam
2921 4584 3115 4648 igitur,
3171 4587 3222 4636 et
3281 4583 3538 4650 sepeliam
3591 4587 3808 4651 patrem

2104 4685 2298 4735 meum,
2329 4685 2393 4724 ac
2422 4675 2684 4723 revertar.
2716 4671 2978 4739 Dixitque
3025 4672 3076 4724 ei
3127 4671 3341 4724 Pharao
3386 4684 3400 4723 :
3457 4669 3701 4724 Ascende
3754 4675 3808 4725 et

2104 4759 2270 4828 sepeli
2303 4763 2519 4828 patrem
2571 4764 2742 4826 tuum,
2801 4761 2944 4814 sicut
3001 4758 3297 4828 adjuratus
3349 4773 3432 4812 es.
3508 4757 3594 4815 Ab
3649 4757 3800 4828 imis,

2106 4845 2318 4916 inquit,
2375 4845 2670 4900 desideriis
2721 4845 3074 4916 progrediar,
3135 4855 3198 4903 ut
3250 4845 3489 4901 rationis
3541 4859 3672 4914 quae
3713 4860 3804 4901 me

2105 4934 2305 5005 genuit
2326 4934 2723 4990 auctoritatem
2761 4934 3085 4990 caelestibus
3143 4934 3475 4990 inbzerendo
3509 4941 3691 5001 tuear,
3748 4940 3804 4989 et

2100 5022 2181 5077 sic
2221 5021 2293 5077 ad
2336 5021 2577 5092 patriam
2623 5023 2780 5078 velut
2816 5022 2890 5079 ad
2940 5023 3262 5079 naturalem
3309 5020 3672 5086 conditionis,
3727 5035 3797 5078 ac

2103 5109 2398 5182 dignitatis
2431 5124 2569 5166 meae
2599 5111 2860 5167 ordinem
2905 5121 3180 5167 revertar.
3227 5111 3418 5167 Nutus
3463 5110 3798 5178 Pharaonis,

2104 5196 2439 5267 impotentia
2509 5205 2614 5265 est,
2687 5205 2893 5254 contra
2969 5197 3478 5254 intellectualitatis
3524 5197 3803 5254 excellen-

2102 5284 2260 5353 tiam,
2296 5285 2749 5356 repugnationis.
2785 5289 3000 5342 Caetera
3029 5295 3092 5343 ut
3125 5285 3414 5356 superius.

2173 5372 2346 5429 Vsus.
2399 5377 2451 5440 7,
2511 5376 2562 5427 8.
2631 5403 2698 5412 —
2759 5375 2872 5441 Quo
2919 5375 3256 5441 ascendente,
3322 5377 3506 5428 ierunt
3561 5390 3681 5428 cum
3740 5389 3799 5429 eo

2099 5475 2282 5515 omnes
2337 5475 2485 5515 senes
2553 5461 2741 5516 domus
2800 5465 3125 5528 Pharaonis,
3204 5465 3490 5531 cunctique
3565 5464 3797 5529 majores

2099 5555 2234 5603 natu
2312 5555 2468 5603 terrae
2521 5551 2766 5618 Aigypti,
2825 5550 3013 5606 domus
3067 5553 3264 5620 Ioseph
3319 5566 3438 5605 cum
3519 5552 3796 5618 fratribus

2097 5640 2234 5706 suis,
2266 5637 2470 5704 absque
2487 5637 2740 5706 paruulis
2759 5643 2812 5693 et
2837 5641 3114 5707 gregibus,
3153 5645 3316 5708 atque
3359 5640 3648 5709 armentis,
3679 5655 3797 5708 quae
