3950 6424
132 432 230 486 333

1414 430 1784 487 MOBALIUM
1824 431 1892 487 IN
1919 431 2214 488 GENESIN
2246 431 2374 486 LIB.
2403 431 2462 485 X.

3544 436 3648 491 334

134 567 588 638 derelinquerant
655 568 716 621 in
789 572 937 621 terra
1023 567 1238 622 Gessen.
1312 567 1439 636 Ip5u
1518 568 1835 623 ascendente
1871 570 1917 621 Α
1948 566 2155 637 Sicque
2188 574 2404 637 septem
2433 566 2552 623 dies
2584 565 2917 637 implentur,
2954 568 3094 639 quia
3135 568 3276 625 dum
3313 584 3650 640 persevera-

134 672 309 711 omnes
355 672 504 711 senes
571 656 761 710 domus
824 657 1114 718 Pharonis,
1174 670 1307 711 cum
1356 671 1421 711 eo
1468 671 1584 713 non
1632 671 1835 712 ascen-

136 746 288 813 dere,
343 746 442 801 sed
496 746 577 801 ire
621 744 919 811 dicuntur,
970 744 1110 815 quia
1170 744 1548 816 intelligentia
1594 744 1838 801 summis

137 835 417 901 inhiante,
462 834 581 904 jam
626 832 820 888 carnis
875 840 1065 889 motus
1107 833 1558 890 defervescentes
1603 842 1659 890 et
1706 834 1837 889 lan-

137 922 321 993 guidi,
372 921 570 990 velint,
612 922 816 989 nolint,
864 922 1258 992 spiritualitati
1308 922 1704 979 obsecundare
1743 937 1834 979 co-

137 1019 395 1081 guntur;
448 1018 502 1067 et
559 1018 686 1081 post
737 1024 884 1079 eam,
941 1010 1030 1066 vel
1102 1026 1235 1067 cum
1294 1026 1363 1067 ea
1415 1012 1838 1082 irrefragabiles

137 1100 578 1170 pertrahuntur.
613 1100 861 1169 Majores
892 1105 1026 1154 natu
1051 1106 1207 1179 terra
1243 1103 1468 1169 Egypti
1503 1108 1640 1157 sunt
1674 1100 1834 1169 vitia,

137 1203 268 1259 qua
309 1188 617 1260 originalia
654 1197 709 1245 et
757 1189 880 1245 ideo
946 1190 1281 1260 antiquiora
1351 1190 1559 1246 saculo
1616 1192 1834 1246 insunt.

143 1276 274 1331 Hac
305 1284 535 1342 coeunt,
570 1276 709 1347 quia
745 1276 940 1333 obesse
965 1291 1081 1332 non
1123 1285 1379 1348 possunt.
1413 1280 1613 1333 Domus
1642 1280 1838 1347 Joseph

140 1381 258 1419 cum
296 1366 571 1432 fratribus
618 1367 753 1433 suis,
810 1366 918 1421 illa
953 1365 1166 1422 scilicet
1210 1367 1472 1433 virtutes,
1524 1382 1656 1438 qua
1702 1382 1837 1437 spe-

140 1453 359 1509 cialiter
391 1453 873 1509 mtellectualitati
918 1454 1282 1522 adnituntur,
1332 1463 1395 1510 ut
1433 1464 1570 1511 sunt
1601 1455 1836 1512 caliba—

140 1550 251 1608 tus,
322 1542 613 1597 munditia
695 1542 895 1610 animi,
964 1543 1145 1598 otium
1188 1556 1222 1597 a
1269 1542 1596 1598 forensibus
1657 1544 1833 1608 curis,

140 1644 275 1685 nam
324 1633 542 1685 versari
598 1631 738 1686 solet
807 1630 867 1686 in
924 1631 1012 1687 bis
1058 1646 1191 1687 cum
1239 1631 1448 1686 anima
1499 1638 1555 1687 et
1583 1632 1838 1702 corporis

138 1717 303 1774 bonis
328 1719 585 1789 justitia,
623 1720 822 1775 matris
850 1720 1131 1785 omnium,
1166 1720 1319 1775 ﬁliis.

208 1808 437 1877 Absque
478 1810 738 1877 parvulis
785 1814 835 1863 et
882 1809 1155 1877 gregibus,
1223 1815 1273 1863 et
1318 1813 1597 1876 amentis,
1660 1809 1711 1865 id
1753 1816 1837 1865 est

139 1895 359 1966 absque
416 1897 504 1951 bis
552 1912 685 1967 qua
759 1897 1073 1953 immatura
1134 1898 1325 1953 adhuc
1371 1907 1507 1953 sunt
1560 1899 1742 1965 bonis,
1788 1907 1843 1954 et

144 1984 597 2041 bebctudinibus
682 1986 1029 2042 naturaliter
1098 1986 1391 2057 ingenitis,
1458 1987 1844 2043 exterioribus

145 2073 455 2131 exercitiis.
507 2076 715 2144 Greges
747 2088 999 2145 namque
1047 2075 1119 2131 ad
1174 2084 1227 2131 et
1257 2075 1701 2145 simplicitatem,
1751 2090 1843 2131 ar-

146 2168 341 2216 menta
386 2162 457 2217 ad
501 2164 972 2231 procurationum
1023 2166 1266 2219 attinent
1316 2164 1589 2221 laborem.
1626 2165 1757 2220 Hac
1787 2169 1845 2218 in

146 2255 293 2304 terra
370 2253 573 2305 Gessen
647 2251 1157 2321 derelinquuntur,
1219 2252 1360 2323 quia
1430 2267 1529 2322 per
1583 2253 1844 2309 stabilem

146 2339 508 2395 discretionis
557 2340 952 2408 subtilitatem,
1010 2355 1128 2411 qua
1201 2341 1515 2411 palpationi
1572 2342 1844 2397 vitiorum

146 2429 669 2499 appropinquatur,
717 2430 839 2486 hac
904 2430 975 2485 ad
1028 2432 1562 2500 contemplationem
1624 2432 1847 2501 pertin-

147 2531 298 2585 gere,
374 2532 489 2572 non
552 2520 803 2588 potentia
854 2518 1211 2574 solummodo
1276 2526 1443 2573 caute
1487 2519 1848 2574 discutienda

145 2605 539 2662 dimittuntur.
585 2606 748 2673 Quod
799 2614 981 2663 totum
1023 2616 1125 2662 est.
1189 2607 1327 2673 Qua
1375 2607 1478 2663 soli
1527 2607 1847 2663 actualitati

144 2694 523 2762 conveniunt,
599 2696 688 2751 vel
755 2710 886 2766 qua
966 2696 1197 2767 penitus
1272 2696 1496 2764 stolida,
1564 2705 1618 2753 et
1680 2698 1845 2768 quasi

149 2782 407 2852 pecualia
429 2792 585 2851 sunt,
614 2785 1020 2853 speculationis
1042 2800 1271 2841 summa
1302 2801 1414 2840 non
1444 2786 1753 2842 scandunt.

216 2871 393 2927 Vsus.
429 2875 481 2939 9,
521 2876 605 2926 10.
654 2903 723 2913 —
765 2874 971 2928 [lubuit
1016 2890 1225 2944 quoque
1268 2878 1328 2929 in
1364 2878 1624 2931 comitatu
1654 2891 1847 2929 currus

146 2966 195 3013 et
230 2962 469 3030 equites:
509 2968 559 3015 et
593 2964 745 3029 facta
793 2969 872 3017 est
900 2964 1060 3017 turba
1109 2981 1211 3017 non
1260 2964 1491 3017 modica.
1548 2966 1844 3017 Venerunt-

148 3064 249 3117 que
297 3049 375 3103 ad
426 3066 611 3105 aream
660 3053 831 3119 Atad,
873 3069 993 3123 qua
1039 3056 1150 3107 sita
1192 3058 1270 3108 est
1309 3062 1461 3107 trans
1517 3054 1843 3108 Iordanem:

146 3139 242 3192 ubi
283 3140 611 3194 celebrantes
656 3144 943 3210 exsequias
987 3158 1182 3208 magno
1221 3144 1444 3211 planctu
1482 3148 1645 3210 atque
1690 3144 1846 3196 vehe-

149 3230 335 3295 menti,
380 3231 738 3298 impleuerunt
774 3236 975 3301 septem
1023 3232 1159 3285 dies.
1214 3231 1279 3286 In
1331 3233 1607 3287 comitatu
1637 3245 1847 3288 currus

149 3316 317 3373 habet
354 3325 411 3373 et
458 3320 699 3389 equites,
770 3320 909 3375 dum
970 3327 1026 3375 et
1077 3320 1217 3376 alios
1266 3335 1369 3391 per
1423 3321 1755 3391 patientiam
1789 3321 1847 3375 in

151 3407 388 3462 modum
440 3422 649 3463 currus
694 3416 919 3478 portare
966 3410 1089 3476 scit,
1141 3418 1196 3465 et
1250 3424 1471 3480 equum
1523 3409 1851 3480 temporalis

152 3495 348 3565 gloria
396 3496 454 3551 in
518 3511 733 3553 morem
788 3502 930 3552 no
978 3498 1175 3554 militis
1216 3513 1414 3569 regere
1459 3500 1637 3555 novit.
1681 3499 1853 3554 Novit

149 3584 304 3640 enim
353 3585 607 3641 tolerans
638 3600 755 3641 non
807 3601 928 3641 esse
976 3587 1293 3658 condignas
1324 3588 1613 3657 passiones
1672 3588 1853 3659 hujus

152 3674 423 3744 temporis
470 3674 541 3729 ad
589 3673 845 3730 futuram
898 3675 1140 3747 gloriam
1197 3678 1367 3747 (Rom.
1434 3693 1552 3740 νιιι,
1611 3677 1716 3749 18).
1760 3678 1851 3744 Et,

152 3775 387 3832 sperare
432 3762 489 3817 in
537 3763 754 3819 incerto
798 3764 1134 3821 divitiarum
1168 3780 1284 3820 non
1331 3765 1557 3834 debere,
1608 3769 1854 3837 Aposto-

155 3850 271 3907 lum
325 3851 624 3907 monuisse
684 3853 789 3908 scit
847 3852 897 3921 (Ι
958 3853 1091 3909 Tim.
1146 3870 1222 3920 vt,
1278 3856 1377 3925 17).
1440 3855 1560 3910 Tali
1621 3855 1854 3911 cuidam

154 3939 535 3996 clamabatur.
587 3941 792 3996 Curras
846 3942 1022 3997 Israel
1062 3947 1113 3996 et
1149 3946 1350 4011 auriga
1397 3945 1515 4013 ejus
1564 3945 1668 4001 (1V
1711 3945 1849 4011 Reg.

158 4043 213 4096 ιι,
250 4031 356 4097 l2).
394 4030 547 4085 Dum
576 4028 732 4085 enim
778 4044 879 4099 per
911 4032 1246 4101 patientiam
1298 4033 1551 4102 seipsum
1584 4048 1714 4088 cum
1750 4047 1856 4089 sua

157 4119 625 4189 concupiscentia
670 4118 867 4186 vincit,
913 4127 968 4176 et
1004 4134 1222 4191 equum
1264 4121 1558 4177 sacularis
1605 4121 1856 4177 lascivia

157 4208 439 4277 reprimit,
475 4206 676 4277 purior
723 4207 812 4263 his
849 4209 1156 4264 comitibus
1195 4209 1266 4266 ad
1304 4209 1584 4265 visionem
1631 4210 1857 4267 deitatis

158 4296 436 4363 ascendit,
479 4304 535 4351 et
568 4295 687 4365 jam
719 4310 834 4351 non
865 4296 1107 4361 modica,
1140 4298 1237 4353 sed
1277 4298 1524 4368 insignis
1570 4299 1855 4355 virtutum

157 4386 543 4441 numerositas
600 4387 677 4439 fit.
729 4385 997 4441 Iordanis
1028 4386 1240 4442 dicitur
1289 4386 1574 4442 descensus
1633 4404 1852 4455 eorum;

159 4488 271 4528 non
306 4481 393 4529 est
445 4474 615 4528 turba
663 4474 908 4542 modica,
962 4489 1137 4545 quam
1198 4475 1448 4545 profecto
1493 4477 1857 4535 commendat

159 4562 458 4618 humilitas
510 4561 787 4628 maxima,
850 4562 991 4634 quia
1054 4579 1171 4634 quo
1242 4565 1538 4635 pulchrior
1593 4574 1678 4622 est
1721 4580 1855 4623 con-

158 4652 411 4718 scientia,
443 4650 603 4706 novit
628 4650 799 4721 juxta
845 4651 1209 4722 Prophetam,
1245 4660 1299 4709 et
1346 4668 1553 4710 sonum
1584 4654 1853 4724 nominis,

158 4754 287 4796 cum
318 4740 443 4795 suis
465 4738 689 4794 viribus
714 4740 1053 4796 descendere
1078 4740 1138 4796 iu
1169 4741 1373 4811 seipsa.

226 4828 409 4884 Trans
454 4828 760 4884 Iordanem
808 4842 947 4899 ergo
993 4843 1127 4885 area
1193 4830 1303 4886 sita
1347 4837 1451 4899 est,
1517 4831 1658 4901 quia
1697 4838 1858 4900 post-

162 4932 335 4988 quam
364 4931 401 4972 a
439 4916 644 4972 mundi
688 4930 881 4973 amore
922 4925 977 4973 et
1032 4920 1253 4988 pompis
1298 4920 1426 4990 ejus
1463 4920 1638 4974 corda
1683 4920 1860 4989 depo-

162 5009 370 5071 nimus,
395 5014 452 5062 et
483 5005 552 5061 ad
581 5005 677 5061 Dei
711 5007 1045 5062 servitutem
1073 5021 1177 5063 nos
1195 5014 1249 5063 et
1278 5016 1472 5063 nostra
1494 5008 1856 5079 subjicimus,

165 5096 232 5151 ad
261 5110 456 5152 aream
494 5096 892 5151 intestinarum
928 5097 1281 5166 passionum,
1314 5097 1411 5153 ubi
1449 5096 1637 5153 virtus
1658 5111 1691 5152 a
1722 5096 1860 5151 vitio

167 5184 477 5240 tolerantia
522 5184 734 5239 tribula
782 5184 1111 5252 discutitur,
1171 5186 1653 5255 propinquamus.
1686 5187 1859 5240 Acce-

166 5274 288 5328 dens
331 5274 407 5327 ad
439 5276 605 5328 Deum
644 5279 730 5327 sta
777 5275 836 5327 in
869 5275 1095 5342 iustitia
1131 5279 1182 5327 et
1230 5277 1452 5340 timore;
1500 5279 1550 5327 et
1602 5289 1863 5344 prapara

168 5369 399 5417 animum
476 5368 629 5416 tuam
687 5363 745 5416 in
795 5366 1087 5417 tentatione
1126 5363 1304 5430 (Eccl.
1357 5378 1415 5429 ιι,
1475 5363 1542 5430 1).
1608 5363 1674 5417 ln
1727 5376 1863 5418 area

168 5451 312 5507 enim
341 5452 601 5509 triticum
632 5464 665 5506 a
696 5451 858 5521 palea
900 5451 1134 5507 terendo
1160 5451 1522 5507 discernitur.
1566 5451 1649 5507 lbi
1685 5451 1864 5507 funus

171 5540 397 5609 planctu
467 5541 790 5595 vehementi
869 5540 1211 5609 celebratur,
1290 5541 1432 5612 quia
1501 5539 1863 5596 mortilicatio

171 5629 558 5686 membrorum
604 5641 779 5697 super
826 5636 1038 5684 terram
1087 5643 1203 5684 non
1245 5630 1351 5684 nisi
1401 5642 1662 5695 marore,
1705 5627 1861 5697 quod

172 5718 321 5774 nullo
356 5716 731 5789 prasentium
787 5717 1002 5787 gaudio
1048 5716 1214 5773 leniri
1269 5716 1464 5787 possit,
1514 5716 1860 5787 acquiritur,

1947 662 2044 711 tur
2074 657 2131 710 in
2178 655 2390 711 talibus
2433 656 2822 725 spiritualium
2868 658 3282 713 charismatum
3332 659 3650 729 plenitudi-

1948 759 2067 800 mes
2094 744 2493 801 cumulantur.

2018 833 2191 889 Vnus.
2228 837 2312 888 11.
2348 866 2416 874 -
2455 835 2609 901 Quod
2652 850 2772 890 cum
2816 836 3080 891 vidissent
3129 836 3459 892 habitatores
3494 842 3650 893 terra

1948 922 2238 989 Chanaan,
2262 921 2556 978 dixerunt:
2585 925 2841 979 Planctus
2866 940 3096 992 magnus
3121 926 3222 980 iste
3241 930 3321 980 est
3349 927 3644 996 Egyptiis.

1945 1011 2153 1065 Idcirco
2230 1014 2645 1081 appellaverunt
2715 1030 2903 1068 nomen
2983 1015 3087 1068 loci
3160 1016 3313 1069 illius
3392 1016 3649 1070 Planctus

1945 1102 2188 1169 Egypti.
2223 1100 2533 1172 Postquam
2581 1100 2641 1156 hi
2688 1102 2792 1172 qui
2846 1110 3056 1161 terram
3100 1103 3384 1171 habitant,
3434 1112 3489 1159 et
3515 1119 3649 1174 per-

1946 1197 2118 1258 petuo
2174 1189 2373 1257 motui,
2432 1190 2585 1261 quod
2653 1200 2738 1247 est
2789 1190 3089 1260 Chanaan,
3147 1192 3482 1262 subjacent;
3546 1193 3648 1263 qui

1951 1284 2247 1333 terrenum
2298 1277 2511 1335 habent
2553 1278 3019 1345 fundamentum,
3071 1295 3324 1351 quorum
3385 1280 3444 1337 in
3492 1282 3650 1337 coelis

1947 1368 2304 1423 conversatio
2354 1383 2469 1423 non
2534 1377 2637 1437 est,
2706 1369 2953 1425 aliorum
3032 1369 3291 1426 studium
3348 1370 3650 1440 spirituale

1946 1455 2272 1521 attendunt,
2368 1456 2739 1512 vehementer
2824 1459 3138 1525 mirantur,
3220 1464 3276 1513 et
3370 1458 3649 1515 mirantes

1946 1542 2279 1607 exhorrent,
2344 1544 2498 1613 quod
2564 1557 2697 1598 cum
2768 1543 2962 1598 saculi
3029 1543 3243 1613 gaudia
3319 1552 3646 1614 suppetant.

1948 1630 2288 1686 indesinenti
2324 1646 2381 1687 se
2414 1646 2655 1686 maerore
2684 1640 3047 1687 consumant.
3084 1632 3245 1687 Unde
3270 1638 3323 1686 et
3351 1634 3649 1703 {Egyptios

1948 1727 2177 1787 vocant,
2230 1734 2378 1789 quos
2435 1718 2595 1789 jugis
2662 1719 2907 1775 tristitia
2952 1719 3206 1775 tenebris
3253 1722 3652 1789 pessumdatos

1949 1808 2167 1876 vident,
2216 1816 2271 1864 et
2303 1808 2667 1875 monasteria,
2705 1807 2803 1863 ubi
2836 1808 2921 1863 ha
2959 1808 3339 1863 cohibitiones
3368 1818 3649 1880 aguntur,

1883 1872 1923 1925 Β
1952 1872 2293 1953 barathrum
2340 1872 2660 1967 appellant,
2701 1897 2797 1952 ubi
2840 1897 2945 1952 lux
2996 1896 3335 1952 transitoria
3368 1872 3652 1969 jucundi;

1953 1986 2085 2043 tatis
2116 1993 2171 2041 et
2200 1986 2518 2056 gloriarum
2549 1985 2821 2041 examina
2850 2000 2964 2041 non
2999 1994 3300 2055 apparent.

2024 2075 2197 2132 Vnus.
2271 2078 2355 2141 12,
2429 2077 2514 2129 13.
2555 2105 2623 2113 -
2681 2074 2945 2129 Fecerunt
2986 2090 3111 2141 ergo
3158 2077 3264 2144 ﬁlii
3308 2075 3470 2129 Jacob
3511 2077 3652 2130 sicut

1948 2168 2281 2233 praeceperat
2307 2166 2403 2217 eis.
2430 2166 2500 2217 Et
2528 2167 2810 2232 portantes
2855 2178 2975 2217 eum
3020 2164 3079 2216 in
3128 2168 3328 2217 terram
3367 2164 3650 2229 Chanaan,

1953 2254 2279 2320 sepelierunt
2346 2267 2465 2305 eum
2512 2254 2571 2305 in
2635 2252 2894 2321 spelunca
2958 2251 3190 2320 duplici,
3240 2262 3345 2307 etc.
3406 2252 3654 2321 Spiritus

1954 2350 2147 2397 noster
2203 2349 2508 2410 postquam
2571 2340 2712 2397 vitia
2782 2340 3263 2410 supplantaverit,
3341 2339 3439 2395 filii
3504 2341 3651 2411 ejus,

1955 2438 2144 2487 motus
2184 2431 2467 2494 videlicet,
2503 2430 2676 2500 juxta
2707 2430 2831 2495 Job,
2864 2428 3201 2485 fortitudine
3243 2429 3461 2486 robusti
3515 2430 3651 2496 (Job,

1956 2522 2045 2585 36,
2088 2520 2193 2589 19),
2252 2518 2414 2574 facile
2452 2519 2572 2589 jam
2625 2518 2880 2588 imperiis
2933 2517 3061 2587 ejus
3100 2517 3396 2584 obediunt,
3442 2519 3538 2573 sed
3587 2532 3657 2573 ne

1955 2611 2025 2666 de
2076 2608 2301 2664 viribus
2356 2607 2844 2677 supplantationis
2910 2606 3247 2674 elTerantur,
3319 2610 3379 2661 in
3454 2612 3656 2661 terram

1955 2700 2219 2755 Chanaan
2286 2710 2420 2751 eum
2489 2696 2611 2765 jam
2675 2702 2926 2765 portant,
2990 2694 3128 2750 dum
3197 2695 3545 2751 terrenitatis
3591 2708 3659 2750 ac

1958 2784 2358 2843 mutabilitatis
2390 2798 2530 2851 sua,
2563 2782 2658 2839 cui
2700 2782 2995 2853 subjecere
3042 2782 3236 2839 adhuc
3282 2790 3482 2853 potest,
3524 2798 3656 2839 eum

1954 2881 2425 2932 commemorant.
2459 2874 2522 2927 In
2546 2874 2803 2941 spelunca
2830 2885 3105 2927 sensuum
3147 2872 3655 2942 imaginationum-

1956 2978 2071 3035 que
2097 2962 2461 3019 continentia
2493 2969 2848 3026 contutatur,
2878 2973 3010 3030 qua
3040 2973 3074 3014 a
3097 2968 3371 3029 potestate
3397 2958 3657 3030 Ephron,

1957 3054 2012 3108 id
2050 3059 2134 3107 est
2180 3049 2431 3107 carnalis
2479 3046 2707 3113 affectu,
2758 3048 2929 3117 cujus
2973 3047 3428 3105 sollicitudinum
3473 3049 3649 3105 inuti-

1911 3174 1923 3191 .
1960 3140 2098 3195 lium
2126 3138 2363 3208 pulvere
2393 3136 2797 3202 obscuramur,
2831 3142 2966 3189 sunt
2996 3134 3148 3189 enim
3179 3142 3234 3191 et
3267 3135 3434 3191 utiles
3463 3150 3657 3207 cura;

1955 3230 2133 3300 pretio
2181 3227 2423 3282 interna
2461 3223 2777 3280 devotionis
2805 3222 3079 3293 exigitur,
3114 3229 3179 3279 ut
3217 3231 3417 3279 contra
3456 3223 3659 3281 faciem

1958 3317 2232 3381 Mambre,
2288 3314 2341 3370 id
2386 3321 2490 3381 est,
2533 3312 2605 3367 ad
2652 3310 2920 3367 subtilem
2982 3310 3339 3368 discretionis
3380 3313 3659 3383 cognitio-

1958 3421 2086 3462 nem
2119 3405 2427 3474 dirigatur.
2474 3402 2667 3470 (VEus.
2716 3400 2823 3470 14.)
2857 3401 3231 3470 Reversusque
3262 3406 3341 3455 est
3370 3404 3563 3471 Ioseph
3602 3404 3660 3456 in

1958 3499 2252 3564 Egyptum
2298 3508 2419 3547 cum
2469 3490 2745 3557 fratribus
2792 3491 2911 3544 suis
2962 3495 3011 3543 et
3058 3492 3204 3543 omni
3239 3492 3523 3557 comitatu,
3570 3506 3659 3545 se-

1956 3587 2109 3655 pulto
2158 3587 2336 3653 patre.
2395 3580 2516 3636 Etsi
2572 3578 2811 3649 spiritus
2862 3586 3054 3633 noster
3105 3593 3139 3633 a
3188 3579 3380 3634 saculi
3434 3580 3661 3635 actibus

1961 3673 2116 3744 apud
2159 3687 2217 3728 se
2280 3669 2678 3734 absconditur,
2729 3666 3239 3723 intellectualitatis
3286 3675 3476 3724 tamen
3527 3683 3659 3725 cum

1961 3762 2181 3818 cateris
2207 3759 2505 3815 charitatis
2544 3756 2746 3814 matris
2798 3770 3087 3827 germana
3140 3756 3247 3812 sibi
3275 3757 3493 3827 junctis
3533 3757 3661 3812 feti—

1963 3853 2093 3919 bus,
2139 3851 2211 3905 ad
2259 3850 2595 3918 JEgyptum,
2650 3845 3123 3912 recordationem,
3169 3844 3433 3900 videlicet
3474 3846 3665 3901 condi-

1961 3939 2191 3997 tionalis
2221 3952 2342 3994 sua
2393 3933 2755 4007 ignorantia,
2804 3941 2858 3988 et
2905 3933 3273 3989 obscuritatis
3314 3948 3541 3989 necesse
3579 3942 3663 3989 est

1965 4036 2309 4085 revertatur.
2358 4025 2506 4081 sicut
2536 4024 2763 4093 typicus
2792 4020 2967 4077 Jacob
3018 4020 3087 4076 ad
3141 4029 3352 4077 terram
3387 4022 3663 4078 Chanaan

1962 4117 2232 4188 superius
2259 4129 2293 4171 a
2320 4111 2767 4185 cogitationibus
2816 4117 3163 4181 reportatur.
3195 4110 3355 4167 Unde
3387 4111 3665 4167 Dominus

1965 4222 2067 4279 per
2104 4206 2353 4261 Isaiam:
2410 4202 2691 4257 Descendit
2743 4201 2978 4269 papulas
3029 4213 3177 4253 meus
3235 4201 3293 4253 in
3341 4202 3659 4269 Egyptum,

1964 4301 2025 4349 ut
2081 4297 2295 4349 colonus
2352 4296 2487 4346 esset
2525 4292 2605 4343 ibi
2660 4288 2827 4357 (Isai.
2862 4303 2956 4355 ιιι,
3008 4287 3097 4357 4);
3147 4294 3203 4342 et
3258 4286 3472 4343 diceret
3528 4303 3661 4343 cum

1964 4383 2302 4440 Psalmista:
2336 4380 2641 4434 Habitavit
2669 4393 2788 4431 cum
2808 4376 3185 4431 habitantibus
3215 4375 3403 4437 Cedar,
3436 4377 3664 4431 multum

1897 4480 1940 4534 It
1967 4474 2143 4528 incola
2164 4474 2275 4538 fuit
2305 4471 2490 4524 anima
2510 4482 2627 4521 mea
2653 4467 2826 4536 (Psal.
2859 4479 3013 4529 cxrx,
3044 4464 3117 4534 5).

2040 4562 2204 4617 Vnus.
2245 4562 2326 4622 15,
2378 4560 2462 4617 16,
2508 4560 2593 4609 17.
2634 4586 2703 4594 -
2734 4555 2845 4620 Quo
2893 4557 3123 4619 mortuo,
3174 4555 3418 4607 timentes
3459 4553 3665 4619 fratres

1967 4650 2104 4721 ejus,
2127 4655 2177 4704 et
2222 4653 2405 4704 mutuo
2448 4644 2836 4714 colloquentes:
2879 4643 2956 4698 Ne
2991 4644 3133 4709 forte
3172 4656 3373 4695 memor
3409 4644 3483 4696 sit
3522 4641 3667 4710 quod

1965 4742 2212 4809 fecimus,
2245 4735 2639 4791 mandaverunt
2659 4734 2746 4785 ei:
2779 4733 2957 4797 Pater,
2984 4729 3279 4800 inquiunt,
3313 4736 3437 4783 tuus
3461 4746 3667 4799 praece-

1965 4832 2058 4901 pit
2085 4828 2239 4882 nobis
2268 4830 2560 4892 antequam
2586 4825 2904 4884 moreretur,
2944 4823 3005 4873 ut
3035 4819 3143 4872 hac
3178 4817 3281 4871 tibi
3304 4817 3483 4871 verbis
3515 4820 3666 4872 illius

1970 4919 2268 4973 diceremus
2298 4931 2311 4968 :
2337 4914 2561 4969 Obsecro
2590 4916 2649 4964 ut
2680 4909 3021 4963 obliviscaris
3043 4908 3257 4961 sceleris
3277 4908 3520 4973 fratrum
3547 4912 3665 4961 tuo-

1967 5024 2109 5074 rum,
2142 5011 2193 5060 et
2213 5004 2426 5075 peccati
2462 5006 2626 5070 atque
2654 4999 2881 5052 malitia
2918 5012 3082 5067 quam
3123 5001 3475 5050 exercuerunt
3506 4998 3565 5050 in
3597 5002 3662 5049 te.

1969 5098 2279 5165 Postquam
2302 5090 2503 5147 mundi
2526 5089 2752 5145 astutia
2772 5086 3010 5156 spiritus
3029 5095 3221 5140 noster
3240 5086 3541 5152 emoritur,
3565 5084 3672 5140 fra-

1972 5194 2084 5242 tres
2106 5185 2174 5240 de
2206 5180 2422 5252 injuria
2452 5193 2629 5249 quam
2676 5177 3002 5233 intulerunt
3050 5175 3273 5241 timent,
3306 5175 3447 5245 quia
3477 5177 3669 5231 virtu-

1970 5283 2052 5331 tes
2100 5271 2167 5326 de
2206 5270 2403 5325 minus
2449 5268 2653 5324 idonea
2705 5265 3012 5322 stabilitate
3049 5278 3117 5319 ac
3162 5263 3449 5320 munditia
3499 5278 3671 5334 penes

1972 5359 2294 5415 intellectus
2338 5356 2739 5412 excellentiam
2787 5353 3121 5410 erubescere
3169 5352 3371 5420 solent,
3410 5359 3466 5408 et
3496 5368 3567 5408 ne
3597 5353 3671 5408 ab

1971 5449 2097 5518 ejus
2127 5447 2313 5519 gratia
2345 5444 2646 5515 panaliter
2693 5442 2959 5499 decidant
3013 5441 3070 5496 in
3110 5440 3271 5507 vitia,
3318 5455 3434 5497 non
3465 5440 3673 5496 imme-

1973 5538 2084 5592 rito
2134 5535 2439 5604 trepidant.
2498 5535 2580 5588 Ac
2626 5532 2672 5587 si
2740 5531 3029 5588 dicerent:
3094 5528 3422 5600 Spiritnalis
3469 5530 3669 5597 virtus,

1972 5639 2046 5681 ex
2101 5637 2220 5695 qua
2250 5638 2374 5679 esse
2402 5622 2597 5688 habes,
2640 5622 2779 5676 dum
2830 5620 2888 5675 in
2918 5618 3319 5675 mortificando
3358 5632 3533 5688 super
3560 5626 3671 5674 ter-

1978 5728 2100 5768 ram
2139 5712 2398 5768 mtmbra
2449 5710 2672 5765 laborat
2722 5709 2791 5763 ad
2842 5721 3019 5777 quam
3070 5706 3418 5763 universitas
3466 5705 3674 5762 interni
