3950 6422
308 391 410 446 335

1190 389 1250 446 ν.
1297 387 1638 448 GUIBERTI
1671 390 1968 447 ABBATIS
2006 391 2062 448 S.
2107 388 2346 445 MARUE
2379 388 2470 446 DE
2509 386 2908 445 NOVIGENTO

3702 394 3815 447 336

305 521 530 578 roboris
559 521 780 588 attinet,
824 520 964 577 dum
995 520 1225 591 penitus
1269 522 1424 592 quod
1451 521 1625 576 ofticit
1664 521 1996 577 abscindere
2034 488 2247 581 Ᾰυὶιὶὶι
2277 521 2552 590 Ephraim
2589 522 2729 589 ﬁlios
2777 535 2945 589 usque
2991 520 3066 574 ad
3113 522 3330 576 tertiam
3375 524 3811 589 generationem.

305 627 420 668 non
471 609 762 682 praevalet,
835 618 1175 666 czeterarum
1221 613 1503 667 virtutum
1571 611 1996 680 subjacentium

303 700 669 754 infirmitates
709 713 776 754 ac
825 699 1204 770 negligentias
1259 708 1529 768 excusat;
1580 701 1718 769 quia
1768 699 1826 753 in
1880 713 1998 769 quo

303 789 455 858 regis
490 787 784 843 imbecillis
833 787 1128 844 invenitur
1173 790 1503 853 auctoritas,
1542 788 1787 843 militum
1832 787 1998 841 valde

301 883 488 946 torpet
523 876 808 933 alacritas.
855 877 1174 947 Fragilium
1207 891 1344 947 ergo
1378 876 1592 946 quibus
1620 877 1752 930 olim
1793 874 1998 946 subja-

301 965 532 1020 cuimus
558 973 818 1020 motuum
849 965 1205 1031 obliviscere,
1239 973 1313 1031 et,
1355 973 1418 1019 ut
1452 963 1547 1018 tibi
1592 965 1880 1033 competit,
1924 962 1995 1018 ad

301 1066 556 1122 superna
605 1054 904 1109 contende.
957 1054 1077 1108 Nos
1117 1069 1326 1123 quoque
1356 1069 1593 1120 oramus,
1627 1057 1906 1122 inquiunt,
1938 1056 1996 1106 ut

299 1144 474 1196 servis
505 1144 609 1196 Dei
629 1145 810 1212 patris
841 1144 925 1195 tui
962 1143 1210 1196 dimittas
1241 1145 1588 1210 iniquitatem
1619 1143 1776 1196 hanc.
1807 1142 1998 1197 Servis

300 1229 400 1285 Dei
435 1231 608 1298 patris
637 1231 726 1286 sui
783 1230 1144 1300 iniquitatem
1189 1230 1398 1286 dimitti
1448 1240 1676 1300 rogant,
1725 1230 1864 1284 dum
1899 1243 1998 1298 per

299 1317 692 1387 intelligentiae
720 1333 984 1388 superna:
1034 1319 1150 1373 vim
1198 1319 1443 1374 statibus
1492 1318 1692 1383 animi,
1745 1318 1858 1372 Deo
1902 1331 1992 1372 ra-

302 1405 632 1460 tionalitatis
667 1406 886 1460 auctori
931 1405 1148 1461 servire
1175 1407 1516 1473 Veientibus,
1563 1405 1790 1461 desidia:
1833 1413 1994 1461 vete-

299 1492 377 1548 ris
410 1507 620 1548 noxam
646 1493 862 1563 expiari
897 1495 1212 1564 postulant.

371 1579 542 1636 Vens.
596 1583 682 1647 18,
752 1583 836 1635 t9.
895 1612 964 1620 —
1017 1582 1224 1646 Quibus
1290 1581 1500 1636 auditis
1563 1583 1708 1648 ﬂevit
1773 1582 1990 1650 Ioseph.

309 1669 682 1738 Veneruntque
722 1669 797 1722 ad
826 1685 945 1723 eum
987 1672 1192 1736 fratres
1229 1673 1335 1736 sui,
1386 1677 1436 1724 et
1483 1673 1644 1740 proni
1689 1673 1748 1723 in
1794 1675 1994 1724 terram

298 1756 602 1811 dixerunt:
637 1757 792 1812 Servi
838 1759 922 1810 tui
967 1772 1172 1811 sumus.
1215 1759 1408 1824 Nolite,
1458 1761 1559 1822 ait,
1612 1761 1992 1812 timere:num

294 1859 582 1912 possumus
630 1845 734 1898 Dei
809 1846 1059 1898 resistere
1105 1846 1422 1899 voluntati?
1477 1845 1655 1901 Audit
1695 1846 1900 1916 .loseph
1939 1854 1993 1902 et

301 1931 416 1997 ﬂet,
470 1947 603 1988 cum
648 1932 1063 2002 cogitationum
1118 1932 1499 1990 humilitatem
1553 1933 1624 1988 ad
1675 1933 1997 1990 intellectus

299 2022 543 2092 gratiam
572 2021 988 2091 compungitet
1030 2030 1340 2090 permovet.
1393 2022 1609 2078 Audire
1651 2023 1706 2076 in
1738 2022 1995 2092 Scriptu-

298 2110 379 2164 ris
410 2109 724 2180 intelligere
771 2109 1004 2177 dicitur,
1052 2117 1116 2165 ut
1148 2110 1488 2180 Apostolus:
1531 2113 1805 2166 Animalis
1852 2117 1996 2166 nso

299 2199 452 2253 homo
475 2214 582 2252 non
606 2201 841 2268 percipit
875 2214 996 2268 qua
1022 2205 1148 2252 sunt
1182 2203 1412 2268 spiritus
1435 2201 1529 2253 Dei
1553 2201 1611 2267 (I
1633 2201 1751 2255 Cor.
1787 2214 1846 2268 tt,
1881 2202 1991 2267 15),

299 2301 488 2356 neque
517 2287 671 2343 enim
701 2287 882 2354 audit,
925 2287 981 2342 id
1017 2295 1101 2342 est
1149 2288 1433 2357 intelligit.
1475 2287 1732 2344 Veniunt
1761 2288 1835 2341 ad
1877 2305 1996 2342 eum

297 2377 524 2443 fratres,
571 2389 702 2430 cum
749 2389 1006 2445 quaeque
1048 2376 1288 2430 virtutes
1333 2375 1413 2430 illi
1463 2389 1731 2444 prospere
1763 2376 1998 2431 admini-

297 2466 610 2534 culantur;
651 2467 813 2534 proni
855 2467 929 2518 im
972 2477 1175 2518 terram
1225 2472 1429 2532 ruunt,
1475 2465 1615 2520 dum
1666 2465 1720 2520 in
1751 2473 1997 2522 contem-

297 2553 510 2624 plando
543 2553 793 2608 cmlestia
821 2553 890 2608 de
932 2567 1038 2608 sua
1071 2553 1375 2624 fragilitate
1407 2553 1810 2620 humiliantur,
1839 2554 1994 2624 quod

298 2641 536 2711 Moyses,
560 2649 615 2697 et
646 2640 839 2706 Isaias,
885 2641 998 2696 Deo
1035 2641 1143 2696 subi
1191 2650 1522 2710 apparente,
1557 2641 1652 2696 sed
1685 2649 1740 2697 et
1787 2642 1880 2697 alii
1913 2641 1991 2698 fe-

298 2731 441 2785 cisse
472 2730 766 2799 leguntur.
794 2730 968 2796 Servi,
1021 2729 1314 2799 inquiunt,
1351 2732 1434 2784 tui
1470 2745 1674 2794 sumus,
1707 2731 1846 2800 quia
1880 2746 1992 2786 non

301 2818 432 2874 imis
460 2817 774 2885 desideriis,
819 2817 916 2872 sed
965 2832 1228 2886 superme
1281 2817 1477 2886 gloriae
1522 2817 1887 2886 invigilantes
1919 2820 1996 2874 in-

298 2906 712 2962 tellectualitati
765 2907 1156 2962 obsecundare
1231 2907 1520 2962 volumus.
1587 2907 1668 2964 Ne
1725 2908 1992 2978 timeatis,

297 2997 397 3062 ait,
429 3009 658 3051 summa
705 3005 994 3066 appetere,
1053 2997 1192 3066 quia
1239 3011 1352 3052 non
1397 3010 1704 3066 possumus
1746 2997 1846 3053 Dei
1886 3011 1993 3053 vo-

298 3085 507 3141 luntati
530 3085 808 3140 resistere.
1607 3089 1615 3096 '

367 3173 538 3229 Vens.
589 3175 677 3228 20.
725 3204 794 3213 —
856 3175 958 3228 Vos
1007 3176 1148 3228 enim
1204 3175 1484 3242 cogitastis
1533 3173 1599 3226 de
1640 3189 1723 3228 me
1763 3174 1986 3242 malum,

295 3267 345 3316 et
373 3265 512 3316 Deus
555 3265 718 3316 vertit
747 3263 888 3316 illud
923 3265 983 3317 in
1031 3263 1246 3330 bonum,
1299 3267 1361 3316 ut
1405 3263 1673 3317 exultaret
1718 3279 1822 3330 me,
1851 3267 1992 3318 sicut

295 3353 354 3404 in
411 3353 839 3420 praesentiarum
915 3355 1156 3417 cernitis,
1211 3357 1262 3406 et
1329 3353 1507 3407 salvos
1574 3353 1754 3417 facere
1796 3354 1990 3406 multos

290 3441 538 3509 populos.
569 3439 730 3506 Quod
760 3447 844 3496 est
867 3440 1082 3496 dicere:
1114 3439 1392 3507 Velimus,
1425 3440 1698 3503 nolimus,
1723 3441 1794 3496 ad
1815 3454 1990 3495 suum

295 3541 396 3582 vos
421 3527 573 3583 Deus
601 3527 745 3583 velle
773 3529 1082 3595 contraxit,
1125 3535 1180 3584 et
1216 3543 1349 3583 cum
1378 3529 1447 3584 de
1486 3528 1991 3584 intellectualitatis

294 3615 622 3685 rejectione,
673 3629 741 3671 ac
800 3616 844 3670 si
894 3616 1119 3686 cupidae
1181 3617 1557 3672 mediocrium
1609 3617 1678 3672 de
1720 3617 1848 3688 ejus
1893 3619 1990 3673 ni-

292 3703 523 3758 mietate
587 3711 891 3759 causantes
966 3704 1372 3774 cogitaveritis,
1440 3712 1576 3760 sunt
1657 3707 1809 3762 enim
1885 3707 1989 3776 qui

293 3787 815 3856 affectant-media,
871 3789 968 3846 sed
1024 3790 1208 3862 magis
1259 3791 1367 3847 sub
1424 3791 1529 3847 hoc
1571 3791 1757 3848 colore
1810 3792 1980 3848 vitia.

292 3878 444 3934 Deus
500 3877 573 3934 ad
632 3880 736 3934 mei
769 3880 1172 3937 exaltationem
1229 3881 1365 3952 ipsis
1422 3881 1584 3938 vobis
1625 3882 1869 3938 ostendit
1905 3881 1987 3938 ef-

291 3965 550 4034 fectibus,
612 3968 766 4038 quod
809 3968 866 4024 in
923 3983 1013 4025 me
1068 3969 1394 4026 contineam
1445 3970 1683 4038 bonum,
1739 3979 1792 4027 et
1830 3971 1985 4042 quod

291 4054 412 4110 sine
443 4069 825 4124 supernorum
869 4058 1074 4114 notitia
1121 4058 1177 4114 in
1231 4059 1392 4116 vobis
1429 4073 1546 4114 non
1596 4059 1804 4115 habeat
1849 4074 1986 4115 vera

290 4143 446 4198 salus
474 4143 662 4199 locum
681 4159 698 4214 ;
730 4151 786 4200 ct
811 4145 1024 4201 multos
1054 4145 1318 4216 populos,
1356 4147 1694 4203 innumeras
1724 4146 1986 4204 videlicet

288 4228 416 4285 illas
442 4230 771 4287 insolentias
800 4231 980 4287 animi
1019 4233 1355 4304 subjugaret
1383 4249 1483 4304 per
1511 4235 1982 4305 spiritualitatum

286 4331 546 4386 saporem
577 4318 890 4375 salubriter
916 4320 1046 4376 sibi.
1087 4321 1166 4378 De
1198 4321 1287 4378 his
1318 4323 1546 4393 populis
1567 4324 1669 4380 Job
1701 4324 1979 4394 loquitur.

2109 611 2236 663 Filii
2265 625 2474 680 quoque
2511 611 2743 669 Machir,
2784 613 2891 679 ﬁlii
2934 611 3186 664 Manasse
3231 613 3355 665 nati
3397 617 3524 666 sunt
3553 613 3613 666 in
3661 615 3816 680 geni-

2105 698 2200 752 bus
2225 701 2440 767 Joseph.
2486 698 2554 753 In
2583 701 2816 768 diggpto
2867 699 3106 767 habitat,
3149 699 3195 754 si
3227 701 3493 770 quandiu
3524 701 3584 755 in
3623 714 3815 755 mun-

2104 787 2175 842 do
2221 787 2382 854 vivit,
2438 788 2494 842 in
2542 802 2804 854 mmrore,
2851 788 3244 854 tribulatione,
3299 797 3477 858 atque
3526 789 3814 859 angustia

2105 876 2350 945 positum
2399 890 2457 930 se
2510 875 2830 946 intelligens
2903 877 3152 946 quisque
3205 875 3410 932 doleat.
3467 877 3601 933 Cum
3654 879 3812 930 omni

2103 973 2294 1020 autem
2323 967 2503 1034 patris
2547 965 2700 1018 domo
2745 964 2820 1019 ibi
2871 964 3110 1030 habitat,
3165 979 3298 1021 cum
3338 966 3495 1020 omni
3545 965 3812 1020 rationa-

2103 1051 2244 1107 lium
2309 1062 2564 1108 statuum
2624 1053 2970 1122 frequentia,
3039 1053 3327 1122 quidquid
3385 1053 3442 1107 in
3497 1053 3608 1108 hac
3652 1053 3814 1108 valle

2103 1139 2489 1210 lacrymarum
2530 1140 2872 1196 illecebrosze
2937 1140 3346 1196 consolationis
3412 1148 3516 1208 est,
3561 1140 3810 1212 refugit,

2101 1228 2640 1298 exsecrandumque
2669 1229 2926 1298 deputat.
2971 1229 3258 1298 Egyptus
3293 1229 3446 1284 enim
3487 1237 3544 1285 et
3593 1244 3815 1284 maero-

2101 1332 2232 1383 rem,
2292 1324 2347 1372 et
2427 1318 2831 1371 tribulationem
2893 1320 3338 1385 coangustantem
3418 1325 3473 1372 et
3547 1317 3814 1371 tenebras

2101 1413 2284 1459 sonat.
2317 1405 2382 1460 In
2428 1405 2518 1459 his
2555 1419 2692 1474 ergo
2731 1405 2944 1475 degens
2991 1420 3216 1460 necesse
3256 1413 3340 1460 est
3385 1405 3538 1462 dicat
3570 1421 3583 1460 :
3638 1406 3812 1459 Diem

2102 1495 2337 1547 hominis
2384 1509 2488 1547 non
2529 1496 2812 1562 concupivi
2855 1491 2954 1565 [aL
2989 1493 3342 1562 desideravi),
3394 1503 3453 1548 tu
3499 1497 3606 1548 scis
3663 1495 3808 1562 (Jer.

2101 1596 2238 1649 xvu,
2276 1585 2386 1650 l6).
2438 1582 2721 1637 Denarius
2767 1581 3184 1651 multiplicatus
3229 1581 3627 1638 centenarium
3674 1581 3811 1638 effi—

2101 1671 2193 1726 cit.
2228 1671 2334 1726 Per
2381 1670 2684 1726 denarium
2735 1685 2988 1740 namque
3037 1670 3247 1725 divina:
3293 1670 3453 1741 legis,
3496 1686 3630 1726 cum
3665 1685 3808 1726 cen-

2102 1760 2388 1816 tenarium
2437 1760 2696 1830 perfecta.-
2741 1759 3158 1814 observationis
3202 1760 3474 1829 attigerit,
3520 1759 3808 1828 sapientis

2105 1851 2299 1904 anima
2328 1848 2489 1915 vivit,
2522 1856 2576 1903 et
2619 1849 2675 1903 in
2705 1863 2771 1904 eo
2804 1849 2924 1903 dies
2967 1847 3267 1903 luminosa:
3311 1848 3553 1902 actionis
3600 1848 3659 1903 in
3688 1861 3808 1902 an-

2105 1951 2209 1992 nos
2255 1937 2650 2007 integritatum
2697 1951 2764 1993 ac
2814 1937 3164 1992 soliditatum
3202 1936 3483 2006 provehit.
3517 1935 3802 2006 prraim

2103 2025 2317 2080 dicitur
2342 2027 2700 2094 fructiﬁcans.

2176 2114 2422 2170 Fructus
2471 2122 2664 2169 autem
2716 2113 2791 2182 pii
2857 2112 3036 2168 nostri
3088 2110 3346 2167 exercitii
3407 2110 3552 2166 filios
3599 2110 3802 2176 habet,

2103 2202 2242 2272 quia
2271 2203 2390 2272 spei
2434 2217 2554 2258 suae
2601 2201 2852 2272 praemiis
2891 2216 3004 2257 non
3067 2208 3241 2256 caret.
3296 2202 3422 2268 Ipsa
3473 2201 3625 2256 enim
3674 2214 3807 2269 spes

2105 2290 2258 2345 filius
2331 2299 2434 2346 est.
2507 2290 2667 2346 Unde
2715 2290 2964 2344 dicitur:
3045 2289 3244 2344 Videas
3296 2290 3532 2357 ﬁliorum
3579 2295 3807 2342 tuorum

2105 2380 2280 2450 (Psal.
2325 2393 2531 2443 cxxvn,
2583 2379 2656 2448 6),
2706 2377 2758 2433 id
2799 2387 2883 2434 est
2932 2377 3169 2448 praemia
3215 2391 3476 2447 operum,
3531 2377 3621 2433 vel
3659 2376 3805 2433 etTe-

2099 2477 2226 2524 ctus
2252 2468 2766 2537 exspectationum.
2797 2467 2986 2522 Prima
3027 2468 3220 2536 itaque
3250 2466 3540 2536 generatio
3571 2466 3805 2522 bonum

2101 2572 2247 2626 opus
2303 2565 2425 2624 est;
2485 2557 2760 2622 secunda,
2828 2556 2942 2626 spei
3013 2555 3226 2610 fiducia
3272 2569 3345 2611 ex
3390 2555 3588 2610 eodem
3642 2553 3805 2610 bono

2100 2659 2268 2714 opere
2293 2653 2409 2714 est;
2459 2645 2644 2712 tertia,
2687 2644 2980 2714 perventio
3035 2643 3156 2714 spei
3203 2643 3380 2712 ipsius
3419 2643 3491 2698 ad
3532 2657 3652 2698 rem
3689 2651 3802 2699 est.

2102 2733 2286 2788 Potest
2315 2741 2368 2789 et
2399 2734 2552 2789 trina
2591 2733 2712 2788 haec
2755 2733 3047 2803 generatio
3092 2732 3293 2800 accipi,
3335 2733 3510 2801 juxta
3547 2732 3808 2800 Aposto-

2102 2821 2244 2890 lum,
2304 2821 2466 2890 prius
2523 2821 2764 2886 vocatio,
2816 2820 3019 2874 deinde
3070 2819 3424 2890 justilicatio,
3467 2818 3538 2874 ad
3585 2827 3808 2888 postre-

2101 2925 2259 2965 mum
2317 2909 2672 2980 glorificatio.
2727 2911 2870 2974 Quos
2919 2911 3080 2975 enim,
3139 2909 3236 2975 ait,
3298 2911 3528 2974 vocavit,
3572 2911 3695 2962 illos
3748 2915 3806 2962 et

2093 2997 2439 3068 justiﬁcavit,
2492 3003 2542 3051 et
2607 3011 2738 3065 quos
2786 2998 3136 3067 justiﬁcacit,
3197 2998 3316 3051 illos
3365 3001 3416 3050 et
3461 2997 3804 3064 glorificavit

2029 3100 2068 3156 ε
2103 3087 2281 3157 (Rom.
2319 3101 2437 3153 vin,
2470 3088 2575 3152 30).
2621 3086 2735 3140 Hos
2785 3099 2922 3154 ergo
2975 3084 3294 3139 intellectus
3343 3083 3488 3138 filios
3527 3085 3799 3150 attendit,

2100 3175 2253 3231 unde
2307 3182 2362 3230 et
2409 3173 2705 3229 ardentius
2749 3173 3094 3228 fructificare
3148 3171 3461 3228 contendit.
3533 3171 3698 3238 Quod
3746 3174 3796 3228 si

2101 3264 2375 3333 Ephraim
2410 3263 2555 3318 filios
2601 3261 2720 3316 sola
2750 3275 2818 3316 ea
2867 3260 3187 3327 commoda,
3240 3275 3371 3331 quae
3407 3274 3480 3315 ex
3517 3261 3798 3330 operibus

2100 3360 2441 3418 nascuntur,
2488 3366 2602 3407 non
2645 3359 2838 3406 autem
2885 3363 3057 3419 opera
3101 3349 3224 3419 ipsa
3275 3349 3669 3419 intelligimus,
3699 3349 3798 3404 di-

2097 3456 2222 3497 cere
2276 3454 2582 3512 possumus
2627 3439 2849 3494 fructus
2895 3452 3153 3508 operum,
3199 3451 3327 3507 spes
3379 3437 3795 3508 praemiorum;

2096 3529 2214 3600 spei
2274 3529 2517 3594 fructus,
2588 3527 2972 3584 beatitudines
3037 3527 3386 3594 animarum,
3445 3525 3649 3582 deinde
3708 3541 3798 3582 re-

2096 3619 2478 3675 surrectiones
2507 3631 2833 3688 corporum.
2864 3615 3024 3673 Unde
3071 3615 3345 3685 psalmus.
3387 3617 3530 3681 Dies,
3573 3615 3792 3684 inquit,

2094 3723 2258 3778 super
2299 3708 2415 3762 dies
2451 3709 2595 3774 regis
2641 3705 2892 3776 adjicies,
2948 3719 3118 3759 annos
3166 3704 3285 3773 ejus
3329 3719 3498 3772 usque
3538 3706 3597 3757 in
3644 3703 3795 3758 diem

2094 3797 2480 3864 generationis,
2556 3793 2770 3850 scilicet
2845 3793 3177 3862 spirituum,
3261 3796 3312 3845 et
3401 3794 3791 3859 generationis,

2094 3882 2353 3939 videlicet
2384 3896 2690 3953 corporum
2727 3881 2896 3951 (Psal.
2930 3895 3020 3946 Lx,
3069 3880 3147 3950 7).
3196 3879 3343 3934 Hinc
3370 3885 3426 3934 et
3467 3892 3502 3934 a
3544 3878 3796 3935 Domino

2092 3971 2307 4027 dicitur
2353 3971 2727 4041 regeneratio,
2755 3971 2828 4024 In
2857 3971 3275 4037 regeneratione.
3327 3983 3446 4022 cum
3493 3967 3592 4034 ait,
3628 3967 3794 4022 sede-

2090 4062 2168 4114 rit
2193 4060 2346 4126 ﬁlius
2379 4061 2605 4113 hominis
2646 4059 2861 4128 (Matth.
2886 4072 3003 4125 χιχ,
3035 4057 3149 4125 28),
3179 4063 3285 4112 etc.

2163 4147 2342 4204 Filius
2379 4148 2659 4215 Manasse,
2694 4146 2796 4218 qui
2826 4146 3038 4202 dicitur
3067 4147 3407 4214 obliviscens,
3437 4151 3522 4200 est
3541 4143 3784 4212 Machir,

2090 4238 2193 4307 qui
2216 4237 2621 4306 interpretatur
2655 4235 2864 4289 videns.
2913 4233 3138 4301 Quanto
3171 4234 3326 4289 enim
3364 4232 3550 4304 magis
3580 4231 3784 4286 visibi-

2089 4325 2228 4381 lium
2259 4324 2674 4390 obliviscimur,
2725 4331 2883 4379 tanto
2913 4323 3096 4393 magis
3138 4321 3210 4377 ad
3254 4319 3503 4377 videnda
3531 4319 3782 4376 coelestia

286 4406 366 4461 Ne
407 4406 726 4475 protrahas,
763 4407 972 4478 inquit,
1012 4415 1216 4464 noctem
1246 4416 1307 4466 ut
1343 4413 1640 4467 ascendant
1658 4414 1853 4482 populi
1875 4428 1978 4483 pro
2017 4399 2061 4454 Ι)
2088 4413 2548 4470 intellectualiter
2593 4413 2908 4482 aperimur.
2955 4410 3208 4466 Genibus
3252 4423 3390 4466 vero
3433 4423 3552 4464 sese
3589 4409 3783 4465 foven-

285 4495 362 4548 eis
388 4494 524 4565 (Job.
559 4509 754 4563 xxxvr,
784 4497 890 4566 20).

283 4601 293 4642 ι
357 4584 528 4640 Vens.
582 4585 672 4638 2t.
725 4615 793 4624 —
843 4586 1021 4641 Nolite
1064 4591 1316 4642 metuere.
1377 4589 1490 4657 Ego
1530 4603 1755 4659 pascam
1792 4603 1885 4644 vos
1927 4594 1979 4644 et

278 4674 542 4743 parvulos
605 4679 829 4730 vestros.
890 4676 1315 4747 Consolatusque
1366 4682 1444 4732 est
1509 4693 1616 4744 eos,
1667 4677 1864 4732 blande
1913 4693 1978 4732 ac

281 4763 471 4817 leniter
511 4767 590 4818 est
641 4765 872 4822 locutus.
933 4764 1016 4821 Ne
1078 4765 1288 4836 inquit,
1345 4765 1552 4823 fucatae
1598 4774 1653 4823 et
1699 4766 1976 4836 pestiferae

281 4849 435 4906 illius
477 4851 886 4909 mediocritatis
933 4854 1166 4910 nomine
1215 4853 1334 4911 alta
1383 4854 1595 4912 divinze
1625 4855 1977 4926 speculatio-

279 4938 368 4993 nis
397 4939 679 5010 attingere
723 4941 1062 5010 vereamini,
1099 4942 1241 5012 quia
1269 4943 1328 4998 in
1366 4957 1456 4999 me
1493 4951 1548 5000 et
1577 4958 1698 5011 vos,
1732 4959 1863 5014 qua:
1912 4952 1976 5001 ut

277 5027 563 5083 virtutum
609 5029 986 5084 constantiam
1032 5029 1308 5098 habeatis,
1353 5045 1388 5086 a
1437 5047 1526 5089 me
1556 5033 1871 5103 accepistis,
1919 5042 1975 5090 et

275 5113 510 5170 inﬁrma
551 5129 800 5185 quaeque
838 5115 896 5172 in
955 5117 1119 5173 vobis
1166 5133 1297 5189 qua:
1343 5119 1487 5177 lacte
1527 5121 1971 5190 primordiorum

276 5205 534 5276 indigent
589 5205 844 5260 alemini.
921 5206 1261 5264 Consolatur
1310 5217 1366 5266 et
1433 5211 1631 5266 blande
1689 5212 1969 5282 loquitur,

275 5306 409 5348 cum
453 5306 554 5362 per
580 5293 874 5362 sapientiae
902 5295 1175 5351 salutaris
1223 5297 1514 5367 illapsum,
1548 5301 1837 5372 quidquid
1875 5314 1969 5356 ar-

275 5381 460 5437 duum
507 5388 563 5437 et
611 5381 1184 5452 incomprehensibile
1251 5385 1578 5458 videbatur,
1628 5388 1864 5460 levigat,
1915 5395 1972 5445 et

274 5476 611 5526 nectareum
639 5469 761 5540 jam
789 5471 1130 5528 mstimatur.

349 5557 514 5613 Vens.
576 5560 666 5612 22.
720 5587 788 5600 —
841 5562 912 5614 Et
968 5561 1241 5616 habitavit
1267 5565 1326 5616 in
1355 5566 1591 5635 Egypto
1646 5580 1766 5620 cum
1822 5567 1971 5620 omni

273 5646 430 5700 domo
480 5650 664 5714 patris
710 5651 833 5715 sui;
884 5652 1130 5719 vixitque
1170 5658 1376 5706 centum
1423 5653 1600 5718 decem
1646 5668 1834 5708 annos.
1889 5654 1968 5709 Et

2088 4503 2234 4559 tium
2265 4503 2447 4559 solent
2477 4501 2746 4558 infantuli
2791 4501 3057 4556 insidere.
3102 4507 3157 4556 et
3202 4512 3402 4554 eorum
3457 4497 3660 4568 utique
3689 4513 3778 4554 se—

2085 4591 2365 4648 dentium.
2399 4593 2531 4646 Filii
2548 4605 2685 4661 ergo
2708 4592 2920 4645 Machir
2947 4592 3006 4643 in
3031 4588 3278 4658 gentibus
3298 4586 3494 4657 Ioseph
3522 4601 3779 4642 nascun-

2087 4689 2202 4749 tur,
2257 4681 2399 4751 quia
2446 4679 2671 4736 fructus
2729 4677 3096 4748 speculativae
3156 4675 3416 4742 visionis,
3485 4674 3640 4745 quod
3693 4683 3778 4731 est

2086 4770 2312 4825 interna
2341 4769 2556 4836 laetitia,
2597 4775 2652 4824 et
2683 4767 2886 4823 salutis
2913 4775 3142 4821 aeternae
3181 4763 3446 4834 quaedam
3477 4763 3776 4830 securitas,

2085 4859 2142 4914 in
2173 4873 2390 4927 amore,
2448 4865 2504 4914 et
2549 4872 2622 4914 ex
2679 4871 2873 4912 amore
2919 4855 3202 4924 prodeunt
3251 4851 3773 4909 intellectualitatis.

2081 4947 2202 5004 Nisi
2260 4947 2413 5004 enim
2487 4944 2753 5002 funditus
2816 4941 3208 5012 intelligentiae
3263 4947 3492 4996 ametur
3534 4939 3774 5008 puritas,

2082 5052 2186 5093 nec
2215 5033 2710 5105 contemplationis
2755 5031 3101 5097 sublimitas,
3143 5043 3248 5085 nec
3295 5028 3594 5084 fructuum
3636 5042 3779 5098 pra-

2079 5125 2364 5181 dictorum
2393 5131 2671 5194 sequetur
2701 5121 2940 5178 utilitas.
2982 5119 3162 5174 Sessio
3193 5131 3331 5174 sane
3371 5116 3771 5186 humilitatem,

2082 5227 2339 5284 genuum
2380 5212 2636 5276 inﬂexio,
2667 5211 2770 5267 ubi
2797 5209 2868 5265 ad
2900 5207 3270 5278 excipiendos
3300 5205 3446 5261 filios
3491 5204 3771 5275 gremium

2079 5303 2374 5368 dilatatur,
2423 5299 2722 5356 cbaritatis
2789 5296 3078 5369 signiﬁcat
3143 5293 3602 5359 visceralitatem,
3651 5294 3769 5349 sine

2079 5389 2298 5460 quibus
2345 5388 2537 5444 valere
2579 5403 2695 5444 non
2744 5387 3050 5450 credimus,
3093 5397 3199 5440 nec
3248 5389 3511 5438 constare
3549 5381 3621 5436 ad
3667 5381 3768 5438 ista

2077 5475 2471 5533 contrahenda
2523 5473 3108 5541 intellectualitatem;
3157 5471 3392 5527 scientia
3433 5483 3639 5540 nempe
3677 5470 3768 5526 in-

2075 5565 2196 5633 ﬂat,
2229 5564 2481 5620 charitas
2507 5564 2751 5620 aedificat
2783 5563 2832 5634 (ι
2861 5563 2992 5616 Cor.
3026 5575 3143 5627 VIII,
3182 5561 3258 5631 l).

2145 5653 2315 5711 Vens.
2358 5655 2446 5708 23.
2479 5683 2547 5691 —
2595 5653 2798 5718 Quibus
2838 5652 3150 5714 transactis,
3193 5650 3398 5702 locutus
3449 5651 3528 5701 est
3572 5649 3765 5715 fratri-
