  <div class='ocr_page' id='page_1' title='image "/cluster/home/n/w/nwhite01/storage/ocr_20150623/156-157/uc1.31175010662024/174.png"; bbox 0 0 3950 6420; ppageno 0'>
   <div class='ocr_carea' id='block_1_1' title="bbox 136 383 242 437">
    <p class='ocr_par' dir='ltr' id='par_1_1' title="bbox 136 383 242 437">
     <span class='ocr_line' id='line_1_1' title="bbox 136 383 242 437; baseline 0.009 -1"><span class='ocrx_word' id='word_1_1' title='bbox 136 383 242 437; x_wconf 88' lang='grc'>337</span> 
     </span>
    </p>
   </div>
   <div class='ocr_carea' id='block_1_2' title="bbox 1109 379 2728 447">
    <p class='ocr_par' dir='ltr' id='par_1_2' title="bbox 1109 379 2728 447">
     <span class='ocr_line' id='line_1_2' title="bbox 1109 379 2728 447; baseline 0.001 -10"><span class='ocrx_word' id='word_1_2' title='bbox 1109 382 1201 437; x_wconf 81' lang='lat' dir='ltr'><strong><em>AD</em></strong></span> <span class='ocrx_word' id='word_1_3' title='bbox 1240 379 1722 439; x_wconf 74' lang='lat' dir='ltr'><strong><em>TROPOLOGIAS</em></strong></span> <span class='ocrx_word' id='word_1_4' title='bbox 1760 381 1835 438; x_wconf 90' lang='lat' dir='ltr'><strong>IN</strong></span> <span class='ocrx_word' id='word_1_5' title='bbox 1873 382 2077 447; x_wconf 87' lang='lat' dir='ltr'><strong><em>OSEE,</em></strong></span> <span class='ocrx_word' id='word_1_6' title='bbox 2118 380 2268 438; x_wconf 84' lang='lat' dir='ltr'><strong><em>ETC.</em></strong></span> <span class='ocrx_word' id='word_1_7' title='bbox 2313 380 2728 438; x_wconf 62' lang='lat' dir='ltr'><strong><em>PROOEMIUM.</em></strong></span> 
     </span>
    </p>
   </div>
   <div class='ocr_carea' id='block_1_3' title="bbox 3557 384 3659 437">
    <p class='ocr_par' dir='ltr' id='par_1_3' title="bbox 3557 384 3659 437">
     <span class='ocr_line' id='line_1_3' title="bbox 3557 384 3659 437; baseline 0 -1"><span class='ocrx_word' id='word_1_8' title='bbox 3557 384 3659 437; x_wconf 86' lang='lat'><strong><em>338</em></strong></span> 
     </span>
    </p>
   </div>
   <div class='ocr_carea' id='block_1_4' title="bbox 138 510 3661 584">
    <p class='ocr_par' dir='ltr' id='par_1_4' title="bbox 138 510 3661 584">
     <span class='ocr_line' id='line_1_4' title="bbox 138 510 3661 584; baseline -0 -16"><span class='ocrx_word' id='word_1_9' title='bbox 138 512 240 569; x_wconf 87' lang='lat' dir='ltr'><strong><em>bus</em></strong></span> <span class='ocrx_word' id='word_1_10' title='bbox 288 516 406 569; x_wconf 84' lang='lat' dir='ltr'><strong><em>suis</em></strong></span> <span class='ocrx_word' id='word_1_11' title='bbox 443 528 458 569; x_wconf 91' lang='lat'><em>:</em></span> <span class='ocrx_word' id='word_1_12' title='bbox 497 515 622 569; x_wconf 82' lang='lat' dir='ltr'><strong><em>Post</em></strong></span> <span class='ocrx_word' id='word_1_13' title='bbox 671 518 895 567; x_wconf 88' lang='lat' dir='ltr'><strong><em>mortem</em></strong></span> <span class='ocrx_word' id='word_1_14' title='bbox 940 527 1113 567; x_wconf 90' lang='lat' dir='ltr'><strong><em>meam</em></strong></span> <span class='ocrx_word' id='word_1_15' title='bbox 1160 515 1297 566; x_wconf 85' lang='lat' dir='ltr'><strong><em>Deus</em></strong></span> <span class='ocrx_word' id='word_1_16' title='bbox 1342 512 1593 567; x_wconf 83' lang='lat' dir='ltr'><strong><em>visitabit</em></strong></span> <span class='ocrx_word' id='word_1_17' title='bbox 1633 528 1748 583; x_wconf 87' lang='lat' dir='ltr'><strong><em>vos,</em></strong></span> <span class='ocrx_word' id='word_1_18' title='bbox 1799 518 1850 567; x_wconf 87' lang='lat' dir='ltr'><strong><em>et</em></strong></span> <span class='ocrx_word' id='word_1_19' title='bbox 1886 516 1929 570; x_wconf 83' lang='lat' dir='ltr'><strong>A</strong></span> <span class='ocrx_word' id='word_1_20' title='bbox 1959 512 2008 584; x_wconf 91' lang='grc' dir='ltr'>(ι</span> <span class='ocrx_word' id='word_1_21' title='bbox 2036 514 2156 570; x_wconf 89' lang='lat' dir='ltr'><strong><em>Cor.</em></strong></span> <span class='ocrx_word' id='word_1_22' title='bbox 2206 527 2267 580; x_wconf 69' lang='grc' dir='ltr'><strong><em>χ,</em></strong></span> <span class='ocrx_word' id='word_1_23' title='bbox 2308 510 2415 583; x_wconf 79' lang='grc'>13).</span> <span class='ocrx_word' id='word_1_24' title='bbox 2456 512 2534 567; x_wconf 91' lang='lat' dir='ltr'><strong><em>De</em></strong></span> <span class='ocrx_word' id='word_1_25' title='bbox 2564 512 2673 567; x_wconf 82' lang='lat' dir='ltr'><strong><em>loco</em></strong></span> <span class='ocrx_word' id='word_1_26' title='bbox 2720 513 2825 566; x_wconf 88' lang='lat' dir='ltr'><strong><em>isto</em></strong></span> <span class='ocrx_word' id='word_1_27' title='bbox 2853 526 2975 567; x_wconf 88' lang='lat' dir='ltr'><strong><em>ossa</em></strong></span> <span class='ocrx_word' id='word_1_28' title='bbox 3004 527 3121 566; x_wconf 88' lang='lat' dir='ltr'><strong><em>mea</em></strong></span> <span class='ocrx_word' id='word_1_29' title='bbox 3162 516 3457 582; x_wconf 88' lang='lat' dir='ltr'><strong><em>asportate,</em></strong></span> <span class='ocrx_word' id='word_1_30' title='bbox 3492 511 3548 567; x_wconf 90' lang='lat' dir='ltr'>id</span> <span class='ocrx_word' id='word_1_31' title='bbox 3576 518 3661 567; x_wconf 86' lang='lat' dir='ltr'><strong><em>est</em></strong></span> 
     </span>
    </p>
   </div>
   <div class='ocr_carea' id='block_1_5' title="bbox 136 601 1849 671">
    <p class='ocr_par' dir='ltr' id='par_1_5' title="bbox 136 601 1849 671">
     <span class='ocr_line' id='line_1_5' title="bbox 136 601 1849 671; baseline -0.001 -14"><span class='ocrx_word' id='word_1_32' title='bbox 136 603 431 657; x_wconf 81' lang='lat' dir='ltr'><strong><em>ascendere</em></strong></span> <span class='ocrx_word' id='word_1_33' title='bbox 477 618 570 657; x_wconf 79' lang='lat' dir='ltr'><strong><em>vos</em></strong></span> <span class='ocrx_word' id='word_1_34' title='bbox 623 602 793 669; x_wconf 86' lang='lat' dir='ltr'><strong><em>faciet</em></strong></span> <span class='ocrx_word' id='word_1_35' title='bbox 842 601 908 656; x_wconf 86' lang='lat' dir='ltr'><strong><em>de</em></strong></span> <span class='ocrx_word' id='word_1_36' title='bbox 957 607 1104 656; x_wconf 87' lang='lat' dir='ltr'><strong><em>terra</em></strong></span> <span class='ocrx_word' id='word_1_37' title='bbox 1154 604 1264 656; x_wconf 91' lang='lat' dir='ltr'><strong><em>ista</em></strong></span> <span class='ocrx_word' id='word_1_38' title='bbox 1305 601 1380 655; x_wconf 78' lang='lat' dir='ltr'><strong><em>ad</em></strong></span> <span class='ocrx_word' id='word_1_39' title='bbox 1428 606 1628 655; x_wconf 83' lang='lat' dir='ltr'><strong><em>terram</em></strong></span> <span class='ocrx_word' id='word_1_40' title='bbox 1685 618 1849 671; x_wconf 85' lang='lat' dir='ltr'><strong><em>quam</em></strong></span> 
     </span>
    </p>
   </div>
   <div class='ocr_carea' id='block_1_6' title="bbox 130 690 1845 759">
    <p class='ocr_par' dir='ltr' id='par_1_6' title="bbox 130 690 1845 759">
     <span class='ocr_line' id='line_1_6' title="bbox 130 690 1845 759; baseline 0.001 -15"><span class='ocrx_word' id='word_1_41' title='bbox 130 692 355 759; x_wconf 84' lang='lat' dir='ltr'><strong><em>juravit</em></strong></span> <span class='ocrx_word' id='word_1_42' title='bbox 395 691 705 757; x_wconf 83' lang='lat' dir='ltr'><strong><em>Abraham,</em></strong></span> <span class='ocrx_word' id='word_1_43' title='bbox 753 692 906 745; x_wconf 85' lang='lat' dir='ltr'><strong><em>Isaac</em></strong></span> <span class='ocrx_word' id='word_1_44' title='bbox 936 695 986 745; x_wconf 87' lang='lat' dir='ltr'><strong><em>et</em></strong></span> <span class='ocrx_word' id='word_1_45' title='bbox 1030 690 1214 745; x_wconf 88' lang='lat' dir='ltr'><strong><em>Jacob.</em></strong></span> <span class='ocrx_word' id='word_1_46' title='bbox 1265 691 1409 746; x_wconf 91' lang='lat' dir='ltr'><strong><em>Dum</em></strong></span> <span class='ocrx_word' id='word_1_47' title='bbox 1445 698 1524 746; x_wconf 86' lang='lat' dir='ltr'><strong><em>tot</em></strong></span> <span class='ocrx_word' id='word_1_48' title='bbox 1576 690 1845 759; x_wconf 82' lang='lat' dir='ltr'><strong><em>filiorum,</em></strong></span> 
     </span>
    </p>
   </div>
   <div class='ocr_carea' id='block_1_7' title="bbox 136 777 1850 845">
    <p class='ocr_par' dir='ltr' id='par_1_7' title="bbox 136 777 1850 845">
     <span class='ocr_line' id='line_1_7' title="bbox 136 777 1850 845; baseline 0.001 -13"><span class='ocrx_word' id='word_1_49' title='bbox 136 777 195 833; x_wconf 87' lang='lat' dir='ltr'><strong><em>id</em></strong></span> <span class='ocrx_word' id='word_1_50' title='bbox 235 787 324 835; x_wconf 90' lang='lat' dir='ltr'><strong><em>est</em></strong></span> <span class='ocrx_word' id='word_1_51' title='bbox 370 779 861 834; x_wconf 82' lang='lat' dir='ltr'><strong><em>incrementorum</em></strong></span> <span class='ocrx_word' id='word_1_52' title='bbox 914 777 1326 833; x_wconf 92' lang='lat' dir='ltr'><strong><em>numerositate</em></strong></span> <span class='ocrx_word' id='word_1_53' title='bbox 1375 778 1648 845; x_wconf 77' lang='lat' dir='ltr'><strong><em>tenditur,</em></strong></span> <span class='ocrx_word' id='word_1_54' title='bbox 1701 778 1850 834; x_wconf 91' lang='lat' dir='ltr'><strong><em>inter</em></strong></span> 
     </span>
    </p>
   </div>
   <div class='ocr_carea' id='block_1_8' title="bbox 137 867 1845 937">
    <p class='ocr_par' dir='ltr' id='par_1_8' title="bbox 137 867 1845 937">
     <span class='ocr_line' id='line_1_8' title="bbox 137 867 1845 937; baseline 0.001 -15"><span class='ocrx_word' id='word_1_55' title='bbox 137 867 537 934; x_wconf 83' lang='lat' dir='ltr'><strong><em>miseriarum,</em></strong></span> <span class='ocrx_word' id='word_1_56' title='bbox 582 867 738 937; x_wconf 91' lang='lat' dir='ltr'><strong><em>quod</em></strong></span> <span class='ocrx_word' id='word_1_57' title='bbox 781 874 866 923; x_wconf 89' lang='lat' dir='ltr'><strong><em>est</em></strong></span> <span class='ocrx_word' id='word_1_58' title='bbox 912 867 1215 937; x_wconf 65' lang='lat' dir='ltr'><strong><em>Egyptus,</em></strong></span> <span class='ocrx_word' id='word_1_59' title='bbox 1253 867 1717 923; x_wconf 86' lang='lat' dir='ltr'><strong><em>circumstantias</em></strong></span> <span class='ocrx_word' id='word_1_60' title='bbox 1744 882 1845 937; x_wconf 90' lang='lat' dir='ltr'><strong><em>po-</em></strong></span> 
     </span>
    </p>
   </div>
   <div class='ocr_carea' id='block_1_9' title="bbox 137 955 1843 1026">
    <p class='ocr_par' dir='ltr' id='par_1_9' title="bbox 137 955 1843 1026">
     <span class='ocr_line' id='line_1_9' title="bbox 137 955 1843 1026; baseline 0 -15"><span class='ocrx_word' id='word_1_61' title='bbox 137 956 268 1012; x_wconf 87' lang='lat' dir='ltr'><strong><em>sitis</em></strong></span> <span class='ocrx_word' id='word_1_62' title='bbox 316 956 632 1012; x_wconf 87' lang='lat' dir='ltr'><strong><em>virtutibus</em></strong></span> <span class='ocrx_word' id='word_1_63' title='bbox 688 961 822 1010; x_wconf 73' lang='lat' dir='ltr'><strong>ISI</strong></span> <span class='ocrx_word' id='word_1_64' title='bbox 880 956 1130 1026; x_wconf 88' lang='lat' dir='ltr'><strong><em>propriis</em></strong></span> <span class='ocrx_word' id='word_1_65' title='bbox 1171 956 1475 1012; x_wconf 88' lang='lat' dir='ltr'><strong><em>discretive</em></strong></span> <span class='ocrx_word' id='word_1_66' title='bbox 1529 955 1843 1026; x_wconf 87' lang='lat' dir='ltr'><strong><em>eloquitur.</em></strong></span> 
     </span>
    </p>
   </div>
   <div class='ocr_carea' id='block_1_10' title="bbox 134 1044 1847 1115">
    <p class='ocr_par' dir='ltr' id='par_1_10' title="bbox 134 1044 1847 1115">
     <span class='ocr_line' id='line_1_10' title="bbox 134 1044 1847 1115; baseline 0.001 -16"><span class='ocrx_word' id='word_1_67' title='bbox 134 1047 267 1099; x_wconf 85' lang='lat' dir='ltr'><strong><em>Post</em></strong></span> <span class='ocrx_word' id='word_1_68' title='bbox 314 1052 558 1113; x_wconf 87' lang='lat' dir='ltr'><strong><em>mortem,</em></strong></span> <span class='ocrx_word' id='word_1_69' title='bbox 594 1044 803 1115; x_wconf 90' lang='lat' dir='ltr'><strong><em>inquit,</em></strong></span> <span class='ocrx_word' id='word_1_70' title='bbox 850 1061 1043 1110; x_wconf 83' lang='lat' dir='ltr'><strong><em>meam,</em></strong></span> <span class='ocrx_word' id='word_1_71' title='bbox 1089 1059 1222 1101; x_wconf 91' lang='lat' dir='ltr'><strong><em>cum</em></strong></span> <span class='ocrx_word' id='word_1_72' title='bbox 1269 1045 1484 1101; x_wconf 88' lang='lat' dir='ltr'><strong><em>scilicet</em></strong></span> <span class='ocrx_word' id='word_1_73' title='bbox 1533 1045 1847 1101; x_wconf 89' lang='lat' dir='ltr'><strong><em>carnalita-</em></strong></span> 
     </span>
    </p>
   </div>
   <div class='ocr_carea' id='block_1_11' title="bbox 133 1132 1848 1204">
    <p class='ocr_par' dir='ltr' id='par_1_11' title="bbox 133 1132 1848 1204">
     <span class='ocr_line' id='line_1_11' title="bbox 133 1132 1848 1204; baseline 0.001 -15"><span class='ocrx_word' id='word_1_74' title='bbox 133 1141 264 1189; x_wconf 92' lang='lat' dir='ltr'><strong><em>tum</em></strong></span> <span class='ocrx_word' id='word_1_75' title='bbox 315 1133 580 1189; x_wconf 90' lang='lat' dir='ltr'><strong><em>surculos</em></strong></span> <span class='ocrx_word' id='word_1_76' title='bbox 610 1132 1093 1204; x_wconf 89' lang='lat' dir='ltr'><strong><em>intelligibilitatis</em></strong></span> <span class='ocrx_word' id='word_1_77' title='bbox 1142 1148 1280 1190; x_wconf 70' lang='lat' dir='ltr'><strong><em>meae</em></strong></span> <span class='ocrx_word' id='word_1_78' title='bbox 1324 1134 1631 1190; x_wconf 88' lang='lat' dir='ltr'><strong><em>vivacitate</em></strong></span> <span class='ocrx_word' id='word_1_79' title='bbox 1668 1135 1848 1190; x_wconf 87' lang='lat' dir='ltr'><strong><em>succi-</em></strong></span> 
     </span>
    </p>
   </div>
   <div class='ocr_carea' id='block_1_12' title="bbox 131 1221 1846 1292">
    <p class='ocr_par' dir='ltr' id='par_1_12' title="bbox 131 1221 1846 1292">
     <span class='ocr_line' id='line_1_12' title="bbox 131 1221 1846 1292; baseline 0.002 -16"><span class='ocrx_word' id='word_1_80' title='bbox 131 1222 300 1290; x_wconf 89' lang='lat' dir='ltr'><strong><em>dero,</em></strong></span> <span class='ocrx_word' id='word_1_81' title='bbox 338 1230 463 1277; x_wconf 92' lang='lat' dir='ltr'><strong><em>tum</em></strong></span> <span class='ocrx_word' id='word_1_82' title='bbox 507 1236 541 1276; x_wconf 93' lang='lat' dir='ltr'><strong><em>a</em></strong></span> <span class='ocrx_word' id='word_1_83' title='bbox 590 1222 703 1277; x_wconf 91' lang='lat' dir='ltr'><strong><em>Deo</em></strong></span> <span class='ocrx_word' id='word_1_84' title='bbox 759 1221 1136 1277; x_wconf 89' lang='lat' dir='ltr'><strong><em>visitabimini</em></strong></span> <span class='ocrx_word' id='word_1_85' title='bbox 1186 1223 1423 1292; x_wconf 85' lang='lat' dir='ltr'><strong><em>superni</em></strong></span> <span class='ocrx_word' id='word_1_86' title='bbox 1462 1224 1675 1278; x_wconf 92' lang='lat' dir='ltr'><strong><em>amoris</em></strong></span> <span class='ocrx_word' id='word_1_87' title='bbox 1704 1239 1846 1279; x_wconf 92' lang='lat' dir='ltr'><strong><em>con-</em></strong></span> 
     </span>
    </p>
   </div>
   <div class='ocr_carea' id='block_1_13' title="bbox 133 1310 1845 1382">
    <p class='ocr_par' dir='ltr' id='par_1_13' title="bbox 133 1310 1845 1382">
     <span class='ocr_line' id='line_1_13' title="bbox 133 1310 1845 1382; baseline 0.001 -17"><span class='ocrx_word' id='word_1_88' title='bbox 133 1318 308 1380; x_wconf 88' lang='lat' dir='ltr'><strong><em>ceptu</em></strong></span> <span class='ocrx_word' id='word_1_89' title='bbox 346 1310 625 1380; x_wconf 86' lang='lat' dir='ltr'><strong><em>plenario,</em></strong></span> <span class='ocrx_word' id='word_1_90' title='bbox 658 1316 713 1365; x_wconf 89' lang='lat' dir='ltr'><strong><em>et</em></strong></span> <span class='ocrx_word' id='word_1_91' title='bbox 758 1310 827 1365; x_wconf 92' lang='lat' dir='ltr'><strong><em>de</em></strong></span> <span class='ocrx_word' id='word_1_92' title='bbox 861 1311 1103 1366; x_wconf 88' lang='lat' dir='ltr'><strong><em>terrenis</em></strong></span> <span class='ocrx_word' id='word_1_93' title='bbox 1149 1311 1239 1367; x_wconf 92' lang='lat' dir='ltr'><strong><em>his</em></strong></span> <span class='ocrx_word' id='word_1_94' title='bbox 1280 1311 1497 1382; x_wconf 90' lang='lat' dir='ltr'><strong><em>quibus</em></strong></span> <span class='ocrx_word' id='word_1_95' title='bbox 1540 1310 1845 1367; x_wconf 89' lang='lat' dir='ltr'><strong><em>irretimini</em></strong></span> 
     </span>
    </p>
   </div>
   <div class='ocr_carea' id='block_1_14' title="bbox 133 1397 1844 1470">
    <p class='ocr_par' dir='ltr' id='par_1_14' title="bbox 133 1397 1844 1470">
     <span class='ocr_line' id='line_1_14' title="bbox 133 1397 1844 1470; baseline 0.001 -18"><span class='ocrx_word' id='word_1_96' title='bbox 133 1398 498 1470; x_wconf 87' lang='lat' dir='ltr'><strong><em>imaginibus</em></strong></span> <span class='ocrx_word' id='word_1_97' title='bbox 526 1413 625 1469; x_wconf 90' lang='lat' dir='ltr'><strong><em>per</em></strong></span> <span class='ocrx_word' id='word_1_98' title='bbox 669 1399 988 1468; x_wconf 83' lang='lat' dir='ltr'><strong><em>Abraham,</em></strong></span> <span class='ocrx_word' id='word_1_99' title='bbox 1022 1399 1179 1469; x_wconf 91' lang='lat' dir='ltr'><strong><em>quod</em></strong></span> <span class='ocrx_word' id='word_1_100' title='bbox 1205 1406 1289 1455; x_wconf 92' lang='lat' dir='ltr'><strong><em>est</em></strong></span> <span class='ocrx_word' id='word_1_101' title='bbox 1324 1400 1640 1470; x_wconf 88' lang='lat' dir='ltr'><strong><em>paternitas</em></strong></span> <span class='ocrx_word' id='word_1_102' title='bbox 1668 1397 1844 1470; x_wconf 89' lang='lat' dir='ltr'><strong><em>spiri-</em></strong></span> 
     </span>
    </p>
   </div>
   <div class='ocr_carea' id='block_1_15' title="bbox 136 1488 1845 1559">
    <p class='ocr_par' dir='ltr' id='par_1_15' title="bbox 136 1488 1845 1559">
     <span class='ocr_line' id='line_1_15' title="bbox 136 1488 1845 1559; baseline 0.001 -16"><span class='ocrx_word' id='word_1_103' title='bbox 136 1495 252 1556; x_wconf 85' lang='lat' dir='ltr'><strong><em>tus,</em></strong></span> <span class='ocrx_word' id='word_1_104' title='bbox 305 1496 361 1544; x_wconf 92' lang='lat' dir='ltr'><strong><em>et</em></strong></span> <span class='ocrx_word' id='word_1_105' title='bbox 411 1490 589 1555; x_wconf 89' lang='lat' dir='ltr'><strong><em>Isaac,</em></strong></span> <span class='ocrx_word' id='word_1_106' title='bbox 647 1488 803 1559; x_wconf 92' lang='lat' dir='ltr'><strong><em>quod</em></strong></span> <span class='ocrx_word' id='word_1_107' title='bbox 854 1496 938 1544; x_wconf 91' lang='lat' dir='ltr'><strong><em>est</em></strong></span> <span class='ocrx_word' id='word_1_108' title='bbox 994 1488 1111 1558; x_wconf 87' lang='lat' dir='ltr'><strong><em>spei</em></strong></span> <span class='ocrx_word' id='word_1_109' title='bbox 1170 1488 1365 1559; x_wconf 72' lang='lat' dir='ltr'><strong><em>gloriae</em></strong></span> <span class='ocrx_word' id='word_1_110' title='bbox 1420 1488 1590 1556; x_wconf 89' lang='lat' dir='ltr'><strong><em>risus,</em></strong></span> <span class='ocrx_word' id='word_1_111' title='bbox 1644 1490 1740 1545; x_wconf 89' lang='lat' dir='ltr'><strong><em>sed</em></strong></span> <span class='ocrx_word' id='word_1_112' title='bbox 1789 1496 1845 1545; x_wconf 89' lang='lat' dir='ltr'><strong><em>et</em></strong></span> 
     </span>
    </p>
   </div>
   <div class='ocr_carea' id='block_1_16' title="bbox 130 1576 1843 1648">
    <p class='ocr_par' dir='ltr' id='par_1_16' title="bbox 130 1576 1843 1648">
     <span class='ocr_line' id='line_1_16' title="bbox 130 1576 1843 1648; baseline 0.001 -16"><span class='ocrx_word' id='word_1_113' title='bbox 130 1576 333 1645; x_wconf 84' lang='lat' dir='ltr'><strong><em>Jacob,</em></strong></span> <span class='ocrx_word' id='word_1_114' title='bbox 384 1577 908 1648; x_wconf 86' lang='lat' dir='ltr'><strong><em>supplantationem</em></strong></span> <span class='ocrx_word' id='word_1_115' title='bbox 950 1578 1215 1634; x_wconf 88' lang='lat' dir='ltr'><strong><em>videlicet</em></strong></span> <span class='ocrx_word' id='word_1_116' title='bbox 1262 1578 1434 1634; x_wconf 92' lang='lat' dir='ltr'><strong><em>totius</em></strong></span> <span class='ocrx_word' id='word_1_117' title='bbox 1467 1578 1623 1634; x_wconf 85' lang='lat' dir='ltr'><strong><em>noxii</em></strong></span> <span class='ocrx_word' id='word_1_118' title='bbox 1658 1587 1843 1645; x_wconf 90' lang='lat' dir='ltr'><strong><em>actus,</em></strong></span> 
     </span>
    </p>
   </div>
   <div class='ocr_carea' id='block_1_17' title="bbox 131 1664 1843 1737">
    <p class='ocr_par' dir='ltr' id='par_1_17' title="bbox 131 1664 1843 1737">
     <span class='ocr_line' id='line_1_17' title="bbox 131 1664 1843 1737; baseline 0.001 -16"><span class='ocrx_word' id='word_1_119' title='bbox 131 1664 592 1722; x_wconf 85' lang='lat' dir='ltr'><strong><em>sublevabimini</em></strong></span> <span class='ocrx_word' id='word_1_120' title='bbox 640 1666 712 1722; x_wconf 92' lang='lat' dir='ltr'><strong><em>ad</em></strong></span> <span class='ocrx_word' id='word_1_121' title='bbox 770 1666 927 1723; x_wconf 88' lang='lat' dir='ltr'><strong><em>illam</em></strong></span> <span class='ocrx_word' id='word_1_122' title='bbox 974 1682 1106 1737; x_wconf 77' lang='lat' dir='ltr'><strong><em>quae</em></strong></span> <span class='ocrx_word' id='word_1_123' title='bbox 1160 1681 1276 1723; x_wconf 89' lang='lat' dir='ltr'><strong><em>non</em></strong></span> <span class='ocrx_word' id='word_1_124' title='bbox 1324 1666 1698 1737; x_wconf 89' lang='lat' dir='ltr'><strong><em>dejectionem</em></strong></span> <span class='ocrx_word' id='word_1_125' title='bbox 1747 1668 1843 1723; x_wconf 87' lang='lat' dir='ltr'><strong><em>sed</em></strong></span> 
     </span>
    </p>
   </div>
   <div class='ocr_carea' id='block_1_18' title="bbox 127 1755 1846 1827">
    <p class='ocr_par' dir='ltr' id='par_1_18' title="bbox 127 1755 1846 1827">
     <span class='ocr_line' id='line_1_18' title="bbox 127 1755 1846 1827; baseline 0 -16"><span class='ocrx_word' id='word_1_126' title='bbox 127 1755 483 1811; x_wconf 89' lang='lat' dir='ltr'><strong><em>soliditatem</em></strong></span> <span class='ocrx_word' id='word_1_127' title='bbox 525 1755 812 1826; x_wconf 81' lang='lat' dir='ltr'><strong><em>signiﬁcat</em></strong></span> <span class='ocrx_word' id='word_1_128' title='bbox 858 1764 1093 1824; x_wconf 90' lang='lat' dir='ltr'><strong><em>terram,</em></strong></span> <span class='ocrx_word' id='word_1_129' title='bbox 1146 1770 1325 1827; x_wconf 91' lang='lat' dir='ltr'><strong><em>quam</em></strong></span> <span class='ocrx_word' id='word_1_130' title='bbox 1374 1757 1652 1826; x_wconf 89' lang='lat' dir='ltr'><strong><em>promittit</em></strong></span> <span class='ocrx_word' id='word_1_131' title='bbox 1694 1757 1846 1812; x_wconf 90' lang='lat' dir='ltr'><strong><em>Deus</em></strong></span> 
     </span>
    </p>
   </div>
   <div class='ocr_carea' id='block_1_19' title="bbox 127 1844 1841 1916">
    <p class='ocr_par' dir='ltr' id='par_1_19' title="bbox 127 1844 1841 1916">
     <span class='ocr_line' id='line_1_19' title="bbox 127 1844 1841 1916; baseline 0 -15"><span class='ocrx_word' id='word_1_132' title='bbox 127 1858 164 1901; x_wconf 90' lang='lat' dir='ltr'><strong><em>a</em></strong></span> <span class='ocrx_word' id='word_1_133' title='bbox 214 1844 461 1901; x_wconf 89' lang='lat' dir='ltr'><strong><em>mitibus</em></strong></span> <span class='ocrx_word' id='word_1_134' title='bbox 525 1845 923 1915; x_wconf 89' lang='lat' dir='ltr'><strong><em>possidendam</em></strong></span> <span class='ocrx_word' id='word_1_135' title='bbox 989 1845 1205 1916; x_wconf 79' lang='lat' dir='ltr'><strong><em>(Matth.</em></strong></span> <span class='ocrx_word' id='word_1_136' title='bbox 1262 1861 1316 1912; x_wconf 92' lang='lat' dir='ltr'><strong><em>v,</em></strong></span> <span class='ocrx_word' id='word_1_137' title='bbox 1381 1846 1479 1914; x_wconf 79' lang='grc'><strong><em>4),</em></strong></span> <span class='ocrx_word' id='word_1_138' title='bbox 1530 1846 1841 1916; x_wconf 90' lang='lat' dir='ltr'><strong><em>puritatem</em></strong></span> 
     </span>
    </p>
   </div>
   <div class='ocr_carea' id='block_1_20' title="bbox 1957 600 3661 672">
    <p class='ocr_par' dir='ltr' id='par_1_20' title="bbox 1957 600 3661 672">
     <span class='ocr_line' id='line_1_20' title="bbox 1957 600 3661 672; baseline -0.001 -14"><span class='ocrx_word' id='word_1_139' title='bbox 1957 603 2027 658; x_wconf 90' lang='lat' dir='ltr'><strong><em>de</em></strong></span> <span class='ocrx_word' id='word_1_140' title='bbox 2075 601 2338 671; x_wconf 71' lang='lat' dir='ltr'><strong><em>praesenti</em></strong></span> <span class='ocrx_word' id='word_1_141' title='bbox 2388 600 2600 658; x_wconf 70' lang='lat' dir='ltr'><strong><em>sazculo</em></strong></span> <span class='ocrx_word' id='word_1_142' title='bbox 2634 608 2911 672; x_wconf 76' lang='lat' dir='ltr'><strong><em>neqdam,</em></strong></span> <span class='ocrx_word' id='word_1_143' title='bbox 2959 601 3116 671; x_wconf 92' lang='lat' dir='ltr'><strong><em>quod</em></strong></span> <span class='ocrx_word' id='word_1_144' title='bbox 3168 600 3545 671; x_wconf 88' lang='lat' dir='ltr'><strong><em>spiritualiter</em></strong></span> <span class='ocrx_word' id='word_1_145' title='bbox 3579 609 3661 658; x_wconf 89' lang='lat' dir='ltr'><strong><em>est</em></strong></span> 
     </span>
    </p>
   </div>
   <div class='ocr_carea' id='block_1_21' title="bbox 1958 689 3661 762">
    <p class='ocr_par' dir='ltr' id='par_1_21' title="bbox 1958 689 3661 762">
     <span class='ocr_line' id='line_1_21' title="bbox 1958 689 3661 762; baseline 0.001 -17"><span class='ocrx_word' id='word_1_146' title='bbox 1958 689 2200 746; x_wconf 89' lang='lat' dir='ltr'><strong><em>Sodoma</em></strong></span> <span class='ocrx_word' id='word_1_147' title='bbox 2243 694 2300 746; x_wconf 88' lang='lat' dir='ltr'><strong><em>et</em></strong></span> <span class='ocrx_word' id='word_1_148' title='bbox 2326 691 2633 762; x_wconf 61' lang='lat' dir='ltr'><strong><em>Egyptus,</em></strong></span> <span class='ocrx_word' id='word_1_149' title='bbox 2683 690 2971 761; x_wconf 90' lang='lat' dir='ltr'><strong><em>quidquid</em></strong></span> <span class='ocrx_word' id='word_1_150' title='bbox 3004 689 3404 746; x_wconf 89' lang='lat' dir='ltr'><strong><em>intellectualis</em></strong></span> <span class='ocrx_word' id='word_1_151' title='bbox 3432 690 3661 746; x_wconf 88' lang='lat' dir='ltr'><strong><em>virtutis</em></strong></span> 
     </span>
    </p>
   </div>
   <div class='ocr_carea' id='block_1_22' title="bbox 1958 776 3657 849">
    <p class='ocr_par' dir='ltr' id='par_1_22' title="bbox 1958 776 3657 849">
     <span class='ocr_line' id='line_1_22' title="bbox 1958 776 3657 849; baseline 0.001 -17"><span class='ocrx_word' id='word_1_152' title='bbox 1958 776 2179 833; x_wconf 85' lang='lat' dir='ltr'><strong><em>habetis</em></strong></span> <span class='ocrx_word' id='word_1_153' title='bbox 2208 778 2279 834; x_wconf 90' lang='lat' dir='ltr'><strong><em>ad</em></strong></span> <span class='ocrx_word' id='word_1_154' title='bbox 2314 778 2685 835; x_wconf 90' lang='lat' dir='ltr'><strong><em>intentionem</em></strong></span> <span class='ocrx_word' id='word_1_155' title='bbox 2717 793 2985 849; x_wconf 68' lang='lat' dir='ltr'><strong><em>supernae</em></strong></span> <span class='ocrx_word' id='word_1_156' title='bbox 3018 778 3355 833; x_wconf 73' lang='lat' dir='ltr'><strong><em>aeternitatis</em></strong></span> <span class='ocrx_word' id='word_1_157' title='bbox 3386 778 3657 849; x_wconf 89' lang='lat' dir='ltr'><strong><em>attollite;</em></strong></span> 
     </span>
    </p>
   </div>
   <div class='ocr_carea' id='block_1_23' title="bbox 1956 865 3656 933">
    <p class='ocr_par' dir='ltr' id='par_1_23' title="bbox 1956 865 3656 933">
     <span class='ocr_line' id='line_1_23' title="bbox 1956 865 3656 933; baseline -0.001 -12"><span class='ocrx_word' id='word_1_158' title='bbox 1956 880 2061 921; x_wconf 91' lang='lat' dir='ltr'><strong><em>nec</em></strong></span> <span class='ocrx_word' id='word_1_159' title='bbox 2100 866 2359 921; x_wconf 87' lang='lat' dir='ltr'><strong><em>habeatis</em></strong></span> <span class='ocrx_word' id='word_1_160' title='bbox 2404 865 2500 921; x_wconf 91' lang='lat' dir='ltr'><strong><em>hic</em></strong></span> <span class='ocrx_word' id='word_1_161' title='bbox 2529 873 2858 922; x_wconf 88' lang='lat' dir='ltr'><strong><em>manentem</em></strong></span> <span class='ocrx_word' id='word_1_162' title='bbox 2899 865 3212 932; x_wconf 89' lang='lat' dir='ltr'><strong><em>civitatem,</em></strong></span> <span class='ocrx_word' id='word_1_163' title='bbox 3247 865 3345 920; x_wconf 87' lang='lat' dir='ltr'><strong><em>sed</em></strong></span> <span class='ocrx_word' id='word_1_164' title='bbox 3378 865 3656 933; x_wconf 90' lang='lat' dir='ltr'><strong><em>futuram,</em></strong></span> 
     </span>
    </p>
   </div>
   <div class='ocr_carea' id='block_1_24' title="bbox 1957 954 3655 1025">
    <p class='ocr_par' dir='ltr' id='par_1_24' title="bbox 1957 954 3655 1025">
     <span class='ocr_line' id='line_1_24' title="bbox 1957 954 3655 1025; baseline -0.002 -16"><span class='ocrx_word' id='word_1_165' title='bbox 1957 954 2128 1025; x_wconf 90' lang='lat' dir='ltr'><strong><em>cujus</em></strong></span> <span class='ocrx_word' id='word_1_166' title='bbox 2181 955 2330 1011; x_wconf 89' lang='lat' dir='ltr'><strong><em>Deus</em></strong></span> <span class='ocrx_word' id='word_1_167' title='bbox 2357 964 2443 1010; x_wconf 90' lang='lat' dir='ltr'><strong><em>est</em></strong></span> <span class='ocrx_word' id='word_1_168' title='bbox 2474 954 2804 1021; x_wconf 78' lang='lat' dir='ltr'><strong><em>fabricator,</em></strong></span> <span class='ocrx_word' id='word_1_169' title='bbox 2854 954 3131 1024; x_wconf 87' lang='lat' dir='ltr'><strong><em>inquirite</em></strong></span> <span class='ocrx_word' id='word_1_170' title='bbox 3168 954 3353 1024; x_wconf 75' lang='lat' dir='ltr'><strong><em>(Hebr.</em></strong></span> <span class='ocrx_word' id='word_1_171' title='bbox 3386 968 3509 1022; x_wconf 84' lang='lat' dir='ltr'><strong><em>xm,</em></strong></span> <span class='ocrx_word' id='word_1_172' title='bbox 3546 956 3655 1021; x_wconf 70' lang='grc'><strong><em>14).</em></strong></span> 
     </span>
    </p>
   </div>
   <div class='ocr_carea' id='block_1_25' title="bbox 1956 1042 3657 1114">
    <p class='ocr_par' dir='ltr' id='par_1_25' title="bbox 1956 1042 3657 1114">
     <span class='ocr_line' id='line_1_25' title="bbox 1956 1042 3657 1114; baseline -0.001 -14"><span class='ocrx_word' id='word_1_173' title='bbox 1956 1043 2095 1100; x_wconf 89' lang='lat' dir='ltr'><strong><em>Ossa</em></strong></span> <span class='ocrx_word' id='word_1_174' title='bbox 2126 1044 2373 1114; x_wconf 89' lang='lat' dir='ltr'><strong><em>profecto</em></strong></span> <span class='ocrx_word' id='word_1_175' title='bbox 2419 1044 2590 1100; x_wconf 88' lang='lat' dir='ltr'><strong><em>habet</em></strong></span> <span class='ocrx_word' id='word_1_176' title='bbox 2619 1046 2677 1097; x_wconf 86' lang='lat' dir='ltr'><strong><em>in</em></strong></span> <span class='ocrx_word' id='word_1_177' title='bbox 2712 1044 2963 1113; x_wconf 67' lang='lat' dir='ltr'><strong><em>Egypto</em></strong></span> <span class='ocrx_word' id='word_1_178' title='bbox 3010 1044 3281 1113; x_wconf 87' lang='lat' dir='ltr'><strong><em>quisquis</em></strong></span> <span class='ocrx_word' id='word_1_179' title='bbox 3329 1042 3497 1098; x_wconf 90' lang='lat' dir='ltr'><strong><em>fortia</em></strong></span> <span class='ocrx_word' id='word_1_180' title='bbox 3526 1058 3657 1114; x_wconf 68' lang='lat' dir='ltr'><strong><em>qua:</em></strong></span> 
     </span>
    </p>
   </div>
   <div class='ocr_carea' id='block_1_26' title="bbox 1954 1133 3658 1205">
    <p class='ocr_par' dir='ltr' id='par_1_26' title="bbox 1954 1133 3658 1205">
     <span class='ocr_line' id='line_1_26' title="bbox 1954 1133 3658 1205; baseline 0 -16"><span class='ocrx_word' id='word_1_181' title='bbox 1954 1136 2073 1205; x_wconf 88' lang='lat' dir='ltr'><strong><em>agit</em></strong></span> <span class='ocrx_word' id='word_1_182' title='bbox 2103 1149 2217 1189; x_wconf 90' lang='lat' dir='ltr'><strong><em>non</em></strong></span> <span class='ocrx_word' id='word_1_183' title='bbox 2252 1149 2353 1205; x_wconf 95' lang='lat' dir='ltr'><strong><em>pro</em></strong></span> <span class='ocrx_word' id='word_1_184' title='bbox 2387 1136 2497 1190; x_wconf 90' lang='lat' dir='ltr'><strong><em>Deo</em></strong></span> <span class='ocrx_word' id='word_1_185' title='bbox 2526 1143 2818 1205; x_wconf 88' lang='lat' dir='ltr'><strong><em>operatur,</em></strong></span> <span class='ocrx_word' id='word_1_186' title='bbox 2853 1133 2950 1189; x_wconf 91' lang='lat' dir='ltr'><strong><em>sed</em></strong></span> <span class='ocrx_word' id='word_1_187' title='bbox 2983 1148 3085 1204; x_wconf 93' lang='lat' dir='ltr'><strong><em>pro</em></strong></span> <span class='ocrx_word' id='word_1_188' title='bbox 3115 1134 3339 1189; x_wconf 69' lang='lat' dir='ltr'><strong><em>saeculo.</em></strong></span> <span class='ocrx_word' id='word_1_189' title='bbox 3378 1134 3457 1190; x_wconf 87' lang='lat' dir='ltr'><strong><em>De</em></strong></span> <span class='ocrx_word' id='word_1_190' title='bbox 3482 1133 3573 1191; x_wconf 94' lang='lat' dir='ltr'><strong><em>his</em></strong></span> <span class='ocrx_word' id='word_1_191' title='bbox 3600 1134 3658 1189; x_wconf 90' lang='lat' dir='ltr'><strong><em>in</em></strong></span> 
     </span>
    </p>
   </div>
   <div class='ocr_carea' id='block_1_27' title="bbox 1954 1222 3659 1294">
    <p class='ocr_par' dir='ltr' id='par_1_27' title="bbox 1954 1222 3659 1294">
     <span class='ocr_line' id='line_1_27' title="bbox 1954 1222 3659 1294; baseline -0.001 -16"><span class='ocrx_word' id='word_1_192' title='bbox 1954 1223 2176 1294; x_wconf 89' lang='lat' dir='ltr'><strong><em>psalmo</em></strong></span> <span class='ocrx_word' id='word_1_193' title='bbox 2227 1238 2240 1278; x_wconf 90' lang='lat'>:</span> <span class='ocrx_word' id='word_1_194' title='bbox 2302 1227 2458 1292; x_wconf 88' lang='lat' dir='ltr'><strong><em>Deus,</em></strong></span> <span class='ocrx_word' id='word_1_195' title='bbox 2519 1222 2732 1294; x_wconf 89' lang='lat' dir='ltr'><strong><em>inquit,</em></strong></span> <span class='ocrx_word' id='word_1_196' title='bbox 2802 1223 3101 1292; x_wconf 79' lang='lat' dir='ltr'><strong><em>dissipabit</em></strong></span> <span class='ocrx_word' id='word_1_197' title='bbox 3143 1237 3264 1277; x_wconf 90' lang='lat' dir='ltr'><strong><em>ossa</em></strong></span> <span class='ocrx_word' id='word_1_198' title='bbox 3318 1238 3500 1277; x_wconf 88' lang='lat' dir='ltr'><strong><em>eorum</em></strong></span> <span class='ocrx_word' id='word_1_199' title='bbox 3561 1225 3659 1292; x_wconf 89' lang='lat' dir='ltr'><strong><em>qui</em></strong></span> 
     </span>
    </p>
   </div>
   <div class='ocr_carea' id='block_1_28' title="bbox 1955 1310 3658 1383">
    <p class='ocr_par' dir='ltr' id='par_1_28' title="bbox 1955 1310 3658 1383">
     <span class='ocr_line' id='line_1_28' title="bbox 1955 1310 3658 1383; baseline 0.002 -19"><span class='ocrx_word' id='word_1_200' title='bbox 1955 1312 2259 1366; x_wconf 84' lang='lat' dir='ltr'><strong><em>hominibus</em></strong></span> <span class='ocrx_word' id='word_1_201' title='bbox 2297 1314 2516 1383; x_wconf 86' lang='lat' dir='ltr'><strong><em>placent</em></strong></span> <span class='ocrx_word' id='word_1_202' title='bbox 2543 1313 2712 1382; x_wconf 80' lang='lat' dir='ltr'><strong><em>(Psal.</em></strong></span> <span class='ocrx_word' id='word_1_203' title='bbox 2748 1326 2876 1378; x_wconf 75' lang='lat' dir='ltr'><strong><em>cxc,</em></strong></span> <span class='ocrx_word' id='word_1_204' title='bbox 2908 1310 2982 1382; x_wconf 92' lang='lat'><strong><em>7).</em></strong></span> <span class='ocrx_word' id='word_1_205' title='bbox 3018 1310 3161 1366; x_wconf 85' lang='lat' dir='ltr'><strong><em>Ossa</em></strong></span> <span class='ocrx_word' id='word_1_206' title='bbox 3189 1324 3445 1381; x_wconf 88' lang='lat' dir='ltr'><strong><em>namque</em></strong></span> <span class='ocrx_word' id='word_1_207' title='bbox 3479 1310 3658 1368; x_wconf 89' lang='lat' dir='ltr'><strong><em>robur</em></strong></span> 
     </span>
    </p>
   </div>
   <div class='ocr_carea' id='block_1_29' title="bbox 1954 1399 3511 1472">
    <p class='ocr_par' dir='ltr' id='par_1_29' title="bbox 1954 1399 3511 1472">
     <span class='ocr_line' id='line_1_29' title="bbox 1954 1399 3511 1472; baseline -0.002 -16"><span class='ocrx_word' id='word_1_208' title='bbox 1954 1400 2207 1469; x_wconf 89' lang='lat' dir='ltr'><strong><em>virtutis,</em></strong></span> <span class='ocrx_word' id='word_1_209' title='bbox 2239 1408 2293 1457; x_wconf 90' lang='lat' dir='ltr'><strong><em>et</em></strong></span> <span class='ocrx_word' id='word_1_210' title='bbox 2323 1415 2523 1457; x_wconf 90' lang='lat' dir='ltr'><strong><em>carnes</em></strong></span> <span class='ocrx_word' id='word_1_211' title='bbox 2552 1400 2881 1472; x_wconf 80' lang='lat' dir='ltr'><strong><em>signiﬁcant</em></strong></span> <span class='ocrx_word' id='word_1_212' title='bbox 2912 1399 3135 1469; x_wconf 90' lang='lat' dir='ltr'><strong><em>pondus</em></strong></span> <span class='ocrx_word' id='word_1_213' title='bbox 3164 1399 3511 1470; x_wconf 79' lang='lat' dir='ltr'><strong><em>fragilitatis.</em></strong></span> 
     </span>
    </p>
   </div>
   <div class='ocr_carea' id='block_1_30' title="bbox 2026 1484 3652 1559">
    <p class='ocr_par' dir='ltr' id='par_1_30' title="bbox 2026 1484 3652 1559">
     <span class='ocr_line' id='line_1_30' title="bbox 2026 1484 3652 1559; baseline -0.001 -16"><span class='ocrx_word' id='word_1_214' title='bbox 2026 1488 2393 1544; x_wconf 90' lang='lat' dir='ltr'><strong><em>Postmodum</em></strong></span> <span class='ocrx_word' id='word_1_215' title='bbox 2423 1503 2562 1559; x_wconf 86' lang='lat' dir='ltr'><strong><em>ergo</em></strong></span> <span class='ocrx_word' id='word_1_216' title='bbox 2605 1489 2726 1558; x_wconf 91' lang='lat' dir='ltr'><strong><em>jam</em></strong></span> <span class='ocrx_word' id='word_1_217' title='bbox 2757 1501 2859 1557; x_wconf 92' lang='lat' dir='ltr'><strong><em>per</em></strong></span> <span class='ocrx_word' id='word_1_218' title='bbox 2902 1486 3331 1543; x_wconf 88' lang='lat' dir='ltr'><strong><em>observantiam</em></strong></span> <span class='ocrx_word' id='word_1_219' title='bbox 3366 1484 3652 1557; x_wconf 89' lang='lat' dir='ltr'><strong><em>Decalogi,</em></strong></span> 
     </span>
    </p>
   </div>
   <div class='ocr_carea' id='block_1_31' title="bbox 1955 1574 3655 1647">
    <p class='ocr_par' dir='ltr' id='par_1_31' title="bbox 1955 1574 3655 1647">
     <span class='ocr_line' id='line_1_31' title="bbox 1955 1574 3655 1647; baseline -0.002 -14"><span class='ocrx_word' id='word_1_220' title='bbox 1955 1584 2019 1633; x_wconf 91' lang='lat' dir='ltr'><strong><em>ut</em></strong></span> <span class='ocrx_word' id='word_1_221' title='bbox 2045 1577 2404 1647; x_wconf 68' lang='lat' dir='ltr'><strong><em>praemissum</em></strong></span> <span class='ocrx_word' id='word_1_222' title='bbox 2438 1585 2543 1642; x_wconf 90' lang='lat' dir='ltr'><strong><em>est,</em></strong></span> <span class='ocrx_word' id='word_1_223' title='bbox 2576 1577 2647 1632; x_wconf 90' lang='lat' dir='ltr'><strong><em>ad</em></strong></span> <span class='ocrx_word' id='word_1_224' title='bbox 2669 1576 3070 1632; x_wconf 89' lang='lat' dir='ltr'><strong><em>certitudinem</em></strong></span> <span class='ocrx_word' id='word_1_225' title='bbox 3101 1582 3330 1631; x_wconf 61' lang='lat' dir='ltr'><strong><em>aeternae</em></strong></span> <span class='ocrx_word' id='word_1_226' title='bbox 3361 1574 3655 1645; x_wconf 89' lang='lat' dir='ltr'><strong><em>perfectio-</em></strong></span> 
     </span>
    </p>
   </div>
   <div class='ocr_carea' id='block_1_32' title="bbox 1954 1664 3657 1736">
    <p class='ocr_par' dir='ltr' id='par_1_32' title="bbox 1954 1664 3657 1736">
     <span class='ocr_line' id='line_1_32' title="bbox 1954 1664 3657 1736; baseline -0.001 -15"><span class='ocrx_word' id='word_1_227' title='bbox 1954 1666 2044 1721; x_wconf 88' lang='lat' dir='ltr'><strong><em>nis</em></strong></span> <span class='ocrx_word' id='word_1_228' title='bbox 2076 1666 2387 1736; x_wconf 87' lang='lat' dir='ltr'><strong><em>attingens,</em></strong></span> <span class='ocrx_word' id='word_1_229' title='bbox 2422 1665 2598 1721; x_wconf 86' lang='lat' dir='ltr'><strong><em>totius</em></strong></span> <span class='ocrx_word' id='word_1_230' title='bbox 2621 1664 2967 1720; x_wconf 89' lang='lat' dir='ltr'><strong><em>terrenitatis</em></strong></span> <span class='ocrx_word' id='word_1_231' title='bbox 2990 1664 3467 1734; x_wconf 69' lang='lat' dir='ltr'><strong><em>concupiscentiae</em></strong></span> <span class='ocrx_word' id='word_1_232' title='bbox 3488 1664 3657 1720; x_wconf 88' lang='lat' dir='ltr'><strong><em>mori-</em></strong></span> 
     </span>
    </p>
   </div>
   <div class='ocr_carea' id='block_1_33' title="bbox 1953 1752 3651 1833">
    <p class='ocr_par' dir='ltr' id='par_1_33' title="bbox 1953 1752 3651 1833">
     <span class='ocr_line' id='line_1_33' title="bbox 1953 1752 3651 1833; baseline -0.002 -23"><span class='ocrx_word' id='word_1_233' title='bbox 1953 1761 2069 1810; x_wconf 93' lang='lat' dir='ltr'><strong><em>tur.</em></strong></span> <span class='ocrx_word' id='word_1_234' title='bbox 2104 1754 2483 1811; x_wconf 89' lang='lat' dir='ltr'><strong><em>Centenarius</em></strong></span> <span class='ocrx_word' id='word_1_235' title='bbox 2513 1754 2682 1824; x_wconf 90' lang='lat' dir='ltr'><strong><em>plane</em></strong></span> <span class='ocrx_word' id='word_1_236' title='bbox 2711 1767 2743 1808; x_wconf 91' lang='lat' dir='ltr'><strong><em>a</em></strong></span> <span class='ocrx_word' id='word_1_237' title='bbox 2765 1752 3000 1809; x_wconf 89' lang='lat' dir='ltr'><strong><em>sinistra</em></strong></span> <span class='ocrx_word' id='word_1_238' title='bbox 3022 1754 3228 1809; x_wconf 87' lang='lat' dir='ltr'><strong><em>transit</em></strong></span> <span class='ocrx_word' id='word_1_239' title='bbox 3255 1752 3315 1833; x_wconf 89' lang='lat' dir='ltr'><strong><em>in</em></strong></span> <span class='ocrx_word' id='word_1_240' title='bbox 3334 1756 3651 1819; x_wconf 84' lang='lat' dir='ltr'><strong><em>dexteram,</em></strong></span> 
     </span>
    </p>
   </div>
   <div class='ocr_carea' id='block_1_34' title="bbox 1950 1840 3654 1914">
    <p class='ocr_par' dir='ltr' id='par_1_34' title="bbox 1950 1840 3654 1914">
     <span class='ocr_line' id='line_1_34' title="bbox 1950 1840 3654 1914; baseline -0.002 -15"><span class='ocrx_word' id='word_1_241' title='bbox 1950 1843 2090 1914; x_wconf 91' lang='lat' dir='ltr'><strong><em>quia</em></strong></span> <span class='ocrx_word' id='word_1_242' title='bbox 2123 1843 2420 1914; x_wconf 91' lang='lat' dir='ltr'><strong><em>plenitudo</em></strong></span> <span class='ocrx_word' id='word_1_243' title='bbox 2454 1842 2690 1899; x_wconf 91' lang='lat' dir='ltr'><strong><em>interior</em></strong></span> <span class='ocrx_word' id='word_1_244' title='bbox 2721 1842 2932 1898; x_wconf 64' lang='lat' dir='ltr'><strong><em>divinae</em></strong></span> <span class='ocrx_word' id='word_1_245' title='bbox 2954 1842 3333 1913; x_wconf 91' lang='lat' dir='ltr'><strong><em>multiplicata</em></strong></span> <span class='ocrx_word' id='word_1_246' title='bbox 3361 1842 3501 1912; x_wconf 84' lang='lat' dir='ltr'><strong><em>legis</em></strong></span> <span class='ocrx_word' id='word_1_247' title='bbox 3520 1840 3654 1897; x_wconf 82' lang='lat' dir='ltr'><strong><em>effe-</em></strong></span> 
     </span>
    </p>
   </div>
   <div class='ocr_carea' id='block_1_35' title="bbox 126 1930 3654 2004">
    <p class='ocr_par' dir='ltr' id='par_1_35' title="bbox 126 1930 3654 2004">
     <span class='ocr_line' id='line_1_35' title="bbox 126 1930 3654 2004; baseline -0.001 -18"><span class='ocrx_word' id='word_1_248' title='bbox 126 1930 349 1987; x_wconf 88' lang='lat' dir='ltr'><strong><em>scilicet</em></strong></span> <span class='ocrx_word' id='word_1_249' title='bbox 381 1931 453 1987; x_wconf 91' lang='lat' dir='ltr'><strong><em>ad</em></strong></span> <span class='ocrx_word' id='word_1_250' title='bbox 499 1932 679 1989; x_wconf 88' lang='lat' dir='ltr'><strong><em>Deum</em></strong></span> <span class='ocrx_word' id='word_1_251' title='bbox 710 1933 1102 1990; x_wconf 89' lang='lat' dir='ltr'><strong><em>contuendum</em></strong></span> <span class='ocrx_word' id='word_1_252' title='bbox 1129 1934 1388 1990; x_wconf 87' lang='lat' dir='ltr'><strong><em>stabilem</em></strong></span> <span class='ocrx_word' id='word_1_253' title='bbox 1432 1941 1488 1990; x_wconf 92' lang='lat' dir='ltr'><strong><em>et</em></strong></span> <span class='ocrx_word' id='word_1_254' title='bbox 1537 1934 1844 1990; x_wconf 91' lang='lat' dir='ltr'><strong><em>inconvul-</em></strong></span> <span class='ocrx_word' id='word_1_255' title='bbox 1950 1934 2156 2002; x_wconf 91' lang='lat' dir='ltr'><strong><em>ctibus,</em></strong></span> <span class='ocrx_word' id='word_1_256' title='bbox 2190 1947 2223 1988; x_wconf 89' lang='lat' dir='ltr'><strong><em>a</em></strong></span> <span class='ocrx_word' id='word_1_257' title='bbox 2256 1933 2520 2004; x_wconf 67' lang='lat' dir='ltr'><strong><em>praesenti</em></strong></span> <span class='ocrx_word' id='word_1_258' title='bbox 2563 1932 2773 1988; x_wconf 77' lang='lat' dir='ltr'><strong><em>szeculo</em></strong></span> <span class='ocrx_word' id='word_1_259' title='bbox 2803 1932 2875 1987; x_wconf 91' lang='lat' dir='ltr'><strong><em>ad</em></strong></span> <span class='ocrx_word' id='word_1_260' title='bbox 2921 1932 3207 1999; x_wconf 90' lang='lat' dir='ltr'><strong><em>futurum,</em></strong></span> <span class='ocrx_word' id='word_1_261' title='bbox 3237 1930 3367 1986; x_wconf 92' lang='lat' dir='ltr'><strong><em>totis</em></strong></span> <span class='ocrx_word' id='word_1_262' title='bbox 3394 1937 3654 1986; x_wconf 88' lang='lat' dir='ltr'><strong><em>contem-</em></strong></span> 
     </span>
    </p>
   </div>
   <div class='ocr_carea' id='block_1_36' title="bbox 125 2019 3653 2094">
    <p class='ocr_par' dir='ltr' id='par_1_36' title="bbox 125 2019 3653 2094">
     <span class='ocr_line' id='line_1_36' title="bbox 125 2019 3653 2094; baseline 0 -20"><span class='ocrx_word' id='word_1_263' title='bbox 125 2034 276 2075; x_wconf 89' lang='lat' dir='ltr'><strong><em>sam.</em></strong></span> <span class='ocrx_word' id='word_1_264' title='bbox 334 2020 610 2092; x_wconf 90' lang='lat' dir='ltr'><strong><em>Superbis</em></strong></span> <span class='ocrx_word' id='word_1_265' title='bbox 659 2022 828 2092; x_wconf 87' lang='lat' dir='ltr'><strong><em>plane</em></strong></span> <span class='ocrx_word' id='word_1_266' title='bbox 873 2023 1022 2079; x_wconf 90' lang='lat' dir='ltr'><strong><em>Deus</em></strong></span> <span class='ocrx_word' id='word_1_267' title='bbox 1068 2023 1297 2089; x_wconf 89' lang='lat' dir='ltr'><strong><em>resistit,</em></strong></span> <span class='ocrx_word' id='word_1_268' title='bbox 1353 2022 1589 2079; x_wconf 89' lang='lat' dir='ltr'><strong><em>mitibus</em></strong></span> <span class='ocrx_word' id='word_1_269' title='bbox 1646 2032 1840 2080; x_wconf 91' lang='lat' dir='ltr'><strong><em>autem</em></strong></span> <span class='ocrx_word' id='word_1_270' title='bbox 1950 2021 2164 2094; x_wconf 90' lang='lat' dir='ltr'><strong><em>plando</em></strong></span> <span class='ocrx_word' id='word_1_271' title='bbox 2189 2022 2467 2079; x_wconf 89' lang='lat' dir='ltr'><strong><em>altissima</em></strong></span> <span class='ocrx_word' id='word_1_272' title='bbox 2489 2022 2694 2078; x_wconf 91' lang='lat' dir='ltr'><strong><em>transit</em></strong></span> <span class='ocrx_word' id='word_1_273' title='bbox 2722 2020 3042 2077; x_wconf 75' lang='lat' dir='ltr'><strong><em>affectibus.</em></strong></span> <span class='ocrx_word' id='word_1_274' title='bbox 3066 2019 3653 2091; x_wconf 83' lang='lat' dir='ltr'><strong><em>Reponiturconditus</em></strong></span> 
     </span>
    </p>
   </div>
   <div class='ocr_carea' id='block_1_37' title="bbox 125 2108 3653 2183">
    <p class='ocr_par' dir='ltr' id='par_1_37' title="bbox 125 2108 3653 2183">
     <span class='ocr_line' id='line_1_37' title="bbox 125 2108 3653 2183; baseline -0 -19"><span class='ocrx_word' id='word_1_275' title='bbox 125 2109 227 2164; x_wconf 90' lang='lat' dir='ltr'><strong><em>dat</em></strong></span> <span class='ocrx_word' id='word_1_276' title='bbox 282 2110 535 2181; x_wconf 88' lang='lat' dir='ltr'><strong><em>gratiam</em></strong></span> <span class='ocrx_word' id='word_1_277' title='bbox 599 2110 736 2181; x_wconf 86' lang='lat' dir='ltr'><strong><em>(Jac.</em></strong></span> <span class='ocrx_word' id='word_1_278' title='bbox 790 2127 867 2177; x_wconf 83' lang='lat' dir='ltr'><strong><em>IV,</em></strong></span> <span class='ocrx_word' id='word_1_279' title='bbox 936 2113 1013 2182; x_wconf 87' lang='lat'><strong><em>6).</em></strong></span> <span class='ocrx_word' id='word_1_280' title='bbox 1063 2114 1209 2169; x_wconf 91' lang='lat' dir='ltr'><strong><em>Cum</em></strong></span> <span class='ocrx_word' id='word_1_281' title='bbox 1273 2125 1529 2183; x_wconf 90' lang='lat' dir='ltr'><strong><em>namque</em></strong></span> <span class='ocrx_word' id='word_1_282' title='bbox 1588 2112 1841 2169; x_wconf 91' lang='lat' dir='ltr'><strong><em>vivimus</em></strong></span> <span class='ocrx_word' id='word_1_283' title='bbox 1949 2112 2287 2167; x_wconf 84' lang='lat' dir='ltr'><strong><em>aromatibus</em></strong></span> <span class='ocrx_word' id='word_1_284' title='bbox 2307 2114 2491 2166; x_wconf 86' lang='lat' dir='ltr'><strong><em>inloco</em></strong></span> <span class='ocrx_word' id='word_1_285' title='bbox 2513 2114 2568 2165; x_wconf 91' lang='lat' dir='ltr'><strong><em>in</em></strong></span> <span class='ocrx_word' id='word_1_286' title='bbox 2593 2114 2850 2181; x_wconf 69' lang='lat' dir='ltr'><strong><em>£gypto,</em></strong></span> <span class='ocrx_word' id='word_1_287' title='bbox 2873 2111 3013 2181; x_wconf 90' lang='lat' dir='ltr'><strong><em>quia</em></strong></span> <span class='ocrx_word' id='word_1_288' title='bbox 3034 2108 3653 2165; x_wconf 91' lang='lat' dir='ltr'><strong><em>contracarniscorru—</em></strong></span> 
     </span>
    </p>
   </div>
   <div class='ocr_carea' id='block_1_38' title="bbox 125 2197 3653 2272">
    <p class='ocr_par' dir='ltr' id='par_1_38' title="bbox 125 2197 3653 2272">
     <span class='ocr_line' id='line_1_38' title="bbox 125 2197 3653 2272; baseline 0 -19"><span class='ocrx_word' id='word_1_289' title='bbox 125 2197 367 2268; x_wconf 88' lang='lat' dir='ltr'><strong><em>spiritu,</em></strong></span> <span class='ocrx_word' id='word_1_290' title='bbox 414 2206 469 2255; x_wconf 87' lang='lat' dir='ltr'><strong><em>et</em></strong></span> <span class='ocrx_word' id='word_1_291' title='bbox 520 2213 622 2269; x_wconf 90' lang='lat' dir='ltr'><strong><em>per</em></strong></span> <span class='ocrx_word' id='word_1_292' title='bbox 669 2198 937 2270; x_wconf 88' lang='lat' dir='ltr'><strong><em>spiritum</em></strong></span> <span class='ocrx_word' id='word_1_293' title='bbox 984 2199 1176 2270; x_wconf 90' lang='lat' dir='ltr'><strong><em>ipsum</em></strong></span> <span class='ocrx_word' id='word_1_294' title='bbox 1224 2200 1296 2256; x_wconf 87' lang='lat' dir='ltr'><strong><em>ad</em></strong></span> <span class='ocrx_word' id='word_1_295' title='bbox 1327 2214 1577 2271; x_wconf 89' lang='lat' dir='ltr'><strong><em>superna</em></strong></span> <span class='ocrx_word' id='word_1_296' title='bbox 1626 2202 1842 2272; x_wconf 89' lang='lat' dir='ltr'><strong><em>gaudia</em></strong></span> <span class='ocrx_word' id='word_1_297' title='bbox 1946 2201 2187 2272; x_wconf 89' lang='lat' dir='ltr'><strong><em>ptiones,</em></strong></span> <span class='ocrx_word' id='word_1_298' title='bbox 2236 2202 2518 2257; x_wconf 88' lang='lat' dir='ltr'><strong><em>virtutum</em></strong></span> <span class='ocrx_word' id='word_1_299' title='bbox 2547 2200 2804 2256; x_wconf 90' lang='lat' dir='ltr'><strong><em>custodia</em></strong></span> <span class='ocrx_word' id='word_1_300' title='bbox 2852 2199 3132 2264; x_wconf 90' lang='lat' dir='ltr'><strong><em>munitus,</em></strong></span> <span class='ocrx_word' id='word_1_301' title='bbox 3176 2198 3327 2254; x_wconf 91' lang='lat' dir='ltr'><strong><em>inter</em></strong></span> <span class='ocrx_word' id='word_1_302' title='bbox 3356 2197 3653 2268; x_wconf 58' lang='lat' dir='ltr'><strong><em>praesentis</em></strong></span> 
     </span>
    </p>
   </div>
   <div class='ocr_carea' id='block_1_39' title="bbox 126 2284 3649 2360">
    <p class='ocr_par' dir='ltr' id='par_1_39' title="bbox 126 2284 3649 2360">
     <span class='ocr_line' id='line_1_39' title="bbox 126 2284 3649 2360; baseline 0 -20"><span class='ocrx_word' id='word_1_303' title='bbox 126 2285 252 2356; x_wconf 89' lang='lat' dir='ltr'><strong><em>spei</em></strong></span> <span class='ocrx_word' id='word_1_304' title='bbox 308 2284 493 2341; x_wconf 61' lang='lat' dir='ltr'><strong><em>beata:</em></strong></span> <span class='ocrx_word' id='word_1_305' title='bbox 545 2286 919 2343; x_wconf 88' lang='lat' dir='ltr'><strong><em>ambulamus</em></strong></span> <span class='ocrx_word' id='word_1_306' title='bbox 975 2288 1203 2343; x_wconf 89' lang='lat' dir='ltr'><strong><em>incessu</em></strong></span> <span class='ocrx_word' id='word_1_307' title='bbox 1260 2286 1403 2357; x_wconf 83' lang='lat' dir='ltr'><strong><em>(Gal.</em></strong></span> <span class='ocrx_word' id='word_1_308' title='bbox 1454 2302 1509 2354; x_wconf 93' lang='lat' dir='ltr'><strong><em>v,</em></strong></span> <span class='ocrx_word' id='word_1_309' title='bbox 1559 2290 1670 2355; x_wconf 76' lang='lat'><strong><em>25),</em></strong></span> <span class='ocrx_word' id='word_1_310' title='bbox 1718 2287 1841 2343; x_wconf 90' lang='lat' dir='ltr'><strong><em>sine</em></strong></span> <span class='ocrx_word' id='word_1_311' title='bbox 1948 2289 2147 2346; x_wconf 65' lang='lat' dir='ltr'><strong><em>saeculi</em></strong></span> <span class='ocrx_word' id='word_1_312' title='bbox 2179 2290 2456 2360; x_wconf 86' lang='lat' dir='ltr'><strong><em>procellas</em></strong></span> <span class='ocrx_word' id='word_1_313' title='bbox 2485 2289 2594 2345; x_wconf 92' lang='lat' dir='ltr'><strong><em>sub</em></strong></span> <span class='ocrx_word' id='word_1_314' title='bbox 2622 2287 2966 2344; x_wconf 86' lang='lat' dir='ltr'><strong><em>humilitatis</em></strong></span> <span class='ocrx_word' id='word_1_315' title='bbox 2989 2287 3298 2343; x_wconf 88' lang='lat' dir='ltr'><strong><em>stabilitate</em></strong></span> <span class='ocrx_word' id='word_1_316' title='bbox 3321 2286 3649 2357; x_wconf 89' lang='lat' dir='ltr'><strong><em>deponitur.</em></strong></span> 
     </span>
    </p>
   </div>
   <div class='ocr_carea' id='block_1_40' title="bbox 124 2371 3649 2447">
    <p class='ocr_par' dir='ltr' id='par_1_40' title="bbox 124 2371 3649 2447">
     <span class='ocr_line' id='line_1_40' title="bbox 124 2371 3649 2447; baseline 0 -19"><span class='ocrx_word' id='word_1_317' title='bbox 124 2373 312 2429; x_wconf 90' lang='lat' dir='ltr'><strong><em>dubio</em></strong></span> <span class='ocrx_word' id='word_1_318' title='bbox 399 2371 841 2444; x_wconf 71' lang='lat' dir='ltr'><strong><em>supplantandze</em></strong></span> <span class='ocrx_word' id='word_1_319' title='bbox 904 2374 1177 2446; x_wconf 66' lang='lat' dir='ltr'><strong><em>nequitiae</em></strong></span> <span class='ocrx_word' id='word_1_320' title='bbox 1250 2388 1521 2444; x_wconf 90' lang='lat' dir='ltr'><strong><em>prospero</em></strong></span> <span class='ocrx_word' id='word_1_321' title='bbox 1586 2375 1843 2443; x_wconf 91' lang='lat' dir='ltr'><strong><em>potimur</em></strong></span> <span class='ocrx_word' id='word_1_322' title='bbox 1948 2380 2248 2447; x_wconf 81' lang='lat' dir='ltr'><strong><em>Reponitur</em></strong></span> <span class='ocrx_word' id='word_1_323' title='bbox 2288 2378 2459 2434; x_wconf 90' lang='lat' dir='ltr'><strong><em>etiam</em></strong></span> <span class='ocrx_word' id='word_1_324' title='bbox 2490 2378 2631 2433; x_wconf 90' lang='lat' dir='ltr'><strong><em>solet</em></strong></span> <span class='ocrx_word' id='word_1_325' title='bbox 2673 2376 2783 2432; x_wconf 89' lang='lat' dir='ltr'><strong><em>dici</em></strong></span> <span class='ocrx_word' id='word_1_326' title='bbox 2829 2390 2931 2446; x_wconf 94' lang='lat' dir='ltr'><strong><em>pro</em></strong></span> <span class='ocrx_word' id='word_1_327' title='bbox 2960 2390 3025 2431; x_wconf 92' lang='lat' dir='ltr'><strong><em>eo</em></strong></span> <span class='ocrx_word' id='word_1_328' title='bbox 3063 2375 3219 2446; x_wconf 90' lang='lat' dir='ltr'><strong><em>quod</em></strong></span> <span class='ocrx_word' id='word_1_329' title='bbox 3266 2382 3369 2441; x_wconf 91' lang='lat' dir='ltr'><strong><em>est,</em></strong></span> <span class='ocrx_word' id='word_1_330' title='bbox 3420 2374 3649 2429; x_wconf 87' lang='lat' dir='ltr'><strong><em>abscon-</em></strong></span> 
     </span>
    </p>
   </div>
   <div class='ocr_carea' id='block_1_41' title="bbox 124 2461 3651 2537">
    <p class='ocr_par' dir='ltr' id='par_1_41' title="bbox 124 2461 3651 2537">
     <span class='ocr_line' id='line_1_41' title="bbox 124 2461 3651 2537; baseline 0 -20"><span class='ocrx_word' id='word_1_331' title='bbox 124 2461 369 2531; x_wconf 83' lang='lat' dir='ltr'><strong><em>effectu,</em></strong></span> <span class='ocrx_word' id='word_1_332' title='bbox 399 2477 433 2518; x_wconf 95' lang='lat' dir='ltr'><strong><em>a</em></strong></span> <span class='ocrx_word' id='word_1_333' title='bbox 465 2463 681 2534; x_wconf 90' lang='lat' dir='ltr'><strong><em>quibus</em></strong></span> <span class='ocrx_word' id='word_1_334' title='bbox 709 2464 896 2520; x_wconf 91' lang='lat' dir='ltr'><strong><em>tribus</em></strong></span> <span class='ocrx_word' id='word_1_335' title='bbox 926 2478 993 2519; x_wconf 91' lang='lat' dir='ltr'><strong><em>ac</em></strong></span> <span class='ocrx_word' id='word_1_336' title='bbox 1036 2463 1084 2519; x_wconf 91' lang='lat' dir='ltr'><strong><em>si</em></strong></span> <span class='ocrx_word' id='word_1_337' title='bbox 1116 2464 1372 2533; x_wconf 88' lang='lat' dir='ltr'><strong><em>patronis</em></strong></span> <span class='ocrx_word' id='word_1_338' title='bbox 1402 2462 1837 2533; x_wconf 86' lang='lat' dir='ltr'><strong><em>principalibus,</em></strong></span> <span class='ocrx_word' id='word_1_339' title='bbox 1949 2468 2121 2522; x_wconf 90' lang='lat' dir='ltr'><strong><em>ditur.</em></strong></span> <span class='ocrx_word' id='word_1_340' title='bbox 2162 2468 2235 2523; x_wconf 90' lang='lat' dir='ltr'><strong><em>Et</em></strong></span> <span class='ocrx_word' id='word_1_341' title='bbox 2277 2466 2544 2537; x_wconf 91' lang='lat' dir='ltr'><strong><em>quisquis</em></strong></span> <span class='ocrx_word' id='word_1_342' title='bbox 2585 2464 2822 2521; x_wconf 90' lang='lat' dir='ltr'><strong><em>humilis</em></strong></span> <span class='ocrx_word' id='word_1_343' title='bbox 2849 2479 2970 2521; x_wconf 88' lang='lat' dir='ltr'><strong><em>esse</em></strong></span> <span class='ocrx_word' id='word_1_344' title='bbox 3008 2464 3185 2534; x_wconf 88' lang='lat' dir='ltr'><strong><em>cupit,</em></strong></span> <span class='ocrx_word' id='word_1_345' title='bbox 3226 2462 3299 2519; x_wconf 91' lang='lat' dir='ltr'><strong><em>ab</em></strong></span> <span class='ocrx_word' id='word_1_346' title='bbox 3324 2476 3479 2518; x_wconf 81' lang='lat' dir='ltr'><strong><em>omni</em></strong></span> <span class='ocrx_word' id='word_1_347' title='bbox 3513 2476 3651 2533; x_wconf 87' lang='lat' dir='ltr'><strong><em>pro-</em></strong></span> 
     </span>
    </p>
   </div>
   <div class='ocr_carea' id='block_1_42' title="bbox 127 2550 3651 2626">
    <p class='ocr_par' dir='ltr' id='par_1_42' title="bbox 127 2550 3651 2626">
     <span class='ocr_line' id='line_1_42' title="bbox 127 2550 3651 2626; baseline 0 -20"><span class='ocrx_word' id='word_1_348' title='bbox 127 2551 342 2608; x_wconf 86' lang='lat' dir='ltr'><strong><em>merito</em></strong></span> <span class='ocrx_word' id='word_1_349' title='bbox 382 2552 639 2624; x_wconf 79' lang='lat' dir='ltr'><strong><em>exigitur</em></strong></span> <span class='ocrx_word' id='word_1_350' title='bbox 689 2554 1011 2609; x_wconf 91' lang='lat' dir='ltr'><strong><em>sanctitatis</em></strong></span> <span class='ocrx_word' id='word_1_351' title='bbox 1054 2554 1305 2625; x_wconf 86' lang='lat' dir='ltr'><strong><em>gratiaa</em></strong></span> <span class='ocrx_word' id='word_1_352' title='bbox 1353 2553 1488 2620; x_wconf 93' lang='lat' dir='ltr'><strong><em>Deo,</em></strong></span> <span class='ocrx_word' id='word_1_353' title='bbox 1544 2554 1838 2623; x_wconf 91' lang='lat' dir='ltr'><strong><em>quondam</em></strong></span> <span class='ocrx_word' id='word_1_354' title='bbox 1948 2556 2093 2613; x_wconf 89' lang='lat' dir='ltr'><strong><em>fccto</em></strong></span> <span class='ocrx_word' id='word_1_355' title='bbox 2140 2556 2555 2626; x_wconf 89' lang='lat' dir='ltr'><strong><em>spectabilitate</em></strong></span> <span class='ocrx_word' id='word_1_356' title='bbox 2601 2570 2659 2610; x_wconf 90' lang='lat' dir='ltr'><strong><em>se</em></strong></span> <span class='ocrx_word' id='word_1_357' title='bbox 2699 2554 2927 2610; x_wconf 85' lang='lat' dir='ltr'><strong><em>occulit.</em></strong></span> <span class='ocrx_word' id='word_1_358' title='bbox 2980 2553 3175 2623; x_wconf 87' lang='lat' dir='ltr'><strong><em>Ipsum</em></strong></span> <span class='ocrx_word' id='word_1_359' title='bbox 3228 2565 3465 2623; x_wconf 90' lang='lat' dir='ltr'><strong><em>quoque</em></strong></span> <span class='ocrx_word' id='word_1_360' title='bbox 3497 2550 3651 2621; x_wconf 91' lang='lat' dir='ltr'><strong><em>posi—</em></strong></span> 
     </span>
    </p>
   </div>
   <div class='ocr_carea' id='block_1_43' title="bbox 124 2640 3647 2712">
    <p class='ocr_par' dir='ltr' id='par_1_43' title="bbox 124 2640 3647 2712">
     <span class='ocr_line' id='line_1_43' title="bbox 124 2640 3647 2712; baseline -0.001 -17"><span class='ocrx_word' id='word_1_361' title='bbox 124 2640 317 2696; x_wconf 91' lang='lat' dir='ltr'><strong><em>divini</em></strong></span> <span class='ocrx_word' id='word_1_362' title='bbox 349 2641 499 2712; x_wconf 89' lang='lat' dir='ltr'><strong><em>juris</em></strong></span> <span class='ocrx_word' id='word_1_363' title='bbox 544 2641 792 2712; x_wconf 83' lang='lat' dir='ltr'><strong><em>objecta.</em></strong></span> <span class='ocrx_word' id='word_1_364' title='bbox 824 2641 931 2709; x_wconf 90' lang='lat' dir='ltr'><strong><em>Qui</em></strong></span> <span class='ocrx_word' id='word_1_365' title='bbox 977 2643 1131 2697; x_wconf 90' lang='lat' dir='ltr'><strong><em>enim</em></strong></span> <span class='ocrx_word' id='word_1_366' title='bbox 1162 2642 1220 2697; x_wconf 93' lang='lat' dir='ltr'><strong><em>in</em></strong></span> <span class='ocrx_word' id='word_1_367' title='bbox 1258 2656 1317 2697; x_wconf 87' lang='lat' dir='ltr'><strong><em>se</em></strong></span> <span class='ocrx_word' id='word_1_368' title='bbox 1350 2642 1458 2710; x_wconf 92' lang='lat' dir='ltr'><strong><em>piis</em></strong></span> <span class='ocrx_word' id='word_1_369' title='bbox 1486 2642 1711 2698; x_wconf 89' lang='lat' dir='ltr'><strong><em>actibus</em></strong></span> <span class='ocrx_word' id='word_1_370' title='bbox 1752 2643 1839 2698; x_wconf 90' lang='lat' dir='ltr'><strong><em>di-</em></strong></span> <span class='ocrx_word' id='word_1_371' title='bbox 1947 2646 2120 2702; x_wconf 88' lang='lat' dir='ltr'><strong><em>tionis</em></strong></span> <span class='ocrx_word' id='word_1_372' title='bbox 2148 2660 2357 2701; x_wconf 87' lang='lat' dir='ltr'><strong><em>nomen</em></strong></span> <span class='ocrx_word' id='word_1_373' title='bbox 2404 2645 2513 2700; x_wconf 91' lang='lat' dir='ltr'><strong><em>hoc</em></strong></span> <span class='ocrx_word' id='word_1_374' title='bbox 2544 2643 2753 2699; x_wconf 82' lang='lat' dir='ltr'><strong><em>innuit.</em></strong></span> <span class='ocrx_word' id='word_1_375' title='bbox 2788 2643 2949 2701; x_wconf 91' lang='lat' dir='ltr'><strong><em>Unde</em></strong></span> <span class='ocrx_word' id='word_1_376' title='bbox 2980 2641 3235 2712; x_wconf 87' lang='lat' dir='ltr'><strong><em>psalmus</em></strong></span> <span class='ocrx_word' id='word_1_377' title='bbox 3266 2656 3279 2695; x_wconf 92' lang='lat'><strong>:</strong></span> <span class='ocrx_word' id='word_1_378' title='bbox 3314 2643 3420 2708; x_wconf 82' lang='lat' dir='ltr'><strong><em>Qui</em></strong></span> <span class='ocrx_word' id='word_1_379' title='bbox 3441 2642 3647 2711; x_wconf 83' lang='lat' dir='ltr'><strong><em>posuit,</em></strong></span> 
     </span>
    </p>
   </div>
   <div class='ocr_carea' id='block_1_44' title="bbox 124 2729 3650 2805">
    <p class='ocr_par' dir='ltr' id='par_1_44' title="bbox 124 2729 3650 2805">
     <span class='ocr_line' id='line_1_44' title="bbox 124 2729 3650 2805; baseline -0 -23"><span class='ocrx_word' id='word_1_380' title='bbox 124 2729 336 2786; x_wconf 84' lang='lat' dir='ltr'><strong><em>vinam</em></strong></span> <span class='ocrx_word' id='word_1_381' title='bbox 390 2730 663 2801; x_wconf 90' lang='lat' dir='ltr'><strong><em>resculpit</em></strong></span> <span class='ocrx_word' id='word_1_382' title='bbox 712 2730 1056 2803; x_wconf 86' lang='lat' dir='ltr'><strong><em>imaginem,</em></strong></span> <span class='ocrx_word' id='word_1_383' title='bbox 1100 2732 1260 2801; x_wconf 91' lang='lat' dir='ltr'><strong><em>justa</em></strong></span> <span class='ocrx_word' id='word_1_384' title='bbox 1306 2739 1361 2787; x_wconf 89' lang='lat' dir='ltr'><strong><em>et</em></strong></span> <span class='ocrx_word' id='word_1_385' title='bbox 1406 2745 1643 2801; x_wconf 89' lang='lat' dir='ltr'><strong><em>prorsus</em></strong></span> <span class='ocrx_word' id='word_1_386' title='bbox 1693 2730 1837 2787; x_wconf 83' lang='lat' dir='ltr'><strong><em>felici</em></strong></span> <span class='ocrx_word' id='word_1_387' title='bbox 1950 2734 2157 2805; x_wconf 90' lang='lat' dir='ltr'><strong><em>inquit,</em></strong></span> <span class='ocrx_word' id='word_1_388' title='bbox 2215 2734 2269 2789; x_wconf 92' lang='lat' dir='ltr'><strong><em>id</em></strong></span> <span class='ocrx_word' id='word_1_389' title='bbox 2322 2740 2406 2789; x_wconf 91' lang='lat' dir='ltr'><strong><em>est</em></strong></span> <span class='ocrx_word' id='word_1_390' title='bbox 2462 2731 2748 2803; x_wconf 88' lang='lat' dir='ltr'><strong><em>deposuit,</em></strong></span> <span class='ocrx_word' id='word_1_391' title='bbox 2812 2733 3056 2784; x_wconf 87' lang='lat' dir='ltr'><strong><em>animam</em></strong></span> <span class='ocrx_word' id='word_1_392' title='bbox 3111 2745 3283 2784; x_wconf 86' lang='lat' dir='ltr'><strong><em>meam</em></strong></span> <span class='ocrx_word' id='word_1_393' title='bbox 3343 2729 3417 2782; x_wconf 83' lang='lat' dir='ltr'><strong><em>ad</em></strong></span> <span class='ocrx_word' id='word_1_394' title='bbox 3479 2731 3650 2782; x_wconf 82' lang='lat' dir='ltr'><strong><em>vitam</em></strong></span> 
     </span>
    </p>
   </div>
   <div class='ocr_carea' id='block_1_45' title="bbox 124 2817 3649 2895">
    <p class='ocr_par' dir='ltr' id='par_1_45' title="bbox 124 2817 3649 2895">
     <span class='ocr_line' id='line_1_45' title="bbox 124 2817 3649 2895; baseline 0 -22"><span class='ocrx_word' id='word_1_395' title='bbox 124 2818 412 2874; x_wconf 85' lang='lat' dir='ltr'><strong><em>violentia</em></strong></span> <span class='ocrx_word' id='word_1_396' title='bbox 456 2819 556 2875; x_wconf 90' lang='lat' dir='ltr'><strong><em>Dei</em></strong></span> <span class='ocrx_word' id='word_1_397' title='bbox 604 2820 1030 2891; x_wconf 89' lang='lat' dir='ltr'><strong><em>quodammodo</em></strong></span> <span class='ocrx_word' id='word_1_398' title='bbox 1076 2819 1185 2876; x_wconf 90' lang='lat' dir='ltr'><strong><em>sibi</em></strong></span> <span class='ocrx_word' id='word_1_399' title='bbox 1219 2821 1576 2890; x_wconf 89' lang='lat' dir='ltr'><strong><em>promissam,</em></strong></span> <span class='ocrx_word' id='word_1_400' title='bbox 1627 2828 1681 2876; x_wconf 88' lang='lat' dir='ltr'><strong><em>et</em></strong></span> <span class='ocrx_word' id='word_1_401' title='bbox 1703 2821 1838 2892; x_wconf 90' lang='lat' dir='ltr'><strong><em>jure</em></strong></span> <span class='ocrx_word' id='word_1_402' title='bbox 1947 2824 2115 2895; x_wconf 85' lang='lat' dir='ltr'><strong><em>(Psat.</em></strong></span> <span class='ocrx_word' id='word_1_403' title='bbox 2140 2838 2268 2890; x_wconf 80' lang='lat' dir='ltr'><strong><em>va,</em></strong></span> <span class='ocrx_word' id='word_1_404' title='bbox 2298 2824 2379 2892; x_wconf 86' lang='lat'><strong><em>9);</em></strong></span> <span class='ocrx_word' id='word_1_405' title='bbox 2409 2822 2573 2878; x_wconf 91' lang='lat' dir='ltr'><strong><em>multi</em></strong></span> <span class='ocrx_word' id='word_1_406' title='bbox 2596 2821 2750 2877; x_wconf 92' lang='lat' dir='ltr'><strong><em>enim</em></strong></span> <span class='ocrx_word' id='word_1_407' title='bbox 2771 2820 3072 2876; x_wconf 90' lang='lat' dir='ltr'><strong><em>elevantur</em></strong></span> <span class='ocrx_word' id='word_1_408' title='bbox 3092 2818 3162 2874; x_wconf 90' lang='lat' dir='ltr'><strong><em>ad</em></strong></span> <span class='ocrx_word' id='word_1_409' title='bbox 3182 2826 3441 2875; x_wconf 90' lang='lat' dir='ltr'><strong><em>mortem.</em></strong></span> <span class='ocrx_word' id='word_1_410' title='bbox 3467 2817 3649 2873; x_wconf 88' lang='lat' dir='ltr'><strong><em>Locus</em></strong></span> 
     </span>
    </p>
   </div>
   <div class='ocr_carea' id='block_1_46' title="bbox 123 2907 3644 2982">
    <p class='ocr_par' dir='ltr' id='par_1_46' title="bbox 123 2907 3644 2982">
     <span class='ocr_line' id='line_1_46' title="bbox 123 2907 3644 2982; baseline -0.001 -20"><span class='ocrx_word' id='word_1_411' title='bbox 123 2907 390 2963; x_wconf 87' lang='lat' dir='ltr'><strong><em>debitam</em></strong></span> <span class='ocrx_word' id='word_1_412' title='bbox 476 2908 732 2964; x_wconf 89' lang='lat' dir='ltr'><strong><em>vindicat</em></strong></span> <span class='ocrx_word' id='word_1_413' title='bbox 791 2907 1258 2964; x_wconf 89' lang='lat' dir='ltr'><strong><em>sanctitudinem.</em></strong></span> <span class='ocrx_word' id='word_1_414' title='bbox 1324 2907 1548 2975; x_wconf 90' lang='lat' dir='ltr'><strong><em>Sancti,</em></strong></span> <span class='ocrx_word' id='word_1_415' title='bbox 1607 2907 1833 2979; x_wconf 88' lang='lat' dir='ltr'><strong><em>inquit,</em></strong></span> <span class='ocrx_word' id='word_1_416' title='bbox 1947 2926 2149 2982; x_wconf 90' lang='lat' dir='ltr'><strong><em>nempe</em></strong></span> <span class='ocrx_word' id='word_1_417' title='bbox 2190 2912 2502 2967; x_wconf 85' lang='lat' dir='ltr'><strong><em>electorum</em></strong></span> <span class='ocrx_word' id='word_1_418' title='bbox 2554 2910 2613 2966; x_wconf 93' lang='lat' dir='ltr'><strong><em>in</em></strong></span> <span class='ocrx_word' id='word_1_419' title='bbox 2657 2908 2921 2980; x_wconf 66' lang='lat' dir='ltr'><strong><em>praesenti</em></strong></span> <span class='ocrx_word' id='word_1_420' title='bbox 2969 2908 3283 2964; x_wconf 90' lang='lat' dir='ltr'><strong><em>humilitas.</em></strong></span> <span class='ocrx_word' id='word_1_421' title='bbox 3336 2907 3496 2963; x_wconf 90' lang='lat' dir='ltr'><strong><em>Unde</em></strong></span> <span class='ocrx_word' id='word_1_422' title='bbox 3542 2913 3644 2961; x_wconf 88' lang='lat' dir='ltr'><strong><em>est.</em></strong></span> 
     </span>
    </p>
   </div>
   <div class='ocr_carea' id='block_1_47' title="bbox 119 2995 3643 3069">
    <p class='ocr_par' dir='ltr' id='par_1_47' title="bbox 119 2995 3643 3069">
     <span class='ocr_line' id='line_1_47' title="bbox 119 2995 3643 3069; baseline -0.001 -18"><span class='ocrx_word' id='word_1_423' title='bbox 119 3003 330 3064; x_wconf 86' lang='lat' dir='ltr'><strong><em>estote,</em></strong></span> <span class='ocrx_word' id='word_1_424' title='bbox 369 2996 643 3067; x_wconf 90' lang='lat' dir='ltr'><strong><em>quoniam</em></strong></span> <span class='ocrx_word' id='word_1_425' title='bbox 673 3005 909 3054; x_wconf 89' lang='lat' dir='ltr'><strong><em>sanctus</em></strong></span> <span class='ocrx_word' id='word_1_426' title='bbox 937 3012 1069 3053; x_wconf 90' lang='lat' dir='ltr'><strong><em>sum</em></strong></span> <span class='ocrx_word' id='word_1_427' title='bbox 1104 2997 1252 3069; x_wconf 88' lang='lat' dir='ltr'><strong><em>(Lev.</em></strong></span> <span class='ocrx_word' id='word_1_428' title='bbox 1282 3012 1340 3064; x_wconf 88' lang='grc' dir='ltr'>ιι,</span> <span class='ocrx_word' id='word_1_429' title='bbox 1372 2998 1461 3063; x_wconf 77' lang='grc'><strong><em>44,</em></strong></span> <span class='ocrx_word' id='word_1_430' title='bbox 1490 3011 1604 3065; x_wconf 78' lang='lat' dir='ltr'><strong><em>x1x,</em></strong></span> <span class='ocrx_word' id='word_1_431' title='bbox 1632 2998 1704 3066; x_wconf 82' lang='lat'><strong><em>2).</em></strong></span> <span class='ocrx_word' id='word_1_432' title='bbox 1945 3003 2098 3056; x_wconf 83' lang='lat' dir='ltr'><strong><em>Auro</em></strong></span> <span class='ocrx_word' id='word_1_433' title='bbox 2147 3002 2291 3055; x_wconf 82' lang='lat' dir='ltr'><strong><em>locus</em></strong></span> <span class='ocrx_word' id='word_1_434' title='bbox 2343 3005 2441 3067; x_wconf 85' lang='lat' dir='ltr'><strong><em>est,</em></strong></span> <span class='ocrx_word' id='word_1_435' title='bbox 2499 3002 2559 3053; x_wconf 86' lang='lat' dir='ltr'><strong><em>in</em></strong></span> <span class='ocrx_word' id='word_1_436' title='bbox 2605 3015 2709 3068; x_wconf 89' lang='lat' dir='ltr'><strong><em>quo</em></strong></span> <span class='ocrx_word' id='word_1_437' title='bbox 2763 3000 3021 3065; x_wconf 74' lang='lat' dir='ltr'><strong><em>con/tatur</em></strong></span> <span class='ocrx_word' id='word_1_438' title='bbox 3080 2997 3216 3067; x_wconf 85' lang='lat' dir='ltr'><strong><em>(Job.</em></strong></span> <span class='ocrx_word' id='word_1_439' title='bbox 3266 2995 3485 3067; x_wconf 82' lang='lat' dir='ltr'><strong><em>xxvm).</em></strong></span> <span class='ocrx_word' id='word_1_440' title='bbox 3531 2995 3599 3050; x_wconf 91' lang='lat' dir='ltr'><strong><em>Et</em></strong></span> <span class='ocrx_word' id='word_1_441' title='bbox 3630 3009 3643 3047; x_wconf 87' lang='lat'><em>:</em></span> 
     </span>
    </p>
   </div>
   <div class='ocr_carea' id='block_1_48' title="bbox 194 3085 3642 3175">
    <p class='ocr_par' dir='ltr' id='par_1_48' title="bbox 194 3085 3642 3175">
     <span class='ocr_line' id='line_1_48' title="bbox 194 3085 3642 3175; baseline -0.001 -35"><span class='ocrx_word' id='word_1_442' title='bbox 194 3085 381 3141; x_wconf 69' lang='lat' dir='ltr'><strong><em>Vens.</em></strong></span> <span class='ocrx_word' id='word_1_443' title='bbox 430 3086 518 3150; x_wconf 78' lang='grc'><strong><em>24,</em></strong></span> <span class='ocrx_word' id='word_1_444' title='bbox 569 3086 654 3140; x_wconf 78' lang='lat'><strong><em>25.</em></strong></span> <span class='ocrx_word' id='word_1_445' title='bbox 705 3114 777 3128; x_wconf 94' lang='lat'>—</span> <span class='ocrx_word' id='word_1_446' title='bbox 843 3086 1080 3155; x_wconf 87' lang='lat' dir='ltr'><strong><em>Cumque</em></strong></span> <span class='ocrx_word' id='word_1_447' title='bbox 1136 3088 1451 3155; x_wconf 80' lang='lat' dir='ltr'><strong><em>adjurasset</em></strong></span> <span class='ocrx_word' id='word_1_448' title='bbox 1509 3102 1614 3152; x_wconf 89' lang='lat' dir='ltr'><strong><em>eos,</em></strong></span> <span class='ocrx_word' id='word_1_449' title='bbox 1674 3091 1837 3155; x_wconf 86' lang='lat' dir='ltr'><strong><em>atque</em></strong></span> <span class='ocrx_word' id='word_1_450' title='bbox 1874 3118 1915 3175; x_wconf 63' lang='grc' dir='ltr'><strong>ρ</strong></span> <span class='ocrx_word' id='word_1_451' title='bbox 1947 3092 2012 3145; x_wconf 86' lang='lat' dir='ltr'><strong><em>In</em></strong></span> <span class='ocrx_word' id='word_1_452' title='bbox 2064 3091 2205 3144; x_wconf 84' lang='lat' dir='ltr'><strong><em>valle</em></strong></span> <span class='ocrx_word' id='word_1_453' title='bbox 2269 3090 2639 3160; x_wconf 78' lang='lat' dir='ltr'><strong><em>lacrymarum</em></strong></span> <span class='ocrx_word' id='word_1_454' title='bbox 2700 3088 2759 3140; x_wconf 87' lang='lat' dir='ltr'><strong><em>in</em></strong></span> <span class='ocrx_word' id='word_1_455' title='bbox 2835 3088 2975 3175; x_wconf 9' lang='lat' dir='ltr'><strong><em>loco,</em></strong></span> <span class='ocrx_word' id='word_1_456' title='bbox 3011 3102 3168 3154; x_wconf 86' lang='lat' dir='ltr'><strong><em>quem</em></strong></span> <span class='ocrx_word' id='word_1_457' title='bbox 3217 3087 3404 3154; x_wconf 86' lang='lat' dir='ltr'><strong><em>posuit</em></strong></span> <span class='ocrx_word' id='word_1_458' title='bbox 3471 3085 3642 3175; x_wconf 71' lang='lat' dir='ltr'><strong><em>(Psai.</em></strong></span> 
     </span>
    </p>
   </div>
   <div class='ocr_carea' id='block_1_49' title="bbox 119 3172 3648 3247">
    <p class='ocr_par' dir='ltr' id='par_1_49' title="bbox 119 3172 3648 3247">
     <span class='ocr_line' id='line_1_49' title="bbox 119 3172 3648 3247; baseline -0.001 -20"><span class='ocrx_word' id='word_1_459' title='bbox 119 3174 413 3229; x_wconf 69' lang='lat' dir='ltr'><strong><em>dixisset:</em></strong></span> <span class='ocrx_word' id='word_1_460' title='bbox 454 3178 592 3230; x_wconf 85' lang='lat' dir='ltr'><strong><em>Deus</em></strong></span> <span class='ocrx_word' id='word_1_461' title='bbox 637 3176 888 3231; x_wconf 73' lang='lat' dir='ltr'><strong><em>visitabit</em></strong></span> <span class='ocrx_word' id='word_1_462' title='bbox 928 3192 1043 3236; x_wconf 83' lang='lat' dir='ltr'><strong><em>vos,</em></strong></span> <span class='ocrx_word' id='word_1_463' title='bbox 1092 3182 1370 3246; x_wconf 86' lang='lat' dir='ltr'><strong><em>asportate</em></strong></span> <span class='ocrx_word' id='word_1_464' title='bbox 1412 3190 1535 3230; x_wconf 86' lang='lat' dir='ltr'><strong><em>ossa</em></strong></span> <span class='ocrx_word' id='word_1_465' title='bbox 1574 3192 1693 3230; x_wconf 91' lang='lat' dir='ltr'><strong><em>mea</em></strong></span> <span class='ocrx_word' id='word_1_466' title='bbox 1740 3192 1831 3230; x_wconf 91' lang='grc' dir='ltr'><strong><em>υο-</em></strong></span> <span class='ocrx_word' id='word_1_467' title='bbox 1886 3172 2175 3243; x_wconf 48' lang='lat' dir='ltr'><strong><em>&quot;1.xxxm,</em></strong></span> <span class='ocrx_word' id='word_1_468' title='bbox 2241 3180 2317 3247; x_wconf 85' lang='lat'><strong><em>7).</em></strong></span> <span class='ocrx_word' id='word_1_469' title='bbox 2356 3177 2503 3233; x_wconf 87' lang='lat' dir='ltr'><strong><em>Licet</em></strong></span> <span class='ocrx_word' id='word_1_470' title='bbox 2549 3190 2687 3247; x_wconf 91' lang='lat' dir='ltr'><strong><em>ergo</em></strong></span> <span class='ocrx_word' id='word_1_471' title='bbox 2722 3174 2895 3231; x_wconf 88' lang='lat' dir='ltr'><strong><em>totius</em></strong></span> <span class='ocrx_word' id='word_1_472' title='bbox 2956 3174 3282 3245; x_wconf 87' lang='lat' dir='ltr'><strong><em>fragremus</em></strong></span> <span class='ocrx_word' id='word_1_473' title='bbox 3327 3172 3648 3228; x_wconf 87' lang='lat' dir='ltr'><strong><em>sanctitatis</em></strong></span> 
     </span>
    </p>
   </div>
   <div class='ocr_carea' id='block_1_50' title="bbox 120 3262 3641 3335">
    <p class='ocr_par' dir='ltr' id='par_1_50' title="bbox 120 3262 3641 3335">
     <span class='ocr_line' id='line_1_50' title="bbox 120 3262 3641 3335; baseline -0 -19"><span class='ocrx_word' id='word_1_474' title='bbox 120 3263 336 3317; x_wconf 83' lang='lat' dir='ltr'><strong><em>biscum</em></strong></span> <span class='ocrx_word' id='word_1_475' title='bbox 367 3262 434 3315; x_wconf 85' lang='lat' dir='ltr'><strong><em>de</em></strong></span> <span class='ocrx_word' id='word_1_476' title='bbox 479 3264 589 3317; x_wconf 81' lang='lat' dir='ltr'><strong><em>loco</em></strong></span> <span class='ocrx_word' id='word_1_477' title='bbox 633 3266 758 3332; x_wconf 87' lang='lat' dir='ltr'><strong><em>isto,</em></strong></span> <span class='ocrx_word' id='word_1_478' title='bbox 794 3268 1037 3319; x_wconf 87' lang='lat' dir='ltr'><strong><em>mortuus</em></strong></span> <span class='ocrx_word' id='word_1_479' title='bbox 1084 3270 1181 3331; x_wconf 85' lang='lat' dir='ltr'><strong><em>est,</em></strong></span> <span class='ocrx_word' id='word_1_480' title='bbox 1214 3266 1442 3334; x_wconf 66' lang='lat' dir='ltr'><strong><em>expletis</em></strong></span> <span class='ocrx_word' id='word_1_481' title='bbox 1491 3269 1700 3319; x_wconf 86' lang='lat' dir='ltr'><strong><em>centum</em></strong></span> <span class='ocrx_word' id='word_1_482' title='bbox 1739 3264 1832 3319; x_wconf 86' lang='lat' dir='ltr'><strong><em>de-</em></strong></span> <span class='ocrx_word' id='word_1_483' title='bbox 1940 3267 2317 3334; x_wconf 87' lang='lat' dir='ltr'><strong><em>aromatibus,</em></strong></span> <span class='ocrx_word' id='word_1_484' title='bbox 2348 3281 2420 3322; x_wconf 92' lang='lat' dir='ltr'><strong><em>ne</em></strong></span> <span class='ocrx_word' id='word_1_485' title='bbox 2468 3264 2734 3321; x_wconf 83' lang='lat' dir='ltr'><strong><em>favorum</em></strong></span> <span class='ocrx_word' id='word_1_486' title='bbox 2766 3263 3102 3335; x_wconf 90' lang='lat' dir='ltr'><strong><em>vulgarium</em></strong></span> <span class='ocrx_word' id='word_1_487' title='bbox 3147 3275 3293 3317; x_wconf 91' lang='lat' dir='ltr'><strong><em>aura</em></strong></span> <span class='ocrx_word' id='word_1_488' title='bbox 3334 3262 3641 3332; x_wconf 90' lang='lat' dir='ltr'><strong><em>jactemur,</em></strong></span> 
     </span>
    </p>
   </div>
   <div class='ocr_carea' id='block_1_51' title="bbox 119 3348 3640 3426">
    <p class='ocr_par' dir='ltr' id='par_1_51' title="bbox 119 3348 3640 3426">
     <span class='ocr_line' id='line_1_51' title="bbox 119 3348 3640 3426; baseline -0.001 -20"><span class='ocrx_word' id='word_1_489' title='bbox 119 3368 233 3406; x_wconf 89' lang='lat' dir='ltr'><strong><em>cem</em></strong></span> <span class='ocrx_word' id='word_1_490' title='bbox 264 3354 400 3405; x_wconf 62' lang='lat' dir='ltr'><strong><em>vita</em></strong></span> <span class='ocrx_word' id='word_1_491' title='bbox 429 3367 539 3407; x_wconf 72' lang='lat' dir='ltr'><strong><em>sua:</em></strong></span> <span class='ocrx_word' id='word_1_492' title='bbox 569 3355 748 3407; x_wconf 87' lang='lat' dir='ltr'><strong><em>annis.</em></strong></span> <span class='ocrx_word' id='word_1_493' title='bbox 793 3354 873 3408; x_wconf 88' lang='lat' dir='ltr'><strong><em>Et</em></strong></span> <span class='ocrx_word' id='word_1_494' title='bbox 901 3354 1146 3408; x_wconf 86' lang='lat' dir='ltr'><strong><em>conditus</em></strong></span> <span class='ocrx_word' id='word_1_495' title='bbox 1177 3354 1533 3421; x_wconf 84' lang='lat' dir='ltr'><strong><em>aromatibus,</em></strong></span> <span class='ocrx_word' id='word_1_496' title='bbox 1566 3356 1835 3422; x_wconf 84' lang='lat' dir='ltr'><strong><em>repositus</em></strong></span> <span class='ocrx_word' id='word_1_497' title='bbox 1940 3356 2047 3411; x_wconf 92' lang='lat' dir='ltr'><strong><em>loci</em></strong></span> <span class='ocrx_word' id='word_1_498' title='bbox 2079 3355 2259 3426; x_wconf 89' lang='lat' dir='ltr'><strong><em>hujus</em></strong></span> <span class='ocrx_word' id='word_1_499' title='bbox 2290 3354 2613 3410; x_wconf 88' lang='lat' dir='ltr'><strong><em>modicitate</em></strong></span> <span class='ocrx_word' id='word_1_500' title='bbox 2665 3354 3046 3424; x_wconf 87' lang='lat' dir='ltr'><strong><em>stringamur,</em></strong></span> <span class='ocrx_word' id='word_1_501' title='bbox 3092 3350 3233 3422; x_wconf 90' lang='lat' dir='ltr'><strong><em>quia</em></strong></span> <span class='ocrx_word' id='word_1_502' title='bbox 3279 3348 3381 3405; x_wconf 89' lang='lat' dir='ltr'><strong><em>etsi</em></strong></span> <span class='ocrx_word' id='word_1_503' title='bbox 3411 3349 3640 3419; x_wconf 77' lang='lat' dir='ltr'><strong><em>Ioseph,</em></strong></span> 
     </span>
    </p>
   </div>
   <div class='ocr_carea' id='block_1_52' title="bbox 121 3437 3640 3513">
    <p class='ocr_par' dir='ltr' id='par_1_52' title="bbox 121 3437 3640 3513">
     <span class='ocr_line' id='line_1_52' title="bbox 121 3437 3640 3513; baseline -0.001 -19"><span class='ocrx_word' id='word_1_504' title='bbox 121 3447 201 3495; x_wconf 88' lang='lat' dir='ltr'><strong><em>est</em></strong></span> <span class='ocrx_word' id='word_1_505' title='bbox 231 3443 294 3495; x_wconf 89' lang='lat' dir='ltr'><strong><em>in</em></strong></span> <span class='ocrx_word' id='word_1_506' title='bbox 326 3442 441 3494; x_wconf 81' lang='lat' dir='ltr'><strong><em>loco</em></strong></span> <span class='ocrx_word' id='word_1_507' title='bbox 470 3443 530 3495; x_wconf 89' lang='lat' dir='ltr'><strong><em>in</em></strong></span> <span class='ocrx_word' id='word_1_508' title='bbox 571 3443 824 3510; x_wconf 71' lang='lat' dir='ltr'><strong><em>Egypto.</em></strong></span> <span class='ocrx_word' id='word_1_509' title='bbox 879 3442 1147 3513; x_wconf 86' lang='lat' dir='ltr'><strong><em>Adjurat,</em></strong></span> <span class='ocrx_word' id='word_1_510' title='bbox 1189 3457 1322 3499; x_wconf 90' lang='lat' dir='ltr'><strong><em>cum</em></strong></span> <span class='ocrx_word' id='word_1_511' title='bbox 1354 3443 1427 3498; x_wconf 93' lang='lat' dir='ltr'><strong><em>ad</em></strong></span> <span class='ocrx_word' id='word_1_512' title='bbox 1475 3442 1838 3498; x_wconf 88' lang='lat' dir='ltr'><strong><em>rectitudinis</em></strong></span> <span class='ocrx_word' id='word_1_513' title='bbox 1942 3442 1997 3499; x_wconf 92' lang='lat' dir='ltr'><strong><em>id</em></strong></span> <span class='ocrx_word' id='word_1_514' title='bbox 2034 3450 2117 3499; x_wconf 91' lang='lat' dir='ltr'><strong><em>est</em></strong></span> <span class='ocrx_word' id='word_1_515' title='bbox 2182 3442 2689 3499; x_wconf 89' lang='lat' dir='ltr'><strong><em>intellectualitatis</em></strong></span> <span class='ocrx_word' id='word_1_516' title='bbox 2750 3441 3063 3497; x_wconf 90' lang='lat' dir='ltr'><strong><em>auctoritas</em></strong></span> <span class='ocrx_word' id='word_1_517' title='bbox 3109 3439 3180 3494; x_wconf 89' lang='lat' dir='ltr'><strong><em>ad</em></strong></span> <span class='ocrx_word' id='word_1_518' title='bbox 3247 3438 3362 3495; x_wconf 91' lang='lat' dir='ltr'><strong><em>alta</em></strong></span> <span class='ocrx_word' id='word_1_519' title='bbox 3402 3437 3640 3503; x_wconf 89' lang='lat' dir='ltr'><strong><em>feratur,</em></strong></span> 
     </span>
    </p>
   </div>
   <div class='ocr_carea' id='block_1_53' title="bbox 117 3526 3642 3600">
    <p class='ocr_par' dir='ltr' id='par_1_53' title="bbox 117 3526 3642 3600">
     <span class='ocr_line' id='line_1_53' title="bbox 117 3526 3642 3600; baseline -0.001 -15"><span class='ocrx_word' id='word_1_520' title='bbox 117 3530 259 3600; x_wconf 87' lang='lat' dir='ltr'><strong><em>jura</em></strong></span> <span class='ocrx_word' id='word_1_521' title='bbox 308 3529 614 3586; x_wconf 90' lang='lat' dir='ltr'><strong><em>interiores</em></strong></span> <span class='ocrx_word' id='word_1_522' title='bbox 667 3534 850 3587; x_wconf 87' lang='lat' dir='ltr'><strong><em>status</em></strong></span> <span class='ocrx_word' id='word_1_523' title='bbox 893 3531 1139 3587; x_wconf 91' lang='lat' dir='ltr'><strong><em>instituit</em></strong></span> <span class='ocrx_word' id='word_1_524' title='bbox 1184 3539 1239 3588; x_wconf 90' lang='lat' dir='ltr'><strong><em>et</em></strong></span> <span class='ocrx_word' id='word_1_525' title='bbox 1282 3533 1543 3599; x_wconf 87' lang='lat' dir='ltr'><strong><em>advocat,</em></strong></span> <span class='ocrx_word' id='word_1_526' title='bbox 1591 3539 1655 3588; x_wconf 87' lang='lat' dir='ltr'><strong><em>ut</em></strong></span> <span class='ocrx_word' id='word_1_527' title='bbox 1702 3546 1836 3588; x_wconf 90' lang='lat' dir='ltr'><strong><em>cum</em></strong></span> <span class='ocrx_word' id='word_1_528' title='bbox 1942 3546 2107 3588; x_wconf 89' lang='lat' dir='ltr'><strong><em>nosse</em></strong></span> <span class='ocrx_word' id='word_1_529' title='bbox 2135 3539 2327 3587; x_wconf 91' lang='lat' dir='ltr'><strong><em>tamen</em></strong></span> <span class='ocrx_word' id='word_1_530' title='bbox 2370 3530 2718 3587; x_wconf 91' lang='lat' dir='ltr'><strong><em>omnimodis</em></strong></span> <span class='ocrx_word' id='word_1_531' title='bbox 2752 3530 2936 3596; x_wconf 91' lang='lat' dir='ltr'><strong><em>debet,</em></strong></span> <span class='ocrx_word' id='word_1_532' title='bbox 2970 3529 3109 3600; x_wconf 89' lang='lat' dir='ltr'><strong><em>quia</em></strong></span> <span class='ocrx_word' id='word_1_533' title='bbox 3141 3528 3332 3584; x_wconf 89' lang='lat' dir='ltr'><strong><em>adhuc</em></strong></span> <span class='ocrx_word' id='word_1_534' title='bbox 3360 3527 3418 3583; x_wconf 93' lang='lat' dir='ltr'><strong><em>in</em></strong></span> <span class='ocrx_word' id='word_1_535' title='bbox 3450 3526 3642 3583; x_wconf 67' lang='lat' dir='ltr'><strong><em>saeculi</em></strong></span> 
     </span>
    </p>
   </div>
   <div class='ocr_carea' id='block_1_54' title="bbox 124 3616 3646 3692">
    <p class='ocr_par' dir='ltr' id='par_1_54' title="bbox 124 3616 3646 3692">
     <span class='ocr_line' id='line_1_54' title="bbox 124 3616 3646 3692; baseline -0.001 -18"><span class='ocrx_word' id='word_1_536' title='bbox 124 3618 517 3674; x_wconf 88' lang='lat' dir='ltr'><strong><em>tentationum</em></strong></span> <span class='ocrx_word' id='word_1_537' title='bbox 595 3618 927 3676; x_wconf 83' lang='lat' dir='ltr'><strong><em>infirmitate</em></strong></span> <span class='ocrx_word' id='word_1_538' title='bbox 972 3627 1340 3690; x_wconf 89' lang='lat' dir='ltr'><strong><em>torquentur,</em></strong></span> <span class='ocrx_word' id='word_1_539' title='bbox 1381 3622 1553 3689; x_wconf 89' lang='lat' dir='ltr'><strong><em>Deus,</em></strong></span> <span class='ocrx_word' id='word_1_540' title='bbox 1622 3620 1833 3691; x_wconf 92' lang='lat' dir='ltr'><strong><em>inquit,</em></strong></span> <span class='ocrx_word' id='word_1_541' title='bbox 1942 3621 2122 3692; x_wconf 88' lang='lat' dir='ltr'><strong><em>hujus</em></strong></span> <span class='ocrx_word' id='word_1_542' title='bbox 2158 3622 2407 3692; x_wconf 63' lang='lat' dir='ltr'><strong><em>Egypto</em></strong></span> <span class='ocrx_word' id='word_1_543' title='bbox 2462 3626 2743 3687; x_wconf 87' lang='lat' dir='ltr'><strong><em>moratur,</em></strong></span> <span class='ocrx_word' id='word_1_544' title='bbox 2794 3618 2895 3675; x_wconf 92' lang='lat' dir='ltr'><strong><em>ubi</em></strong></span> <span class='ocrx_word' id='word_1_545' title='bbox 2943 3618 3127 3686; x_wconf 80' lang='lat' dir='ltr'><strong><em>facile,</em></strong></span> <span class='ocrx_word' id='word_1_546' title='bbox 3183 3616 3293 3673; x_wconf 91' lang='lat' dir='ltr'><strong><em>nisi</em></strong></span> <span class='ocrx_word' id='word_1_547' title='bbox 3341 3616 3452 3672; x_wconf 88' lang='lat' dir='ltr'><strong><em>sibi</em></strong></span> <span class='ocrx_word' id='word_1_548' title='bbox 3497 3616 3646 3671; x_wconf 90' lang='lat' dir='ltr'><strong><em>Deus</em></strong></span> 
     </span>
    </p>
   </div>
   <div class='ocr_carea' id='block_1_55' title="bbox 124 3706 2989 3781">
    <p class='ocr_par' dir='ltr' id='par_1_55' title="bbox 124 3706 2989 3781">
     <span class='ocr_line' id='line_1_55' title="bbox 124 3706 2989 3781; baseline 0 -19"><span class='ocrx_word' id='word_1_549' title='bbox 124 3721 227 3762; x_wconf 91' lang='lat' dir='ltr'><strong><em>vos</em></strong></span> <span class='ocrx_word' id='word_1_550' title='bbox 294 3706 516 3775; x_wconf 91' lang='lat' dir='ltr'><strong><em>visitat,</em></strong></span> <span class='ocrx_word' id='word_1_551' title='bbox 571 3714 636 3764; x_wconf 91' lang='lat' dir='ltr'><strong><em>ut</em></strong></span> <span class='ocrx_word' id='word_1_552' title='bbox 696 3723 830 3764; x_wconf 90' lang='lat' dir='ltr'><strong><em>cum</em></strong></span> <span class='ocrx_word' id='word_1_553' title='bbox 898 3709 1210 3766; x_wconf 89' lang='lat' dir='ltr'><strong><em>tentatione</em></strong></span> <span class='ocrx_word' id='word_1_554' title='bbox 1258 3717 1606 3780; x_wconf 88' lang='lat' dir='ltr'><strong><em>proventum</em></strong></span> <span class='ocrx_word' id='word_1_555' title='bbox 1666 3709 1838 3766; x_wconf 89' lang='lat' dir='ltr'><strong><em>faciat</em></strong></span> <span class='ocrx_word' id='word_1_556' title='bbox 1939 3709 2261 3781; x_wconf 90' lang='lat' dir='ltr'><strong><em>provideat,</em></strong></span> <span class='ocrx_word' id='word_1_557' title='bbox 2294 3709 2356 3765; x_wconf 91' lang='lat' dir='ltr'><strong><em>in</em></strong></span> <span class='ocrx_word' id='word_1_558' title='bbox 2389 3708 2670 3765; x_wconf 90' lang='lat' dir='ltr'><strong><em>deteriora</em></strong></span> <span class='ocrx_word' id='word_1_559' title='bbox 2705 3708 2989 3764; x_wconf 85' lang='lat' dir='ltr'><strong><em>flectatur.</em></strong></span> 
     </span>
    </p>
   </div>
   <div class='ocr_carea' id='block_1_56' title="bbox 1792 3879 1985 3924">
    <p class='ocr_par' dir='ltr' id='par_1_56' title="bbox 1792 3879 1985 3924">
     <span class='ocr_line' id='line_1_56' title="bbox 1792 3879 1985 3924; baseline -0.005 0"><span class='ocrx_word' id='word_1_560' title='bbox 1792 3879 1985 3924; x_wconf 83' lang='lat' dir='ltr'><strong><em>FINIS.</em></strong></span> 
     </span>
    </p>
   </div>
   <div class='ocr_carea' id='block_1_57' title="bbox 119 4058 3634 4086">
    <p class='ocr_par' dir='ltr' id='par_1_57' title="bbox 119 4058 3634 4086">
     <span class='ocr_line' id='line_1_57' title="bbox 119 4058 3634 4086; baseline -0.001 -1"><span class='ocrx_word' id='word_1_561' title='bbox 119 4058 3634 4086; x_wconf 36' lang='grc' dir='ltr'><strong>ψ</strong></span> 
     </span>
    </p>
   </div>
   <div class='ocr_carea' id='block_1_58' title="bbox 1278 4214 2498 4321">
    <p class='ocr_par' dir='ltr' id='par_1_58' title="bbox 1278 4214 2498 4321">
     <span class='ocr_line' id='line_1_58' title="bbox 1278 4214 2498 4321; baseline -0.002 -2"><span class='ocrx_word' id='word_1_562' title='bbox 1278 4216 1624 4319; x_wconf 88' lang='lat' dir='ltr'><strong><em>VEN.</em></strong></span> <span class='ocrx_word' id='word_1_563' title='bbox 1722 4214 2498 4321; x_wconf 83' lang='lat' dir='ltr'><strong><em>GUIBERTI</em></strong></span> 
     </span>
    </p>
   </div>
   <div class='ocr_carea' id='block_1_59' title="bbox 1676 4420 2082 4493">
    <p class='ocr_par' dir='ltr' id='par_1_59' title="bbox 1676 4420 2082 4493">
     <span class='ocr_line' id='line_1_59' title="bbox 1676 4420 2082 4493; baseline -0.002 0"><span class='ocrx_word' id='word_1_564' title='bbox 1676 4420 2082 4493; x_wconf 87' lang='lat' dir='ltr'><strong><em>ABBATIS</em></strong></span> 
     </span>
    </p>
   </div>
   <div class='ocr_carea' id='block_1_60' title="bbox 378 4611 3378 4750">
    <p class='ocr_par' dir='ltr' id='par_1_60' title="bbox 378 4611 3378 4750">
     <span class='ocr_line' id='line_1_60' title="bbox 378 4611 3378 4750; baseline -0 -3"><span class='ocrx_word' id='word_1_565' title='bbox 378 4611 545 4748; x_wconf 85' lang='lat' dir='ltr'><strong><em>AD</em></strong></span> <span class='ocrx_word' id='word_1_566' title='bbox 633 4612 1415 4750; x_wconf 82' lang='lat' dir='ltr'><strong><em>TBOPOLOGIAS</em></strong></span> <span class='ocrx_word' id='word_1_567' title='bbox 1488 4614 1607 4750; x_wconf 91' lang='lat' dir='ltr'><strong>IN</strong></span> <span class='ocrx_word' id='word_1_568' title='bbox 1692 4612 2376 4749; x_wconf 81' lang='lat' dir='ltr'><strong><em>PROPHETAS</em></strong></span> <span class='ocrx_word' id='word_1_569' title='bbox 2461 4611 2749 4747; x_wconf 86' lang='lat' dir='ltr'><strong><em>OSEE</em></strong></span> <span class='ocrx_word' id='word_1_570' title='bbox 2843 4612 2987 4746; x_wconf 88' lang='lat' dir='ltr'><strong><em>ET</em></strong></span> <span class='ocrx_word' id='word_1_571' title='bbox 3069 4612 3378 4747; x_wconf 85' lang='lat' dir='ltr'><strong><em>AMOS</em></strong></span> 
     </span>
    </p>
   </div>
   <div class='ocr_carea' id='block_1_61' title="bbox 1028 4855 2740 4945">
    <p class='ocr_par' dir='ltr' id='par_1_61' title="bbox 1028 4855 2740 4945">
     <span class='ocr_line' id='line_1_61' title="bbox 1028 4855 2740 4945; baseline -0.004 0"><span class='ocrx_word' id='word_1_572' title='bbox 1028 4859 1165 4945; x_wconf 88' lang='lat' dir='ltr'><strong><em>AC</em></strong></span> <span class='ocrx_word' id='word_1_573' title='bbox 1249 4861 1612 4945; x_wconf 87' lang='lat' dir='ltr'><strong>LAMEN</strong></span> <span class='ocrx_word' id='word_1_574' title='bbox 1630 4860 2177 4945; x_wconf 82' lang='lat' dir='ltr'><strong><em>TATIONES</em></strong></span> <span class='ocrx_word' id='word_1_575' title='bbox 2243 4855 2740 4945; x_wconf 66' lang='lat' dir='ltr'><strong><em>JEREMIfE</em></strong></span> 
     </span>
    </p>
   </div>
   <div class='ocr_carea' id='block_1_62' title="bbox 1502 5016 2256 5149">
    <p class='ocr_par' dir='ltr' id='par_1_62' title="bbox 1502 5016 2256 5149">
     <span class='ocr_line' id='line_1_62' title="bbox 1502 5016 2256 5149; baseline 0.003 -2"><span class='ocrx_word' id='word_1_576' title='bbox 1502 5016 2256 5149; x_wconf 80' lang='lat' dir='ltr'><strong><em>PRO(EMIUM.</em></strong></span> 
     </span>
    </p>
   </div>
   <div class='ocr_carea' id='block_1_63' title="bbox 194 5379 3645 5455">
    <p class='ocr_par' dir='ltr' id='par_1_63' title="bbox 194 5379 3645 5455">
     <span class='ocr_line' id='line_1_63' title="bbox 194 5379 3645 5455; baseline -0.001 -14"><span class='ocrx_word' id='word_1_577' title='bbox 194 5391 338 5441; x_wconf 64' lang='lat' dir='ltr'><strong><em>I81</em></strong></span> <span class='ocrx_word' id='word_1_578' title='bbox 371 5379 794 5440; x_wconf 81' lang='lat' dir='ltr'><strong><em>Amantissimo</em></strong></span> <span class='ocrx_word' id='word_1_579' title='bbox 819 5380 975 5437; x_wconf 90' lang='lat' dir='ltr'><strong><em>Patri</em></strong></span> <span class='ocrx_word' id='word_1_580' title='bbox 1004 5388 1059 5438; x_wconf 92' lang='lat' dir='ltr'><strong><em>et</em></strong></span> <span class='ocrx_word' id='word_1_581' title='bbox 1076 5381 1393 5438; x_wconf 87' lang='lat' dir='ltr'><strong><em>venerabili</em></strong></span> <span class='ocrx_word' id='word_1_582' title='bbox 1421 5381 1674 5449; x_wconf 88' lang='lat' dir='ltr'><strong><em>domino,</em></strong></span> <span class='ocrx_word' id='word_1_583' title='bbox 1708 5381 1835 5438; x_wconf 87' lang='lat' dir='ltr'><strong><em>uni-</em></strong></span> <span class='ocrx_word' id='word_1_584' title='bbox 1874 5382 1917 5436; x_wconf 92' lang='lat' dir='ltr'><strong><em>D</em></strong></span> <span class='ocrx_word' id='word_1_585' title='bbox 1946 5388 2207 5452; x_wconf 91' lang='lat' dir='ltr'><strong><em>peccator</em></strong></span> <span class='ocrx_word' id='word_1_586' title='bbox 2237 5381 2529 5453; x_wconf 89' lang='lat' dir='ltr'><strong><em>operibus,</em></strong></span> <span class='ocrx_word' id='word_1_587' title='bbox 2560 5379 2850 5453; x_wconf 90' lang='lat' dir='ltr'><strong><em>prosperis</em></strong></span> <span class='ocrx_word' id='word_1_588' title='bbox 2877 5379 2968 5437; x_wconf 88' lang='lat' dir='ltr'><strong><em>sui</em></strong></span> <span class='ocrx_word' id='word_1_589' title='bbox 2998 5393 3361 5453; x_wconf 87' lang='lat' dir='ltr'><strong><em>suorumque</em></strong></span> <span class='ocrx_word' id='word_1_590' title='bbox 3392 5382 3645 5455; x_wconf 89' lang='lat' dir='ltr'><strong><em>gaudere</em></strong></span> 
     </span>
    </p>
   </div>
   <div class='ocr_carea' id='block_1_64' title="bbox 121 5468 2325 5533">
    <p class='ocr_par' dir='ltr' id='par_1_64' title="bbox 121 5468 2325 5533">
     <span class='ocr_line' id='line_1_64' title="bbox 121 5468 2325 5533; baseline -0.002 -3"><span class='ocrx_word' id='word_1_591' title='bbox 121 5488 285 5530; x_wconf 87' lang='lat' dir='ltr'><strong><em>versa</em></strong></span> <span class='ocrx_word' id='word_1_592' title='bbox 316 5468 630 5530; x_wconf 90' lang='lat' dir='ltr'><strong><em>charitatis</em></strong></span> <span class='ocrx_word' id='word_1_593' title='bbox 658 5468 955 5526; x_wconf 73' lang='lat' dir='ltr'><strong><em>affectione</em></strong></span> <span class='ocrx_word' id='word_1_594' title='bbox 979 5470 1232 5533; x_wconf 75' lang='lat' dir='ltr'><strong><em>colendo.</em></strong></span> <span class='ocrx_word' id='word_1_595' title='bbox 1260 5470 1435 5526; x_wconf 89' lang='lat' dir='ltr'><strong><em>totius</em></strong></span> <span class='ocrx_word' id='word_1_596' title='bbox 1462 5477 1674 5526; x_wconf 64' lang='lat' dir='ltr'><strong><em>sancta;</em></strong></span> <span class='ocrx_word' id='word_1_597' title='bbox 1697 5470 1837 5525; x_wconf 90' lang='lat' dir='ltr'><strong><em>inte-</em></strong></span> <span class='ocrx_word' id='word_1_598' title='bbox 1944 5470 2325 5525; x_wconf 90' lang='lat' dir='ltr'><strong><em>successibus.</em></strong></span> 
     </span>
    </p>
   </div>
   <div class='ocr_carea' id='block_1_65' title="bbox 124 5557 3646 5632">
    <p class='ocr_par' dir='ltr' id='par_1_65' title="bbox 124 5557 3646 5632">
     <span class='ocr_line' id='line_1_65' title="bbox 124 5557 3646 5632; baseline -0.001 -15"><span class='ocrx_word' id='word_1_599' title='bbox 124 5562 400 5619; x_wconf 91' lang='lat' dir='ltr'><strong><em>rioritatis</em></strong></span> <span class='ocrx_word' id='word_1_600' title='bbox 430 5572 575 5616; x_wconf 91' lang='lat' dir='ltr'><strong><em>vero</em></strong></span> <span class='ocrx_word' id='word_1_601' title='bbox 618 5558 823 5615; x_wconf 87' lang='lat' dir='ltr'><strong><em>cultori</em></strong></span> <span class='ocrx_word' id='word_1_602' title='bbox 863 5571 931 5614; x_wconf 92' lang='lat' dir='ltr'><strong><em>ac</em></strong></span> <span class='ocrx_word' id='word_1_603' title='bbox 959 5572 1111 5615; x_wconf 73' lang='lat' dir='ltr'><strong><em>verae</em></strong></span> <span class='ocrx_word' id='word_1_604' title='bbox 1155 5557 1513 5614; x_wconf 89' lang='lat' dir='ltr'><strong><em>discretionis</em></strong></span> <span class='ocrx_word' id='word_1_605' title='bbox 1560 5558 1836 5630; x_wconf 90' lang='lat' dir='ltr'><strong><em>magistro</em></strong></span> <span class='ocrx_word' id='word_1_606' title='bbox 2015 5558 2283 5614; x_wconf 84' lang='lat' dir='ltr'><strong><em>Arduum</em></strong></span> <span class='ocrx_word' id='word_1_607' title='bbox 2307 5558 2480 5615; x_wconf 90' lang='lat' dir='ltr'><strong><em>nimis</em></strong></span> <span class='ocrx_word' id='word_1_608' title='bbox 2494 5564 2550 5617; x_wconf 89' lang='lat' dir='ltr'><strong><em>et</em></strong></span> <span class='ocrx_word' id='word_1_609' title='bbox 2569 5559 2861 5632; x_wconf 87' lang='lat' dir='ltr'><strong><em>magistris</em></strong></span> <span class='ocrx_word' id='word_1_610' title='bbox 2878 5557 3170 5616; x_wconf 90' lang='lat' dir='ltr'><strong><em>veteribus</em></strong></span> <span class='ocrx_word' id='word_1_611' title='bbox 3191 5558 3646 5617; x_wconf 87' lang='lat' dir='ltr'><strong><em>horrescendum</em></strong></span> 
     </span>
    </p>
   </div>
   <div class='ocr_carea' id='block_1_66' title="bbox 124 5646 3645 5721">
    <p class='ocr_par' dir='ltr' id='par_1_66' title="bbox 124 5646 3645 5721">
     <span class='ocr_line' id='line_1_66' title="bbox 124 5646 3645 5721; baseline -0.001 -13"><span class='ocrx_word' id='word_1_612' title='bbox 124 5651 450 5718; x_wconf 75' lang='lat' dir='ltr'><strong><em>Nonnenro,</em></strong></span> <span class='ocrx_word' id='word_1_613' title='bbox 517 5647 700 5705; x_wconf 82' lang='lat' dir='ltr'><strong><em>frater</em></strong></span> <span class='ocrx_word' id='word_1_614' title='bbox 771 5647 1085 5705; x_wconf 74' lang='lat' dir='ltr'><strong><em>GUIBERTUS</em></strong></span> <span class='ocrx_word' id='word_1_615' title='bbox 1108 5687 1124 5715; x_wconf 95' lang='lat'><strong><em>,</em></strong></span> <span class='ocrx_word' id='word_1_616' title='bbox 1182 5646 1501 5703; x_wconf 87' lang='lat' dir='ltr'><strong><em>monachus</em></strong></span> <span class='ocrx_word' id='word_1_617' title='bbox 1563 5647 1832 5714; x_wconf 88' lang='lat' dir='ltr'><strong><em>nomine,</em></strong></span> <span class='ocrx_word' id='word_1_618' title='bbox 1944 5647 2240 5718; x_wconf 65' lang='lat' dir='ltr'><strong><em>praesentis</em></strong></span> <span class='ocrx_word' id='word_1_619' title='bbox 2289 5648 2604 5720; x_wconf 77' lang='lat' dir='ltr'><strong><em>prophetiae</em></strong></span> <span class='ocrx_word' id='word_1_620' title='bbox 2641 5649 2884 5721; x_wconf 79' lang='lat' dir='ltr'><strong><em>pelagus</em></strong></span> <span class='ocrx_word' id='word_1_621' title='bbox 2932 5647 3286 5721; x_wconf 84' lang='lat' dir='ltr'><strong><em>aggressuri,</em></strong></span> <span class='ocrx_word' id='word_1_622' title='bbox 3341 5648 3417 5705; x_wconf 90' lang='lat' dir='ltr'><strong><em>ad</em></strong></span> <span class='ocrx_word' id='word_1_623' title='bbox 3467 5655 3539 5717; x_wconf 89' lang='lat' dir='ltr'><strong><em>te,</em></strong></span> <span class='ocrx_word' id='word_1_624' title='bbox 3572 5647 3645 5704; x_wconf 91' lang='lat' dir='ltr'><strong><em>li-</em></strong></span> 
     </span>
    </p>
   </div>
  </div>
