3950 6456
269 339 372 393 339

1214 336 1278 390 V.
1319 336 1653 393 GUIBERTI
1691 338 1980 393 ABBATIS
2017 338 2072 392 S.
2116 336 2353 391 MARl/E
2393 337 2480 392 DE
2519 337 2914 393 NOVIGENTO
3660 340 3756 393 3's!)

266 467 618 525 beralissime
669 467 886 532 doctor,
938 467 1082 524 tanti
1123 480 1301 523 ausus
1346 481 1551 523 causas
1603 474 1713 524 tuae
1742 467 1954 523 conscii
1990 469 2034 524 Α
2065 475 2271 537 praeter
2314 469 2592 524 rationem
2622 474 2725 524 aut
2763 467 3030 539 exempla
3059 467 3492 539 Scripturarum
3524 467 3762 525 investi-

268 557 612 614 humilitatis
641 555 961 612 inferimus.
1004 556 1184 627 Cujus
1214 557 1390 612 verba
1428 557 1816 612 excusationis
1849 571 1964 612 non

268 645 498 716 ambigo
528 645 682 715 quod
717 645 991 700 modestia
1022 653 1122 701 tua
1151 660 1218 700 ea
1259 653 1446 700 mente
1476 646 1752 715 suscipiat
1780 661 1898 715 qua
1931 659 1965 700 a

268 749 358 790 me
390 735 701 790 intentione
728 734 882 804 apud
907 742 1036 790 tuas
1061 735 1285 789 sobrias
1316 749 1488 788 aures
1519 735 1700 803 promi
1723 743 1961 789 constat.

344 823 751 879 Diflicultatem
783 823 952 893 plane
984 823 1164 892 hujus
1202 823 1514 878 voluminis
1547 823 1746 877 beatus
1778 823 1968 878 lliero-

269 926 482 981 nymus
527 913 770 977 (Prw/at.
805 913 864 965 in
898 913 1050 978 Osee)
1081 920 1240 966 tanta
1283 911 1685 981 mysteriorum
1727 911 1963 966 nebulo-

269 999 436 1056 sitate
496 999 838 1069 multiplicat
902 1007 965 1054 ut
1025 1000 1350 1068 Origenem,
1409 1009 1529 1068 post
1588 999 1869 1067 apostolos
1909 1000 1965 1054 in

270 1087 533 1143 doctrina
583 1102 944 1157 supremum,
1005 1097 1059 1142 et
1115 1089 1500 1157 Apollinarem
1560 1087 1965 1156 Laodicenum,

272 1177 522 1233 Pierium
553 1190 808 1246 quoque,
861 1176 1174 1231 Eusebium
1217 1176 1386 1230 etiam
1434 1177 1859 1243 Caesariensem,
1897 1176 1967 1231 ad

270 1273 596 1322 extremum
644 1264 816 1320 etiam
875 1264 1182 1334 Dydimutu
1245 1265 1551 1330 videntem,
1595 1265 1808 1334 quibus
1863 1279 1968 1319 suo

276 1362 527 1423 tempore
557 1353 706 1408 inter
753 1353 980 1408 divinos
1021 1361 1275 1408 oratores
1309 1353 1577 1408 famosior
1613 1353 1809 1408 nullus
1839 1352 1965 1419 fuit,

274 1443 381 1498 hoc
412 1442 597 1511 ipsum
645 1441 895 1497 fateatur
925 1455 1228 1511 aggressos
1261 1455 1568 1510 exponere,
1597 1448 1652 1496 et
1683 1441 1968 1497 neminem

271 1530 606 1586 eorumdem
633 1529 883 1586 valuisse
909 1539 1092 1598 coepta
1125 1529 1410 1598 perlicere.

345 1619 410 1674 ln
437 1633 555 1689 quo
576 1619 716 1674 mihi
735 1626 947 1674 conatu
976 1618 1207 1672 videtur
1229 1616 1541 1673 simultatis
1569 1617 1721 1687 apud
1747 1626 1972 1673 exteros

275 1707 574 1778 quidpiam
603 1707 883 1779 generari,
920 1706 1023 1776 qui
1048 1707 1216 1776 longe
1248 1707 1361 1762 alia
1382 1721 1558 1777 quam
1591 1715 1750 1762 tanta
1779 1721 1970 1762 sacra-

275 1800 471 1852 menta
529 1797 804 1866 exigunt,
865 1795 987 1851 haec
1031 1796 1316 1852 aestimant
1363 1795 1672 1852 intentione
1727 1795 1964 1866 patrari.

279 1883 385 1940 Sed
425 1883 482 1939 hi
516 1885 618 1954 qui
651 1883 788 1940 talia
821 1884 1150 1952 opinantur,
1183 1883 1230 1939 si
1262 1899 1452 1954 aequa,
1486 1884 1638 1954 quod
1675 1883 1753 1939 illi
1789 1884 1972 1939 facere

277 1971 612 2037 voluerunt,
642 1980 696 2028 et
727 1973 880 2042 quod
913 1987 1015 2027 nos
1041 1973 1283 2028 subinde
1317 1974 1583 2042 prosequi
1616 1973 1720 2027 nisi
1745 1987 1965 2038 sumus,

276 2059 422 2115 libra
471 2061 907 2130 perpenderent,
958 2061 1030 2117 ab
1068 2061 1224 2116 omni
1265 2062 1461 2131 procul
1495 2061 1672 2117 dubio
1705 2061 1972 2116 vecordia

275 2147 454 2218 hujus
509 2148 740 2220 injustae
805 2149 1146 2218 suspicionis
1195 2150 1563 2216 absisterent,
1631 2164 1764 2205 cum
1816 2151 1972 2205 enim

277 2236 478 2308 legunt
506 2238 772 2293 eumdem
818 2237 1048 2293 beatum
1095 2239 1506 2307 Hieronymum
1554 2238 1738 2308 magis
1765 2238 1971 2293 obscu-

278 2327 548 2382 ritatibus
577 2325 840 2382 involuta
889 2326 1067 2396 hujus
1096 2326 1224 2381 libri
1257 2326 1470 2381 dixisse
1511 2329 1828 2396 sequentia.
1875 2327 1975 2381 ln-

277 2422 527 2481 tantum,
559 2414 774 2484 inquit,
807 2422 868 2470 ut
897 2422 950 2469 et
983 2429 1084 2469 nos
1114 2414 1216 2484 qui
1247 2415 1562 2483 explanare
1590 2428 1889 2482 conamur,
1921 2421 1976 2470 et

279 2503 536 2572 prudens
563 2502 736 2556 lector
766 2502 936 2557 simul
970 2503 1243 2569 attendat,
1279 2503 1417 2572 quia
1443 2503 1621 2557 sinon
1656 2503 1972 2570 veritatem,

280 2589 432 2662 quod
465 2589 868 2645 difﬁcillimum
906 2599 1009 2658 est,
1051 2590 1248 2646 saltem
1278 2591 1657 2660 suspicionem
1689 2591 1977 2646 verisimi-

280 2679 423 2736 lium
457 2679 805 2749 investigare
840 2679 1152 2743 valeamus,
1201 2679 1438 2734 forsitan
1471 2680 1610 2735 mihi
1643 2693 1834 2735 naevos
1862 2695 1976 2735 non

282 2767 536 2823 minimae
568 2767 902 2822 temeritatis
941 2769 1192 2834 inurent,
1225 2768 1326 2838 qui
1361 2767 1628 2823 materias
1655 2768 1795 2823 viris
1825 2770 1978 2824 exti-

282 2855 617 2910 mescendas
649 2854 973 2924 insignibus
1003 2855 1202 2910 videar
1233 2855 1390 2910 velut
1422 2856 1782 2924 impudenter
1811 2856 1980 2910 ador-

281 2959 400 2998 sus.
449 2943 555 2998 Sed
601 2944 647 2998 si
709 2951 932 3013 quanta
979 2943 1050 2998 sit
1098 2943 1248 2999 inter
1298 2943 1618 3014 allegorias.
1668 2944 1782 2999 imo
1831 2943 1980 2999 inter

2075 571 2212 626 gare
2241 572 2484 614 coneris.

2143 646 2316 702 Porro
2347 647 2390 702 si
2439 646 2507 701 de
2538 652 2830 702 tantarum
2865 659 3058 701 rerum
3093 645 3540 716 praesumptione
3577 661 3667 702 me
3695 646 3764 702 ab

2073 735 2270 805 aliquo
2317 735 2622 806 dijudicari
2681 735 2999 805 contingat,
3052 735 3282 790 indubic
3330 736 3471 790 sciat
3513 751 3604 790 me
3653 736 3766 792 solo

2073 825 2168 879 Dei
2223 825 2500 879 instinctu
2559 823 2872 879 certissime
2922 823 3041 878 haec
3101 831 3422 892 penetrasse
3471 821 3763 891 mysteria.

2073 914 2141 968 Et
2174 922 2347 968 testor
2376 913 2577 980 Deum,
2611 912 2713 982 qui
2745 913 3001 981 aspirare
3029 927 3145 966 non
3175 911 3418 977 distulit,
3453 910 3616 966 nullo
3649 924 3768 965 meo

2077 1002 2427 1071 praecedente
2455 1001 2747 1067 exercitio,
2772 1000 2932 1056 nulla
2957 999 3332 1070 providentia,
3351 1000 3455 1054 nisi
3478 1005 3768 1069 quantum

2073 1090 2223 1146 inter
2252 1090 2616 1144 scribendum
2640 1089 3093 1158 dictandumque
3113 1089 3432 1158 exceptoris
3453 1088 3562 1143 mei
3580 1087 3772 1142 brevis

2074 1179 2384 1234 admodum
2419 1178 2743 1248 patiebatur
2770 1191 2950 1232 mora.
2986 1177 3274 1232 Hactenus
3305 1177 3458 1232 enim
3505 1191 3622 1231 non
3655 1183 3772 1231 tam

2076 1267 2452 1338 perpetuitate
2483 1265 2706 1336 legendi
2750 1280 2927 1336 quam
2958 1265 3136 1320 nimia
3169 1265 3601 1320 continuatione
3633 1263 3774 1319 scri-

2077 1356 2266 1422 bendi,
2299 1363 2491 1424 tttpote
2521 1354 2622 1424 qui
2654 1369 2767 1409 non
2806 1354 2992 1410 solum
3022 1354 3264 1409 dictator
3287 1354 3645 1420 exstiteram,
3677 1353 3772 1407 sed

2075 1453 2129 1500 et
2203 1443 2410 1499 laboris
2477 1443 2736 1498 indefessi
2801 1441 3098 1508 notarius,
3158 1443 3460 1497 oculorum
3511 1455 3775 1496 meorum

2077 1533 2256 1589 aciem
2311 1532 2697 1601 undecunque
2754 1531 3116 1598 obtuderam,
3163 1531 3317 1586 unde
3365 1531 3438 1586 ad
3487 1530 3594 1584 hoc
3649 1543 3778 1584 mea

2080 1621 2515 1678 immoderantia
2573 1635 2662 1675 me
2710 1620 2946 1690 redegit,
3016 1627 3078 1675 ut
3126 1617 3428 1689 exceptare
3491 1618 3776 1682 adhibito,

2079 1711 2232 1780 quod
2266 1710 2406 1764 mihi
2470 1723 2775 1779 nunquam
2821 1708 2997 1763 moris
3044 1708 3250 1775 fuerat,
3300 1707 3420 1762 sola
3473 1706 3780 1772 memoria,

2079 1799 2199 1854 sola
2225 1812 2380 1864 voce,
2413 1797 2537 1852 sine
2569 1811 2765 1864 manu,
2799 1796 2919 1852 sine
2938 1795 3118 1852 oculis
3150 1810 3398 1865 praesens
3427 1794 3782 1865 opusculum

2078 1894 2300 1955 cogeret
2329 1884 2624 1955 explicari.
2661 1885 2722 1938 In
2751 1899 2866 1954 quo
2895 1885 2969 1953 pii
3002 1884 3317 1939 moderatio
3343 1884 3568 1939 lectoris
3599 1890 3787 1937 atten-

2079 1975 2175 2030 dat
2198 1981 2278 2039 ut,
2311 1974 2354 2029 si
2393 1974 2617 2029 insolito
2643 1973 2784 2028 mihi
2817 1972 2982 2028 modo
3011 1973 3322 2028 dictantem
3354 1973 3548 2028 minus
3577 1971 3786 2041 aliqua

2078 2070 2464 2132 competenter
2509 2061 2720 2117 dixisse
2773 2061 3067 2132 repererit,
3128 2076 3193 2116 eo
3235 2060 3376 2115 mihi
3427 2060 3648 2116 intuitu
3694 2060 3783 2114 in-

2079 2150 2316 2219 dulgere
2354 2164 2468 2204 non
2522 2148 2767 2216 differat,
2819 2164 2936 2218 quo
2987 2147 3178 2203 minus
3222 2147 3424 2202 alienae
3454 2147 3595 2202 dum
3655 2162 3788 2203 mea

2079 2237 2274 2294 scribit
2319 2237 2540 2303 manui,
2573 2251 2748 2307 quam
2799 2251 2939 2292 meae
2972 2236 3266 2306 quondam
3317 2235 3500 2291 facere
3529 2251 3791 2291 consue-

2079 2341 2275 2382 veram
2327 2326 2594 2381 institisse
2651 2326 2962 2396 cognoscit.
3023 2325 3170 2380 Dum
3220 2325 3374 2380 enim
3424 2338 3552 2379 mea
3601 2337 3793 2378 manu

2082 2416 2318 2485 propria
2368 2415 2770 2484 scriptitarcm,
2799 2421 2855 2470 et
2901 2413 3103 2469 crebro
3150 2413 3413 2469 contuitu
3445 2412 3596 2466 inter
3638 2411 3793 2466 scri-

2083 2503 2333 2559 bendum
2389 2504 2588 2558 eadem
2645 2503 2798 2558 dicta
2848 2502 3174 2568 reviserem,
3244 2501 3583 2556 facillimum
3640 2499 3797 2555 mihi

2082 2600 2204 2648 erat
2241 2600 2295 2648 et
2335 2593 2546 2647 omissa
2575 2600 2854 2658 retexere,
2884 2597 2939 2645 et
2973 2590 3109 2645 dum
3160 2588 3370 2644 notarii
3415 2587 3522 2644 mei
3557 2587 3799 2644 fastidia.

2085 2681 2246 2736 nulla
2276 2695 2342 2736 ex
2387 2695 2547 2736 mora
2585 2693 2866 2745 revereor,
2901 2679 3208 2734 verborum
3243 2677 3551 2733 curialitati
3585 2692 3800 2732 secure

2086 2770 2344 2824 mihimet
2394 2769 2500 2839 ipsi
2548 2783 2806 2824 morosus
2847 2767 3098 2822 intendo.
3146 2767 3328 2821 Tanto
3360 2765 3512 2821 enim
3548 2765 3800 2821 liberius

2086 2858 2157 2914 ad
2202 2859 2461 2913 animum
2519 2864 2660 2912 I83
2707 2856 2949 2911 dicenda
3001 2855 3288 2927 recolligo,
3339 2863 3560 2925 quanto
3590 2855 3800 2910 minus

2089 2962 2190 3017 pro
2235 2945 2746 3016 circumspicienda
2779 2945 3061 3000 sententia
3091 2943 3348 3000 dictandi
3378 2943 3795 3000 lentitudinem

282 3031 436 3100 ipsas
462 3030 660 3086 litterae
687 3030 1132 3100 explanationes,
1165 3039 1221 3087 et
1251 3031 1648 3098 moralitatetn,
1681 3046 1812 3101 quae
1843 3031 1977 3088 inde
2016 3059 2058 3115 ο
2093 3035 2228 3091 mihi
2259 3035 2360 3090 soli
2393 3049 2613 3090 vacuus
2636 3033 2932 3090 erubesco.

281 3121 529 3188 elicitur,
562 3121 946 3190 discrepantia
971 3122 1349 3188 attenderem,
1380 3123 1627 3191 profecto
1657 3136 1764 3178 sua
1783 3123 1978 3178 adver-

282 3223 410 3264 sum
458 3223 560 3262 nos
583 3209 804 3280 judicia
857 3210 1233 3266 continerent.
1288 3211 1480 3280 Longe
1515 3211 1668 3265 enim
1718 3210 1977 3265 securius

281 3298 350 3354 de
384 3307 710 3354 nostrarum
744 3301 1096 3368 passionum,
1131 3314 1278 3370 quas
1307 3299 1642 3369 experimur
1673 3300 1824 3355 intra
1850 3315 1974 3366 nos,

283 3395 494 3442 natura
553 3393 896 3451 tractamus,
969 3401 1145 3456 quam
1199 3387 1269 3442 de
1321 3387 1605 3457 mysteriis
1660 3387 1867 3443 Christi
1922 3395 1978 3443 et

283 3474 568 3542 Ecclesiae,
615 3475 674 3530 in
707 3475 944 3544 quibus,
990 3475 1096 3528 nisi
1153 3475 1333 3530 simus
1365 3476 1780 3546 circumspecti.
1817 3476 1978 3532 facile

281 3563 609 3618 exorbitare
646 3563 926 3616 valemus.
969 3563 1031 3618 In
1063 3563 1379 3634 tropologia
1406 3567 1557 3618 enim
1584 3579 1648 3619 eo
1691 3565 1809 3620 solo
1843 3579 1979 3635 pro-

281 3650 409 3704 viso
433 3659 494 3704 ut
520 3649 722 3704 litterae
747 3650 1070 3706 obscuritas
1088 3651 1160 3706 ad
1188 3652 1474 3721 integrum
1503 3653 1710 3708 nostris
1734 3652 1979 3722 ingeniis

283 3737 604 3805 elui-escat,
675 3738 960 3793 interioris
1025 3739 1271 3796 hominis
1343 3749 1527 3796 status
1583 3742 1978 3812 prosccutione

283 3825 572 3880 tutissima
620 3826 741 3881 sine
771 3828 981 3883 erroris
1013 3829 1210 3884 timore
1251 3829 1617 3899 disquiritur,
1652 3829 1698 3884 si
1741 3836 1976 3885 cautum

285 3921 477 3968 tamen
529 3913 683 3983 apud
717 3929 820 3968 nos
869 3924 1106 3984 constet,
1155 3932 1226 3972 ne
1275 3926 1468 3972 noster
1498 3918 1759 3972 videlicet
1806 3916 1976 3972 intel-

285 4001 464 4056 lectus
484 4014 517 4055 a
543 4001 741 4058 litterae
761 4004 1066 4060 concordia
1089 4005 1368 4062 violenter
1391 4007 1577 4076 intorq
1589 4006 1707 4060 ueri
1729 4005 1974 4061 sinatur.

282 4090 400 4146 Nisi
440 4090 592 4146 enim
651 4091 896 4148 litteram
944 4101 1202 4161 patenter
1243 4109 1542 4164 agnoscas,
1580 4095 1794 4149 frustra
1832 4101 1886 4150 te
1916 4093 1977 4149 in

284 4179 474 4236 studio
491 4180 778 4252 allegoriae
799 4181 1176 4250 exquirendae
1197 4182 1286 4236 vel
1307 4181 1668 4238 mortalitatis
1683 4196 1973 4248 exerceas,

283 4276 338 4324 et
369 4268 618 4324 multum
664 4269 722 4322 in
757 4268 864 4325 hac
895 4269 1248 4326 discussione
1295 4270 1529 4340 falleris,
1579 4269 1625 4325 si
1652 4269 1975 4341 quidquam

2157 3121 2244 3175 Ex
2290 3121 2376 3174 his
2423 3132 2579 3189 ergo,
2631 3132 2762 3188 quae
2802 3118 2860 3172 in
2909 3117 3036 3173 aliis
3084 3115 3417 3171 difﬁcilibus
3450 3115 3797 3184 quibusque

2084 3224 2212 3265 sum
2260 3208 2568 3277 Scripturis
2596 3214 2888 3276 expertus,
2937 3205 3151 3260 divinis
3193 3204 3563 3260 adminiculis
3591 3211 3647 3260 et
3679 3204 3798 3261 hoc

2083 3313 2229 3368 opus
2259 3297 2510 3362 adorior,
2564 3309 2675 3350 non
2716 3295 2932 3350 dubius
2978 3294 3136 3364 quia,
3171 3293 3274 3363 qui
3321 3292 3378 3347 in
3433 3292 3640 3347 minori
3693 3293 3796 3348 sui

2083 3385 2294 3441 amoris
2340 3384 2540 3440 notitia
2584 3391 2663 3440 tot
2707 3383 2988 3453 praestitit,
3023 3382 3080 3436 in
3132 3397 3252 3438 suae
3297 3380 3796 3450 contemplatione

2087 3475 2223 3544 legis
2251 3488 2387 3529 meae
2419 3471 2718 3528 intentioni
2749 3471 3024 3536 subsidia,
3058 3470 3265 3525 melius
3287 3469 3407 3540 jam
3439 3468 3789 3538 intendenti,

2083 3571 2138 3618 et
2184 3563 2448 3618 devotius
2500 3562 2770 3631 aspirato,
2823 3575 2937 3615 non
2991 3559 3222 3629 negabit
3269 3558 3464 3613 animo
3513 3559 3794 3628 majestas

2084 3652 2283 3707 divina
2315 3651 2534 3721 potiora
2561 3650 2630 3706 de
2663 3664 2721 3705 se
2767 3647 3052 3705 tractandi
3094 3655 3270 3716 atque
3316 3645 3607 3717 cogitandi
3635 3661 3794 3702 con-

2084 3739 2229 3794 silia.

2154 3827 2299 3894 Quia
2322 3827 2498 3897 igitur
2521 3841 2638 3895 quo
2660 3825 2889 3881 nomine
2911 3829 3210 3880 censeatur
3229 3822 3572 3892 opusculum
3594 3823 3792 3892 quaeri

2085 3924 2268 3986 potest
2300 3914 2440 3970 mihi
2483 3915 2729 3975 videtur,
2783 3911 3252 3984 quandoquidem
3285 3912 3795 3967 commentariolos

2086 4019 2238 4061 meos
2271 4003 2328 4059 in
2378 4003 2658 4060 Genescos
2687 4002 2832 4057 libro
2880 4001 2958 4057 ita
2986 3999 3333 4067 vocaverim,
3381 3999 3619 4055 Moralia
3665 4015 3794 4058 non

2083 4095 2290 4150 debere
2335 4093 2550 4156 vocari,
2582 4092 2680 4146 sed
2732 4091 2820 4146 vel
2869 4097 3137 4146 manente
3185 4101 3378 4155 sensu,
3435 4085 3639 4156 lingua
3671 4087 3796 4142 im-

2085 4189 2326 4250 mutata,
2371 4180 2739 4251 Tropologias
2780 4179 2839 4234 in
2873 4177 3163 4250 prophetis
3197 4191 3358 4248 posse
3399 4175 3642 4246 conjieio
3682 4191 3793 4248 ap-

2087 4269 2308 4340 pellari.

1676 4537 1962 4580 EXPLICIT
2008 4535 2383 4581 PBOCEMIUM.
