3950 6432
86 348 180 400 3H
827 348 1283 405 TBOPOLOGIJE
1321 349 1391 404 IN
1429 350 1639 410 OSEE.
1680 351 1865 407 AMOS
1904 353 1992 408 ET
2029 351 2184 407 JER.

2246 380 2304 389 --
2347 350 2478 405 LIB.
2522 352 2569 406 Ι.
2622 350 2686 404 IN
2725 349 2923 407 OSEE.

101 506 3617 520 ——_..-————————————_—_—_—_—___—_—__—————_—_—_——__.c

102 520 3621 537 mm

864 695 1441 869 VEN.
1613 687 2889 867 GUIBERTI

1562 1004 2194 1085 TROPOLOGL’E

478 1224 659 1352 IN
766 1222 1815 1355 PROPHETAS

1923 1222 2368 1352 OSEE
2478 1223 2698 1350 ET
2785 1218 3270 1350 AMOS

1834 1470 1926 1526 AC

886 1651 2102 1757 LAMENTATIONES
2167 1651 2860 1757 JEREMIXE.

1530 2001 1817 2075 LIBER
1872 2000 2238 2074 PRIMUS

1124 2178 1654 2246 TROPOLOGUE
1706 2179 1786 2244 IN
1843 2178 2339 2245 PROPIIETAM
2388 2178 2616 2245 OSEE.

678 2444 912 2501 CAPUT
943 2443 1244 2500 PRIMUM.

156 2536 340 2591 Vens.
378 2537 432 2588 1.
466 2562 539 2574 -
575 2554 597 2582 ι
631 2532 884 2589 Verbum
918 2531 1147 2587 Domini
1186 2531 1341 2602 quod
1374 2531 1588 2587 factum
1627 2538 1711 2587 est
1742 2531 1813 2586 ad

89 2645 110 2673 ι
144 2623 290 2680 Osee
326 2622 547 2677 tiliium
606 2622 787 2677 Beeri.
840 2643 862 2670 ι
903 2620 1135 2675 Verbum
1171 2620 1275 2677 hoc
1331 2635 1445 2676 non
1499 2620 1809 2676 elementa-

83 2715 260 2780 rium,
292 2726 409 2767 nec
445 2710 688 2766 interius
717 2710 915 2781 aliqua
951 2708 1323 2766 intellectuali
1380 2708 1814 2765 ratiocinatione

88 2814 186 2871 per
257 2801 693 2855 sententiarum
750 2798 1010 2854 membra
1079 2796 1417 2853 distinctum
1497 2796 1815 2868 intelligere

84 2888 396 2954 debemus,
433 2887 591 2957 quod
624 2900 737 2942 non
761 2887 834 2943 sit
860 2886 1017 2941 aliud
1049 2899 1225 2956 quam
1256 2884 1451 2941 lumen
1484 2884 1623 2940 illud
1655 2884 1813 2955 quod

86 2976 392 3032 illuminat
423 2989 655 3032 omnem
689 2976 979 3031 hominem
1011 2974 1332 3030 venientem
1365 2973 1423 3028 in
1464 2974 1620 3029 hunc
1650 2987 1816 3028 mun-

82 3065 224 3119 dum
251 3066 442 3133 (Joan.
468 3078 503 3131 ι,
527 3063 900 3133 9),!quodque
922 3062 1266 3118 aPsalmista
1287 3062 1500 3116 dicitur
1522 3076 1535 3115 :
1566 3083 1585 3109 ι
1618 3061 1814 3131 Signa-

86 3159 211 3207 tutn
252 3160 345 3207 est
378 3165 562 3221 super
594 3166 698 3207 nos
744 3150 940 3206 lumen
974 3151 1057 3207 tui
1103 3150 1304 3205 vultus
1339 3149 1507 3216 (Psal.
1566 3163 1641 3215 IV,
1675 3150 1754 3217 7).
1786 3169 1807 3196 υ

88 3243 189 3297 Est
227 3250 442 3296 autem
501 3240 739 3295 rationis
798 3248 988 3295 motus
1036 3238 1107 3293 ad
1168 3237 1265 3292 Dei
1334 3237 1809 3307 dignoscentiam.

90 3330 356 3400 bonique
381 3328 643 3398 malique
676 3328 1073 3384 discretionem
1122 3326 1258 3382 solis
1303 3333 1425 3395 post
1470 3326 1650 3381 Deum
1700 3339 1810 3379 an-

89 3420 232 3490 gelis
265 3417 731 3487 hominibusque
779 3417 1003 3473 insitus.
1045 3419 1159 3473 Hoc
1185 3419 1404 3472 virbum
1447 3417 1662 3470 Domini
1706 3423 1807 3477 est,

89 3506 231 3576 quia
301 3505 383 3560 ab
434 3503 561 3573 ipsa
626 3504 914 3573 Sapientia
960 3504 1252 3570 creatrice,
1309 3518 1440 3573 quae
1502 3502 1806 3572 loquitur:

92 3615 118 3646 ι
153 3596 279 3667 Ego
313 3594 377 3649 in
427 3593 722 3650 altissimis
756 3594 950 3649 habito
978 3595 1168 3660 (Eccli.
1203 3609 1361 3659 xxw,
1390 3598 1463 3659 7).
1506 3615 1527 3641 ι
1577 3592 1663 3648 Ab
1695 3592 1811 3648 ini-

85 3681 160 3736 tio
193 3688 251 3736 et
282 3688 428 3734 ante
462 3679 672 3735 saecula
720 3680 869 3735 intra
907 3680 1141 3750 angelos
1186 3688 1241 3735 et
1297 3678 1555 3735 homines
1582 3686 1637 3735 et
1689 3680 1809 3749 ipsa

88 3768 243 3823 dicta
304 3765 604 3835 sapientia
630 3774 821 3823 creata
866 3775 951 3822 est
1001 3768 1181 3834 (Ibid,
1244 3770 1346 3833 li).
1403 3767 1523 3823 Hoc
1564 3768 1808 3822 verbum

91 3856 173 3920 lit,
233 3869 377 3910 cum
447 3854 590 3909 illud
649 3856 858 3912 interni
913 3863 1193 3912 tractatus
1257 3856 1557 3927 diligentia
1613 3856 1811 3911 subtili

90 3942 511 3998 distributione
539 3945 706 4013 quasi
739 3957 839 4012 per
874 3958 1146 4013 corporea
1194 3943 1542 3999 lineamenta
1588 3942 1812 4013 disper-

90 4033 172 4087 tit.
211 4032 302 4087 Fit
338 4046 585 4102 quoque
626 4032 701 4086 ad
739 4035 888 4098 Osee,
920 4048 1053 4089 cum
1098 4033 1168 4087 ad
1214 4033 1392 4088 solam
1437 4031 1807 4100 capacitatem

88 4119 615 4175 intellectualitatis
640 4122 911 4191 pertingit
932 4121 1223 4176 humanae.
1248 4119 1345 4173 Ad
1365 4120 1511 4183 Osee,
1546 4120 1808 4190 inquam,

90 4210 171 4273 iit,
208 4209 352 4264 dum
383 4209 460 4263 ad
496 4209 760 4278 spiritum
797 4218 1079 4275 nostrum,
1108 4211 1164 4265 in
1200 4224 1317 4280 quo
1344 4209 1622 4265 salutiferi
1670 4223 1811 4264 con-

90 4296 198 4351 silii
230 4310 476 4353 summa
505 4303 607 4364 est,
653 4298 1036 4354 erudiendum
1085 4299 1368 4369 s:ngul-iri
1418 4297 1697 4368 dignitate
1752 4313 1812 4354 se

90 4385 334 4457 colligit.
389 4385 536 4441 Osee
594 4386 746 4441 enim
803 4388 1045 4441 salvator
1102 4390 1320 4443 Domini
1378 4387 1809 4456 interpretatur.

92 4474 157 4529 Et
201 4474 299 4530 cui
349 4473 547 4544 magis
597 4489 724 4545 spes
767 4475 1037 4533 humanae
1076 4476 1281 4532 salutis
1325 4484 1449 4546 post
1502 4477 1811 4533 Dominum

94 4562 428 4618 intenditur
488 4576 665 4633 quam
715 4563 795 4619 illi
846 4565 1041 4629 verbo,
1090 4564 1241 4635 quod
1293 4565 1535 4635 pedibus
1581 4566 1808 4633 nostris,

90 4653 262 4723 juxta
294 4652 619 4723 psalmum.
669 4654 832 4723 quasi
879 4655 1114 4710 lucerna
1162 4656 1596 4725 praescribitur?
1644 4659 1808 4725 (Psal.

95 4757 290 4809 cxvm,
325 4741 480 4810 102i).
518 4740 675 4796 Unde
704 4750 759 4797 et
801 4742 1023 4798 Domini
1068 4743 1303 4810 dicitur,
1337 4744 1477 4813 quia
1514 4745 1668 4815 quod
1711 4761 1814 4802 nos

94 4832 353 4887 docendo
396 4830 611 4896 salvat,
662 4832 762 4888 soli
820 4832 1173 4890 illuminanti
1207 4836 1393 4904 potius
1432 4849 1607 4905 quam
1656 4833 1813 4891 lunze

98 4919 443 4975 illuminataa
473 4917 813 4987 imputatur.
847 4920 901 4975 Is
941 4920 1080 4977 Osee
1127 4922 1281 4977 illius
1329 4930 1414 4978 est
1461 4922 1639 4990 Beeri,
1674 4924 1814 4994 quia

1857 2445 1904 2497 Α
1932 2440 2021 2496 vel
2049 2443 2325 2510 perfectio,
2368 2441 2557 2496 Achaz
2588 2443 2784 2508 virtus,
2836 2441 3106 2497 Ezechias
3158 2445 3472 2512 imperitum
3522 2447 3635 2499 Do-

1921 2532 2061 2584 mini
2088 2534 2312 2585 sonant.
2351 2530 2606 2587 Verbum
2648 2544 2784 2600 ergo
2817 2544 2917 2600 per
2972 2531 3133 2587 bonae
3185 2532 3501 2588 voluntatis
3544 2546 3631 2588 re-

1922 2619 2320 2675 tractationem
2398 2620 2569 2689 quasi
2659 2619 3038 2674 substantiale
3092 2618 3360 2676 eliectum
3442 2637 3630 2689 regum

1921 2706 2092 2773 Juda,
2129 2706 2185 2761 id
2212 2713 2295 2762 est
2326 2706 2696 2761 confessionis
2740 2706 2860 2761 dies
2906 2705 3098 2773 ellicit,
3157 2707 3298 2762 dum
3348 2722 3447 2777 per
3498 2722 3632 2777 pec-

1922 2796 2031 2852 cati
2064 2795 2424 2851 emissionem
2458 2795 2777 2851 virtutibus
2817 2795 3083 2850 admissis
3129 2795 3302 2851 menti
3346 2796 3635 2852 claritates

1920 2884 2186 2941 ostendit.
2225 2883 2577 2953 Principium
2603 2884 2755 2939 enim
2798 2884 3084 2940 bonorum
3116 2883 3394 2939 confessio
3421 2886 3633 2951 ,malo-

1923 2988 2084 3042 rum;
2116 2975 2160 3029 si
2192 2974 2344 3029 enim
2376 2972 2537 3029 Ozias
2571 2975 2785 3027 Domini
2807 2981 2891 3028 est
2910 2974 3199 3039 fortitudo,
3236 2973 3378 3044 quid
3427 2974 3632 3030 fortius

1922 3077 2099 3134 quam
2156 3061 2466 3133 injustitias
2523 3061 2581 3115 in
2640 3060 2857 3131 quibus
2917 3062 3315 3118 erubescimus
3373 3062 3631 3118 confiteri

1922 3151 2231 3207 adversum
2262 3164 2365 3205 nus
2401 3149 2639 3205 Domino
2660 3151 2687 3204 7
2715 3150 2895 3207 (Psal.
2927 3165 3090 3214 xxxr,
3122 3151 3201 3220 5.)

1994 3239 2226 3305 Deinde,
2251 3238 2425 3309 juxta
2454 3238 2606 3308 quod
2634 3237 2880 3293 Joatban
2936 3238 3144 3305 innuit,
3186 3238 3465 3309 quoniam
3513 3254 3627 3295 non

1921 3328 2105 3384 solum
2130 3328 2345 3383 bonum
2398 3335 2482 3382 est
2526 3326 2807 3393 conﬁteri,
2851 3327 2947 3381 sed
2991 3327 3163 3382 etiam
3214 3336 3631 3397 consequenter

1924 3416 2164 3487 psallere
2195 3418 2501 3485 (Psat.xcr,
2554 3415 2624 3484 2),
2661 3415 2706 3470 si
2756 3415 2815 3470 in
2864 3414 2996 3470 boni
3042 3414 3396 3471 exhibitione
3440 3417 3629 3485 operis

1922 3519 2399 3562 consummamur
2436 3514 2611 3574 atque
2652 3503 3005 3573 perlicimur,
3048 3504 3219 3574 juxta
3249 3505 3403 3575 quod
3438 3506 3625 3559 Acha:

1922 3609 2027 3649 suo
2056 3594 2247 3664 signat
2278 3594 2527 3648 nomine.
2570 3595 2756 3647 Virtus
2784 3593 3103 3647 necessaria
3143 3600 3247 3658 est,
3296 3592 3437 3662 quia
3484 3594 3623 3649 dum

1924 3683 2075 3740 bona
2097 3682 2153 3739 in
2183 3682 2347 3738 nobis
2372 3682 2718 3747 exuberant,
2753 3682 3040 3737 honorum
3070 3681 3308 3737 ambitio
3332 3690 3387 3737 et
3436 3681 3625 3737 laudis

1923 3771 2272 3841 appetentia,
2313 3785 2444 3841 quae
2477 3779 2615 3824 tunc
2662 3769 2989 3839 importune
3023 3770 3250 3842 ingerit,
3294 3784 3523 3826 summa
3571 3771 3625 3825 vi

1920 3859 2291 3930 propellenda
2318 3866 2421 3915 est.
2449 3857 2572 3924 Quo
2603 3858 2768 3924 facto,
2817 3858 2991 3928 juxta
3024 3859 3183 3928 quod
3223 3859 3495 3914 Ezechias
3531 3860 3625 3915 in-

1920 3956 2271 4019 terpretatur
2302 3947 2466 4017 plene
2513 3949 2773 4001 Dominus
2818 3950 3071 4014 imperat,
3121 3947 3261 4015 quia
3317 3948 3418 4017 qui
3454 3948 3537 4002 sic
3566 3962 3623 4001 se

1919 4040 2108 4106 habet,
2154 4044 2540 4107 competenter
2570 4035 2720 4091 valet
2766 4035 2954 4090 dicere
2990 4050 3002 4089 :
3042 4059 3061 4084 ι
3114 4037 3275 4091 Tuus
3319 4052 3450 4091 sunt
3495 4054 3618 4107 ego,

1917 4129 2146 4183 salvum
2196 4141 2286 4182 me
2344 4126 2430 4181 fac
2485 4125 2648 4186 (Psal.
2705 4138 2904 4188 cxvut,
2937 4124 3051 4191 94),
3084 4145 3104 4172 ι
3144 4123 3454 4193 praesertim
3487 4138 3621 4179 cum

1917 4217 2163 4273 sinistra:
2195 4215 2377 4285 partis
2406 4214 2484 4269 nil
2520 4214 2576 4269 in
2609 4228 2667 4269 se
2701 4213 2855 4283 quod
2886 4213 3214 4268 dominetur
3262 4212 3547 4267 admittat.

1990 4306 2161 4362 Vnus.
2212 4308 2264 4358 2.
2316 4335 2384 4344 —-
2441 4325 2463 4351 ι
2518 4303 2586 4358 Et
2637 4302 2694 4357 in
2742 4302 2946 4358 diebus
2998 4302 3295 4357 .leroboam
3341 4300 3439 4355 lilii
3492 4302 3622 4355 .loas

1924 4416 1944 4443 ι
1972 4394 2122 4465 regis
2150 4393 2345 4449 Israel.
2369 4390 2721 4460 Principium
2761 4390 3033 4460 loquendi
3066 4391 3307 4445 Domino
3329 4390 3384 4443 in
3407 4389 3565 4445 Osee.
3596 4412 3615 4436 ι

1917 4482 2247 4540 Notandum
2298 4481 2451 4551 quod
2504 4481 2773 4549 superius
2824 4479 3042 4533 verbum
3084 4479 3231 4535 dixit
3286 4481 3496 4546 factum
3548 4480 3623 4531 ad

1921 4574 2073 4636 Osee,
2131 4572 2297 4626 modo
2334 4571 2669 4640 principium
2715 4569 2971 4637 loquendi
3024 4573 3162 4622 181
3209 4583 3323 4623 non
3358 4568 3616 4635 adjOsee,

1918 4662 2012 4717 sed
2042 4664 2100 4714 in
2128 4661 2273 4717 Osee.
2309 4659 2403 4713 Ad
2435 4661 2564 4716 Osee
2592 4657 2869 4712 Dominus
2900 4655 3180 4725 loquitur,
3214 4670 3348 4712 cum
3391 4665 3493 4711 aut
3522 4669 3620 4725 per

1918 4750 2118 4806 divina
2146 4748 2395 4818 eloquia,
2425 4754 2524 4803 aut
2564 4759 2664 4815 per
2705 4743 2966 4815 aliquam
3005 4744 3260 4800 exterius
3301 4743 3615 4799 exbibitam

1917 4838 2271 4894 occasionem
2306 4851 2467 4892 mens
2496 4843 2691 4890 nostra
2720 4832 3133 4903 compungitur
3162 4849 3175 4898 ;
3217 4835 3276 4886 in
3306 4833 3455 4896 Osce,
3481 4846 3618 4886 vero

1919 4942 2054 4983 cum
2105 4941 2211 4981 sua
2267 4926 2449 4995 ipsius
2489 4922 2965 4991 contemplatione
3004 4929 3060 4976 et
3102 4921 3207 4990 piae
3255 4920 3618 4991 cogitationis

94 5005 437 5062 salvationis
467 5019 590 5061 sua:
623 5006 861 5078 gloriam
910 5023 1025 5065 non
1076 5010 1268 5067 haurit
1318 5011 1461 5067 alias
1510 5025 1688 5081 quam
1746 5013 1814 5067 de
1857 5024 2240 5091 Cspontanea
2303 5011 2771 5083 augmentatione
2854 5009 3244 5065 succenditur.
3320 5010 3615 5065 .leroboam

98 5094 212 5163 ipso
251 5093 497 5165 proprio
542 5092 696 5150 fonte
742 5096 861 5164 Dei,
907 5097 1065 5153 Beeri
1115 5113 1369 5170 namque
1414 5106 1608 5169 puteus
1665 5116 1811 5156 meus

96 5182 322 5239 dicitur.
401 5181 674 5238 Salvator
722 5184 916 5256 itaque
965 5185 1118 5242 filius
1172 5188 1328 5257 putei
1381 5188 1473 5244 sui
1518 5197 1623 5255 est,
1670 5192 1809 5260 quia

100 5272 385 5343 quidquid
431 5269 682 5326 interius
720 5274 1085 5344 suggerendo
1115 5275 1348 5331 salubre
1398 5276 1685 5332 ministrat
1736 5292 1808 5334 ex

98 5362 394 5417 afﬂuentia
426 5373 725 5429 aquarum
755 5362 1076 5420 viventium
1107 5380 1239 5435 quae
1270 5364 1462 5421 fluunt
1494 5366 1712 5438 impetu
1740 5367 1809 5423 de

104 5449 312 5507 Libano
337 5457 427 5505 est
463 5446 650 5514 (Cant.
683 5462 757 5514 1v,
792 5453 899 5516 15).

173 5566 191 5592 .
227 5542 293 5598 In
323 5541 541 5597 diebus
569 5538 735 5607 Oz'm,
768 5542 1034 5606 Joathan,
1061 5542 1270 5609 Achaz,
1318 5544 1571 5600 Ezechiae
1606 5558 1808 5614 regum

106 5632 265 5689 Iuda.
299 5651 330 5683 ι»
360 5629 536 5687 Ozias
564 5630 835 5696 fortitudo
876 5633 1109 5687 Domini.
1137 5632 1381 5689 Joathan
1425 5634 1809 5687 consummatio

1920 5105 2253 5173 temporalis,
2300 5102 2431 5157 Joas
2469 5117 2693 5171 sperans
2744 5100 3179 5169 interpretatur,
3239 5098 3412 5155 Israel
3468 5103 3619 5168 prin-

1915 5208 2035 5262 ceps
2055 5201 2139 5248 est
2169 5195 2290 5254 Deo.
2324 5190 2411 5245 vel
2444 5191 2679 5244 directus
2710 5192 2824 5243 Dei.
2859 5189 2964 5244 Per
2998 5188 3169 5243 lsrael
3212 5202 3349 5258 ergo
3381 5187 3618 5244 affectus

1916 5288 2112 5336 noster
2159 5279 2407 5335 carnalis
2472 5278 2772 5346 accipitur,
2811 5276 2912 5347 qui
2962 5290 3267 5347 nunquam
3318 5275 3425 5331 nisi
3482 5290 3616 5331 cum

1918 5368 2050 5432 Deo,
2084 5366 2138 5421 id
2173 5374 2256 5420 est
2286 5366 2505 5421 ratione
2533 5366 2735 5421 comite
2768 5365 3149 5436 principatur,
3182 5378 3486 5435 nunquam
3522 5378 3620 5433 per

1916 5469 1975 5511 se
2006 5454 2294 5524 dirigitur,
2344 5455 2486 5523 quia
2516 5469 2619 5509 nec
2649 5455 2721 5509 ab
2768 5454 3034 5524 Apostolo
3082 5454 3296 5511 bonum
3338 5452 3394 5507 in
3446 5466 3619 5508 carne

1918 5544 2152 5614 propria
2184 5543 2468 5612 reperitur
2494 5545 2679 5615 (Rom.
2713 5559 2811 5609 vn,
2848 5545 2958 5610 19).

1991 5632 2092 5687 Hic
2116 5633 2417 5688 .leroboam
2451 5640 2505 5688 et
2531 5633 2666 5688 .loas
2699 5632 2868 5688 habet
2897 5646 3080 5702 reges,
3113 5632 3253 5702 quia
3291 5630 3619 5701 temporalis
