3950 6442
314 404 417 459 343
1198 399 1265 454 ν.
1311 398 1643 454 GUIBERTI
1682 398 1976 454 ABBATIS
2013 400 2069 454 S.
2113 397 2354 454 MAR”:
2395 399 2486 455 DE
2528 398 2927 456 NOVIGENTO

313 530 592 587 commodi
619 538 675 586 et
703 529 824 599 spei
873 526 1204 593 mundanae,
1258 542 1390 596 quae
1425 541 1496 582 ex
1547 541 1612 582 eo
1667 540 1888 594 semper
1930 525 2008 594 gi-
2045 527 2271 582 Astum
2339 541 2486 596 opus
2542 534 2625 582 est
2681 525 2965 596 quidquid
3023 541 3098 583 ex
3161 525 3507 583 humilitatis
3563 528 3852 582 semente

313 619 531 688 gnitur,
567 617 821 674 dominio
849 616 1180 686 frequenter
1208 614 1294 670 vel
1317 614 1615 670 exactione
1640 613 2004 682 deprimitur.
2117 623 2366 671 creatur.
2392 615 2506 672 Nec
2525 615 2679 671 enim
2700 615 2888 670 virtus
2915 614 3148 682 dicitur,
3173 629 3306 684 quae
3336 629 3451 670 non
3492 614 3852 672 humilitate

313 707 420 773 Qui
449 707 564 762 duo
611 706 822 761 habent
864 703 1003 768 dies,
1050 703 1189 773 quia
1246 717 1362 757 non
1418 702 1524 756 nisi
1587 701 1762 770 hujus
1813 700 2007 755 saeculi
2117 703 2398 760 conditur.
2425 703 2799 773 Rcddensque
2843 717 3071 766 causas,
3127 703 3326 769 adhuc,
3375 703 3588 774 inquit,
3636 703 3850 758 modi-

311 791 1070 864 explorantprosperitates.
1119 791 1379 856 Quatuor
1419 805 1555 858 ergo
1597 790 1760 844 Judie
1825 804 2004 860 reges,
2118 809 2258 859 cum,
2320 798 2370 846 et
2437 794 2666 846 visitabo
2729 795 3049 857 sanguinem
3103 792 3349 846 Jezrahel
3388 807 3554 861 super
3603 792 3848 847 domum

316 890 372 938 et
399 883 514 938 duo
566 881 788 937 lsraclis
836 889 992 947 sunt,
1036 880 1176 949 quia
1228 879 1378 934 unde
1435 879 1578 934 ratio
1629 878 1870 948 regitur,
1921 877 2007 932 vel
2116 882 2270 945 Jehu,
2316 880 2370 936 id
2418 889 2501 936 est
2535 894 2714 950 parva
2745 889 2852 935 erit
2906 882 3144 936 internae
3186 894 3347 935 mora
3397 881 3631 950 quietis,
3689 894 3847 935 cum

316 971 468 1042 quod
503 969 646 1026 ratio
675 975 851 1037 reget,
885 967 1174 1038 quadrum
1208 973 1262 1022 et
1303 966 1440 1037 {ideo
1495 967 1740 1021 solidum
1778 975 1896 1032 est;
1952 966 2007 1020 in
2121 969 2315 1025 ulcisci
2363 983 2584 1038 cmpero
2623 968 2992 1038 sanguinem.
3043 969 3198 1038 quod
3238 977 3321 1024 est
3370 977 3672 1038 peccatum
3733 969 3844 1023 vi—

315 1074 434 1130 quo
462 1067 654 1114 autem
684 1056 1056 1112 aﬁ’ectualiter
1086 1055 1542 1119 iutumescimus,
1571 1055 1803 1125 [quanto
1843 1063 2010 1110 extra
2121 1058 2270 1113 tiatze
2301 1057 2658 1123 humilitatis,
2709 1064 2764 1112 et
2809 1057 2915 1112 hoc
2954 1071 3117 1125 super
3161 1057 3377 1111 domum
3425 1059 3582 1124 Jehu,
3637 1057 3699 1113 id
3759 1066 3856 1111 est

315 1146 594 1202 unitatem
622 1153 726 1212 est,
760 1153 916 1200 tanto
962 1144 1227 1199 divisioni
1272 1151 1326 1198 et
1373 1143 1702 1198 invidentize
1763 1156 2009 1212 pronum
2119 1146 2482 1201 stabilitatem
2513 1143 2890 1209 conscientiae,
2919 1158 3049 1214 quae
3075 1158 3146 1199 ex
3183 1144 3277 1199 Dei
3309 1145 3590 1200 desiderio
3621 1159 3853 1216 quam-

314 1243 416 1290 est.
443 1233 711 1300 Quandiu
741 1233 933 1303 itaque
965 1231 1320 1301 temporalia,
1348 1239 1401 1286 et
1435 1245 1561 1298 spes
1608 1231 2009 1300 temporalium
2119 1235 2250 1289 dam
2268 1233 2497 1289 molitur
2521 1231 2991 1298 immobilitatem,
3017 1232 3075 1287 in
3115 1246 3233 1302 qua
3254 1232 3355 1287 diu
3390 1233 3500 1287 sibi
3536 1247 3655 1289 non
3701 1234 3856 1288 licet

313 1321 832 1391 animoimperant,
865 1321 1133 1391 quamvis
1151 1327 1403 1389 quatuor
1437 1319 1880 1389 praecedentium
1919 1334 2012 1375 re-
2119 1322 2445 1379 consistere.
2479 1320 2739 1377 Fitenim
2783 1319 3076 1376 silentium
3124 1321 3182 1376 in
3228 1321 3391 1387 coelo,
3431 1321 3526 1378 sed
3579 1323 3680 1378 vix
3723 1335 3854 1378 me-

315 1425 454 1478 gum
479 1423 687 1479 magna
717 1411 967 1479 potentia
1005 1409 1098 1468 sit.
1135 1416 1327 1464 tamen
1367 1408 1576 1463 mentis
1619 1415 1804 1462 status
1847 1415 2011 1463 utro-

314 1498 489 1568 bique
534 1497 884 1553 alternantes
929 1497 1159 1552 duobus
1206 1495 1511 1566 aliquoties
1557 1495 1799 1551 molliter
1846 1495 2011 1550 obse-

314 1587 589 1642 cundant.
651 1586 812 1642 Unde
855 1587 1193 1654 principium
1241 1584 1411 1639 habet
1454 1583 1732 1639 Dominus
1778 1586 1837 1637 in
1886 1586 2013 1640 Osee

315 1675 591 1743 loquendi,
647 1687 781 1729 cum
833 1674 892 1728 in
935 1672 1190 1728 interiori
1239 1672 1471 1728 homine
1500 1671 1713 1726 habent
1759 1679 2014 1741 quatuor

317 1770 519 1818 contra
555 1761 700 1816 duos
747 1762 965 1830 primas
1006 1774 1080 1816 ex
1129 1759 1329 1830 aliqua
1373 1774 1434 1816 re
1477 1761 1798 1815 occasiones
1839 1760 2012 1815 alter-

319 1850 510 1905 candi.
543 1849 689 1904 Hinc
717 1856 802 1904 est
832 1848 985 1918 quod
1016 1849 1301 1918 sequitur.

397 1959 420 1987 ι
457 1938 525 1992 Et
557 1937 706 1993 dixit
763 1937 1044 1992 Dominus
1096 1937 1167 1992 ad
1223 1937 1402 1993 Osee:
1462 1936 1637 2004 Vade,
1693 1951 1856 1992 sume
1916 1937 2018 1992 tibi

3735 399 3848 452 3-H

2119 1411 2214 1468 dia
2238 1410 2400 1465 hora.

2189 1498 2515 1555 Notandum
2538 1503 2728 1552 autem
2757 1495 2911 1566 quod
2943 1511 3060 1552 non
3091 1496 3250 1552 aliud
3281 1497 3354 1553 sit
3384 1511 3591 1554 vocare
3639 1499 3848 1554 ﬁlium

2123 1602 2300 1658 quam
2329 1586 2609 1641 aestimare
2655 1599 2802 1654 opus
2848 1585 3166 1654 proprium.
3201 1585 3479 1652 Verbum,
3532 1587 3691 1656 quod
3757 1594 3856 1641 est

2121 1676 2373 1743 visitare,
2406 1689 2539 1730 cum
2581 1675 2654 1729 sit
2707 1673 3219 1744 frequentativum,
3267 1674 3536 1730 bifariam
3579 1676 3640 1730 in
3683 1675 3858 1731 Scri-

2132 1764 2316 1836 pturis
2361 1763 2662 1833 accipitur,
2717 1769 2780 1818 ut
2809 1769 2931 1817 est:
2975 1784 2995 1811 ι
3054 1761 3309 1818 Visitabo
3349 1762 3408 1818 in
3447 1763 3616 1833 virga
3653 1765 3852 1833 (Psat.

2130 1867 2405 1916 Lxxxvut.
2434 1852 2545 1918 33).
2587 1872 2607 1898 ι
2645 1849 2716 1905 Et
2750 1864 2822 1904 :a
2879 1849 3061 1907 Visita
3102 1865 3208 1905 nos
3258 1849 3317 1905 in
3373 1850 3616 1908 salutari
3663 1852 3856 1922 (Psal.

2127 1956 2220 2009 ev,
2253 1943 2326 2010 Ii),
2359 1961 2387 1993 υ
2417 1948 2472 1996 et
2497 1939 2889 1995 assiduitatem
2919 1938 3132 1994 divinae
3160 1939 3472 1995 introrsum
3519 1940 3858 1996 correctio-

2061 1807 2098 1860 li

328 2049 348 2075 ι
388 2040 626 2082 uxorem
655 2025 1118 2092 fornicationum,
1145 2033 1199 2081 et
1229 2024 1318 2080 fac
1359 2025 1503 2079 ﬁlios
1550 2025 2016 2092 {ortiicationutm

329 2138 348 2162 ι
387 2116 527 2184 quia
557 2114 846 2170 fornicans
892 2112 1276 2170 fornicabitur
1315 2122 1464 2170 terra
1493 2127 1527 2168 a
1556 2114 1812 2169 Domino.
1856 2135 1875 2162 ι
1929 2114 2022 2168 Ad

326 2205 455 2259 Osee
493 2205 749 2256 Dominus
776 2201 932 2269 dicit,
984 2216 1116 2257 cum
1161 2216 1365 2257 causas
1394 2201 1678 2257 interioris
1725 2210 1890 2256 actus
1949 2202 2022 2256 ab

323 2289 593 2346 exteriori
623 2289 853 2360 ingerit.
893 2289 1062 2357 Vade,
1099 2289 1307 2359 inquit,
1342 2304 1413 2344 ne
1443 2290 1660 2359 majora
1699 2289 1766 2344 de
1802 2299 1851 2344 te
1887 2305 2024 2344 sen-

327 2380 434 2434 tias
464 2393 642 2449 quam
670 2379 958 2448 competit,
1002 2378 1186 2434 sciens
1221 2379 1380 2449 quia,
1421 2378 1558 2434 dum
1609 2378 1851 2444 adeis,
1891 2394 2024 2434 caro

327 2467 604 2522 adversus
633 2466 903 2536 spiritum
935 2466 1287 2536 concupiscit
1317 2466 1458 2536 (Gut.
1509 2481 1563 2531 v,
1610 2469 1720 2535 t7),
1753 2467 1849 2521 sed
1878 2483 2026 2521 sume

329 2555 430 2608 tibi
448 2570 670 2608 uxorem
709 2553 1154 2620 fornicationum.
1203 2553 1257 2609 id
1285 2562 1370 2610 est
1416 2553 1634 2609 ascribe
1669 2554 1770 2609 tibi
1819 2554 2026 2610 volun-

331 2651 524 2710 tatem,
581 2644 702 2698 sine
751 2657 872 2712 qua
917 2657 1021 2698 nec
1071 2643 1287 2698 bonum
1340 2657 1445 2698 nec
1485 2642 1699 2698 malum
1745 2643 1826 2705 ﬁt,
1869 2642 2028 2698 lasci-

333 2732 580 2787 vientem
629 2745 730 2801 per
779 2729 1086 2788 volutabra
1128 2731 1592 2798 delectationum,
1650 2736 1701 2786 et
1747 2735 1839 2798 fac
1881 2733 2030 2802 ﬁlios

331 2822 779 2887 fornicationum,
834 2833 1009 2890 opera
1074 2819 1337 2876 videlicet
1401 2819 1762 2876 diversorum
1834 2835 2026 2876 exces-

333 2923 527 2964 suum.

406 2997 539 3052 Haec
568 3004 651 3052 est
680 3011 829 3052 uxor
857 3011 989 3066 quae
1029 2995 1086 3051 in
1111 2995 1408 3067 Evangelii
1441 2996 1714 3065 parabola
1743 3011 1878 3052 cum
1903 2996 2035 3052 ﬁliis

2131 2033 2217 2087 nis
2245 2030 2518 2085 insinuat.

2201 2117 2373 2174 Israel
2407 2131 2508 2186 pro
2538 2114 2746 2171 aﬁ‘ectu
2775 2114 2994 2172 carnali
3025 2115 3344 2186 posuimus,
3386 2115 3509 2185 qui,
3542 2115 3672 2172 sine
3703 2118 3858 2183 Deo,

2131 2207 2431 2273 seductor;
2463 2219 2596 2260 cum
2629 2205 2764 2270 Deo,
2803 2203 3064 2274 princeps
3087 2211 3140 2259 et
3170 2203 3421 2260 directus
3441 2211 3547 2260 est.
3594 2207 3867 2271 Regnum

2132 2299 2398 2364 quiescere
2425 2292 2556 2348 facit
2601 2293 2771 2359 Deus,
2813 2306 2946 2347 cum
2993 2292 3246 2348 tnitiores
3295 2292 3481 2347 reddit
3527 2293 3864 2349 turbulen-

2133 2384 2270 2440 tiam
2299 2389 2472 2452 atque
2500 2381 2828 2450 superbiam
2848 2380 3103 2450 ejusdem
3135 2380 3384 2436 carnalis
3413 2379 3681 2436 aﬁectus.
3716 2381 3865 2437 Non

2131 2472 2285 2528 enim
2350 2471 2497 2527 dixit
2547 2469 2806 2533 deﬁcere,
2862 2469 2958 2523 sed
3017 2472 3310 2536 quiescere,
3372 2475 3436 2524 ut
3482 2476 3570 2525 est
3621 2469 3782 2526 illud
3847 2485 3862 2524 :

2142 2584 2163 2611 ι
2203 2561 2505 2616 Peccatum
2529 2559 2585 2613 in
2606 2557 2770 2612 vobis
2790 2571 2905 2612 non
2933 2557 3328 2614 dominabitur
3353 2560 3526 2624 (Rom.
3555 2572 3639 2614 v1.
3676 2560 3801 2628 14),
3837 2579 3858 2606 ι

2139 2650 2306 2722 plane
2333 2647 2529 2703 nolens
2553 2646 2761 2712 dicere,
2792 2663 2899 2700 non
2926 2649 3050 2700 erit.

2209 2738 2378 2795 Vnus.
2411 2740 2464 2790 5.
2492 2765 2560 2774 —
2593 2755 2619 2783 ‹‹
2653 2735 2721 2790 Et
2742 2734 2798 2788 in
2823 2733 2919 2789 illa
2943 2734 3334 2790 dieconteram
3357 2748 3559 2790 arcum
3579 2735 3772 2792 Israel
3801 2737 3865 2792 in

2139 2825 2287 2882 valle
2311 2823 2584 2881 Jezrahel.
2611 2844 2638 2872 ››
2676 2824 2734 2876 In
2756 2824 2855 2876 illa
2887 2822 2994 2890 die,
3027 2822 3134 2878 hoc
3164 2831 3248 2878 est
3281 2823 3339 2878 in
3367 2823 3462 2878 illa
3508 2824 3863 2881 visitatione

2141 2914 2338 2971 divina
2369 2927 2538 2968 arcus
2583 2910 2754 2967 Israel
2785 2910 3120 2978 conteritur,
3155 2911 3295 2980 quia
3322 2911 3581 2967 subdolae
3600 2912 3866 2970 aﬁectus

2143 3002 2321 3057 nostri
2362 2998 2757 3069 suggestiones
2803 2995 3036 3066 superni
3080 2996 3293 3053 amoris
3329 2997 3634 3068 diligentia
3677 2999 3866 3055 deco-

335 3084 456 3141 suis
476 3084 717 3155 jubetur
755 3085 927 3140 vendi
979 3085 1200 3154 (Matth.
1249 3099 1408 3151 xvut,
1454 3085 1566 3155 25),
1599 3085 1707 3140 hoc
1754 3093 1838 3140 est
1869 3092 2032 3141 extra
2070 3107 2108 3162 ο
2143 3096 2430 3161 quuntur.
2475 3087 2545 3141 Et
2579 3086 2684 3141 hoc
2716 3085 2777 3140 ﬁt
2801 3087 2860 3138 in
2889 3085 3032 3140 caue
3077 3085 3344 3146 Jezrahel,
3398 3083 3457 3138 in
3513 3084 3865 3142 humilitate

337 3173 653 3230 libertatem
721 3173 944 3230 arbitrii
1009 3173 1069 3229 in
1137 3175 1442 3244 reprobum
1505 3188 1741 3229 sensum
1790 3174 2032 3241 abduci.

337 3263 514 3328 Sume,
574 3261 785 3334 inquit,
836 3278 1081 3330 umorem,
1127 3267 1179 3316 et
1218 3264 1312 3329 fac
1345 3263 1514 3330 ﬁlios,
1563 3262 1618 3318 id
1664 3270 1748 3318 est
1800 3262 2038 3318 ﬁrmiter

341 3349 441 3406 tibi
473 3365 723 3420 propone
754 3365 867 3406 non
909 3350 1060 3406 bona
1107 3365 1240 3420 quae
1289 3351 1509 3420 cogitas
1543 3357 1598 3406 et
1641 3365 1891 3418 exerces,
1939 3351 2036 3406 sed

340 3438 754 3508 cogitationum
800 3437 1066 3494 libidines
1122 3445 1177 3493 et
1223 3437 1401 3493 luxus
1464 3446 1757 3509 externos;
1809 3454 1913 3494 nec
1979 3440 2037 3494 id

345 3527 578 3598 injuria,
609 3528 890 3592 fornicans
919 3526 1073 3582 enim
1106 3525 1368 3592 interius,
1398 3533 1454 3581 et
1491 3525 1660 3596 quasi
1709 3531 2040 3596 apostatans

343 3613 868 3679 censuetudinarie,
927 3613 1184 3669 exterius
1244 3613 1415 3669 etiam
1483 3613 1801 3670 fornicatur
1856 3615 2034 3685 (Prov.

347 3717 423 3766 γι,
486 3703 592 3772 t2),
641 3717 756 3769 ore,
815 3709 881 3758 ut
929 3701 1195 3757 Salomon
1253 3701 1352 3768 ait,
1412 3702 1680 3772 gradiens
1750 3717 2036 3772 perverso.

353 3792 536 3856 Terra,
565 3789 622 3845 id
650 3796 732 3846 est
757 3789 1070 3860 corporalis
1095 3790 1402 3860 appetitus,
1435 3807 1472 3845 α
1513 3793 1753 3846 Domino.

420 3877 592 3934 Vnus.
635 3879 688 3931 3.
734 3907 792 3916 -
843 3898 871 3927 «
920 3876 992 3932 Et
1039 3877 1198 3943 abiit,
1245 3886 1300 3934 et
1347 3878 1560 3946 accepit
1599 3879 1807 3934 Gomer
1863 3878 2039 3934 ﬁliam

357 3965 711 4034 nDebelaim,
752 3971 807 4021 et
849 3967 1123 4035 concepit,
1173 3973 1230 4022 et
1275 3967 1492 4036 peperit
1533 3966 1734 4022 ﬁlium.
1788 3988 1810 4016 ι
1860 3967 2038 4034 Abiit,

351 4069 482 4111 cum
515 4055 662 4111 asui
702 4054 834 4110 boni
875 4063 1039 4111 actus
1076 4054 1548 4120 consideratione,
1595 4055 1921 4124 ﬁduciaque
1951 4069 2039 4110 re-

351 4144 518 4199 cedit.
575 4144 782 4200 Gomer
835 4143 1250 4212 interpretatur
1300 4145 1470 4208 lucus,
1524 4143 1580 4198 id
1635 4151 1720 4198 est
1771 4143 2039 4209 cisterna,

353 4231 644 4288 Debelaim
686 4231 886 4300 putatae
927 4246 1128 4284 eorum.
1179 4230 1325 4286 Sunt
1370 4238 1560 4286 autem
1609 4230 1808 4300 palata;
1841 4231 2043 4287 caricae

355 4326 626 4382 recentes,
659 4318 808 4374 inter
837 4318 984 4374 duas
1015 4317 1173 4386 palas
1199 4319 1505 4388 premendo
1536 4319 1595 4374 in
1635 4319 1868 4374 modum
1900 4319 2046 4374 late-

2143 3171 2404 3228 videlicet
2434 3178 2574 3227 1υῦ
2605 3187 2736 3242 quae
2767 3186 2840 3228 ex
2896 3171 3204 3228 seminario
3245 3172 3345 3228 Dei
3391 3171 3614 3228 timoris
3657 3174 3863 3231 solum

2144 3260 2310 3316 modo
2330 3259 2610 3330 originem
2641 3260 2830 3328 habet,

2214 3348 2358 3403 Nota
2418 3347 2816 3417 propheticum
2884 3362 3120 3416 morem,
3179 3347 3337 3419 quod
3417 3348 3620 3404 crebro
3699 3363 3870 3420 repe-

2147 3443 2277 3492 tunt
2333 3436 2393 3491 in
2439 3436 2530 3491 die
2591 3435 2705 3503 illa,
2753 3435 3204 3492 demonstrativo
3252 3435 3594 3506 pronomine
3649 3445 3867 3493 osten-

2147 3525 2342 3580 dentes
2361 3538 2538 3595 quam
2569 3523 2843 3594 frequens
2872 3524 3055 3580 inesse
3094 3525 3267 3580 menti
3315 3524 3516 3580 debeat
3561 3523 3720 3581 lucis
3767 3526 3868 3581 in—

2147 3621 2323 3670 ternae
2389 3612 2711 3682 praesentia.
2765 3613 3352 3670 Consuetudinarium
3401 3627 3640 3684 quoque
3696 3613 3868 3670 Scri-

2149 3702 2335 3773 pturis
2363 3708 2447 3758 est
2477 3717 2663 3756 arcum
2695 3715 2798 3770 pro
2821 3702 3042 3756 insidiis
3077 3716 3306 3771 ponere.

2218 3791 2391 3847 Vens.
2423 3793 2567 3844 6.—
2600 3811 2623 3839 ι
2657 3789 2728 3845 Et
2748 3789 3003 3859 concepit
3046 3791 3240 3846 adhuc
3288 3798 3343 3847 et
3385 3791 3600 3861 peperit
3645 3790 3867 3847 ﬁliam.

2155 3900 2174 3926 -
2210 3879 2281 3934 Et
2313 3877 2459 3934 dixit
2487 3877 2558 3934 ei.
2605 3877 2759 3935 Voca
2804 3892 3012 3934 nomen
3057 3878 3184 3949 ejus
3238 3879 3470 3949 Absque
3519 3879 3872 3936 misericor-

2155 3987 2175 4015 ι
2210 3967 2332 4034 dia;
2362 3967 2502 4038 quia
2531 3980 2646 4022 non
2668 3965 2876 4021 addam
2906 3965 3060 4022 ultra
3109 3966 3364 4022 misereri
3406 3966 3602 4022 domui
3655 3967 3870 4031 Israel.

2155 4077 2177 4106 ο
2231 4055 2329 4112 sed
2375 4053 2666 4110 oblivione
2715 4053 3022 4110 obliviscar
3049 4069 3270 4110 eorum.
3302 4075 3329 4106 ››
3353 4055 3544 4110 Adhuc
3581 4057 3870 4125 concipit,

2152 4144 2445 4213 ﬁliamque
2475 4143 2640 4212 parit,
2673 4157 2805 4198 cum
2841 4151 2962 4212 post
3001 4143 3326 4213 rigidiorem
3373 4151 3588 4199 statum
3635 4145 3713 4200 ad
3777 4147 3873 4200 in-

2153 4233 2406 4288 ﬁrmiora
2438 4247 2550 4286 non
2584 4230 2790 4286 solum'
2821 4231 3126 4301 cogitanda
3165 4232 3262 4287 sed
3309 4231 3482 4287 etiam
3528 4235 3874 4302 peragenda

2153 4335 2274 4376 sese
2304 4319 2570 4375 deflectit.
2603 4319 2652 4373 A
2696 4319 2810 4374 Deo
2843 4327 3033 4374 tamen
3079 4320 3396 4389 imperatur
3423 4327 3488 4376 ut
3517 4335 3714 4374 nomen
3741 4322 3874 4391 ejus

356 4422 489 4464 rum
517 4413 846 4476 compactae.
883 4407 1074 4462 Gomer
1101 4407 1325 4476 accipit,
1359 4421 1494 4463 cum
1541 4407 1720 4462 solam
1757 4407 2049 4462 lasciviam
2091 4401 2132 4454 Ι)
2158 4410 2379 4478 Absque
2409 4407 2784 4464 misericordia
2815 4416 3065 4474 vocetur,
3115 4408 3254 4478 quia
3299 4422 3522 4477 semper
3565 4422 3638 4463 ex
3689 4411 3873 4466 ratio-

358 4495 524 4566 quasi
555 4493 801 4562 laticem,
839 4509 970 4564 quae
1021 4495 1176 4552 intra
1223 4510 1282 4552 se
1331 4495 1485 4564 latet,
1530 4495 1790 4552 attendit.
1826 4497 1896 4552 Et
1931 4496 2053 4551 haec

356 4591 440 4640 est
461 4581 578 4638 ﬁlia
608 4581 921 4650 Debelaim,
954 4583 1094 4653 quia
1120 4598 1462 4640 venenosam
1489 4583 1850 4640 dulcedinem
1875 4599 2048 4638 mun-

358 4668 544 4737 dialis,
585 4685 716 4741 quae
746 4684 846 4740 per
875 4672 1033 4742 palas
1063 4672 1348 4743 signatur,
1384 4672 1654 4743 voluptas
1678 4673 1750 4728 ob
1781 4673 1872 4728 sui
1902 4673 2050 4727 dila-

360 4758 628 4815 tationem
661 4758 866 4831 gignit.
912 4759 1168 4831 Concipit
1203 4769 1416 4826 tamen,
1438 4769 1492 4816 et
1523 4761 1673 4830 parit
1709 4775 1825 4816 non
1853 4761 2050 4828 ﬁliam,

360 4844 457 4903 sed
493 4849 691 4917 ﬁlium,
723 4849 862 4920 quia
893 4849 1032 4905 dum
1065 4849 1122 4905 in
1156 4849 1278 4905 suis
1314 4849 1422 4904 sibi
1466 4849 1686 4906 vilescit
1731 4849 2050 4916 obtutibus,

363 4950 478 4990 non
507 4938 880 5006 consequitur
907 4936 1234 5003 effeminata
1261 4936 1544 5005 mollities,
1577 4937 1672 4993 sed
1713 4937 2051 5004 masculina,

365 5031 430 5079 ut
456 5023 536 5078 sic
567 5023 810 5080 dixerim
848 5025 1054 5080 virtus.

433 5111 604 5169 Vens.
662 5113 715 5166 4.
747 5141 815 5154 -
844 5135 866 5162 ι
923 5115 994 5168 Et
1023 5112 1170 5169 dixit
1216 5113 1493 5170 Dominus
1542 5115 1616 5171 ad
1673 5129 1856 5171 eum:
1902 5115 2058 5172 Voca

365 5222 392 5249 υ
425 5215 634 5256 nomen
666 5201 793 5271 ejus
819 5202 1094 5267 Jezrahel,
1136 5202 1408 5272 quoniam
1437 5203 1630 5259 adhuc
1666 5203 1975 5268 modicum,
2001 5211 2058 5260 et

367 5310 395 5338 »
423 5288 668 5346 visitabo
697 5285 1041 5360 sanguinem
1072 5291 1344 5359 Jezrahel,
1388 5305 1562 5362 super
1605 5291 1840 5348 domum
1885 5293 2053 5358 Jehu,

371 5399 392 5426 ι
427 5385 485 5434 et
508 5379 800 5448 quiescere
835 5377 1035 5434 faciam
1069 5393 1312 5450 regnum
1345 5380 1552 5436 domus
1577 5381 1770 5436 Israel.
1808 5402 1829 5430 ι
1869 5381 2056 5434 Domi-

364 5483 466 5522 nus
495 5467 569 5521 ad
596 5483 714 5522 eum
747 5467 903 5532 dicit,
931 5482 1065 5524 cum
1097 5469 1251 5538 quod
1283 5483 1457 5538 super
1484 5483 1588 5523 suo
1631 5476 1784 5524 statu
1817 5481 2058 5538 pensare

365 5544 588 5622 debeat,
645 5555 908 5612 ostendit.
953 5557 1205 5612 Jezrahel
1257 5559 1667 5625 interpretatur
1712 5572 1887 5610 semen
1935 5557 2055 5610 Dei.

365 5645 572 5701 Semen
600 5657 737 5716 ergo
765 5644 865 5701 Dei
895 5645 1088 5702 vocari
1113 5646 1269 5702 ﬁlius
1303 5643 1654 5714 praecipitur,
1691 5643 1832 5714 quia
1888 5643 2061 5700 robu-

2161 4498 2251 4553 nis
2271 4497 2376 4553 sibi
2407 4496 2812 4552 deliberatione
2859 4495 3163 4566 ingeritur,
3213 4511 3284 4552 ne
3327 4511 3466 4566 erga
3512 4496 3706 4552 carnis
3735 4513 3870 4553 ma-

2161 4585 2502 4641 cerationem
2541 4585 2756 4655 \aliqua
2819 4583 2961 4640 talea
3036 4584 3242 4654 pietate
3301 4585 3588 4640 moliatur.
3663 4585 3870 4641 Solent

2162 4674 2313 4728 enim
2358 4673 2460 4743 qui
2508 4673 2753 4743 vigilant
2804 4673 3036 4728 cerebro
3093 4687 3198 4728 suo
3257 4673 3486 4741 timere;
3543 4673 3645 4742 qui
3697 4673 3867 4741 ﬁent,

2161 4761 2498 4832 oculis;qui
2537 4761 2823 4832 jejunant,
2885 4763 3110 4831 corpori
3170 4761 3462 4816 universo.
3515 4761 3641 4817 Non
3701 4763 3869 4830 quod

2165 4851 2370 4906 horum
2400 4849 2997 4905 nimietasinhibenda
3031 4865 3148 4905 non
3179 4849 3270 4916 sit,
3316 4850 3411 4905 sed
3460 4849 3616 4920 quod
3663 4848 3714 4904 si
3763 4851 3872 4905 ni-

2165 4940 2344 4996 mium
2393 4938 2739 5008 levigentur,
2775 4938 2938 4995 obsit.
2983 4938 3085 4993 Cui
3135 4937 3386 4994 concinit
3428 4937 3625 5007 illudi:
3665 4959 3687 4986 ι
3734 4937 3872 4994 Pel—

2166 5027 2266 5095 les,
2325 5026 2536 5097 inquit,
2602 5026 3112 5082 tabernaculorum
3169 5033 3402 5082 tuorum
3447 5025 3712 5090 extende,
3751 5041 3870 5082 ne-

2165 5129 2367 5186 parcas
2415 5117 2570 5184 (Isai.
2631 5129 2744 5183 LIV,
2786 5115 2860 5180 2).
2903 5135 2924 5163 ι
2960 5113 3122 5181 Quod
3173 5121 3258 5170 est
3285 5113 3520 5170 dicere:
3575 5115 3866 5182 Exempla

2164 5211 2516 5270 sanctorum,
2578 5217 2829 5273 quorum
2903 5201 3244 5258 auctoritate
3313 5201 3577 5268 muniris,
3649 5202 3708 5256 in
3761 5209 3865 5258 tuo

2164 5305 2333 5360 opere
2379 5291 2500 5346 sine
2551 5291 2670 5346 ulla
2717 5291 3117 5347 retractatione
3145 5304 3420 5361 propaga.
3475 5290 3598 5346 Non
3639 5303 3698 5346 se
3758 5291 3864 5344 atl-

2164 5379 2423 5435 diturum
2483 5380 2635 5434 Deus
2690 5378 2944 5434 misereri
2991 5378 3165 5434 Israel
3213 5378 3533 5448 pollicetur,
3579 5377 3718 5434 dum
3762 5393 3864 5448 per

2167 5466 2544 5524 mstinctuum
2567 5481 2742 5522 suum
2791 5473 2990 5522 contra
3017 5466 3364 5522 se-indurari
3387 5465 3583 5522 edocet
3611 5480 3728 5534 eos,
3755 5469 3855 5536 qui

2167 5567 2270 5624 pro
2299 5569 2357 5609 se
2411 5563 2683 5610 teternam
2726 5555 3138 5624 parcimoniam
3174 5554 3536 5624 proﬁtentur,
3571 5555 3671 5610 sed
3726 5557 3860 5610 obti-

2166 5645 2320 5696 vione
2342 5641 2597 5699 oblivisci
2619 5659 2820 5710 eorum,
2852 5643 2994 5700 dum
3034 5643 3191 5714 quod
3220 5643 3280 5698 in
3307 5656 3426 5699 suae
3469 5645 3857 5701 conversionis
