3950 6420
74 419 172 472 345
809 411 1270 469 ΤΗΟΡΟιΟϐΙᾸζ
1309 412 1376 467 1N
1415 410 1616 468 OSEE.
1658 409 1786 466 ΑΜ(

1967 415 1968 425 λ
2006 411 2156 466 JER.
2199 434 2268 454 —
2308 410 2437 465 UB.
2479 409 2524 465 Ι.
2566 411 2635 465 ΙΝ
2675 409 2881 465 OSEE.

3494 411 3597 465 346

73 541 250 599 initiis
294 541 476 598 semel
514 539 895 597 obliterarunt
938 555 973 596 a
1001 540 1292 603 cordibus,
1332 546 1611 611 perpetua
1639 538 1777 595 sub-
1816 541 1863 593 Α
1892 539 2073 596 divini
2105 540 2322 596 timoris
2366 548 2471 609 est,
2517 548 2573 597 et
2627 541 2990 597 condimento
3040 540 3251 597 divinae
3300 540 3595 611 sapientia:

76 631 347 687 ductione
392 631 741 687 dimoveant.
797 630 1103 685 Sciendum
1153 637 1347 685 autem
1388 628 1542 700 quod
1595 627 1781 699 gemi—

77 721 340 777 natioues
387 720 723 786 verborum,
773 726 838 774 ut
886 726 989 786 est,
1020 721 1136 773 vita
1182 720 1382 785 vivere,
1413 722 1581 772 morte
1618 718 1777 781 mori,

77 820 129 866 et
155 819 366 866 cratera
400 809 490 864 his
518 808 746 873 similia,
804 807 1117 863 vernacula
1153 807 1525 863 Hebraeorum
1571 805 1783 862 locutio

78 900 265 969 magis
297 912 478 969 quam
510 905 684 967 typus
712 896 923 966 aliquis
952 896 1043 951 sit.

148 988 322 1045 Van.
356 992 411 1040 7.
458 1016 526 1024 —
578 1008 598 1035 ι
655 986 724 1040 Et
773 986 970 1041 domui
1013 984 1164 1040 Juda
1217 984 1546 1051 miserebor,
1592 992 1647 1039 et
1677 982 1785 1039 sal-

86 1099 104 1124 ι
141 1076 290 1131 vabo
315 1091 412 1131 eos
444 1074 501 1129 in
534 1075 775 1129 Domino
834 1075 948 1130 Deo
992 1089 1117 1141 suo,
1153 1080 1206 1129 et
1255 1088 1372 1128 non
1406 1073 1643 1128 salvabo
1688 1086 1785 1127 eos

82 1188 103 1213 ι
143 1166 200 1220 in
234 1179 401 1230 arcu,
437 1171 491 1219 et
549 1162 757 1234 gladio,
793 1170 848 1218 et
895 1164 953 1218 in
1002 1161 1175 1231 bello,
1220 1171 1274 1218 et
1321 1162 1376 1217 in
1407 1162 1591 1233 equis,
1626 1169 1681 1217 et
1725 1162 1783 1216 in

84 1276 105 1301 ι
148 1253 468 1322 equitibus.
502 1273 524 1299 ι
581 1251 772 1319 Israel,
825 1259 880 1305 et
923 1251 1073 1306 Juda
1118 1251 1331 1307 habent
1378 1251 1601 1317 domus,
1643 1249 1784 1320 quia

80 1342 341 1397 diversos
370 1342 444 1397 ab
479 1340 722 1396 invicem
754 1340 968 1395 habent
999 1347 1203 1395 status.
1237 1342 1429 1394 Domui
1467 1354 1603 1408 ergo
1631 1339 1784 1395 Juda

81 1430 407 1496 miseretur,
459 1429 598 1500 quia
645 1444 759 1496 eos,
824 1428 1041 1499 quibus
1098 1428 1206 1499 pize
1273 1428 1642 1484 confessionis
1688 1428 1783 1483 iu-

80 1519 281 1589 dulget
313 1518 581 1589 gratiam,
615 1525 931 1573 reveretur.
986 1516 1178 1573 Salvat
1207 1533 1290 1571 eos
1322 1521 1380 1571 in
1422 1520 1649 1573 Domino
1682 1519 1783 1570 Deo

79 1624 192 1672 suo,
227 1607 389 1677 quod
418 1615 472 1663 et
522 1606 712 1677 ipsum
757 1605 1036 1662 Hebraica
1085 1606 1295 1661 locutio
1343 1614 1444 1673 est,
1492 1606 1647 1676 quod
1700 1612 1785 1659 est

80 1695 137 1751 in
164 1696 376 1764 seipso,
425 1695 565 1751 dum
611 1709 684 1751 ex
736 1709 801 1750 eo
849 1695 1005 1766 quod
1053 1695 1341 1751 dominari
1384 1709 1517 1751 eum
1570 1695 1780 1761 sciunt,

77 1785 324 1854 timent;
354 1799 427 1840 ex
455 1798 525 1876 eq
562 1783 715 1854 quod
748 1784 931 1839 Deum
963 1766 1197 1851 norunt,
1232 1799 1291 1840 se
1317 1798 1451 1839 eum
1484 1783 1782 1839 habituros

80 1873 135 1929 in
166 1844 410 1943 praemio
439 1852 525 1928 ex'
551 1844 743 1929 amore
792 1879 1043 1942 sperant.
1088 1844 1252 1940 Quod
1292 1880 1475 1928 totum
1507 1871 1586 1927 nil
1621 1870 1782 1927 aliud
1823 1844 1863 1898 Β

76 1971 156 2018 est
185 1976 371 2033 quam
405 1962 608 2017 timore
640 1962 913 2031 primum,
947 1960 1155 2016 dehinc
1186 1975 1383 2017 amore
1413 1961 1646 2017 salvari.
1680 1961 1785 2017 Do-

83 2050 238 2108 mino
298 2050 457 2106 enim
509 2048 694 2112 timor,
729 2057 789 2105 ut
838 2050 1107 2119 Aggeus:
1157 2070 1184 2100 «
1219 2049 1275 2105 Si
1325 2065 1429 2121 ego
1478 2050 1779 2117 Dominus,

81 2140 176 2197 ubi
206 2140 385 2196 timor
418 2138 629 2195 meus?
669 2140 826 2209 (Mal.
852 2154 889 2207 ι,
922 2139 1005 2208 6.)
1032 2161 1051 2187 ι
1092 2140 1204 2195 Deo
1232 2147 1423 2195 autem
1457 2154 1523 2196 ac
1552 2141 1597 2196 si
1634 2141 1783 2211 patri

80 2239 240 2281 amor
285 2226 516 2280 attinet.
556 2224 717 2281 Unde
766 2224 985 2280 isdem:
1039 2246 1066 2273 ‹‹
1101 2226 1154 2280 Si
1188 2240 1313 2296 ego,
1364 2226 1573 2296 inquit,
1624 2235 1787 2297 pater

82 2316 178 2372 ubi
210 2315 402 2369 honor
435 2312 643 2369 meus?
665 2314 862 2380 (Ibid)
896 2335 916 2361 ι
974 2314 1044 2369 Ει
1074 2330 1179 2368 non
1217 2314 1401 2369 salvat
1432 2332 1516 2369 eos
1543 2319 1600 2370 in
1632 2333 1783 2383 arcu,

80 2404 218 2474 quia
248 2402 415 2457 nullo
461 2417 581 2458 suae
610 2402 811 2473 rigidae
836 2402 1173 2458 intentionis
1206 2402 1399 2459 labore
1425 2404 1783 2475 consolidat;

81 2507 182 2548 nec
232 2491 432 2563 gladio
498 2490 854 2546 discretionis
920 2491 1210 2559 observat,
1268 2507 1457 2563 neque
1512 2496 1570 2547 in
1631 2494 1784 2561 bello,

83 2581 219 2650 quia
250 2594 388 2634 cum
421 2579 575 2635 vitiis
622 2580 893 2651 frequens
951 2581 1207 2648 dimicat,
1250 2597 1355 2635 non
1408 2584 1463 2636 in
1498 2585 1671 2650 equis,
1726 2584 1786 2639 in

85 2682 197 2737 quo
230 2668 451 2723 scilicet
480 2669 670 2723 carnis
708 2668 1088 2738 petulantiam
1130 2669 1353 2735 frtenat,
1406 2687 1514 2725 non
1544 2674 1601 2725 in
1627 2675 1788 2740 equi-

85 2758 245 2826 tibus,
275 2757 376 2814 ubi
406 2758 565 2813 omni
614 2758 899 2827 superbire
942 2773 1008 2814 ac
1055 2759 1396 2815 animalitati
1447 2762 1785 2832 superequi-

85 2854 181 2911 tat,
216 2846 548 2917 quidquam
583 2846 945 2903 salutiferum
991 2849 1074 2903 eis
1112 2857 1362 2917 praestat.
1408 2848 1569 2915 Quod
1606 2857 1787 2906 totum

84 2941 199 2988 est:
237 2956 257 2982 ι
313 2933 442 2989 Νοη
483 2933 745 3001 volentis,
782 2948 969 3003 neque
1009 2934 1317 3000 currentis,
1362 2936 1461 2991 sed
1508 2937 1788 2992 miseren-

85 3022 152 3077 tis
172 3030 257 3077 est
292 3023 393 3077 Dei
430 3022 596 3092 (Rom.
632 3037 708 3088 ix,
760 3024 864 3090 10),
904 3045 925 3071 ι
965 3029 1176 3079 utnon
1216 3024 1350 3094 quis
1399 3025 1457 3079 in
1487 3025 1781 3093 exercitio,

84 3111 176 3165 sed
207 3110 305 3166 Dei
333 3110 557 3167 nitatur
577 3110 815 3167 auxilio.

150 3200 327 3256 Vens.
381 3201 519 3261 8,9.
578 3230 645 3240 —
702 3221 722 3248 ι
784 3200 856 3255 Et
902 3199 1212 3257 ablactavit
1266 3216 1413 3270 eam,
1474 3217 1607 3273 quae
1667 3210 1789 3259 erat

90 3309 111 3336 ι
145 3289 389 3359 Absque
450 3288 861 3344 misericordia.
912 3291 982 3345 Et
1027 3291 1307 3361 concepit,
1350 3300 1405 3347 et
1456 3291 1671 3361 peperit
1716 3292 1785 3347 fi-

87 3400 113 3425 »
147 3377 310 3434 lium.
344 3378 419 3432 Et
456 3377 639 3432 dixit:
686 3377 841 3434 Voca
891 3392 1099 3434 nomen
1158 3380 1320 3449 ejus:
1371 3380 1496 3436 Non
1539 3380 1789 3450 populus

92 3488 111 3514 ι
144 3482 325 3532 meus,
362 3466 506 3535 quia
534 3480 635 3521 vos
671 3480 784 3521 non
818 3466 1066 3536 populus
1113 3482 1295 3536 meus,
1327 3476 1381 3525 et
1411 3484 1515 3541 ego
1546 3485 1659 3525 non
1690 3485 1788 3526 ero

94 3576 112 3600 ι
148 3563 335 3610 vester
379 3555 550 3609 Deus.
603 3575 631 3603 »
683 3555 825 3609 Filia
872 3555 1218 3623 ablactatur,
1265 3571 1396 3612 cum
1430 3572 1465 3613 a
1509 3558 1789 3615 lenocinio

90 3656 277 3711 pravze
327 3643 682 3698 remissionis
729 3643 1046 3699 absistitur.
1112 3644 1343 3700 Nosmet
1404 3660 1656 3717 namque
1699 3647 1789 3703 la-

89 3739 327 3797 ctamus,
381 3745 518 3787 cum
565 3746 669 3786 nos
717 3732 881 3788 nobis
922 3733 1087 3788 bonis
1131 3733 1277 3790 male
1307 3735 1593 3804 parcendo
1626 3736 1789 3792 labo-

92 3817 245 3874 ribus
271 3820 429 3874 intra
474 3832 579 3873 nos
608 3818 941 3875 adulamur.
982 3820 1239 3891 Concipit
1291 3822 1514 3888 deinde,
1546 3830 1601 3879 et
1640 3824 1790 3893 parit

88 3906 282 3975 ﬁlium,
328 3921 465 3963 cum
524 3907 593 3963 de
643 3909 998 3977 experientia
1052 3912 1301 3981 propriae
1350 3910 1681 3983 fragilitatis
1728 3913 1789 3967 in

92 3995 374 4052 fortiorem
428 3996 668 4067 emergit
723 4005 960 4053 statum.
1016 3999 1220 4056 Vocari
1263 4016 1453 4054 nomen
1504 4002 1621 4069 ejus
1672 4004 1790 4057 Non

86 4087 314 4153 populus
338 4099 486 4139 meus
517 4084 699 4154 jubet,
733 4087 875 4155 quia
904 4088 1331 4156 quantumlibet
1353 4089 1408 4143 in
1442 4090 1590 4145 bono
1618 4106 1790 4161 opere

90 4185 447 4239 exerceatur,
480 4176 649 4229 etiam
677 4188 810 4230 cum
840 4189 1069 4231 summa
1101 4179 1337 4247 gesserit
1377 4179 1605 4235 inutilia
1630 4182 1789 4251 apud

90 4263 398 4318 secenseri
433 4262 636 4330 .doeet,
694 4278 767 4318 ne
846 4265 1059 4321 scilicet
1135 4268 1501 4323 securitatem
1563 4270 1788 4338 piorum

90 4350 409 4406 studiorum
442 4351 494 4405 ei
526 4351 776 4421 populus
806 4354 1013 4422 pariat,
1044 4354 1149 4409 etsi
1178 4355 1249 4410 ad
1274 4356 1379 4411 hoc
1408 4356 1590 4412 multa
1616 4357 1789 4412 etiam

91 4435 694 4506 irreprebensibilitate
742 4441 1002 4497 desudat.
1064 4443 1223 4499 Unde
1270 4452 1392 4499 est:
1428 4467 1447 4493 ι
1503 4444 1661 4501 Servi
1697 4446 1787 4501 in-

92 4525 255 4581 utiles
288 4541 515 4593 sumus,
569 4528 722 4598 quod
772 4529 1081 4587 debuimus
1130 4531 1313 4588 facere
1365 4532 1604 4589 fecimus
1634 4534 1786 4602 (Luc.

92 4627 223 4679 xvii,
260 4618 370 4684 10).
416 4637 436 4663 ι
471 4617 574 4671 Et:
610 4637 637 4667 α
671 4618 857 4673 Nescit
889 4619 1060 4675 homo
1086 4627 1284 4676 utrum
1333 4634 1526 4677 amore
1556 4636 1629 4677 an
1660 4623 1790 4678 odio

91 4702 158 4757 sit
187 4703 403 4775 dignus
452 4705 657 4773 (Eccle.
699 4722 777 4771 ix,
831 4710 905 4773 l).
964 4730 985 4756 ι
1039 4708 1374 4766 Affectando
1404 4720 1598 4766 autem
1647 4726 1790 4767 con-

94 4790 352 4859 cipimus,
416 4792 716 4850 efficiendo
759 4796 1033 4865 parimus.
1072 4799 1176 4852 Vos
1213 4814 1320 4851 non
1362 4800 1599 4868 populus
1641 4815 1788 4853 meus

94 4878 242 4945 dicit,
277 4882 423 4951 quia
474 4884 681 4939 mentis
744 4885 1045 4941 obtutibus
1114 4887 1328 4956 peccati
1376 4904 1600 4959 semper
1646 4904 1789 4943 con-

94 4968 434 5026 sideratione
469 4971 705 5040 praelata
752 4989 823 5029 ne
868 4976 1148 5045 reprobus
1194 4976 1547 5041 inveniatur,
1590 4978 1787 5047 cujus-

96 5070 201 5125 que
231 5066 519 5115 tumorem
575 5061 779 5117 rellare
813 5078 926 5118 non
980 5064 1204 5120 desinit.
1262 5066 1424 5121 Unde
1468 5072 1519 5120 et
1565 5082 1669 5119 non
1701 5081 1788 5120 ero

96 5153 258 5199 vester
286 5150 427 5202 Deus
476 5148 876 5221 subjungitur,
909 5159 972 5207 ut
1020 5166 1242 5222 semper
1288 5154 1476 5209 omnis
1518 5155 1789 5225 quaelibet

99 5231 240 5289 bona
268 5251 449 5309 agens
481 5237 551 5293 de
588 5252 695 5294 sua
726 5248 876 5296 sorte
920 5241 1120 5297 futura
1149 5242 1355 5297 debere
1403 5251 1657 5299 metuere
1688 5244 1788 5299 do-

100 5332 303 5380 ceatur.

167 5410 332 5469 Vens.
368 5414 456 5469 10.
488 5443 564 5456 -
614 5436 637 5464 ι
691 5416 761 5472 Et
807 5417 915 5473 erit
972 5432 1251 5475 numerus
1316 5418 1565 5477 filiorum
1610 5421 1786 5477 Israel

104 5518 128 5549 ι)
158 5503 318 5571 quasi
345 5517 525 5559 arena
564 5505 759 5571 maris,
804 5520 935 5576 quae
983 5507 1106 5563 sine
1139 5521 1412 5564 mensura
1439 5517 1542 5577 est,
1588 5518 1642 5566 et
1672 5524 1785 5566 non

108 5608 126 5633 ι
158 5592 578 5648 numerabitur.
644 5614 665 5641 ι
724 5595 991 5649 Filiorum
1069 5597 1249 5650 Israel
1300 5613 1555 5652 numerus
1628 5601 1790 5667 quasi

106 5692 260 5733 arena
300 5684 473 5736 maris
510 5687 615 5749 est,
656 5695 790 5738 cum
820 5682 1138 5741 aﬂ‘ectualis
1166 5684 1366 5740 levitas
1396 5685 1506 5740 sub
1536 5687 1789 5757 pondere

1891 629 2125 686 fatuitas
2169 630 2395 686 interna
2454 630 2678 687 salitur.
2740 629 2847 686 Sed
2901 629 3074 696 enim,
3135 637 3199 686 ut
3249 629 3470 694 dicunt,
3523 642 3594 684 ex

1890 717 2181 774 maritima
2210 732 2387 773 arena
2414 717 2759 789 conficitur;
2793 734 2911 788 qua:
2963 725 3153 773 tamen
3200 718 3315 770 sine
3342 730 3595 769 mensura

1890 812 1989 872 est,
2046 813 2097 861 et
2146 824 2252 861 non
2307 813 2644 874 numeratur,
2723 809 2864 878 quia
2943 820 3297 877 quocunque
3356 802 3593 873 superni

1892 904 2079 952 metus
2121 896 2365 953 artificio
2416 896 2828 968 cogitationum
2873 895 3138 951 inanium
3189 893 3446 948 minutiae
3491 891 3593 947 de-

1892 985 2241 1054 primantur,
2278 999 2580 1055 nunquam
2621 992 2810 1040 tamen
2862 985 2934 1040 ad
2984 984 3271 1054 integrum
3319 979 3590 1048 cohiberi,

1891 1080 1993 1128 aut
2047 1073 2453 1143 comprehendi
2507 1080 2745 1144 possunt
2801 1072 2876 1129 ab
2936 1087 3001 1128 eo
3052 1072 3171 1141 ipso
3219 1070 3324 1140 qui
3358 1068 3589 1139 patitur.

1891 1162 2219 1217 Mensuram
2278 1171 2472 1217 autem
2518 1162 2713 1232 accipe
2769 1162 2841 1218 ad
2899 1175 3215 1217 excursum
3286 1156 3589 1243 appetitus,

1894 1265 2201 1306 numerum
2230 1265 2367 1306 vero
2415 1250 2487 1306 ad
2535 1252 2765 1307 crebras
2804 1250 3191 1306 revolutioues
3240 1246 3452 1303 interni
3489 1249 3591 1315 qul

1893 1340 1953 1395 fit
1980 1340 2286 1411 cogitando
2320 1348 2559 1396 rotatus.
2592 1364 2613 1389 ι
2666 1343 2733 1396 Et
2780 1340 2908 1404 erit,
2960 1338 3018 1393 in
3067 1338 3188 1394 loco
3228 1335 3329 1392 ubi
3370 1335 3594 1390 dicetur

1893 1451 1921 1479 ι
1949 1430 2050 1496 eis,
2083 1429 2209 1485 Non
2256 1429 2507 1498 populus
2539 1443 2700 1484 meus
2738 1443 2860 1492 vos,
2907 1428 3131 1483 dicetur
3160 1425 3277 1481 eis:
3332 1423 3458 1479 Filii
3490 1422 3590 1478 Dei

1897 1517 2211 1572 iviventis.
2249 1539 2269 1565 ι
2336 1519 2477 1580 Erit,
2537 1515 2746 1586 inquit,
2804 1515 2952 1570 idem
3010 1513 3166 1584 quod
3223 1512 3430 1578 dicam,
3492 1525 3593 1579 pro

1892 1611 2034 1661 certo
2078 1606 2366 1659 constabit.
2424 1605 2522 1659 Est
2561 1611 2755 1659 autem
2806 1602 3067 1658 Hebraici
3117 1602 3310 1668 moris,
3361 1600 3510 1655 sicut
3537 1606 3593 1654 et

1893 1695 2038 1751 illud
2063 1694 2219 1764 quod
2246 1693 2595 1764 quibusdam
2634 1691 2979 1763 propheticis
3030 1690 3223 1745 verbis
3272 1687 3590 1759 praescribi-

1893 1791 2011 1849 tur,
2078 1798 2305 1852 semper,
2359 1789 2423 1837 ut
2487 1780 2701 1836 scilicet
2749 1794 2808 1835 se
2853 1784 3076 1845 aeterna,
3137 1792 3253 1832 non
3310 1771 3594 1830 volubilia

1894 1873 2215 1927 denuntiare
2269 1869 2611 1941 significent.
2688 1869 2871 1924 Locus
2950 1874 3144 1923 autem
3226 1871 3435 1930 noster,
3493 1860 3595 1915 Dei

1895 1962 2064 2017 timor
2093 1968 2196 2016 est.
2242 1960 2399 2015 Sicut
2444 1959 2599 2015 enim
2656 1958 2938 2029 gaudium
2993 1954 3196 2012 elTusio
3235 1952 3442 2009 mentis
3488 1957 3593 2015 est,

1893 2051 1970 2107 ita
2006 2049 2177 2106 timor
2233 2048 2533 2104 restrictio.
2586 2046 2747 2104 Unde
2800 2049 2921 2102 est:
2987 2066 3010 2095 ι
3068 2044 3200 2099 Haec
3260 2040 3596 2097 recordatus

1892 2154 2043 2206 sum,
2081 2146 2135 2195 et
2167 2144 2313 2195 186
2378 2137 2554 2193 effudi
2616 2136 2673 2191 in
2737 2151 2827 2192 me
2884 2133 3138 2191 animam
3194 2145 3381 2188 meam
3426 2129 3592 2198 (Psal.

1890 2244 2005 2295 xu,
2040 2229 2116 2294 5),
2151 2247 2178 2279 ››
2211 2235 2318 2283 etc.
2354 2227 2457 2283 Et:
2497 2248 2519 2276 ι
2556 2227 2620 2281 lu
2653 2225 2821 2291 valle,
2856 2224 3067 2294 inquit,
3119 2223 3506 2291 lacrymarum
3536 2217 3593 2271 in

1893 2316 2015 2373 loco
2064 2330 2237 2387 quem
2288 2315 2452 2386 posui
2508 2316 2676 2386 (Psal.
2733 2328 2966 2379 Lxxxiu,
3018 2311 3095 2381 7),
3143 2333 3164 2359 ι
3209 2308 3313 2381 qui
3354 2322 3467 2363 non
3512 2314 3597 2361 est

1894 2405 2044 2461 alius
2101 2418 2280 2476 quam
2343 2404 2513 2460 timor
2558 2411 2613 2459 et
2662 2403 2979 2459 humilitas.
3036 2401 3101 2455 In
3146 2399 3272 2465 hoc,
3326 2398 3593 2467 inquam,

1894 2494 2036 2558 loco,
2086 2494 2185 2549 ubi
2207 2493 2525 2564 spiritualis
2568 2501 2813 2549 mentem
2847 2489 3199 2561 populositas
3228 2501 3369 2557 pene
3399 2498 3595 2540 exsor-

1896 2591 2036 2639 tesa
2067 2584 2179 2639 Deo
2231 2597 2335 2639 nos
2386 2582 2551 2639 nobis
2600 2581 2780 2637 videri
2832 2580 3025 2636 efficit.
3055 2578 3191 2631 Filii
3223 2577 3319 2629 Dei
3364 2572 3596 2627 viventis

1895 2673 2190 2740 dicuntur,
2247 2671 2389 2743 auia
2449 2686 2522 2727 ex
2589 2670 2768 2726 nostri
2840 2664 3365 2736 recompensatione
3421 2674 3596 2731 quem

1897 2762 2153 2831 patimur
2184 2760 2241 2815 in
2272 2759 2632 2817 observanda
2684 2757 3007 2814 humilitate
3048 2754 3278 2820 laboris,
3315 2752 3363 2807 is
3394 2748 3596 2820 saepis-

1896 2850 2035 2905 sime
2068 2849 2290 2905 fructus
2320 2848 2555 2915 accedit,
2591 2854 2656 2904 ut
2704 2854 2998 2903 tantarum
3031 2843 3185 2899 nube
3212 2847 3431 2897 remota
3473 2847 3598 2895 tur-

1897 2939 2103 2995 barum
2138 2938 2362 2993 infinita
2391 2938 2603 3005 redeat,
2636 2943 2691 2992 et
2723 2934 3035 3006 plusquam
3078 2930 3300 3002 sperari
3348 2927 3597 2984 valuerit

1897 3026 2198 3097 placiditas
2226 3025 2579 3091 animorum,
2612 3031 2675 3081 ut
2702 3027 2822 3095 jam
2864 3037 3025 3079 mens
3056 3021 3125 3077 de
3167 3028 3385 3075 aeterna
3411 3017 3597 3071 salute

1823 3122 1864 3178 ι]
1897 3115 2205 3186 periclitari
2238 3129 2352 3170 non
2385 3114 2599 3181 timeat,
2633 3114 2729 3169 sed
2754 3113 2875 3183 jam
2908 3126 3007 3182 spe
3050 3110 3108 3165 in
3135 3120 3391 3178 superna
3425 3108 3597 3163 homo

1893 3205 2158 3261 sublatus
2199 3202 2423 3260 Christo
2497 3216 2630 3258 cum
2695 3201 2957 3271 Apostolo
3033 3203 3346 3268 conregnet
3420 3201 3597 3264 atque

1896 3294 2198 3350 consedeat
2242 3294 2462 3362 (Ephes.
2519 3308 2579 3360 υ,
2626 3290 2700 3360 6).
2767 3292 2884 3346 Hoc
2934 3288 3096 3344 modo
3162 3293 3346 3342 status
3393 3282 3592 3349 nostri,

1895 3384 1999 3454 qui
2024 3384 2198 3453 juxta
2232 3381 2541 3451 psalmum,
2564 3380 2978 3436 descenderant
3007 3377 3064 3432 in
3092 3376 3344 3446 abyssos,
3390 3387 3597 3428 ascen-

1896 3472 2043 3527 dunt
2090 3484 2274 3541 usque
2322 3470 2394 3525 ad
2442 3469 2613 3524 cielos
2653 3469 2821 3539 (Psal.
2884 3481 2998 3533 ενι,
3042 3468 3156 3534 26).
3202 3462 3339 3517 Filii
3368 3464 3461 3516 Dei
3502 3459 3596 3515 di—

1897 3568 2133 3627 cuntur,
2180 3560 2279 3615 sed
2321 3561 2572 3623 viventis,
2624 3557 2779 3628 quod
2830 3556 3138 3627 vigilanter
3185 3561 3268 3609 est
3311 3551 3593 3617 additum,

1899 3658 1962 3706 ut
1988 3650 2090 3720 qui
2126 3655 2363 3705 mortem
2395 3649 2464 3703 de
2494 3646 2783 3703 interioris
2830 3660 3042 3716 pugnae
3093 3640 3594 3713 praestolabantur,

1895 3748 2127 3804 eventu,
2164 3739 2277 3794 Deo
2307 3736 2655 3793 adhaerendo
2692 3736 2760 3792 de
2800 3733 3140 3791 immortalis
3168 3731 3301 3788 vita:
3347 3744 3445 3800 spe
3475 3726 3596 3798 jam

1896 3828 2287 3884 certificentur
2319 3841 2572 3882 accessu.

1967 3917 2134 3973 Vsus.
2168 3920 2248 3971 ll.
2301 3944 2373 3955 —
2416 3937 2436 3964 ι
2484 3915 2555 3970 Et
2596 3912 3114 3984 congregabuntur
3176 3909 3278 3965 filii
3341 3907 3492 3963 Juda
3543 3914 3597 3963 et

1904 4028 1924 4056 ι
1962 4006 2062 4062 filii
2108 4004 2280 4061 Israel
2313 4005 2544 4075 pariter,
2587 4010 2643 4059 et
2674 4009 2885 4073 ponent
2918 4001 3144 4057 sibimet
3173 4006 3348 4068 caput
3386 4010 3594 4061 unum,

1903 4114 1924 4141 ι
1958 4101 2013 4149 et
2041 4093 2350 4149 ascendent
2376 4093 2445 4149 de
2478 4100 2650 4157 terra,
2683 4091 2824 4162 quia
2856 4104 3104 4161 magnus
3134 4089 3253 4143 dies
3271 4085 3543 4142 Jezrahel.
3570 4106 3589 4132 ι

1895 4184 2027 4237 Filii
2045 4182 2210 4247 Juda,
2243 4187 2293 4236 et
2345 4183 2451 4251 ﬁlii
2492 4182 2662 4236 Israel
2702 4182 2914 4250 pariter
2965 4184 3414 4249 congregantur,
3461 4188 3596 4230 cum

1901 4271 2007 4341 piae
2054 4271 2423 4327 confessionis
2454 4270 2737 4337 alacritas,
2780 4276 2836 4325 et
2887 4267 3280 4324 affectualium
3332 4272 3596 4319 motuum

1898 4359 2179 4416 stoliditas
2208 4359 2314 4414 sub
2349 4359 2528 4414 unius
2570 4359 2669 4414 Dei
2724 4357 2944 4413 timoris
2991 4356 3222 4412 vinculo
3272 4354 3593 4425 glomeran-

1899 4458 2013 4515 tur,
2047 4449 2187 4504 dum
2221 4448 2508 4519 quidquid
2562 4447 2721 4517 vulgi
2769 4446 3029 4518 nugacis,
3081 4445 3238 4516 quod
3279 4444 3596 4500 introrsum

1898 4538 2221 4608 perstrepit.
2286 4537 2635 4593 seurrilitate
2677 4536 3077 4606 dispergitur,’
3112 4541 3323 4590 sanctae
3385 4530 3599 4587 confes-

1898 4627 2075 4684 sionis
2130 4627 2475 4683 cohibitione
2545 4627 2825 4682 frenatur.
2896 4625 3078 4678 L'num
3119 4627 3285 4692 caput
3323 4621 3432 4677 sibi
3493 4634 3597 4689 po-

1899 4725 2071 4783 nunt,
2120 4717 2355 4787 quando
2397 4716 2508 4772 sub
2544 4729 2662 4771 una
2700 4715 2921 4770 ratione
2966 4712 3245 4783 magistra
3282 4726 3340 4765 se
3383 4723 3598 4777 conge-

1900 4813 2057 4872 runt,
2088 4804 2241 4860 unde
2274 4789 2330 4867 et
2377 4804 2699 4860 ascendunt
2742 4803 2812 4858 de
2864 4811 3035 4867 terra,
3077 4801 3216 4871 quia
3274 4799 3597 4854 illustrante

1897 4895 2095 4949 eadem
2149 4908 2183 4948 a
2225 4893 2337 4948 Deo
2398 4894 2651 4963 primum
2708 4892 2830 4962 ipso
2885 4892 3127 4947 lustrata
3177 4896 3362 4947 terrae.
3412 4885 3468 4941 id
3513 4893 3598 4940 est

1897 4985 2107 5050 carnis,
2142 4982 2431 5038 excedunt
2477 4982 2777 5038 desideria.
2814 4981 2885 5036 Et
2927 4980 3036 5036 hoc
3066 4979 3147 5041 ﬁt.
3182 4980 3316 5049 quia
3339 4976 3599 5030 Jezrahel

1898 5073 2015 5126 dies
2062 5086 2293 5138 magnus
2338 5072 2552 5138 existit,
2608 5085 2821 5142 magna
2874 5070 3084 5125 scilicet
3139 5068 3369 5123 claritas
3414 5063 3597 5121 divini

1896 5160 2150 5226 seminis,
2193 5159 2250 5215 id
2286 5167 2369 5215 est
2402 5160 2811 5229 inspirationis,
2858 5174 2959 5231 per
3005 5171 3181 5229 quam
3214 5168 3351 5212 vera
3400 5152 3599 5210 humi-

1897 5249 2026 5305 litas
2052 5248 2341 5303 mentibus
2381 5247 2733 5316 insinuatur,
2781 5248 3060 5320 ignoscit;
3115 5262 3230 5302 non
3280 5247 3434 5300 enim
3479 5255 3599 5297 sese

1898 5334 2182 5406 quispiam
2218 5336 2330 5391 nisi
2355 5351 2428 5391 ex
2457 5350 2669 5408 magno
2701 5337 2799 5392 Dei
2834 5350 3030 5392 amore
3073 5335 3131 5390 in
3164 5332 3430 5405 praesenti
3461 5344 3599 5385 con-

1896 5424 2118 5480 temnit.

2570 5494 2801 5553 CAPUT
2850 5495 2919 5551 II.

1967 5601 2139 5657 Vens.
2193 5603 2241 5655 l.
2287 5631 2358 5642 —
2408 5621 2436 5651 α
2486 5601 2665 5658 Dicite
2722 5602 3000 5659 fratribus
3053 5599 3293 5657 vestris:
3341 5595 3600 5667 Populus

1902 5711 1922 5737 ι
1958 5704 2140 5757 meus,
2172 5697 2227 5747 et
2256 5691 2436 5746 sorori
2460 5698 2704 5747 vestrae:
2740 5690 3188 5748 Misericordiam
3218 5693 3594 5745 consecuta.»
