  <div class='ocr_page' id='page_1' title='image "/cluster/home/n/w/nwhite01/storage/ocr_20150623/156-157/uc1.31175010662024/179.png"; bbox 0 0 3950 6414; ppageno 0'>
   <div class='ocr_carea' id='block_1_1' title="bbox 323 350 426 405">
    <p class='ocr_par' dir='ltr' id='par_1_1' title="bbox 323 350 426 405">
     <span class='ocr_line' id='line_1_1' title="bbox 323 350 426 405; baseline -0.01 0"><span class='ocrx_word' id='word_1_1' title='bbox 323 350 426 405; x_wconf 75' lang='grc'>347</span> 
     </span>
    </p>
   </div>
   <div class='ocr_carea' id='block_1_2' title="bbox 1226 353 2937 412">
    <p class='ocr_par' dir='ltr' id='par_1_2' title="bbox 1226 353 2937 412">
     <span class='ocr_line' id='line_1_2' title="bbox 1226 353 2937 412; baseline 0.003 -6"><span class='ocrx_word' id='word_1_2' title='bbox 1226 353 1288 406; x_wconf 80' lang='grc' dir='ltr'>ν.</span> <span class='ocrx_word' id='word_1_3' title='bbox 1327 353 1660 410; x_wconf 79' lang='lat' dir='ltr'>GUIBERTI</span> <span class='ocrx_word' id='word_1_4' title='bbox 1697 355 1986 411; x_wconf 67' lang='lat' dir='ltr'>ABBATIS</span> <span class='ocrx_word' id='word_1_5' title='bbox 2023 356 2079 411; x_wconf 89' lang='lat' dir='ltr'>S.</span> <span class='ocrx_word' id='word_1_6' title='bbox 2120 356 2358 411; x_wconf 64' lang='lat' dir='ltr'>MARI/E</span> <span class='ocrx_word' id='word_1_7' title='bbox 2395 356 2489 412; x_wconf 86' lang='lat' dir='ltr'>DE</span> <span class='ocrx_word' id='word_1_8' title='bbox 2529 353 2937 412; x_wconf 75' lang='lat' dir='ltr'>NOVIGENTO</span> 
     </span>
    </p>
   </div>
   <div class='ocr_carea' id='block_1_3' title="bbox 3721 357 3834 410">
    <p class='ocr_par' dir='ltr' id='par_1_3' title="bbox 3721 357 3834 410">
     <span class='ocr_line' id='line_1_3' title="bbox 3721 357 3834 410; baseline -0.018 0"><span class='ocrx_word' id='word_1_9' title='bbox 3721 357 3834 410; x_wconf 61' lang='grc'>348</span> 
     </span>
    </p>
   </div>
   <div class='ocr_carea' id='block_1_4' title="bbox 321 480 3832 557">
    <p class='ocr_par' dir='ltr' id='par_1_4' title="bbox 321 480 3832 557">
     <span class='ocr_line' id='line_1_4' title="bbox 321 480 3832 557; baseline 0.001 -20"><span class='ocrx_word' id='word_1_10' title='bbox 321 480 436 537; x_wconf 83' lang='lat' dir='ltr'>Vos</span> <span class='ocrx_word' id='word_1_11' title='bbox 458 486 543 536; x_wconf 91' lang='lat' dir='ltr'>est</span> <span class='ocrx_word' id='word_1_12' title='bbox 570 480 794 536; x_wconf 86' lang='lat' dir='ltr'>Israelis</span> <span class='ocrx_word' id='word_1_13' title='bbox 819 481 890 536; x_wconf 90' lang='lat' dir='ltr'>ad</span> <span class='ocrx_word' id='word_1_14' title='bbox 920 480 1064 537; x_wconf 82' lang='lat' dir='ltr'>tllios</span> <span class='ocrx_word' id='word_1_15' title='bbox 1086 482 1374 553; x_wconf 81' lang='lat' dir='ltr'>Judajam</span> <span class='ocrx_word' id='word_1_16' title='bbox 1420 499 1535 539; x_wconf 91' lang='lat' dir='ltr'>non</span> <span class='ocrx_word' id='word_1_17' title='bbox 1581 484 2008 555; x_wconf 88' lang='lat' dir='ltr'>desperantium</span> <span class='ocrx_word' id='word_1_18' title='bbox 2050 491 2092 541; x_wconf 78' lang='grc' dir='ltr'>Α</span> <span class='ocrx_word' id='word_1_19' title='bbox 2125 487 2679 557; x_wconf 87' lang='lat' dir='ltr'>incorrigibilitatem</span> <span class='ocrx_word' id='word_1_20' title='bbox 2745 485 3134 542; x_wconf 77' lang='lat' dir='ltr'>aﬂectualium</span> <span class='ocrx_word' id='word_1_21' title='bbox 3205 493 3492 551; x_wconf 88' lang='lat' dir='ltr'>motuum,</span> <span class='ocrx_word' id='word_1_22' title='bbox 3553 485 3655 557; x_wconf 87' lang='lat' dir='ltr'>qui</span> <span class='ocrx_word' id='word_1_23' title='bbox 3709 487 3832 542; x_wconf 89' lang='lat' dir='ltr'>Deo</span> 
     </span>
    </p>
   </div>
   <div class='ocr_carea' id='block_1_5' title="bbox 325 569 2020 640">
    <p class='ocr_par' dir='ltr' id='par_1_5' title="bbox 325 569 2020 640">
     <span class='ocr_line' id='line_1_5' title="bbox 325 569 2020 640; baseline 0.004 -17"><span class='ocrx_word' id='word_1_24' title='bbox 325 572 452 640; x_wconf 87' lang='lat' dir='ltr'>post</span> <span class='ocrx_word' id='word_1_25' title='bbox 485 578 674 624; x_wconf 87' lang='lat' dir='ltr'>motus</span> <span class='ocrx_word' id='word_1_26' title='bbox 715 569 842 624; x_wconf 91' lang='lat' dir='ltr'>illos</span> <span class='ocrx_word' id='word_1_27' title='bbox 880 571 1204 639; x_wconf 86' lang='lat' dir='ltr'>superiores</span> <span class='ocrx_word' id='word_1_28' title='bbox 1254 572 1324 627; x_wconf 92' lang='lat' dir='ltr'>de</span> <span class='ocrx_word' id='word_1_29' title='bbox 1368 573 1552 628; x_wconf 92' lang='lat' dir='ltr'>salute</span> <span class='ocrx_word' id='word_1_30' title='bbox 1594 587 1721 640; x_wconf 90' lang='lat' dir='ltr'>sua,</span> <span class='ocrx_word' id='word_1_31' title='bbox 1768 575 1886 629; x_wconf 87' lang='lat' dir='ltr'>acsi</span> <span class='ocrx_word' id='word_1_32' title='bbox 1926 575 2020 630; x_wconf 93' lang='lat' dir='ltr'>di-</span> 
     </span>
    </p>
   </div>
   <div class='ocr_carea' id='block_1_6' title="bbox 325 657 2016 733">
    <p class='ocr_par' dir='ltr' id='par_1_6' title="bbox 325 657 2016 733">
     <span class='ocr_line' id='line_1_6' title="bbox 325 657 2016 733; baseline 0.004 -20"><span class='ocrx_word' id='word_1_33' title='bbox 325 665 557 714; x_wconf 90' lang='lat' dir='ltr'>cerent:</span> <span class='ocrx_word' id='word_1_34' title='bbox 594 657 897 725; x_wconf 80' lang='lat' dir='ltr'>Quoniam,</span> <span class='ocrx_word' id='word_1_35' title='bbox 941 674 974 714; x_wconf 94' lang='grc' dir='ltr'>ο</span> <span class='ocrx_word' id='word_1_36' title='bbox 1011 660 1108 714; x_wconf 89' lang='grc'><strong>11111</strong></span> <span class='ocrx_word' id='word_1_37' title='bbox 1143 661 1312 729; x_wconf 83' lang='lat' dir='ltr'>Juda,</span> <span class='ocrx_word' id='word_1_38' title='bbox 1370 671 1561 716; x_wconf 90' lang='lat' dir='ltr'>motus</span> <span class='ocrx_word' id='word_1_39' title='bbox 1598 663 1811 718; x_wconf 92' lang='lat' dir='ltr'>scilicet</span> <span class='ocrx_word' id='word_1_40' title='bbox 1847 664 2016 733; x_wconf 83' lang='lat' dir='ltr'>sp&#39;ri-</span> 
     </span>
    </p>
   </div>
   <div class='ocr_carea' id='block_1_7' title="bbox 327 746 2015 822">
    <p class='ocr_par' dir='ltr' id='par_1_7' title="bbox 327 746 2015 822">
     <span class='ocr_line' id='line_1_7' title="bbox 327 746 2015 822; baseline 0.003 -20"><span class='ocrx_word' id='word_1_41' title='bbox 327 746 528 814; x_wconf 88' lang='lat' dir='ltr'>tuales,</span> <span class='ocrx_word' id='word_1_42' title='bbox 562 746 662 816; x_wconf 88' lang='lat' dir='ltr'>qui</span> <span class='ocrx_word' id='word_1_43' title='bbox 713 761 814 801; x_wconf 91' lang='lat' dir='ltr'>nos</span> <span class='ocrx_word' id='word_1_44' title='bbox 850 747 921 802; x_wconf 91' lang='lat' dir='ltr'>ad</span> <span class='ocrx_word' id='word_1_45' title='bbox 960 749 1327 805; x_wconf 80' lang='lat' dir='ltr'>confessionis</span> <span class='ocrx_word' id='word_1_46' title='bbox 1373 751 1750 806; x_wconf 86' lang='lat' dir='ltr'>cohortamini</span> <span class='ocrx_word' id='word_1_47' title='bbox 1797 754 2015 822; x_wconf 86' lang='lat' dir='ltr'>purita-</span> 
     </span>
    </p>
   </div>
   <div class='ocr_carea' id='block_1_8' title="bbox 331 835 2016 908">
    <p class='ocr_par' dir='ltr' id='par_1_8' title="bbox 331 835 2016 908">
     <span class='ocr_line' id='line_1_8' title="bbox 331 835 2016 908; baseline 0.002 -18"><span class='ocrx_word' id='word_1_48' title='bbox 331 841 460 901; x_wconf 92' lang='lat' dir='ltr'>tem,</span> <span class='ocrx_word' id='word_1_49' title='bbox 489 849 672 890; x_wconf 88' lang='lat' dir='ltr'>unum</span> <span class='ocrx_word' id='word_1_50' title='bbox 701 835 808 890; x_wconf 89' lang='lat' dir='ltr'>sub</span> <span class='ocrx_word' id='word_1_51' title='bbox 841 851 954 891; x_wconf 88' lang='lat' dir='ltr'>uno</span> <span class='ocrx_word' id='word_1_52' title='bbox 981 839 1163 906; x_wconf 84' lang='lat' dir='ltr'>capite</span> <span class='ocrx_word' id='word_1_53' title='bbox 1201 838 1319 908; x_wconf 90' lang='lat' dir='ltr'>jam</span> <span class='ocrx_word' id='word_1_54' title='bbox 1352 839 1650 906; x_wconf 76' lang='lat' dir='ltr'>sentimus,</span> <span class='ocrx_word' id='word_1_55' title='bbox 1693 840 1856 894; x_wconf 80' lang='lat' dir='ltr'>dicite</span> <span class='ocrx_word' id='word_1_56' title='bbox 1895 843 2016 907; x_wconf 83' lang='lat' dir='ltr'>fra-</span> 
     </span>
    </p>
   </div>
   <div class='ocr_carea' id='block_1_9' title="bbox 329 923 2020 999">
    <p class='ocr_par' dir='ltr' id='par_1_9' title="bbox 329 923 2020 999">
     <span class='ocr_line' id='line_1_9' title="bbox 329 923 2020 999; baseline 0.006 -24"><span class='ocrx_word' id='word_1_57' title='bbox 329 923 500 976; x_wconf 82' lang='lat' dir='ltr'>tribus</span> <span class='ocrx_word' id='word_1_58' title='bbox 541 927 755 991; x_wconf 81' lang='lat' dir='ltr'>vestris,</span> <span class='ocrx_word' id='word_1_59' title='bbox 810 924 862 979; x_wconf 89' lang='lat' dir='ltr'>id</span> <span class='ocrx_word' id='word_1_60' title='bbox 907 933 990 980; x_wconf 89' lang='lat' dir='ltr'>est</span> <span class='ocrx_word' id='word_1_61' title='bbox 1041 927 1352 982; x_wconf 84' lang='lat' dir='ltr'>affectuum</span> <span class='ocrx_word' id='word_1_62' title='bbox 1387 927 1636 982; x_wconf 80' lang='lat' dir='ltr'>motibus</span> <span class='ocrx_word' id='word_1_63' title='bbox 1687 929 1809 999; x_wconf 90' lang='lat' dir='ltr'>jam</span> <span class='ocrx_word' id='word_1_64' title='bbox 1859 931 2020 985; x_wconf 87' lang='lat' dir='ltr'>vobis</span> 
     </span>
    </p>
   </div>
   <div class='ocr_carea' id='block_1_10' title="bbox 328 1013 2021 1089">
    <p class='ocr_par' dir='ltr' id='par_1_10' title="bbox 328 1013 2021 1089">
     <span class='ocr_line' id='line_1_10' title="bbox 328 1013 2021 1089; baseline 0.006 -25"><span class='ocrx_word' id='word_1_65' title='bbox 328 1013 742 1077; x_wconf 74' lang='lat' dir='ltr'>consentaneis,</span> <span class='ocrx_word' id='word_1_66' title='bbox 775 1020 989 1083; x_wconf 83' lang='lat' dir='ltr'>utpote</span> <span class='ocrx_word' id='word_1_67' title='bbox 1030 1028 1102 1070; x_wconf 82' lang='lat' dir='ltr'>ex</span> <span class='ocrx_word' id='word_1_68' title='bbox 1133 1015 1330 1071; x_wconf 90' lang='lat' dir='ltr'>eadem</span> <span class='ocrx_word' id='word_1_69' title='bbox 1386 1025 1567 1071; x_wconf 83' lang='lat' dir='ltr'>matre</span> <span class='ocrx_word' id='word_1_70' title='bbox 1610 1019 1833 1073; x_wconf 86' lang='lat' dir='ltr'>ratione</span> <span class='ocrx_word' id='word_1_71' title='bbox 1867 1019 2021 1089; x_wconf 84' lang='lat' dir='ltr'>geni-</span> 
     </span>
    </p>
   </div>
   <div class='ocr_carea' id='block_1_11' title="bbox 329 1097 2019 1174">
    <p class='ocr_par' dir='ltr' id='par_1_11' title="bbox 329 1097 2019 1174">
     <span class='ocr_line' id='line_1_11' title="bbox 329 1097 2019 1174; baseline 0.006 -22"><span class='ocrx_word' id='word_1_72' title='bbox 329 1097 420 1164; x_wconf 92' lang='lat' dir='ltr'>tis,</span> <span class='ocrx_word' id='word_1_73' title='bbox 450 1098 587 1168; x_wconf 88' lang='lat' dir='ltr'>quia</span> <span class='ocrx_word' id='word_1_74' title='bbox 619 1101 727 1155; x_wconf 86' lang='lat' dir='ltr'>sub</span> <span class='ocrx_word' id='word_1_75' title='bbox 777 1103 973 1157; x_wconf 89' lang='lat' dir='ltr'>eadem</span> <span class='ocrx_word' id='word_1_76' title='bbox 1024 1103 1145 1172; x_wconf 91' lang='lat' dir='ltr'>ipsa</span> <span class='ocrx_word' id='word_1_77' title='bbox 1183 1106 1623 1174; x_wconf 90' lang='lat' dir='ltr'>compopulares</span> <span class='ocrx_word' id='word_1_78' title='bbox 1668 1106 1821 1173; x_wconf 91' lang='lat' dir='ltr'>estis,</span> <span class='ocrx_word' id='word_1_79' title='bbox 1865 1115 1918 1162; x_wconf 93' lang='lat' dir='ltr'>et</span> <span class='ocrx_word' id='word_1_80' title='bbox 1971 1107 2019 1164; x_wconf 90' lang='lat' dir='ltr'>si</span> 
     </span>
    </p>
   </div>
   <div class='ocr_carea' id='block_1_12' title="bbox 329 1185 2020 1260">
    <p class='ocr_par' dir='ltr' id='par_1_12' title="bbox 329 1185 2020 1260">
     <span class='ocr_line' id='line_1_12' title="bbox 329 1185 2020 1260; baseline 0.007 -21"><span class='ocrx_word' id='word_1_81' title='bbox 329 1198 446 1255; x_wconf 87' lang='lat' dir='ltr'>qua</span> <span class='ocrx_word' id='word_1_82' title='bbox 478 1185 722 1241; x_wconf 87' lang='lat' dir='ltr'>subinde</span> <span class='ocrx_word' id='word_1_83' title='bbox 745 1187 1045 1257; x_wconf 77' lang='lat' dir='ltr'>fragilitas,</span> <span class='ocrx_word' id='word_1_84' title='bbox 1081 1198 1357 1260; x_wconf 89' lang='lat' dir='ltr'>tanquam</span> <span class='ocrx_word' id='word_1_85' title='bbox 1403 1207 1583 1260; x_wconf 89' lang='lat' dir='ltr'>soror,</span> <span class='ocrx_word' id='word_1_86' title='bbox 1630 1194 1793 1248; x_wconf 83' lang='lat' dir='ltr'>vobis</span> <span class='ocrx_word' id='word_1_87' title='bbox 1833 1194 2020 1250; x_wconf 90' lang='lat' dir='ltr'>inces-</span> 
     </span>
    </p>
   </div>
   <div class='ocr_carea' id='block_1_13' title="bbox 327 1272 2018 1352">
    <p class='ocr_par' dir='ltr' id='par_1_13' title="bbox 327 1272 2018 1352">
     <span class='ocr_line' id='line_1_13' title="bbox 327 1272 2018 1352; baseline 0.007 -24"><span class='ocrx_word' id='word_1_88' title='bbox 327 1272 417 1338; x_wconf 89' lang='lat' dir='ltr'>sit,</span> <span class='ocrx_word' id='word_1_89' title='bbox 473 1273 597 1330; x_wconf 89' lang='lat' dir='ltr'>sine</span> <span class='ocrx_word' id='word_1_90' title='bbox 642 1289 741 1345; x_wconf 88' lang='lat' dir='ltr'>spe</span> <span class='ocrx_word' id='word_1_91' title='bbox 790 1278 1194 1334; x_wconf 64' lang='lat' dir='ltr'>misericordias</span> <span class='ocrx_word' id='word_1_92' title='bbox 1248 1279 1417 1336; x_wconf 72' lang='lat' dir='ltr'>fortia</span> <span class='ocrx_word' id='word_1_93' title='bbox 1466 1282 1858 1352; x_wconf 86' lang='lat' dir='ltr'>repetentibus</span> <span class='ocrx_word' id='word_1_94' title='bbox 1905 1299 2018 1339; x_wconf 90' lang='lat' dir='ltr'>non</span> 
     </span>
    </p>
   </div>
   <div class='ocr_carea' id='block_1_14' title="bbox 328 1360 420 1417">
    <p class='ocr_par' dir='ltr' id='par_1_14' title="bbox 328 1360 420 1417">
     <span class='ocr_line' id='line_1_14' title="bbox 328 1360 420 1417; baseline -0.011 -2"><span class='ocrx_word' id='word_1_95' title='bbox 328 1360 420 1417; x_wconf 91' lang='lat' dir='ltr'>sit.</span> 
     </span>
    </p>
   </div>
   <div class='ocr_carea' id='block_1_15' title="bbox 399 1449 2016 1528">
    <p class='ocr_par' dir='ltr' id='par_1_15' title="bbox 399 1449 2016 1528">
     <span class='ocr_line' id='line_1_15' title="bbox 399 1449 2016 1528; baseline 0.006 -24"><span class='ocrx_word' id='word_1_96' title='bbox 399 1449 569 1505; x_wconf 73' lang='lat' dir='ltr'>Vens.</span> <span class='ocrx_word' id='word_1_97' title='bbox 600 1453 660 1506; x_wconf 89' lang='lat'>2.</span> <span class='ocrx_word' id='word_1_98' title='bbox 692 1481 760 1490; x_wconf 96' lang='lat'><strong><em>—</em></strong></span> <span class='ocrx_word' id='word_1_99' title='bbox 793 1474 814 1500; x_wconf 79' lang='grc' dir='ltr'>ι</span> <span class='ocrx_word' id='word_1_100' title='bbox 852 1453 1112 1511; x_wconf 85' lang='lat' dir='ltr'>Judicate</span> <span class='ocrx_word' id='word_1_101' title='bbox 1157 1463 1396 1512; x_wconf 85' lang='lat' dir='ltr'>matrem</span> <span class='ocrx_word' id='word_1_102' title='bbox 1437 1463 1706 1524; x_wconf 82' lang='lat' dir='ltr'>vestram,</span> <span class='ocrx_word' id='word_1_103' title='bbox 1741 1457 2016 1528; x_wconf 87' lang='lat' dir='ltr'>judicate,</span> 
     </span>
    </p>
   </div>
   <div class='ocr_carea' id='block_1_16' title="bbox 333 1539 2013 1617">
    <p class='ocr_par' dir='ltr' id='par_1_16' title="bbox 333 1539 2013 1617">
     <span class='ocr_line' id='line_1_16' title="bbox 333 1539 2013 1617; baseline 0.007 -26"><span class='ocrx_word' id='word_1_104' title='bbox 333 1559 353 1584; x_wconf 77' lang='grc' dir='ltr'><strong><em>ι</em></strong></span> <span class='ocrx_word' id='word_1_105' title='bbox 389 1539 663 1608; x_wconf 90' lang='lat' dir='ltr'>quoniam</span> <span class='ocrx_word' id='word_1_106' title='bbox 693 1539 814 1610; x_wconf 89' lang='lat' dir='ltr'>ipsa</span> <span class='ocrx_word' id='word_1_107' title='bbox 839 1557 955 1597; x_wconf 92' lang='lat' dir='ltr'>non</span> <span class='ocrx_word' id='word_1_108' title='bbox 985 1557 1134 1599; x_wconf 81' lang='lat' dir='ltr'>uxor</span> <span class='ocrx_word' id='word_1_109' title='bbox 1160 1558 1305 1610; x_wconf 91' lang='lat' dir='ltr'>mea,</span> <span class='ocrx_word' id='word_1_110' title='bbox 1333 1555 1387 1601; x_wconf 91' lang='lat' dir='ltr'>et</span> <span class='ocrx_word' id='word_1_111' title='bbox 1410 1561 1516 1616; x_wconf 84' lang='lat' dir='ltr'>ego</span> <span class='ocrx_word' id='word_1_112' title='bbox 1545 1561 1659 1602; x_wconf 90' lang='lat' dir='ltr'>non</span> <span class='ocrx_word' id='word_1_113' title='bbox 1699 1547 1791 1602; x_wconf 91' lang='lat' dir='ltr'>vir</span> <span class='ocrx_word' id='word_1_114' title='bbox 1817 1547 1963 1617; x_wconf 88' lang='lat' dir='ltr'>ejus.</span> <span class='ocrx_word' id='word_1_115' title='bbox 1994 1570 2013 1595; x_wconf 78' lang='grc' dir='ltr'>ι</span> 
     </span>
    </p>
   </div>
   <div class='ocr_carea' id='block_1_17' title="bbox 327 1625 2020 1705">
    <p class='ocr_par' dir='ltr' id='par_1_17' title="bbox 327 1625 2020 1705">
     <span class='ocr_line' id='line_1_17' title="bbox 327 1625 2020 1705; baseline 0.005 -25"><span class='ocrx_word' id='word_1_116' title='bbox 327 1625 480 1682; x_wconf 91' lang='lat' dir='ltr'>Licet</span> <span class='ocrx_word' id='word_1_117' title='bbox 528 1635 688 1683; x_wconf 88' lang='lat' dir='ltr'>tanta</span> <span class='ocrx_word' id='word_1_118' title='bbox 729 1629 1088 1700; x_wconf 89' lang='lat' dir='ltr'>indulgentia</span> <span class='ocrx_word' id='word_1_119' title='bbox 1119 1634 1299 1688; x_wconf 89' lang='lat' dir='ltr'>sorori</span> <span class='ocrx_word' id='word_1_120' title='bbox 1335 1641 1388 1689; x_wconf 92' lang='lat' dir='ltr'>et</span> <span class='ocrx_word' id='word_1_121' title='bbox 1438 1633 1714 1690; x_wconf 88' lang='lat' dir='ltr'>fratribus</span> <span class='ocrx_word' id='word_1_122' title='bbox 1761 1636 2020 1705; x_wconf 74' lang='lat' dir='ltr'>praebca-</span> 
     </span>
    </p>
   </div>
   <div class='ocr_carea' id='block_1_18' title="bbox 327 1716 2022 1786">
    <p class='ocr_par' dir='ltr' id='par_1_18' title="bbox 327 1716 2022 1786">
     <span class='ocr_line' id='line_1_18' title="bbox 327 1716 2022 1786; baseline 0.006 -17"><span class='ocrx_word' id='word_1_123' title='bbox 327 1719 445 1781; x_wconf 91' lang='lat' dir='ltr'>tur,</span> <span class='ocrx_word' id='word_1_124' title='bbox 471 1722 659 1770; x_wconf 90' lang='lat' dir='ltr'>tamen</span> <span class='ocrx_word' id='word_1_125' title='bbox 681 1716 998 1786; x_wconf 88' lang='lat' dir='ltr'>judicanda</span> <span class='ocrx_word' id='word_1_126' title='bbox 1037 1728 1120 1775; x_wconf 88' lang='lat' dir='ltr'>est</span> <span class='ocrx_word' id='word_1_127' title='bbox 1162 1729 1343 1778; x_wconf 84' lang='lat' dir='ltr'>mater</span> <span class='ocrx_word' id='word_1_128' title='bbox 1378 1723 1522 1778; x_wconf 86' lang='lat' dir='ltr'>ratio</span> <span class='ocrx_word' id='word_1_129' title='bbox 1560 1723 1632 1779; x_wconf 90' lang='lat' dir='ltr'>ab</span> <span class='ocrx_word' id='word_1_130' title='bbox 1659 1723 2022 1779; x_wconf 80' lang='lat' dir='ltr'>inferioribus</span> 
     </span>
    </p>
   </div>
   <div class='ocr_carea' id='block_1_19' title="bbox 329 1803 2019 1882">
    <p class='ocr_par' dir='ltr' id='par_1_19' title="bbox 329 1803 2019 1882">
     <span class='ocr_line' id='line_1_19' title="bbox 329 1803 2019 1882; baseline 0.007 -25"><span class='ocrx_word' id='word_1_131' title='bbox 329 1803 451 1859; x_wconf 89' lang='lat' dir='ltr'>suis</span> <span class='ocrx_word' id='word_1_132' title='bbox 497 1806 766 1873; x_wconf 86' lang='lat' dir='ltr'>motibus,</span> <span class='ocrx_word' id='word_1_133' title='bbox 822 1814 1101 1878; x_wconf 91' lang='lat' dir='ltr'>tanquam</span> <span class='ocrx_word' id='word_1_134' title='bbox 1138 1825 1269 1880; x_wconf 65' lang='lat' dir='ltr'>quas</span> <span class='ocrx_word' id='word_1_135' title='bbox 1322 1825 1517 1882; x_wconf 86' lang='lat' dir='ltr'>regere</span> <span class='ocrx_word' id='word_1_136' title='bbox 1573 1827 1669 1868; x_wconf 89' lang='lat' dir='ltr'>eos</span> <span class='ocrx_word' id='word_1_137' title='bbox 1725 1812 2019 1878; x_wconf 89' lang='lat' dir='ltr'>debuerit;</span> 
     </span>
    </p>
   </div>
   <div class='ocr_carea' id='block_1_20' title="bbox 329 1892 2022 1972">
    <p class='ocr_par' dir='ltr' id='par_1_20' title="bbox 329 1892 2022 1972">
     <span class='ocr_line' id='line_1_20' title="bbox 329 1892 2022 1972; baseline 0.006 -25"><span class='ocrx_word' id='word_1_138' title='bbox 329 1899 384 1948; x_wconf 91' lang='lat' dir='ltr'>et</span> <span class='ocrx_word' id='word_1_139' title='bbox 437 1892 670 1964; x_wconf 89' lang='lat' dir='ltr'>insuper</span> <span class='ocrx_word' id='word_1_140' title='bbox 715 1895 1049 1966; x_wconf 89' lang='lat' dir='ltr'>judicanda,</span> <span class='ocrx_word' id='word_1_141' title='bbox 1099 1899 1266 1967; x_wconf 90' lang='lat' dir='ltr'>plane</span> <span class='ocrx_word' id='word_1_142' title='bbox 1313 1901 1652 1971; x_wconf 90' lang='lat' dir='ltr'>judicanda,</span> <span class='ocrx_word' id='word_1_143' title='bbox 1696 1901 1850 1972; x_wconf 89' lang='lat' dir='ltr'>quod</span> <span class='ocrx_word' id='word_1_144' title='bbox 1907 1917 2022 1957; x_wconf 93' lang='lat' dir='ltr'>non</span> 
     </span>
    </p>
   </div>
   <div class='ocr_carea' id='block_1_21' title="bbox 332 1981 2023 2062">
    <p class='ocr_par' dir='ltr' id='par_1_21' title="bbox 332 1981 2023 2062">
     <span class='ocr_line' id='line_1_21' title="bbox 332 1981 2023 2062; baseline 0.008 -28"><span class='ocrx_word' id='word_1_145' title='bbox 332 1981 647 2050; x_wconf 89' lang='lat' dir='ltr'>primordia</span> <span class='ocrx_word' id='word_1_146' title='bbox 701 1983 1089 2041; x_wconf 90' lang='lat' dir='ltr'>delectationis</span> <span class='ocrx_word' id='word_1_147' title='bbox 1128 1988 1485 2057; x_wconf 91' lang='lat' dir='ltr'>obstruserit,</span> <span class='ocrx_word' id='word_1_148' title='bbox 1537 2005 1641 2046; x_wconf 90' lang='lat' dir='ltr'>nec</span> <span class='ocrx_word' id='word_1_149' title='bbox 1693 1990 1887 2046; x_wconf 90' lang='lat' dir='ltr'>minus</span> <span class='ocrx_word' id='word_1_150' title='bbox 1919 1992 2023 2062; x_wconf 93' lang='lat' dir='ltr'>ju-</span> 
     </span>
    </p>
   </div>
   <div class='ocr_carea' id='block_1_22' title="bbox 330 2069 2025 2149">
    <p class='ocr_par' dir='ltr' id='par_1_22' title="bbox 330 2069 2025 2149">
     <span class='ocr_line' id='line_1_22' title="bbox 330 2069 2025 2149; baseline 0.006 -26"><span class='ocrx_word' id='word_1_151' title='bbox 330 2069 596 2137; x_wconf 89' lang='lat' dir='ltr'>dicanda,</span> <span class='ocrx_word' id='word_1_152' title='bbox 640 2071 754 2128; x_wconf 93' lang='lat' dir='ltr'>imo</span> <span class='ocrx_word' id='word_1_153' title='bbox 803 2073 993 2144; x_wconf 89' lang='lat' dir='ltr'>potius</span> <span class='ocrx_word' id='word_1_154' title='bbox 1034 2077 1190 2146; x_wconf 90' lang='lat' dir='ltr'>quod</span> <span class='ocrx_word' id='word_1_155' title='bbox 1234 2076 1490 2148; x_wconf 87' lang='lat' dir='ltr'>ineptum</span> <span class='ocrx_word' id='word_1_156' title='bbox 1535 2079 1838 2148; x_wconf 88' lang='lat' dir='ltr'>aliquoties</span> <span class='ocrx_word' id='word_1_157' title='bbox 1879 2093 2025 2149; x_wconf 91' lang='lat' dir='ltr'>opus</span> 
     </span>
    </p>
   </div>
   <div class='ocr_carea' id='block_1_23' title="bbox 331 2157 2023 2236">
    <p class='ocr_par' dir='ltr' id='par_1_23' title="bbox 331 2157 2023 2236">
     <span class='ocr_line' id='line_1_23' title="bbox 331 2157 2023 2236; baseline 0.007 -24"><span class='ocrx_word' id='word_1_158' title='bbox 331 2157 641 2227; x_wconf 90' lang='lat' dir='ltr'>admiserit,</span> <span class='ocrx_word' id='word_1_159' title='bbox 677 2163 954 2231; x_wconf 90' lang='lat' dir='ltr'>quoniam</span> <span class='ocrx_word' id='word_1_160' title='bbox 997 2163 1056 2220; x_wconf 91' lang='lat' dir='ltr'>in</span> <span class='ocrx_word' id='word_1_161' title='bbox 1086 2181 1151 2220; x_wconf 89' lang='lat' dir='ltr'>eo</span> <span class='ocrx_word' id='word_1_162' title='bbox 1195 2167 1349 2236; x_wconf 90' lang='lat' dir='ltr'>quod</span> <span class='ocrx_word' id='word_1_163' title='bbox 1377 2176 1634 2235; x_wconf 81' lang='lat' dir='ltr'>externo,</span> <span class='ocrx_word' id='word_1_164' title='bbox 1687 2168 1742 2223; x_wconf 92' lang='lat' dir='ltr'>id</span> <span class='ocrx_word' id='word_1_165' title='bbox 1782 2176 1866 2224; x_wconf 90' lang='lat' dir='ltr'>est</span> <span class='ocrx_word' id='word_1_166' title='bbox 1895 2169 2023 2223; x_wconf 90' lang='lat' dir='ltr'>dia-</span> 
     </span>
    </p>
   </div>
   <div class='ocr_carea' id='block_1_24' title="bbox 333 2245 2025 2326">
    <p class='ocr_par' dir='ltr' id='par_1_24' title="bbox 333 2245 2025 2326">
     <span class='ocr_line' id='line_1_24' title="bbox 333 2245 2025 2326; baseline 0.006 -26"><span class='ocrx_word' id='word_1_167' title='bbox 333 2245 514 2302; x_wconf 90' lang='lat' dir='ltr'>bolico</span> <span class='ocrx_word' id='word_1_168' title='bbox 541 2250 757 2304; x_wconf 89' lang='lat' dir='ltr'>semine</span> <span class='ocrx_word' id='word_1_169' title='bbox 802 2254 1142 2322; x_wconf 84' lang='lat' dir='ltr'>conceperit.</span> <span class='ocrx_word' id='word_1_170' title='bbox 1183 2256 1298 2309; x_wconf 74' lang='lat' dir='ltr'>Non</span> <span class='ocrx_word' id='word_1_171' title='bbox 1328 2271 1470 2309; x_wconf 70' lang='lat' dir='ltr'>uxor</span> <span class='ocrx_word' id='word_1_172' title='bbox 1515 2273 1652 2322; x_wconf 87' lang='lat' dir='ltr'>mea,</span> <span class='ocrx_word' id='word_1_173' title='bbox 1699 2262 1750 2311; x_wconf 84' lang='lat' dir='ltr'>et</span> <span class='ocrx_word' id='word_1_174' title='bbox 1797 2274 1891 2326; x_wconf 86' lang='lat' dir='ltr'>ego</span> <span class='ocrx_word' id='word_1_175' title='bbox 1919 2273 2025 2311; x_wconf 80' lang='lat' dir='ltr'>non</span> 
     </span>
    </p>
   </div>
   <div class='ocr_carea' id='block_1_25' title="bbox 333 2334 2024 2414">
    <p class='ocr_par' dir='ltr' id='par_1_25' title="bbox 333 2334 2024 2414">
     <span class='ocr_line' id='line_1_25' title="bbox 333 2334 2024 2414; baseline 0.005 -24"><span class='ocrx_word' id='word_1_176' title='bbox 333 2334 463 2390; x_wconf 88' lang='lat' dir='ltr'>talis</span> <span class='ocrx_word' id='word_1_177' title='bbox 492 2337 769 2405; x_wconf 86' lang='lat' dir='ltr'>germinis</span> <span class='ocrx_word' id='word_1_178' title='bbox 813 2339 1096 2395; x_wconf 80' lang='lat' dir='ltr'>inlusione</span> <span class='ocrx_word' id='word_1_179' title='bbox 1145 2345 1241 2397; x_wconf 75' lang='lat' dir='ltr'>vir</span> <span class='ocrx_word' id='word_1_180' title='bbox 1292 2345 1429 2411; x_wconf 88' lang='lat' dir='ltr'>ejus.</span> <span class='ocrx_word' id='word_1_181' title='bbox 1483 2343 1663 2400; x_wconf 91' lang='lat' dir='ltr'>Omne</span> <span class='ocrx_word' id='word_1_182' title='bbox 1687 2344 1839 2399; x_wconf 91' lang='lat' dir='ltr'>enim</span> <span class='ocrx_word' id='word_1_183' title='bbox 1869 2345 2024 2414; x_wconf 91' lang='lat' dir='ltr'>quod</span> 
     </span>
    </p>
   </div>
   <div class='ocr_carea' id='block_1_26' title="bbox 334 2423 2020 2502">
    <p class='ocr_par' dir='ltr' id='par_1_26' title="bbox 334 2423 2020 2502">
     <span class='ocr_line' id='line_1_26' title="bbox 334 2423 2020 2502; baseline 0.005 -24"><span class='ocrx_word' id='word_1_184' title='bbox 334 2423 594 2479; x_wconf 86' lang='lat' dir='ltr'>nascitur</span> <span class='ocrx_word' id='word_1_185' title='bbox 620 2439 694 2480; x_wconf 83' lang='lat' dir='ltr'>ex</span> <span class='ocrx_word' id='word_1_186' title='bbox 728 2427 839 2482; x_wconf 91' lang='lat' dir='ltr'>Deo</span> <span class='ocrx_word' id='word_1_187' title='bbox 870 2429 1046 2484; x_wconf 88' lang='lat' dir='ltr'>nescit</span> <span class='ocrx_word' id='word_1_188' title='bbox 1079 2428 1202 2501; x_wconf 76' lang='lat' dir='ltr'>(aL,</span> <span class='ocrx_word' id='word_1_189' title='bbox 1232 2432 1420 2502; x_wconf 82' lang='lat' dir='ltr'>vincit]</span> <span class='ocrx_word' id='word_1_190' title='bbox 1455 2433 1737 2488; x_wconf 90' lang='lat' dir='ltr'>mundum</span> <span class='ocrx_word' id='word_1_191' title='bbox 1768 2435 1822 2502; x_wconf 89' lang='grc' dir='ltr'>(Ι</span> <span class='ocrx_word' id='word_1_192' title='bbox 1852 2434 2020 2487; x_wconf 65' lang='grc'><strong>1101111.</strong></span> 
     </span>
    </p>
   </div>
   <div class='ocr_carea' id='block_1_27' title="bbox 333 2511 2024 2587">
    <p class='ocr_par' dir='ltr' id='par_1_27' title="bbox 333 2511 2024 2587">
     <span class='ocr_line' id='line_1_27' title="bbox 333 2511 2024 2587; baseline 0.007 -23"><span class='ocrx_word' id='word_1_193' title='bbox 333 2525 390 2578; x_wconf 88' lang='lat' dir='ltr'>v,</span> <span class='ocrx_word' id='word_1_194' title='bbox 425 2511 500 2581; x_wconf 77' lang='grc'>4).</span> <span class='ocrx_word' id='word_1_195' title='bbox 549 2534 570 2560; x_wconf 76' lang='grc' dir='ltr'>ι</span> <span class='ocrx_word' id='word_1_196' title='bbox 617 2515 858 2572; x_wconf 85' lang='lat' dir='ltr'>Auferat</span> <span class='ocrx_word' id='word_1_197' title='bbox 908 2517 1312 2574; x_wconf 81' lang='lat' dir='ltr'>fornicationes</span> <span class='ocrx_word' id='word_1_198' title='bbox 1362 2534 1499 2575; x_wconf 92' lang='lat' dir='ltr'>suas</span> <span class='ocrx_word' id='word_1_199' title='bbox 1549 2535 1584 2576; x_wconf 92' lang='lat' dir='ltr'>a</span> <span class='ocrx_word' id='word_1_200' title='bbox 1631 2521 1771 2577; x_wconf 86' lang='lat' dir='ltr'>facie</span> <span class='ocrx_word' id='word_1_201' title='bbox 1813 2537 1939 2587; x_wconf 89' lang='lat' dir='ltr'>sua,</span> <span class='ocrx_word' id='word_1_202' title='bbox 1971 2529 2024 2576; x_wconf 88' lang='lat' dir='ltr'>et</span> 
     </span>
    </p>
   </div>
   <div class='ocr_carea' id='block_1_28' title="bbox 337 2598 2024 2679">
    <p class='ocr_par' dir='ltr' id='par_1_28' title="bbox 337 2598 2024 2679">
     <span class='ocr_line' id='line_1_28' title="bbox 337 2598 2024 2679; baseline 0.008 -31"><span class='ocrx_word' id='word_1_203' title='bbox 337 2616 365 2648; x_wconf 78' lang='grc'>1)</span> <span class='ocrx_word' id='word_1_204' title='bbox 397 2598 681 2656; x_wconf 89' lang='lat' dir='ltr'>adulteria</span> <span class='ocrx_word' id='word_1_205' title='bbox 707 2616 813 2658; x_wconf 92' lang='lat' dir='ltr'>sua</span> <span class='ocrx_word' id='word_1_206' title='bbox 837 2603 906 2659; x_wconf 91' lang='lat' dir='ltr'>de</span> <span class='ocrx_word' id='word_1_207' title='bbox 934 2606 1122 2660; x_wconf 90' lang='lat' dir='ltr'>medio</span> <span class='ocrx_word' id='word_1_208' title='bbox 1149 2606 1392 2662; x_wconf 90' lang='lat' dir='ltr'>uberum</span> <span class='ocrx_word' id='word_1_209' title='bbox 1423 2622 1683 2665; x_wconf 91' lang='lat' dir='ltr'>suorum.</span> <span class='ocrx_word' id='word_1_210' title='bbox 1717 2609 1914 2679; x_wconf 75' lang='lat' dir='ltr'>(Vens.</span> <span class='ocrx_word' id='word_1_211' title='bbox 1948 2610 2024 2678; x_wconf 87' lang='lat'>3.)</span> 
     </span>
    </p>
   </div>
   <div class='ocr_carea' id='block_1_29' title="bbox 341 2686 2022 2762">
    <p class='ocr_par' dir='ltr' id='par_1_29' title="bbox 341 2686 2022 2762">
     <span class='ocr_line' id='line_1_29' title="bbox 341 2686 2022 2762; baseline 0.007 -21"><span class='ocrx_word' id='word_1_212' title='bbox 341 2706 362 2733; x_wconf 75' lang='grc' dir='ltr'><strong><em>ι</em></strong></span> <span class='ocrx_word' id='word_1_213' title='bbox 397 2686 479 2742; x_wconf 91' lang='grc' dir='ltr'>Νο</span> <span class='ocrx_word' id='word_1_214' title='bbox 514 2687 655 2744; x_wconf 88' lang='lat' dir='ltr'>forte</span> <span class='ocrx_word' id='word_1_215' title='bbox 703 2692 1011 2760; x_wconf 81' lang='lat' dir='ltr'>exspoliem</span> <span class='ocrx_word' id='word_1_216' title='bbox 1056 2708 1184 2750; x_wconf 89' lang='lat' dir='ltr'>eam</span> <span class='ocrx_word' id='word_1_217' title='bbox 1228 2697 1466 2762; x_wconf 91' lang='lat' dir='ltr'>nudam,</span> <span class='ocrx_word' id='word_1_218' title='bbox 1517 2704 1572 2752; x_wconf 91' lang='lat' dir='ltr'>et</span> <span class='ocrx_word' id='word_1_219' title='bbox 1609 2705 1858 2753; x_wconf 88' lang='lat' dir='ltr'>statuam</span> <span class='ocrx_word' id='word_1_220' title='bbox 1898 2713 2022 2753; x_wconf 91' lang='lat' dir='ltr'>eam</span> 
     </span>
    </p>
   </div>
   <div class='ocr_carea' id='block_1_30' title="bbox 343 2776 2025 2853">
    <p class='ocr_par' dir='ltr' id='par_1_30' title="bbox 343 2776 2025 2853">
     <span class='ocr_line' id='line_1_30' title="bbox 343 2776 2025 2853; baseline 0.007 -25"><span class='ocrx_word' id='word_1_221' title='bbox 343 2795 364 2822; x_wconf 76' lang='grc' dir='ltr'><strong><em>ι</em></strong></span> <span class='ocrx_word' id='word_1_222' title='bbox 394 2776 713 2832; x_wconf 92' lang='lat' dir='ltr'>secundum</span> <span class='ocrx_word' id='word_1_223' title='bbox 771 2779 918 2834; x_wconf 91' lang='lat' dir='ltr'>diem</span> <span class='ocrx_word' id='word_1_224' title='bbox 960 2781 1277 2838; x_wconf 88' lang='lat' dir='ltr'>nativitatis</span> <span class='ocrx_word' id='word_1_225' title='bbox 1301 2798 1440 2838; x_wconf 69' lang='lat' dir='ltr'>suae.</span> <span class='ocrx_word' id='word_1_226' title='bbox 1476 2806 1497 2832; x_wconf 77' lang='grc' dir='ltr'><strong>ι</strong></span> <span class='ocrx_word' id='word_1_227' title='bbox 1547 2785 1746 2841; x_wconf 80' lang='lat' dir='ltr'>Aufert</span> <span class='ocrx_word' id='word_1_228' title='bbox 1776 2787 2025 2853; x_wconf 79' lang='lat' dir='ltr'>fornica-</span> 
     </span>
    </p>
   </div>
   <div class='ocr_carea' id='block_1_31' title="bbox 339 2865 2027 2944">
    <p class='ocr_par' dir='ltr' id='par_1_31' title="bbox 339 2865 2027 2944">
     <span class='ocr_line' id='line_1_31' title="bbox 339 2865 2027 2944; baseline 0.008 -28"><span class='ocrx_word' id='word_1_229' title='bbox 339 2865 507 2919; x_wconf 79' lang='lat' dir='ltr'>tiones</span> <span class='ocrx_word' id='word_1_230' title='bbox 537 2881 571 2918; x_wconf 89' lang='lat' dir='ltr'>a</span> <span class='ocrx_word' id='word_1_231' title='bbox 609 2867 760 2932; x_wconf 82' lang='lat' dir='ltr'>facie</span> <span class='ocrx_word' id='word_1_232' title='bbox 816 2884 937 2936; x_wconf 86' lang='lat' dir='ltr'>sua,</span> <span class='ocrx_word' id='word_1_233' title='bbox 975 2885 1107 2926; x_wconf 89' lang='lat' dir='ltr'>cum</span> <span class='ocrx_word' id='word_1_234' title='bbox 1139 2885 1171 2926; x_wconf 91' lang='lat' dir='ltr'>a</span> <span class='ocrx_word' id='word_1_235' title='bbox 1203 2886 1311 2927; x_wconf 89' lang='lat' dir='ltr'>sua</span> <span class='ocrx_word' id='word_1_236' title='bbox 1337 2873 1747 2944; x_wconf 88' lang='lat' dir='ltr'>imaginatione</span> <span class='ocrx_word' id='word_1_237' title='bbox 1774 2883 2027 2932; x_wconf 86' lang='lat' dir='ltr'>removet</span> 
     </span>
    </p>
   </div>
   <div class='ocr_carea' id='block_1_32' title="bbox 337 2956 2023 3031">
    <p class='ocr_par' dir='ltr' id='par_1_32' title="bbox 337 2956 2023 3031">
     <span class='ocr_line' id='line_1_32' title="bbox 337 2956 2023 3031; baseline 0.008 -26"><span class='ocrx_word' id='word_1_238' title='bbox 337 2961 567 3020; x_wconf 90' lang='lat' dir='ltr'>peccata</span> <span class='ocrx_word' id='word_1_239' title='bbox 613 2956 945 3027; x_wconf 57' lang='lat' dir='ltr'>praeterita;</span> <span class='ocrx_word' id='word_1_240' title='bbox 996 2974 1128 3015; x_wconf 90' lang='lat' dir='ltr'>cum</span> <span class='ocrx_word' id='word_1_241' title='bbox 1176 2961 1330 3016; x_wconf 89' lang='lat' dir='ltr'>enim</span> <span class='ocrx_word' id='word_1_242' title='bbox 1379 2963 1640 3031; x_wconf 87' lang='lat' dir='ltr'>turpium</span> <span class='ocrx_word' id='word_1_243' title='bbox 1697 2971 2023 3019; x_wconf 90' lang='lat' dir='ltr'>nostrorum</span> 
     </span>
    </p>
   </div>
   <div class='ocr_carea' id='block_1_33' title="bbox 2128 573 3836 646">
    <p class='ocr_par' dir='ltr' id='par_1_33' title="bbox 2128 573 3836 646">
     <span class='ocr_line' id='line_1_33' title="bbox 2128 573 3836 646; baseline -0.002 -15"><span class='ocrx_word' id='word_1_244' title='bbox 2128 590 2244 631; x_wconf 91' lang='lat' dir='ltr'>non</span> <span class='ocrx_word' id='word_1_245' title='bbox 2297 576 2628 646; x_wconf 89' lang='lat' dir='ltr'>respiciente</span> <span class='ocrx_word' id='word_1_246' title='bbox 2692 575 3002 644; x_wconf 87' lang='lat' dir='ltr'>durantur,</span> <span class='ocrx_word' id='word_1_247' title='bbox 3055 573 3251 631; x_wconf 86' lang='lat' dir='ltr'>referri</span> <span class='ocrx_word' id='word_1_248' title='bbox 3307 573 3594 631; x_wconf 88' lang='lat' dir='ltr'>convenit.</span> <span class='ocrx_word' id='word_1_249' title='bbox 3663 573 3836 630; x_wconf 88' lang='lat' dir='ltr'>Unde</span> 
     </span>
    </p>
   </div>
   <div class='ocr_carea' id='block_1_34' title="bbox 2127 664 2410 735">
    <p class='ocr_par' dir='ltr' id='par_1_34' title="bbox 2127 664 2410 735">
     <span class='ocr_line' id='line_1_34' title="bbox 2127 664 2410 735; baseline -0.011 -15"><span class='ocrx_word' id='word_1_250' title='bbox 2127 680 2221 735; x_wconf 90' lang='lat' dir='ltr'>seq</span> <span class='ocrx_word' id='word_1_251' title='bbox 2233 664 2410 720; x_wconf 90' lang='lat' dir='ltr'>uitur.</span> 
     </span>
    </p>
   </div>
   <div class='ocr_carea' id='block_1_35' title="bbox 2199 750 3834 823">
    <p class='ocr_par' dir='ltr' id='par_1_35' title="bbox 2199 750 3834 823">
     <span class='ocr_line' id='line_1_35' title="bbox 2199 750 3834 823; baseline -0.002 -13"><span class='ocrx_word' id='word_1_252' title='bbox 2199 754 2370 810; x_wconf 75' lang='lat' dir='ltr'>Vens.</span> <span class='ocrx_word' id='word_1_253' title='bbox 2399 757 2446 808; x_wconf 88' lang='lat'>5.</span> <span class='ocrx_word' id='word_1_254' title='bbox 2491 782 2561 796; x_wconf 89' lang='lat'><strong>-</strong></span> <span class='ocrx_word' id='word_1_255' title='bbox 2609 776 2630 802; x_wconf 82' lang='grc' dir='ltr'>ι</span> <span class='ocrx_word' id='word_1_256' title='bbox 2691 752 2994 820; x_wconf 90' lang='lat' dir='ltr'>Quoniam,</span> <span class='ocrx_word' id='word_1_257' title='bbox 3055 751 3264 823; x_wconf 91' lang='lat' dir='ltr'>inquit,</span> <span class='ocrx_word' id='word_1_258' title='bbox 3348 752 3445 808; x_wconf 90' lang='grc'><strong>11111</strong></span> <span class='ocrx_word' id='word_1_259' title='bbox 3497 750 3834 807; x_wconf 86' lang='lat' dir='ltr'>fornicatio-</span> 
     </span>
    </p>
   </div>
   <div class='ocr_carea' id='block_1_36' title="bbox 2134 842 3832 912">
    <p class='ocr_par' dir='ltr' id='par_1_36' title="bbox 2134 842 3832 912">
     <span class='ocr_line' id='line_1_36' title="bbox 2134 842 3832 912; baseline -0.002 -14"><span class='ocrx_word' id='word_1_260' title='bbox 2134 858 2326 898; x_wconf 75' lang='grc'><strong>»1111111</strong></span> <span class='ocrx_word' id='word_1_261' title='bbox 2358 850 2494 898; x_wconf 90' lang='lat' dir='ltr'>sunt</span> <span class='ocrx_word' id='word_1_262' title='bbox 2532 843 2672 912; x_wconf 90' lang='lat' dir='ltr'>quia</span> <span class='ocrx_word' id='word_1_263' title='bbox 2726 842 3003 897; x_wconf 82' lang='lat' dir='ltr'>fornicata</span> <span class='ocrx_word' id='word_1_264' title='bbox 3053 849 3136 897; x_wconf 89' lang='lat' dir='ltr'>est</span> <span class='ocrx_word' id='word_1_265' title='bbox 3185 849 3369 896; x_wconf 87' lang='lat' dir='ltr'>mater</span> <span class='ocrx_word' id='word_1_266' title='bbox 3413 855 3634 905; x_wconf 90' lang='lat' dir='ltr'>eorum,</span> <span class='ocrx_word' id='word_1_267' title='bbox 3680 854 3832 894; x_wconf 89' lang='lat' dir='ltr'>con-</span> 
     </span>
    </p>
   </div>
   <div class='ocr_carea' id='block_1_37' title="bbox 2133 927 3830 1001">
    <p class='ocr_par' dir='ltr' id='par_1_37' title="bbox 2133 927 3830 1001">
     <span class='ocr_line' id='line_1_37' title="bbox 2133 927 3830 1001; baseline -0.002 -15"><span class='ocrx_word' id='word_1_268' title='bbox 2133 952 2154 980; x_wconf 77' lang='grc' dir='ltr'><strong><em>ι</em></strong></span> <span class='ocrx_word' id='word_1_269' title='bbox 2190 931 2318 986; x_wconf 91' lang='lat' dir='ltr'>fusa</span> <span class='ocrx_word' id='word_1_270' title='bbox 2349 939 2431 987; x_wconf 87' lang='lat' dir='ltr'>est</span> <span class='ocrx_word' id='word_1_271' title='bbox 2469 935 2603 986; x_wconf 67' lang='lat' dir='ltr'>I92</span> <span class='ocrx_word' id='word_1_272' title='bbox 2642 945 2772 1001; x_wconf 70' lang='lat' dir='ltr'>qua:</span> <span class='ocrx_word' id='word_1_273' title='bbox 2801 930 3058 999; x_wconf 82' lang='lat' dir='ltr'>concepit</span> <span class='ocrx_word' id='word_1_274' title='bbox 3109 944 3220 984; x_wconf 91' lang='lat' dir='ltr'>eos.</span> <span class='ocrx_word' id='word_1_275' title='bbox 3255 951 3274 976; x_wconf 74' lang='grc' dir='ltr'><strong><em>ι</em></strong></span> <span class='ocrx_word' id='word_1_276' title='bbox 3334 928 3452 984; x_wconf 74' lang='lat' dir='ltr'>Nisi</span> <span class='ocrx_word' id='word_1_277' title='bbox 3497 929 3650 983; x_wconf 91' lang='lat' dir='ltr'>enim</span> <span class='ocrx_word' id='word_1_278' title='bbox 3699 927 3830 996; x_wconf 88' lang='lat' dir='ltr'>pri-</span> 
     </span>
    </p>
   </div>
   <div class='ocr_carea' id='block_1_38' title="bbox 2129 1016 3832 1083">
    <p class='ocr_par' dir='ltr' id='par_1_38' title="bbox 2129 1016 3832 1083">
     <span class='ocr_line' id='line_1_38' title="bbox 2129 1016 3832 1083; baseline -0.002 -9"><span class='ocrx_word' id='word_1_279' title='bbox 2129 1033 2286 1074; x_wconf 92' lang='lat' dir='ltr'>mum</span> <span class='ocrx_word' id='word_1_280' title='bbox 2314 1018 2661 1074; x_wconf 91' lang='lat' dir='ltr'>conscientia</span> <span class='ocrx_word' id='word_1_281' title='bbox 2685 1025 2921 1074; x_wconf 90' lang='lat' dir='ltr'>matera</span> <span class='ocrx_word' id='word_1_282' title='bbox 2954 1016 3052 1073; x_wconf 89' lang='lat' dir='ltr'>Dei</span> <span class='ocrx_word' id='word_1_283' title='bbox 3091 1031 3285 1073; x_wconf 88' lang='lat' dir='ltr'>amore</span> <span class='ocrx_word' id='word_1_284' title='bbox 3325 1030 3621 1083; x_wconf 81' lang='lat' dir='ltr'>exerrans,</span> <span class='ocrx_word' id='word_1_285' title='bbox 3664 1016 3832 1070; x_wconf 87' lang='lat' dir='ltr'>velut</span> 
     </span>
    </p>
   </div>
   <div class='ocr_carea' id='block_1_39' title="bbox 2128 1104 3833 1177">
    <p class='ocr_par' dir='ltr' id='par_1_39' title="bbox 2128 1104 3833 1177">
     <span class='ocr_line' id='line_1_39' title="bbox 2128 1104 3833 1177; baseline -0.004 -15"><span class='ocrx_word' id='word_1_286' title='bbox 2128 1105 2297 1177; x_wconf 84' lang='lat' dir='ltr'>legali</span> <span class='ocrx_word' id='word_1_287' title='bbox 2339 1107 2688 1162; x_wconf 80' lang='lat' dir='ltr'>exorbitaret</span> <span class='ocrx_word' id='word_1_288' title='bbox 2737 1120 2772 1161; x_wconf 90' lang='lat' dir='ltr'>a</span> <span class='ocrx_word' id='word_1_289' title='bbox 2823 1106 3010 1173; x_wconf 88' lang='lat' dir='ltr'>thoro,</span> <span class='ocrx_word' id='word_1_290' title='bbox 3062 1105 3197 1175; x_wconf 67' lang='lat' dir='ltr'>ipsa:</span> <span class='ocrx_word' id='word_1_291' title='bbox 3248 1104 3622 1174; x_wconf 88' lang='lat' dir='ltr'>cogitationes</span> <span class='ocrx_word' id='word_1_292' title='bbox 3659 1111 3714 1158; x_wconf 93' lang='lat' dir='ltr'>et</span> <span class='ocrx_word' id='word_1_293' title='bbox 3747 1104 3833 1157; x_wconf 88' lang='lat' dir='ltr'>in-</span> 
     </span>
    </p>
   </div>
   <div class='ocr_carea' id='block_1_40' title="bbox 2129 1191 3832 1264">
    <p class='ocr_par' dir='ltr' id='par_1_40' title="bbox 2129 1191 3832 1264">
     <span class='ocr_line' id='line_1_40' title="bbox 2129 1191 3832 1264; baseline -0.001 -16"><span class='ocrx_word' id='word_1_294' title='bbox 2129 1194 2424 1259; x_wconf 89' lang='lat' dir='ltr'>tentiones,</span> <span class='ocrx_word' id='word_1_295' title='bbox 2457 1209 2587 1264; x_wconf 70' lang='lat' dir='ltr'>quae</span> <span class='ocrx_word' id='word_1_296' title='bbox 2617 1193 2785 1264; x_wconf 89' lang='lat' dir='ltr'>quasi</span> <span class='ocrx_word' id='word_1_297' title='bbox 2816 1194 2916 1249; x_wconf 88' lang='grc'><strong>11111</strong></span> <span class='ocrx_word' id='word_1_298' title='bbox 2950 1194 3078 1249; x_wconf 86' lang='grc'><strong>111110</strong></span> <span class='ocrx_word' id='word_1_299' title='bbox 3125 1201 3539 1264; x_wconf 89' lang='lat' dir='ltr'>propagantur,</span> <span class='ocrx_word' id='word_1_300' title='bbox 3589 1191 3832 1247; x_wconf 89' lang='lat' dir='ltr'>nomine</span> 
     </span>
    </p>
   </div>
   <div class='ocr_carea' id='block_1_41' title="bbox 2127 1279 3834 1348">
    <p class='ocr_par' dir='ltr' id='par_1_41' title="bbox 2127 1279 3834 1348">
     <span class='ocr_line' id='line_1_41' title="bbox 2127 1279 3834 1348; baseline -0.001 -12"><span class='ocrx_word' id='word_1_301' title='bbox 2127 1296 2243 1337; x_wconf 90' lang='lat' dir='ltr'>non</span> <span class='ocrx_word' id='word_1_302' title='bbox 2305 1281 2506 1338; x_wconf 84' lang='lat' dir='ltr'>fierent</span> <span class='ocrx_word' id='word_1_303' title='bbox 2561 1282 2881 1338; x_wconf 86' lang='lat' dir='ltr'>inhonesto.</span> <span class='ocrx_word' id='word_1_304' title='bbox 2950 1281 3096 1348; x_wconf 85' lang='lat' dir='ltr'>Quia</span> <span class='ocrx_word' id='word_1_305' title='bbox 3143 1281 3296 1336; x_wconf 90' lang='lat' dir='ltr'>enim</span> <span class='ocrx_word' id='word_1_306' title='bbox 3351 1279 3834 1336; x_wconf 83' lang='lat' dir='ltr'>irrationabiliter</span> 
     </span>
    </p>
   </div>
   <div class='ocr_carea' id='block_1_42' title="bbox 2129 1368 3828 1440">
    <p class='ocr_par' dir='ltr' id='par_1_42' title="bbox 2129 1368 3828 1440">
     <span class='ocr_line' id='line_1_42' title="bbox 2129 1368 3828 1440; baseline -0.001 -17"><span class='ocrx_word' id='word_1_307' title='bbox 2129 1368 2186 1424; x_wconf 90' lang='lat' dir='ltr'>in</span> <span class='ocrx_word' id='word_1_308' title='bbox 2215 1371 2338 1440; x_wconf 91' lang='lat' dir='ltr'>ipsa</span> <span class='ocrx_word' id='word_1_309' title='bbox 2396 1369 2695 1439; x_wconf 87' lang='lat' dir='ltr'>pravitatis</span> <span class='ocrx_word' id='word_1_310' title='bbox 2746 1369 3113 1439; x_wconf 90' lang='lat' dir='ltr'>conceptione</span> <span class='ocrx_word' id='word_1_311' title='bbox 3159 1368 3552 1435; x_wconf 90' lang='lat' dir='ltr'>confunditur,</span> <span class='ocrx_word' id='word_1_312' title='bbox 3603 1381 3676 1424; x_wconf 81' lang='lat' dir='ltr'>ex</span> <span class='ocrx_word' id='word_1_313' title='bbox 3703 1375 3828 1423; x_wconf 86' lang='lat' dir='ltr'>tra-</span> 
     </span>
    </p>
   </div>
   <div class='ocr_carea' id='block_1_43' title="bbox 2127 1454 3830 1528">
    <p class='ocr_par' dir='ltr' id='par_1_43' title="bbox 2127 1454 3830 1528">
     <span class='ocr_line' id='line_1_43' title="bbox 2127 1454 3830 1528; baseline -0.001 -16"><span class='ocrx_word' id='word_1_314' title='bbox 2127 1457 2273 1512; x_wconf 90' lang='lat' dir='ltr'>duce</span> <span class='ocrx_word' id='word_1_315' title='bbox 2321 1457 2647 1528; x_wconf 90' lang='lat' dir='ltr'>generantis</span> <span class='ocrx_word' id='word_1_316' title='bbox 2703 1457 2888 1527; x_wconf 89' lang='lat' dir='ltr'>proles</span> <span class='ocrx_word' id='word_1_317' title='bbox 2951 1472 3178 1513; x_wconf 87' lang='lat' dir='ltr'>necesse</span> <span class='ocrx_word' id='word_1_318' title='bbox 3227 1465 3313 1512; x_wconf 90' lang='lat' dir='ltr'>est</span> <span class='ocrx_word' id='word_1_319' title='bbox 3367 1456 3672 1512; x_wconf 88' lang='lat' dir='ltr'>identidem</span> <span class='ocrx_word' id='word_1_320' title='bbox 3731 1454 3830 1510; x_wconf 91' lang='lat' dir='ltr'>vi-</span> 
     </span>
    </p>
   </div>
   <div class='ocr_carea' id='block_1_44' title="bbox 2129 1545 2322 1602">
    <p class='ocr_par' dir='ltr' id='par_1_44' title="bbox 2129 1545 2322 1602">
     <span class='ocr_line' id='line_1_44' title="bbox 2129 1545 2322 1602; baseline -0.01 -1"><span class='ocrx_word' id='word_1_321' title='bbox 2129 1545 2322 1602; x_wconf 92' lang='lat' dir='ltr'>tietur.</span> 
     </span>
    </p>
   </div>
   <div class='ocr_carea' id='block_1_45' title="bbox 2203 1633 3827 1704">
    <p class='ocr_par' dir='ltr' id='par_1_45' title="bbox 2203 1633 3827 1704">
     <span class='ocr_line' id='line_1_45' title="bbox 2203 1633 3827 1704; baseline 0.003 -21"><span class='ocrx_word' id='word_1_322' title='bbox 2203 1656 2226 1683; x_wconf 77' lang='grc' dir='ltr'>ι</span> <span class='ocrx_word' id='word_1_323' title='bbox 2261 1633 2407 1700; x_wconf 89' lang='lat' dir='ltr'>Quia</span> <span class='ocrx_word' id='word_1_324' title='bbox 2432 1633 2600 1702; x_wconf 80' lang='lat' dir='ltr'>dixit,</span> <span class='ocrx_word' id='word_1_325' title='bbox 2639 1634 2851 1704; x_wconf 89' lang='lat' dir='ltr'>inquit,</span> <span class='ocrx_word' id='word_1_326' title='bbox 2901 1633 3108 1688; x_wconf 83' lang='lat' dir='ltr'>vadam</span> <span class='ocrx_word' id='word_1_327' title='bbox 3142 1640 3267 1702; x_wconf 87' lang='lat' dir='ltr'>post</span> <span class='ocrx_word' id='word_1_328' title='bbox 3312 1640 3594 1688; x_wconf 86' lang='lat' dir='ltr'>amatores</span> <span class='ocrx_word' id='word_1_329' title='bbox 3644 1647 3827 1699; x_wconf 88' lang='lat' dir='ltr'>meos,</span> 
     </span>
    </p>
   </div>
   <div class='ocr_carea' id='block_1_46' title="bbox 2130 1720 3828 1792">
    <p class='ocr_par' dir='ltr' id='par_1_46' title="bbox 2130 1720 3828 1792">
     <span class='ocr_line' id='line_1_46' title="bbox 2130 1720 3828 1792; baseline -0.001 -15"><span class='ocrx_word' id='word_1_330' title='bbox 2130 1744 2158 1772; x_wconf 73' lang='grc' dir='ltr'>»ι</span> <span class='ocrx_word' id='word_1_331' title='bbox 2191 1722 2294 1792; x_wconf 92' lang='lat' dir='ltr'>qui</span> <span class='ocrx_word' id='word_1_332' title='bbox 2319 1723 2458 1779; x_wconf 91' lang='lat' dir='ltr'>dant</span> <span class='ocrx_word' id='word_1_333' title='bbox 2483 1737 2658 1792; x_wconf 90' lang='lat' dir='ltr'>panes</span> <span class='ocrx_word' id='word_1_334' title='bbox 2685 1722 2846 1788; x_wconf 91' lang='lat' dir='ltr'>mihi,</span> <span class='ocrx_word' id='word_1_335' title='bbox 2878 1731 2933 1778; x_wconf 90' lang='lat' dir='ltr'>et</span> <span class='ocrx_word' id='word_1_336' title='bbox 2963 1736 3149 1792; x_wconf 88' lang='lat' dir='ltr'>aquas</span> <span class='ocrx_word' id='word_1_337' title='bbox 3174 1735 3349 1787; x_wconf 90' lang='lat' dir='ltr'>meas,</span> <span class='ocrx_word' id='word_1_338' title='bbox 3395 1720 3586 1776; x_wconf 90' lang='lat' dir='ltr'>lanam</span> <span class='ocrx_word' id='word_1_339' title='bbox 3612 1735 3828 1777; x_wconf 86' lang='lat' dir='ltr'>meam.</span> 
     </span>
    </p>
   </div>
   <div class='ocr_carea' id='block_1_47' title="bbox 2062 1788 3821 1879">
    <p class='ocr_par' dir='ltr' id='par_1_47' title="bbox 2062 1788 3821 1879">
     <span class='ocr_line' id='line_1_47' title="bbox 2062 1788 3821 1879; baseline -0.003 -12"><span class='ocrx_word' id='word_1_340' title='bbox 2062 1788 2102 1842; x_wconf 73' lang='grc' dir='ltr'><strong>Β</strong></span> <span class='ocrx_word' id='word_1_341' title='bbox 2136 1833 2156 1859; x_wconf 79' lang='grc' dir='ltr'><strong><em>ι</em></strong></span> <span class='ocrx_word' id='word_1_342' title='bbox 2192 1818 2246 1866; x_wconf 85' lang='grc'>01</span> <span class='ocrx_word' id='word_1_343' title='bbox 2273 1811 2455 1866; x_wconf 92' lang='lat' dir='ltr'>linum</span> <span class='ocrx_word' id='word_1_344' title='bbox 2485 1825 2698 1877; x_wconf 91' lang='lat' dir='ltr'>meum,</span> <span class='ocrx_word' id='word_1_345' title='bbox 2730 1810 2919 1866; x_wconf 88' lang='lat' dir='ltr'>oleum</span> <span class='ocrx_word' id='word_1_346' title='bbox 2965 1825 3182 1878; x_wconf 90' lang='lat' dir='ltr'>meum,</span> <span class='ocrx_word' id='word_1_347' title='bbox 3223 1817 3277 1866; x_wconf 90' lang='lat' dir='ltr'>et</span> <span class='ocrx_word' id='word_1_348' title='bbox 3309 1816 3505 1879; x_wconf 90' lang='lat' dir='ltr'>potum</span> <span class='ocrx_word' id='word_1_349' title='bbox 3550 1823 3763 1864; x_wconf 93' lang='lat' dir='ltr'>meum.</span> <span class='ocrx_word' id='word_1_350' title='bbox 3797 1830 3821 1858; x_wconf 74' lang='grc' dir='ltr'><strong><em>ι</em></strong></span> 
     </span>
    </p>
   </div>
   <div class='ocr_carea' id='block_1_48' title="bbox 2133 1897 3830 1968">
    <p class='ocr_par' dir='ltr' id='par_1_48' title="bbox 2133 1897 3830 1968">
     <span class='ocr_line' id='line_1_48' title="bbox 2133 1897 3830 1968; baseline -0.001 -17"><span class='ocrx_word' id='word_1_351' title='bbox 2133 1899 2295 1952; x_wconf 71' lang='lat' dir='ltr'>Dixit</span> <span class='ocrx_word' id='word_1_352' title='bbox 2326 1898 2406 1954; x_wconf 91' lang='lat' dir='ltr'>nil</span> <span class='ocrx_word' id='word_1_353' title='bbox 2430 1898 2588 1954; x_wconf 89' lang='lat' dir='ltr'>aliud</span> <span class='ocrx_word' id='word_1_354' title='bbox 2618 1905 2700 1954; x_wconf 83' lang='lat' dir='ltr'>est</span> <span class='ocrx_word' id='word_1_355' title='bbox 2729 1913 2908 1968; x_wconf 91' lang='lat' dir='ltr'>quam</span> <span class='ocrx_word' id='word_1_356' title='bbox 2945 1898 3096 1968; x_wconf 84' lang='lat' dir='ltr'>apud</span> <span class='ocrx_word' id='word_1_357' title='bbox 3142 1914 3196 1952; x_wconf 91' lang='lat' dir='ltr'>se</span> <span class='ocrx_word' id='word_1_358' title='bbox 3237 1898 3552 1951; x_wconf 76' lang='lat' dir='ltr'>destinavit.</span> <span class='ocrx_word' id='word_1_359' title='bbox 3589 1897 3830 1951; x_wconf 83' lang='lat' dir='ltr'>Amato-</span> 
     </span>
    </p>
   </div>
   <div class='ocr_carea' id='block_1_49' title="bbox 2131 1983 3831 2056">
    <p class='ocr_par' dir='ltr' id='par_1_49' title="bbox 2131 1983 3831 2056">
     <span class='ocr_line' id='line_1_49' title="bbox 2131 1983 3831 2056; baseline -0.002 -13"><span class='ocrx_word' id='word_1_360' title='bbox 2131 2001 2219 2043; x_wconf 90' lang='lat' dir='ltr'>res</span> <span class='ocrx_word' id='word_1_361' title='bbox 2241 2002 2353 2042; x_wconf 92' lang='lat' dir='ltr'>non</span> <span class='ocrx_word' id='word_1_362' title='bbox 2409 1987 2504 2042; x_wconf 90' lang='lat' dir='ltr'>alii</span> <span class='ocrx_word' id='word_1_363' title='bbox 2532 1995 2668 2042; x_wconf 91' lang='lat' dir='ltr'>sunt</span> <span class='ocrx_word' id='word_1_364' title='bbox 2714 1999 2890 2056; x_wconf 90' lang='lat' dir='ltr'>quam</span> <span class='ocrx_word' id='word_1_365' title='bbox 2944 1994 3046 2042; x_wconf 88' lang='lat' dir='ltr'>aut</span> <span class='ocrx_word' id='word_1_366' title='bbox 3102 1985 3408 2052; x_wconf 65' lang='lat' dir='ltr'>daemones,</span> <span class='ocrx_word' id='word_1_367' title='bbox 3461 1983 3563 2055; x_wconf 90' lang='lat' dir='ltr'>qui</span> <span class='ocrx_word' id='word_1_368' title='bbox 3612 1984 3831 2039; x_wconf 90' lang='lat' dir='ltr'>nostris</span> 
     </span>
    </p>
   </div>
   <div class='ocr_carea' id='block_1_50' title="bbox 2131 2073 3834 2146">
    <p class='ocr_par' dir='ltr' id='par_1_50' title="bbox 2131 2073 3834 2146">
     <span class='ocr_line' id='line_1_50' title="bbox 2131 2073 3834 2146; baseline -0.003 -13"><span class='ocrx_word' id='word_1_369' title='bbox 2131 2077 2422 2133; x_wconf 89' lang='lat' dir='ltr'>desideriis</span> <span class='ocrx_word' id='word_1_370' title='bbox 2465 2091 2668 2132; x_wconf 88' lang='lat' dir='ltr'>causas</span> <span class='ocrx_word' id='word_1_371' title='bbox 2713 2077 2987 2132; x_wconf 90' lang='lat' dir='ltr'>vitiorum</span> <span class='ocrx_word' id='word_1_372' title='bbox 3037 2075 3458 2146; x_wconf 84' lang='lat' dir='ltr'>suppeditando</span> <span class='ocrx_word' id='word_1_373' title='bbox 3507 2073 3834 2144; x_wconf 80' lang='lat' dir='ltr'>suifragan-</span> 
     </span>
    </p>
   </div>
   <div class='ocr_carea' id='block_1_51' title="bbox 2133 2162 3831 2236">
    <p class='ocr_par' dir='ltr' id='par_1_51' title="bbox 2133 2162 3831 2236">
     <span class='ocr_line' id='line_1_51' title="bbox 2133 2162 3831 2236; baseline -0.002 -16"><span class='ocrx_word' id='word_1_374' title='bbox 2133 2173 2247 2232; x_wconf 91' lang='lat' dir='ltr'>tur,</span> <span class='ocrx_word' id='word_1_375' title='bbox 2277 2173 2378 2219; x_wconf 93' lang='lat' dir='ltr'>aut</span> <span class='ocrx_word' id='word_1_376' title='bbox 2405 2165 2646 2236; x_wconf 89' lang='lat' dir='ltr'>quilibet</span> <span class='ocrx_word' id='word_1_377' title='bbox 2670 2164 2838 2220; x_wconf 89' lang='lat' dir='ltr'>amici</span> <span class='ocrx_word' id='word_1_378' title='bbox 2866 2165 2981 2220; x_wconf 84' lang='lat' dir='ltr'>sive</span> <span class='ocrx_word' id='word_1_379' title='bbox 3012 2172 3286 2234; x_wconf 86' lang='lat' dir='ltr'>potentes,</span> <span class='ocrx_word' id='word_1_380' title='bbox 3339 2162 3442 2234; x_wconf 91' lang='lat' dir='ltr'>qui</span> <span class='ocrx_word' id='word_1_381' title='bbox 3473 2162 3683 2218; x_wconf 87' lang='lat' dir='ltr'>talibus</span> <span class='ocrx_word' id='word_1_382' title='bbox 3725 2175 3831 2216; x_wconf 92' lang='lat' dir='ltr'>as-</span> 
     </span>
    </p>
   </div>
   <div class='ocr_carea' id='block_1_52' title="bbox 2131 2251 3832 2324">
    <p class='ocr_par' dir='ltr' id='par_1_52' title="bbox 2131 2251 3832 2324">
     <span class='ocr_line' id='line_1_52' title="bbox 2131 2251 3832 2324; baseline -0.002 -15"><span class='ocrx_word' id='word_1_383' title='bbox 2131 2253 2457 2324; x_wconf 89' lang='lat' dir='ltr'>sequendis,</span> <span class='ocrx_word' id='word_1_384' title='bbox 2486 2268 2588 2308; x_wconf 89' lang='lat' dir='ltr'>seu</span> <span class='ocrx_word' id='word_1_385' title='bbox 2635 2253 2846 2320; x_wconf 89' lang='lat' dir='ltr'>favore,</span> <span class='ocrx_word' id='word_1_386' title='bbox 2904 2267 3005 2308; x_wconf 90' lang='lat' dir='ltr'>seu</span> <span class='ocrx_word' id='word_1_387' title='bbox 3054 2266 3294 2307; x_wconf 88' lang='lat' dir='ltr'>munere</span> <span class='ocrx_word' id='word_1_388' title='bbox 3350 2251 3586 2306; x_wconf 88' lang='lat' dir='ltr'>miseros</span> <span class='ocrx_word' id='word_1_389' title='bbox 3631 2263 3832 2320; x_wconf 88' lang='lat' dir='ltr'>prose-</span> 
     </span>
    </p>
   </div>
   <div class='ocr_carea' id='block_1_53' title="bbox 2131 2337 3829 2412">
    <p class='ocr_par' dir='ltr' id='par_1_53' title="bbox 2131 2337 3829 2412">
     <span class='ocr_line' id='line_1_53' title="bbox 2131 2337 3829 2412; baseline -0.002 -15"><span class='ocrx_word' id='word_1_390' title='bbox 2131 2350 2414 2412; x_wconf 91' lang='lat' dir='ltr'>quuntur.</span> <span class='ocrx_word' id='word_1_391' title='bbox 2456 2341 2523 2396; x_wconf 86' lang='lat' dir='ltr'>Hi</span> <span class='ocrx_word' id='word_1_392' title='bbox 2556 2341 2692 2395; x_wconf 78' lang='grc' dir='ltr'>ιιαηε</span> <span class='ocrx_word' id='word_1_393' title='bbox 2741 2356 2929 2410; x_wconf 84' lang='lat' dir='ltr'>panes,</span> <span class='ocrx_word' id='word_1_394' title='bbox 2974 2354 3108 2396; x_wconf 92' lang='lat' dir='ltr'>cum</span> <span class='ocrx_word' id='word_1_395' title='bbox 3170 2353 3366 2396; x_wconf 88' lang='lat' dir='ltr'>rerum</span> <span class='ocrx_word' id='word_1_396' title='bbox 3422 2337 3829 2408; x_wconf 89' lang='lat' dir='ltr'>temporalium</span> 
     </span>
    </p>
   </div>
   <div class='ocr_carea' id='block_1_54' title="bbox 2131 2425 3828 2501">
    <p class='ocr_par' dir='ltr' id='par_1_54' title="bbox 2131 2425 3828 2501">
     <span class='ocr_line' id='line_1_54' title="bbox 2131 2425 3828 2501; baseline -0.002 -15"><span class='ocrx_word' id='word_1_397' title='bbox 2131 2431 2536 2486; x_wconf 88' lang='lat' dir='ltr'>administrant</span> <span class='ocrx_word' id='word_1_398' title='bbox 2581 2429 2996 2501; x_wconf 89' lang='lat' dir='ltr'>jucunditates.</span> <span class='ocrx_word' id='word_1_399' title='bbox 3049 2428 3206 2486; x_wconf 87' lang='lat' dir='ltr'>Unde</span> <span class='ocrx_word' id='word_1_400' title='bbox 3239 2435 3363 2483; x_wconf 92' lang='lat' dir='ltr'>est:</span> <span class='ocrx_word' id='word_1_401' title='bbox 3403 2425 3828 2483; x_wconf 83' lang='lat' dir='ltr'>Abominabilis</span> 
     </span>
    </p>
   </div>
   <div class='ocr_carea' id='block_1_55' title="bbox 2129 2515 3822 2589">
    <p class='ocr_par' dir='ltr' id='par_1_55' title="bbox 2129 2515 3822 2589">
     <span class='ocr_line' id='line_1_55' title="bbox 2129 2515 3822 2589; baseline -0.002 -15"><span class='ocrx_word' id='word_1_402' title='bbox 2129 2519 2180 2574; x_wconf 92' lang='lat' dir='ltr'>ei</span> <span class='ocrx_word' id='word_1_403' title='bbox 2212 2519 2367 2574; x_wconf 86' lang='lat' dir='ltr'>haud</span> <span class='ocrx_word' id='word_1_404' title='bbox 2395 2519 2639 2574; x_wconf 88' lang='lat' dir='ltr'>dubium</span> <span class='ocrx_word' id='word_1_405' title='bbox 2670 2518 2813 2589; x_wconf 90' lang='lat' dir='ltr'>quin</span> <span class='ocrx_word' id='word_1_406' title='bbox 2851 2519 3008 2589; x_wconf 90' lang='lat' dir='ltr'>justo</span> <span class='ocrx_word' id='word_1_407' title='bbox 3030 2517 3211 2587; x_wconf 88' lang='lat' dir='ltr'>panis,</span> <span class='ocrx_word' id='word_1_408' title='bbox 3260 2517 3314 2572; x_wconf 88' lang='lat' dir='ltr'>id</span> <span class='ocrx_word' id='word_1_409' title='bbox 3345 2524 3429 2571; x_wconf 90' lang='lat' dir='ltr'>est</span> <span class='ocrx_word' id='word_1_410' title='bbox 3457 2517 3727 2586; x_wconf 89' lang='lat' dir='ltr'>voluptas</span> <span class='ocrx_word' id='word_1_411' title='bbox 3760 2515 3822 2570; x_wconf 90' lang='lat' dir='ltr'>in</span> 
     </span>
    </p>
   </div>
   <div class='ocr_carea' id='block_1_56' title="bbox 2132 2604 3833 2676">
    <p class='ocr_par' dir='ltr' id='par_1_56' title="bbox 2132 2604 3833 2676">
     <span class='ocr_line' id='line_1_56' title="bbox 2132 2604 3833 2676; baseline -0.004 -11"><span class='ocrx_word' id='word_1_412' title='bbox 2132 2610 2251 2665; x_wconf 92' lang='lat' dir='ltr'>vita</span> <span class='ocrx_word' id='word_1_413' title='bbox 2279 2623 2386 2663; x_wconf 85' lang='lat' dir='ltr'>sua</span> <span class='ocrx_word' id='word_1_414' title='bbox 2436 2607 2568 2676; x_wconf 85' lang='lat' dir='ltr'>(Job.</span> <span class='ocrx_word' id='word_1_415' title='bbox 2619 2621 2817 2673; x_wconf 78' lang='lat' dir='ltr'>xxxtu,</span> <span class='ocrx_word' id='word_1_416' title='bbox 2880 2607 2990 2676; x_wconf 81' lang='lat'>20).</span> <span class='ocrx_word' id='word_1_417' title='bbox 3040 2610 3189 2662; x_wconf 83' lang='lat' dir='ltr'>Dant</span> <span class='ocrx_word' id='word_1_418' title='bbox 3211 2621 3408 2676; x_wconf 77' lang='lat' dir='ltr'>aquas,</span> <span class='ocrx_word' id='word_1_419' title='bbox 3465 2604 3702 2675; x_wconf 85' lang='lat' dir='ltr'>quando</span> <span class='ocrx_word' id='word_1_420' title='bbox 3754 2604 3833 2659; x_wconf 86' lang='lat' dir='ltr'>ad</span> 
     </span>
    </p>
   </div>
   <div class='ocr_carea' id='block_1_57' title="bbox 2133 2692 3835 2765">
    <p class='ocr_par' dir='ltr' id='par_1_57' title="bbox 2133 2692 3835 2765">
     <span class='ocr_line' id='line_1_57' title="bbox 2133 2692 3835 2765; baseline -0.002 -13"><span class='ocrx_word' id='word_1_421' title='bbox 2133 2705 2332 2753; x_wconf 88' lang='lat' dir='ltr'>votum</span> <span class='ocrx_word' id='word_1_422' title='bbox 2362 2695 2623 2752; x_wconf 91' lang='lat' dir='ltr'>carnales</span> <span class='ocrx_word' id='word_1_423' title='bbox 2641 2695 2913 2765; x_wconf 86' lang='lat' dir='ltr'>ingerunt</span> <span class='ocrx_word' id='word_1_424' title='bbox 2935 2695 3133 2750; x_wconf 77' lang='lat' dir='ltr'>ﬂuxus</span> <span class='ocrx_word' id='word_1_425' title='bbox 3155 2703 3328 2764; x_wconf 91' lang='lat' dir='ltr'>atque</span> <span class='ocrx_word' id='word_1_426' title='bbox 3356 2693 3638 2748; x_wconf 89' lang='lat' dir='ltr'>lascivias.</span> <span class='ocrx_word' id='word_1_427' title='bbox 3667 2692 3835 2749; x_wconf 91' lang='lat' dir='ltr'>Uude</span> 
     </span>
    </p>
   </div>
   <div class='ocr_carea' id='block_1_58' title="bbox 2133 2779 3833 2854">
    <p class='ocr_par' dir='ltr' id='par_1_58' title="bbox 2133 2779 3833 2854">
     <span class='ocr_line' id='line_1_58' title="bbox 2133 2779 3833 2854; baseline -0.003 -15"><span class='ocrx_word' id='word_1_428' title='bbox 2133 2798 2232 2854; x_wconf 90' lang='lat' dir='ltr'>per</span> <span class='ocrx_word' id='word_1_429' title='bbox 2279 2784 2402 2839; x_wconf 90' lang='lat' dir='ltr'>loca</span> <span class='ocrx_word' id='word_1_430' title='bbox 2442 2784 2720 2853; x_wconf 90' lang='lat' dir='ltr'>inaquosa</span> <span class='ocrx_word' id='word_1_431' title='bbox 2773 2782 3012 2851; x_wconf 90' lang='lat' dir='ltr'>spiritus</span> <span class='ocrx_word' id='word_1_432' title='bbox 3048 2781 3348 2851; x_wconf 89' lang='lat' dir='ltr'>egrediens</span> <span class='ocrx_word' id='word_1_433' title='bbox 3394 2779 3693 2836; x_wconf 88' lang='lat' dir='ltr'>ambulare</span> <span class='ocrx_word' id='word_1_434' title='bbox 3740 2779 3833 2834; x_wconf 87' lang='lat' dir='ltr'>di-</span> 
     </span>
    </p>
   </div>
   <div class='ocr_carea' id='block_1_59' title="bbox 2133 2867 3833 2940">
    <p class='ocr_par' dir='ltr' id='par_1_59' title="bbox 2133 2867 3833 2940">
     <span class='ocr_line' id='line_1_59' title="bbox 2133 2867 3833 2940; baseline -0.004 -12"><span class='ocrx_word' id='word_1_435' title='bbox 2133 2873 2490 2938; x_wconf 80' lang='lat' dir='ltr'>citur(Matt.</span> <span class='ocrx_word' id='word_1_436' title='bbox 2523 2886 2622 2938; x_wconf 82' lang='lat' dir='ltr'>xu,</span> <span class='ocrx_word' id='word_1_437' title='bbox 2664 2870 2780 2940; x_wconf 80' lang='grc'>43),</span> <span class='ocrx_word' id='word_1_438' title='bbox 2836 2877 2892 2926; x_wconf 88' lang='grc'>01</span> <span class='ocrx_word' id='word_1_439' title='bbox 2943 2869 3251 2925; x_wconf 88' lang='lat' dir='ltr'>Bchemotb</span> <span class='ocrx_word' id='word_1_440' title='bbox 3306 2869 3363 2923; x_wconf 92' lang='lat' dir='ltr'>in</span> <span class='ocrx_word' id='word_1_441' title='bbox 3409 2867 3546 2924; x_wconf 93' lang='lat' dir='ltr'>locis</span> <span class='ocrx_word' id='word_1_442' title='bbox 3576 2867 3833 2922; x_wconf 85' lang='lat' dir='ltr'>humen—</span> 
     </span>
    </p>
   </div>
   <div class='ocr_carea' id='block_1_60' title="bbox 2137 2957 3835 3029">
    <p class='ocr_par' dir='ltr' id='par_1_60' title="bbox 2137 2957 3835 3029">
     <span class='ocr_line' id='line_1_60' title="bbox 2137 2957 3835 3029; baseline -0.004 -12"><span class='ocrx_word' id='word_1_443' title='bbox 2137 2961 2290 3018; x_wconf 92' lang='lat' dir='ltr'>tibus</span> <span class='ocrx_word' id='word_1_444' title='bbox 2316 2961 2573 3016; x_wconf 87' lang='lat' dir='ltr'>habitare</span> <span class='ocrx_word' id='word_1_445' title='bbox 2605 2958 2940 3029; x_wconf 90' lang='lat' dir='ltr'>prohibetur</span> <span class='ocrx_word' id='word_1_446' title='bbox 2979 2958 3128 3028; x_wconf 69' lang='lat' dir='ltr'>(Job.</span> <span class='ocrx_word' id='word_1_447' title='bbox 3159 2971 3249 3024; x_wconf 75' lang='lat' dir='ltr'>xc,</span> <span class='ocrx_word' id='word_1_448' title='bbox 3291 2957 3392 3026; x_wconf 83' lang='lat'>16).</span> <span class='ocrx_word' id='word_1_449' title='bbox 3429 2959 3567 3012; x_wconf 88' lang='lat' dir='ltr'>Dant</span> <span class='ocrx_word' id='word_1_450' title='bbox 3593 2970 3835 3026; x_wconf 91' lang='lat' dir='ltr'>quoque</span> 
     </span>
    </p>
   </div>
   <div class='ocr_carea' id='block_1_61' title="bbox 339 3041 3833 3140">
    <p class='ocr_par' dir='ltr' id='par_1_61' title="bbox 339 3041 3833 3140">
     <span class='ocr_line' id='line_1_61' title="bbox 339 3041 3833 3140; baseline 0.001 -45"><span class='ocrx_word' id='word_1_451' title='bbox 339 3041 711 3139; x_wconf 81' lang='lat' dir='ltr'>recordamur</span> <span class='ocrx_word' id='word_1_452' title='bbox 746 3052 1004 3114; x_wconf 88' lang='lat' dir='ltr'>actuum,</span> <span class='ocrx_word' id='word_1_453' title='bbox 1056 3047 1114 3103; x_wconf 90' lang='lat' dir='ltr'>in</span> <span class='ocrx_word' id='word_1_454' title='bbox 1152 3049 1358 3118; x_wconf 89' lang='lat' dir='ltr'>vapido</span> <span class='ocrx_word' id='word_1_455' title='bbox 1399 3051 1575 3106; x_wconf 92' lang='lat' dir='ltr'>animi</span> <span class='ocrx_word' id='word_1_456' title='bbox 1627 3059 1780 3108; x_wconf 92' lang='lat' dir='ltr'>statu</span> <span class='ocrx_word' id='word_1_457' title='bbox 1826 3052 2028 3108; x_wconf 90' lang='lat' dir='ltr'>consti-</span> <span class='ocrx_word' id='word_1_458' title='bbox 2065 3084 2107 3140; x_wconf 64' lang='grc' dir='ltr'><strong>ρ</strong></span> <span class='ocrx_word' id='word_1_459' title='bbox 2139 3051 2342 3117; x_wconf 88' lang='lat' dir='ltr'>lanam,</span> <span class='ocrx_word' id='word_1_460' title='bbox 2370 3063 2502 3106; x_wconf 91' lang='lat' dir='ltr'>cum</span> <span class='ocrx_word' id='word_1_461' title='bbox 2541 3046 2834 3104; x_wconf 69' lang='lat' dir='ltr'>saecularis</span> <span class='ocrx_word' id='word_1_462' title='bbox 2878 3061 3032 3102; x_wconf 67' lang='lat' dir='ltr'>cura:</span> <span class='ocrx_word' id='word_1_463' title='bbox 3083 3045 3279 3116; x_wconf 91' lang='lat' dir='ltr'>reique</span> <span class='ocrx_word' id='word_1_464' title='bbox 3319 3044 3639 3108; x_wconf 87' lang='lat' dir='ltr'>familiaris,</span> <span class='ocrx_word' id='word_1_465' title='bbox 3672 3044 3833 3114; x_wconf 92' lang='lat' dir='ltr'>quod</span> 
     </span>
    </p>
   </div>
   <div class='ocr_carea' id='block_1_62' title="bbox 341 3128 2026 3211">
    <p class='ocr_par' dir='ltr' id='par_1_62' title="bbox 341 3128 2026 3211">
     <span class='ocr_line' id='line_1_62' title="bbox 341 3128 2026 3211; baseline 0.008 -28"><span class='ocrx_word' id='word_1_466' title='bbox 341 3128 470 3196; x_wconf 92' lang='lat' dir='ltr'>tuti,</span> <span class='ocrx_word' id='word_1_467' title='bbox 507 3144 757 3188; x_wconf 89' lang='lat' dir='ltr'>errorem</span> <span class='ocrx_word' id='word_1_468' title='bbox 798 3135 961 3191; x_wconf 91' lang='lat' dir='ltr'>nobis</span> <span class='ocrx_word' id='word_1_469' title='bbox 998 3135 1264 3193; x_wconf 88' lang='lat' dir='ltr'>facillime</span> <span class='ocrx_word' id='word_1_470' title='bbox 1311 3138 1650 3196; x_wconf 87' lang='lat' dir='ltr'>refricamus</span> <span class='ocrx_word' id='word_1_471' title='bbox 1694 3140 2026 3211; x_wconf 88' lang='lat' dir='ltr'>antiquum,</span> 
     </span>
    </p>
   </div>
   <div class='ocr_carea' id='block_1_63' title="bbox 339 3216 2032 3285">
    <p class='ocr_par' dir='ltr' id='par_1_63' title="bbox 339 3216 2032 3285">
     <span class='ocr_line' id='line_1_63' title="bbox 339 3216 2032 3285; baseline 0.009 -15"><span class='ocrx_word' id='word_1_472' title='bbox 339 3216 493 3273; x_wconf 88' lang='grc'><strong>111101</strong></span> <span class='ocrx_word' id='word_1_473' title='bbox 541 3220 721 3276; x_wconf 88' lang='lat' dir='ltr'>ubera</span> <span class='ocrx_word' id='word_1_474' title='bbox 768 3237 866 3279; x_wconf 90' lang='lat' dir='ltr'>cor</span> <span class='ocrx_word' id='word_1_475' title='bbox 911 3225 1184 3281; x_wconf 90' lang='lat' dir='ltr'>consistit.</span> <span class='ocrx_word' id='word_1_476' title='bbox 1246 3226 1497 3282; x_wconf 89' lang='lat' dir='ltr'>Dilectus</span> <span class='ocrx_word' id='word_1_477' title='bbox 1528 3230 1680 3284; x_wconf 90' lang='lat' dir='ltr'>enim</span> <span class='ocrx_word' id='word_1_478' title='bbox 1724 3229 1782 3284; x_wconf 89' lang='lat' dir='ltr'>in</span> <span class='ocrx_word' id='word_1_479' title='bbox 1820 3231 2032 3285; x_wconf 90' lang='lat' dir='ltr'>amoris</span> 
     </span>
    </p>
   </div>
   <div class='ocr_carea' id='block_1_64' title="bbox 340 3301 2026 3385">
    <p class='ocr_par' dir='ltr' id='par_1_64' title="bbox 340 3301 2026 3385">
     <span class='ocr_line' id='line_1_64' title="bbox 340 3301 2026 3385; baseline 0.008 -28"><span class='ocrx_word' id='word_1_480' title='bbox 340 3301 573 3360; x_wconf 87' lang='lat' dir='ltr'>Cantico</span> <span class='ocrx_word' id='word_1_481' title='bbox 606 3306 756 3362; x_wconf 90' lang='lat' dir='ltr'>inter</span> <span class='ocrx_word' id='word_1_482' title='bbox 798 3309 980 3366; x_wconf 90' lang='lat' dir='ltr'>ubera</span> <span class='ocrx_word' id='word_1_483' title='bbox 1023 3313 1364 3367; x_wconf 90' lang='lat' dir='ltr'>commorari</span> <span class='ocrx_word' id='word_1_484' title='bbox 1395 3313 1608 3370; x_wconf 92' lang='lat' dir='ltr'>dicitur</span> <span class='ocrx_word' id='word_1_485' title='bbox 1635 3315 1816 3384; x_wconf 83' lang='lat' dir='ltr'>(Cant.</span> <span class='ocrx_word' id='word_1_486' title='bbox 1850 3331 1887 3381; x_wconf 89' lang='grc'>1,</span> <span class='ocrx_word' id='word_1_487' title='bbox 1923 3319 2026 3385; x_wconf 82' lang='grc'><strong>12).</strong></span> 
     </span>
    </p>
   </div>
   <div class='ocr_carea' id='block_1_65' title="bbox 345 3391 2031 3470">
    <p class='ocr_par' dir='ltr' id='par_1_65' title="bbox 345 3391 2031 3470">
     <span class='ocr_line' id='line_1_65' title="bbox 345 3391 2031 3470; baseline 0.01 -27"><span class='ocrx_word' id='word_1_488' title='bbox 345 3391 426 3444; x_wconf 84' lang='lat' dir='ltr'>De</span> <span class='ocrx_word' id='word_1_489' title='bbox 485 3395 664 3450; x_wconf 80' lang='lat' dir='ltr'>medio</span> <span class='ocrx_word' id='word_1_490' title='bbox 695 3411 832 3468; x_wconf 92' lang='lat' dir='ltr'>ergo</span> <span class='ocrx_word' id='word_1_491' title='bbox 873 3399 1096 3452; x_wconf 85' lang='lat' dir='ltr'>uberum</span> <span class='ocrx_word' id='word_1_492' title='bbox 1123 3400 1400 3454; x_wconf 85' lang='lat' dir='ltr'>adulteria</span> <span class='ocrx_word' id='word_1_493' title='bbox 1437 3402 1803 3470; x_wconf 89' lang='lat' dir='ltr'>auferuntur,</span> <span class='ocrx_word' id='word_1_494' title='bbox 1831 3420 1965 3460; x_wconf 93' lang='lat' dir='ltr'>cum</span> <span class='ocrx_word' id='word_1_495' title='bbox 1997 3418 2031 3460; x_wconf 89' lang='lat' dir='ltr'>a</span> 
     </span>
    </p>
   </div>
   <div class='ocr_carea' id='block_1_66' title="bbox 337 3478 2034 3562">
    <p class='ocr_par' dir='ltr' id='par_1_66' title="bbox 337 3478 2034 3562">
     <span class='ocr_line' id='line_1_66' title="bbox 337 3478 2034 3562; baseline 0.008 -28"><span class='ocrx_word' id='word_1_496' title='bbox 337 3478 471 3549; x_wconf 88' lang='lat' dir='ltr'>jure</span> <span class='ocrx_word' id='word_1_497' title='bbox 503 3483 774 3551; x_wconf 87' lang='lat' dir='ltr'>maritali,</span> <span class='ocrx_word' id='word_1_498' title='bbox 825 3486 981 3556; x_wconf 89' lang='lat' dir='ltr'>quod</span> <span class='ocrx_word' id='word_1_499' title='bbox 1017 3487 1114 3542; x_wconf 91' lang='lat' dir='ltr'>Dei</span> <span class='ocrx_word' id='word_1_500' title='bbox 1148 3495 1320 3543; x_wconf 82' lang='lat' dir='ltr'>tenax</span> <span class='ocrx_word' id='word_1_501' title='bbox 1368 3502 1531 3544; x_wconf 89' lang='lat' dir='ltr'>amor</span> <span class='ocrx_word' id='word_1_502' title='bbox 1566 3499 1669 3556; x_wconf 87' lang='lat' dir='ltr'>est,</span> <span class='ocrx_word' id='word_1_503' title='bbox 1722 3507 1853 3561; x_wconf 75' lang='lat' dir='ltr'>quze</span> <span class='ocrx_word' id='word_1_504' title='bbox 1904 3509 2034 3562; x_wconf 89' lang='lat' dir='ltr'>pos-</span> 
     </span>
    </p>
   </div>
   <div class='ocr_carea' id='block_1_67' title="bbox 343 3569 2032 3645">
    <p class='ocr_par' dir='ltr' id='par_1_67' title="bbox 343 3569 2032 3645">
     <span class='ocr_line' id='line_1_67' title="bbox 343 3569 2032 3645; baseline 0.009 -23"><span class='ocrx_word' id='word_1_505' title='bbox 343 3577 480 3624; x_wconf 91' lang='lat' dir='ltr'>sunt</span> <span class='ocrx_word' id='word_1_506' title='bbox 519 3569 658 3626; x_wconf 78' lang='lat' dir='ltr'>falso</span> <span class='ocrx_word' id='word_1_507' title='bbox 706 3573 865 3644; x_wconf 87' lang='lat' dir='ltr'>diligi</span> <span class='ocrx_word' id='word_1_508' title='bbox 913 3575 1316 3644; x_wconf 85' lang='lat' dir='ltr'>corruptibilia</span> <span class='ocrx_word' id='word_1_509' title='bbox 1367 3577 1638 3645; x_wconf 72' lang='lat' dir='ltr'>quaelibet</span> <span class='ocrx_word' id='word_1_510' title='bbox 1669 3580 2032 3636; x_wconf 88' lang='lat' dir='ltr'>subtrahun-</span> 
     </span>
    </p>
   </div>
   <div class='ocr_carea' id='block_1_68' title="bbox 345 3658 2033 3730">
    <p class='ocr_par' dir='ltr' id='par_1_68' title="bbox 345 3658 2033 3730">
     <span class='ocr_line' id='line_1_68' title="bbox 345 3658 2033 3730; baseline 0.009 -22"><span class='ocrx_word' id='word_1_511' title='bbox 345 3662 455 3716; x_wconf 76' lang='lat' dir='ltr'>tur,</span> <span class='ocrx_word' id='word_1_512' title='bbox 486 3658 562 3712; x_wconf 88' lang='lat' dir='ltr'>Ne</span> <span class='ocrx_word' id='word_1_513' title='bbox 589 3661 750 3726; x_wconf 78' lang='lat' dir='ltr'>forte,</span> <span class='ocrx_word' id='word_1_514' title='bbox 787 3659 996 3729; x_wconf 86' lang='lat' dir='ltr'>inquit,</span> <span class='ocrx_word' id='word_1_515' title='bbox 1051 3663 1342 3730; x_wconf 65' lang='lat' dir='ltr'>exspoliem</span> <span class='ocrx_word' id='word_1_516' title='bbox 1383 3678 1502 3716; x_wconf 87' lang='lat' dir='ltr'>eam</span> <span class='ocrx_word' id='word_1_517' title='bbox 1547 3665 1773 3729; x_wconf 83' lang='lat' dir='ltr'>nudam,</span> <span class='ocrx_word' id='word_1_518' title='bbox 1803 3681 1873 3721; x_wconf 88' lang='lat' dir='ltr'>ne</span> <span class='ocrx_word' id='word_1_519' title='bbox 1922 3682 2033 3723; x_wconf 87' lang='lat' dir='ltr'>usu</span> 
     </span>
    </p>
   </div>
   <div class='ocr_carea' id='block_1_69' title="bbox 345 3749 2033 3823">
    <p class='ocr_par' dir='ltr' id='par_1_69' title="bbox 345 3749 2033 3823">
     <span class='ocr_line' id='line_1_69' title="bbox 345 3749 2033 3823; baseline 0.004 -18"><span class='ocrx_word' id='word_1_520' title='bbox 345 3749 559 3805; x_wconf 92' lang='lat' dir='ltr'>scilicet</span> <span class='ocrx_word' id='word_1_521' title='bbox 620 3749 893 3818; x_wconf 86' lang='lat' dir='ltr'>peccandi</span> <span class='ocrx_word' id='word_1_522' title='bbox 939 3749 1097 3818; x_wconf 89' lang='lat' dir='ltr'>justo</span> <span class='ocrx_word' id='word_1_523' title='bbox 1154 3764 1278 3804; x_wconf 91' lang='lat' dir='ltr'>meo</span> <span class='ocrx_word' id='word_1_524' title='bbox 1323 3749 1542 3821; x_wconf 90' lang='lat' dir='ltr'>judicio</span> <span class='ocrx_word' id='word_1_525' title='bbox 1581 3767 1681 3822; x_wconf 86' lang='lat' dir='ltr'>per</span> <span class='ocrx_word' id='word_1_526' title='bbox 1723 3755 2033 3823; x_wconf 89' lang='lat' dir='ltr'>reprobum</span> 
     </span>
    </p>
   </div>
   <div class='ocr_carea' id='block_1_70' title="bbox 344 3837 2035 3907">
    <p class='ocr_par' dir='ltr' id='par_1_70' title="bbox 344 3837 2035 3907">
     <span class='ocr_line' id='line_1_70' title="bbox 344 3837 2035 3907; baseline 0.004 -15"><span class='ocrx_word' id='word_1_527' title='bbox 344 3851 578 3893; x_wconf 88' lang='lat' dir='ltr'>sensum</span> <span class='ocrx_word' id='word_1_528' title='bbox 608 3837 858 3892; x_wconf 85' lang='lat' dir='ltr'>ducatur</span> <span class='ocrx_word' id='word_1_529' title='bbox 913 3837 984 3893; x_wconf 89' lang='lat' dir='ltr'>ad</span> <span class='ocrx_word' id='word_1_530' title='bbox 1034 3838 1470 3907; x_wconf 91' lang='lat' dir='ltr'>impudentiam.</span> <span class='ocrx_word' id='word_1_531' title='bbox 1504 3840 1680 3896; x_wconf 81' lang='lat' dir='ltr'>Nemo</span> <span class='ocrx_word' id='word_1_532' title='bbox 1714 3842 1867 3898; x_wconf 90' lang='lat' dir='ltr'>enim</span> <span class='ocrx_word' id='word_1_533' title='bbox 1927 3844 2035 3899; x_wconf 91' lang='lat' dir='ltr'>nisi</span> 
     </span>
    </p>
   </div>
   <div class='ocr_carea' id='block_1_71' title="bbox 344 3926 2034 4000">
    <p class='ocr_par' dir='ltr' id='par_1_71' title="bbox 344 3926 2034 4000">
     <span class='ocr_line' id='line_1_71' title="bbox 344 3926 2034 4000; baseline 0.003 -18"><span class='ocrx_word' id='word_1_534' title='bbox 344 3926 437 3982; x_wconf 92' lang='lat' dir='ltr'>sui</span> <span class='ocrx_word' id='word_1_535' title='bbox 490 3926 816 3982; x_wconf 86' lang='lat' dir='ltr'>incuriosus</span> <span class='ocrx_word' id='word_1_536' title='bbox 882 3927 1286 3996; x_wconf 68' lang='lat' dir='ltr'>aequanimiter</span> <span class='ocrx_word' id='word_1_537' title='bbox 1342 3927 1487 3983; x_wconf 87' lang='lat' dir='ltr'>ferre</span> <span class='ocrx_word' id='word_1_538' title='bbox 1551 3929 1927 4000; x_wconf 89' lang='lat' dir='ltr'>dignoscitur,</span> <span class='ocrx_word' id='word_1_539' title='bbox 1989 3932 2034 3987; x_wconf 92' lang='lat' dir='ltr'>si</span> 
     </span>
    </p>
   </div>
   <div class='ocr_carea' id='block_1_72' title="bbox 345 4014 2037 4090">
    <p class='ocr_par' dir='ltr' id='par_1_72' title="bbox 345 4014 2037 4090">
     <span class='ocr_line' id='line_1_72' title="bbox 345 4014 2037 4090; baseline 0.003 -19"><span class='ocrx_word' id='word_1_540' title='bbox 345 4029 547 4071; x_wconf 86' lang='lat' dir='ltr'>sensus</span> <span class='ocrx_word' id='word_1_541' title='bbox 579 4014 908 4084; x_wconf 90' lang='lat' dir='ltr'>improbitas</span> <span class='ocrx_word' id='word_1_542' title='bbox 931 4030 1096 4085; x_wconf 69' lang='lat' dir='ltr'>aeque</span> <span class='ocrx_word' id='word_1_543' title='bbox 1129 4015 1398 4084; x_wconf 85' lang='lat' dir='ltr'>pudenda</span> <span class='ocrx_word' id='word_1_544' title='bbox 1428 4024 1491 4072; x_wconf 89' lang='lat' dir='ltr'>ut</span> <span class='ocrx_word' id='word_1_545' title='bbox 1522 4017 1871 4087; x_wconf 89' lang='lat' dir='ltr'>impudenda</span> <span class='ocrx_word' id='word_1_546' title='bbox 1903 4035 2037 4090; x_wconf 89' lang='lat' dir='ltr'>per-</span> 
     </span>
    </p>
   </div>
   <div class='ocr_carea' id='block_1_73' title="bbox 345 4102 2039 4176">
    <p class='ocr_par' dir='ltr' id='par_1_73' title="bbox 345 4102 2039 4176">
     <span class='ocr_line' id='line_1_73' title="bbox 345 4102 2039 4176; baseline 0.004 -18"><span class='ocrx_word' id='word_1_547' title='bbox 345 4103 577 4173; x_wconf 89' lang='lat' dir='ltr'>petitur.</span> <span class='ocrx_word' id='word_1_548' title='bbox 622 4102 722 4159; x_wconf 88' lang='lat' dir='ltr'>Vel</span> <span class='ocrx_word' id='word_1_549' title='bbox 768 4103 1087 4158; x_wconf 91' lang='lat' dir='ltr'>secundum</span> <span class='ocrx_word' id='word_1_550' title='bbox 1134 4103 1312 4158; x_wconf 91' lang='lat' dir='ltr'>illud:</span> <span class='ocrx_word' id='word_1_551' title='bbox 1356 4125 1377 4152; x_wconf 77' lang='grc' dir='ltr'>ι</span> <span class='ocrx_word' id='word_1_552' title='bbox 1418 4103 1626 4160; x_wconf 89' lang='lat' dir='ltr'>Beatus</span> <span class='ocrx_word' id='word_1_553' title='bbox 1659 4106 1760 4176; x_wconf 93' lang='lat' dir='ltr'>qui</span> <span class='ocrx_word' id='word_1_554' title='bbox 1792 4109 2039 4164; x_wconf 91' lang='lat' dir='ltr'>custodit</span> 
     </span>
    </p>
   </div>
   <div class='ocr_carea' id='block_1_74' title="bbox 345 4191 2039 4259">
    <p class='ocr_par' dir='ltr' id='par_1_74' title="bbox 345 4191 2039 4259">
     <span class='ocr_line' id='line_1_74' title="bbox 345 4191 2039 4259; baseline 0.002 -12"><span class='ocrx_word' id='word_1_555' title='bbox 345 4193 685 4248; x_wconf 89' lang='lat' dir='ltr'>vestimenta</span> <span class='ocrx_word' id='word_1_556' title='bbox 711 4205 837 4259; x_wconf 88' lang='lat' dir='ltr'>sua,</span> <span class='ocrx_word' id='word_1_557' title='bbox 890 4206 962 4246; x_wconf 91' lang='lat' dir='ltr'>ne</span> <span class='ocrx_word' id='word_1_558' title='bbox 1002 4191 1197 4246; x_wconf 89' lang='lat' dir='ltr'>nudus</span> <span class='ocrx_word' id='word_1_559' title='bbox 1227 4191 1501 4259; x_wconf 88' lang='lat' dir='ltr'>ambulet,</span> <span class='ocrx_word' id='word_1_560' title='bbox 1548 4208 1618 4249; x_wconf 90' lang='lat' dir='ltr'>ne</span> <span class='ocrx_word' id='word_1_561' title='bbox 1651 4194 1882 4252; x_wconf 89' lang='lat' dir='ltr'>videant</span> <span class='ocrx_word' id='word_1_562' title='bbox 1907 4204 2039 4252; x_wconf 91' lang='lat' dir='ltr'>tur-</span> 
     </span>
    </p>
   </div>
   <div class='ocr_carea' id='block_1_75' title="bbox 347 4279 2036 4350">
    <p class='ocr_par' dir='ltr' id='par_1_75' title="bbox 347 4279 2036 4350">
     <span class='ocr_line' id='line_1_75' title="bbox 347 4279 2036 4350; baseline 0.003 -16"><span class='ocrx_word' id='word_1_563' title='bbox 347 4279 666 4350; x_wconf 89' lang='lat' dir='ltr'>pitudinem</span> <span class='ocrx_word' id='word_1_564' title='bbox 701 4280 829 4348; x_wconf 88' lang='lat' dir='ltr'>ejus</span> <span class='ocrx_word' id='word_1_565' title='bbox 869 4281 1065 4347; x_wconf 78' lang='lat' dir='ltr'>(Apoc.</span> <span class='ocrx_word' id='word_1_566' title='bbox 1106 4293 1224 4346; x_wconf 76' lang='lat' dir='ltr'>xvr,</span> <span class='ocrx_word' id='word_1_567' title='bbox 1277 4281 1380 4349; x_wconf 71' lang='lat'>15;.</span> <span class='ocrx_word' id='word_1_568' title='bbox 1434 4299 1462 4332; x_wconf 76' lang='lat' dir='ltr'>io</span> <span class='ocrx_word' id='word_1_569' title='bbox 1511 4282 1837 4338; x_wconf 90' lang='lat' dir='ltr'>Secundum</span> <span class='ocrx_word' id='word_1_570' title='bbox 1886 4284 2036 4339; x_wconf 91' lang='lat' dir='ltr'>diem</span> 
     </span>
    </p>
   </div>
   <div class='ocr_carea' id='block_1_76' title="bbox 347 4367 2039 4441">
    <p class='ocr_par' dir='ltr' id='par_1_76' title="bbox 347 4367 2039 4441">
     <span class='ocr_line' id='line_1_76' title="bbox 347 4367 2039 4441; baseline 0.003 -19"><span class='ocrx_word' id='word_1_571' title='bbox 347 4367 666 4422; x_wconf 88' lang='lat' dir='ltr'>nativitatis</span> <span class='ocrx_word' id='word_1_572' title='bbox 694 4381 814 4422; x_wconf 69' lang='lat' dir='ltr'>suae</span> <span class='ocrx_word' id='word_1_573' title='bbox 853 4381 978 4421; x_wconf 90' lang='lat' dir='ltr'>eam</span> <span class='ocrx_word' id='word_1_574' title='bbox 1026 4367 1176 4423; x_wconf 91' lang='lat' dir='ltr'>Deus</span> <span class='ocrx_word' id='word_1_575' title='bbox 1219 4369 1439 4436; x_wconf 91' lang='lat' dir='ltr'>statuit,</span> <span class='ocrx_word' id='word_1_576' title='bbox 1473 4385 1606 4426; x_wconf 90' lang='lat' dir='ltr'>eum</span> <span class='ocrx_word' id='word_1_577' title='bbox 1651 4370 1957 4441; x_wconf 89' lang='lat' dir='ltr'>originalia</span> <span class='ocrx_word' id='word_1_578' title='bbox 1985 4380 2039 4427; x_wconf 89' lang='lat' dir='ltr'>et</span> 
     </span>
    </p>
   </div>
   <div class='ocr_carea' id='block_1_77' title="bbox 348 4453 2038 4528">
    <p class='ocr_par' dir='ltr' id='par_1_77' title="bbox 348 4453 2038 4528">
     <span class='ocr_line' id='line_1_77' title="bbox 348 4453 2038 4528; baseline 0.003 -18"><span class='ocrx_word' id='word_1_579' title='bbox 348 4453 600 4510; x_wconf 89' lang='lat' dir='ltr'>actualia</span> <span class='ocrx_word' id='word_1_580' title='bbox 635 4455 788 4510; x_wconf 87' lang='lat' dir='ltr'>mala</span> <span class='ocrx_word' id='word_1_581' title='bbox 817 4453 868 4510; x_wconf 92' lang='lat' dir='ltr'>ei</span> <span class='ocrx_word' id='word_1_582' title='bbox 912 4455 971 4510; x_wconf 91' lang='lat' dir='ltr'>in</span> <span class='ocrx_word' id='word_1_583' title='bbox 1014 4469 1268 4512; x_wconf 89' lang='lat' dir='ltr'>vacuum</span> <span class='ocrx_word' id='word_1_584' title='bbox 1312 4458 1554 4528; x_wconf 88' lang='lat' dir='ltr'>gratiam</span> <span class='ocrx_word' id='word_1_585' title='bbox 1603 4458 1704 4514; x_wconf 90' lang='lat' dir='ltr'>Dei</span> <span class='ocrx_word' id='word_1_586' title='bbox 1745 4459 2038 4528; x_wconf 88' lang='lat' dir='ltr'>recipienti</span> 
     </span>
    </p>
   </div>
   <div class='ocr_carea' id='block_1_78' title="bbox 348 4543 2040 4616">
    <p class='ocr_par' dir='ltr' id='par_1_78' title="bbox 348 4543 2040 4616">
     <span class='ocr_line' id='line_1_78' title="bbox 348 4543 2040 4616; baseline 0.002 -16"><span class='ocrx_word' id='word_1_587' title='bbox 348 4557 724 4614; x_wconf 86' lang='lat' dir='ltr'>nequaquam</span> <span class='ocrx_word' id='word_1_588' title='bbox 764 4543 1071 4599; x_wconf 89' lang='lat' dir='ltr'>imminuit.</span> <span class='ocrx_word' id='word_1_589' title='bbox 1109 4565 1131 4593; x_wconf 79' lang='grc' dir='ltr'>ι</span> <span class='ocrx_word' id='word_1_590' title='bbox 1179 4545 1250 4600; x_wconf 90' lang='lat' dir='ltr'>Et</span> <span class='ocrx_word' id='word_1_591' title='bbox 1295 4559 1502 4614; x_wconf 91' lang='lat' dir='ltr'>ponam</span> <span class='ocrx_word' id='word_1_592' title='bbox 1545 4560 1670 4602; x_wconf 88' lang='lat' dir='ltr'>eam</span> <span class='ocrx_word' id='word_1_593' title='bbox 1703 4548 1869 4616; x_wconf 90' lang='lat' dir='ltr'>quasi</span> <span class='ocrx_word' id='word_1_594' title='bbox 1902 4547 2040 4603; x_wconf 90' lang='lat' dir='ltr'>soli-</span> 
     </span>
    </p>
   </div>
   <div class='ocr_carea' id='block_1_79' title="bbox 352 4632 2041 4702">
    <p class='ocr_par' dir='ltr' id='par_1_79' title="bbox 352 4632 2041 4702">
     <span class='ocr_line' id='line_1_79' title="bbox 352 4632 2041 4702; baseline 0.004 -17"><span class='ocrx_word' id='word_1_595' title='bbox 352 4654 380 4685; x_wconf 77' lang='grc'><strong>»</strong></span> <span class='ocrx_word' id='word_1_596' title='bbox 413 4632 692 4700; x_wconf 90' lang='lat' dir='ltr'>tudinem,</span> <span class='ocrx_word' id='word_1_597' title='bbox 725 4640 780 4689; x_wconf 93' lang='lat' dir='ltr'>et</span> <span class='ocrx_word' id='word_1_598' title='bbox 809 4639 1058 4688; x_wconf 88' lang='lat' dir='ltr'>statuam</span> <span class='ocrx_word' id='word_1_599' title='bbox 1101 4647 1229 4690; x_wconf 87' lang='lat' dir='ltr'>eam</span> <span class='ocrx_word' id='word_1_600' title='bbox 1273 4634 1432 4690; x_wconf 89' lang='lat' dir='ltr'>velut</span> <span class='ocrx_word' id='word_1_601' title='bbox 1479 4643 1689 4690; x_wconf 89' lang='lat' dir='ltr'>terram</span> <span class='ocrx_word' id='word_1_602' title='bbox 1717 4634 1958 4702; x_wconf 88' lang='lat' dir='ltr'>inviam,</span> <span class='ocrx_word' id='word_1_603' title='bbox 1985 4645 2041 4692; x_wconf 89' lang='lat' dir='ltr'>et</span> 
     </span>
    </p>
   </div>
   <div class='ocr_carea' id='block_1_80' title="bbox 354 4710 2041 4795">
    <p class='ocr_par' dir='ltr' id='par_1_80' title="bbox 354 4710 2041 4795">
     <span class='ocr_line' id='line_1_80' title="bbox 354 4710 2041 4795; baseline 0.005 -23"><span class='ocrx_word' id='word_1_604' title='bbox 354 4744 375 4772; x_wconf 74' lang='grc' dir='ltr'><strong><em>ι</em></strong></span> <span class='ocrx_word' id='word_1_605' title='bbox 414 4721 750 4778; x_wconf 87' lang='lat' dir='ltr'>interficiam</span> <span class='ocrx_word' id='word_1_606' title='bbox 781 4710 1072 4778; x_wconf 69' lang='lat' dir='ltr'>eam&#39;siti.</span> <span class='ocrx_word' id='word_1_607' title='bbox 1115 4723 1317 4794; x_wconf 73' lang='lat' dir='ltr'>(Vens.</span> <span class='ocrx_word' id='word_1_608' title='bbox 1378 4722 1456 4792; x_wconf 77' lang='grc'>4.)</span> <span class='ocrx_word' id='word_1_609' title='bbox 1489 4724 1559 4778; x_wconf 90' lang='grc' dir='ltr'><strong>Ε1</strong></span> <span class='ocrx_word' id='word_1_610' title='bbox 1605 4723 1858 4779; x_wconf 85' lang='lat' dir='ltr'>filiorum</span> <span class='ocrx_word' id='word_1_611' title='bbox 1913 4725 2041 4795; x_wconf 85' lang='lat' dir='ltr'>ejus</span> 
     </span>
    </p>
   </div>
   <div class='ocr_carea' id='block_1_81' title="bbox 355 4810 2038 4881">
    <p class='ocr_par' dir='ltr' id='par_1_81' title="bbox 355 4810 2038 4881">
     <span class='ocr_line' id='line_1_81' title="bbox 355 4810 2038 4881; baseline 0 -15"><span class='ocrx_word' id='word_1_612' title='bbox 355 4832 376 4859; x_wconf 76' lang='grc' dir='ltr'><strong><em>ι</em></strong></span> <span class='ocrx_word' id='word_1_613' title='bbox 406 4825 520 4866; x_wconf 87' lang='grc'><strong>11011</strong></span> <span class='ocrx_word' id='word_1_614' title='bbox 551 4810 1192 4881; x_wconf 82' lang='lat' dir='ltr'>misereborzquoniam</span> <span class='ocrx_word' id='word_1_615' title='bbox 1227 4810 1326 4866; x_wconf 81' lang='lat' dir='ltr'>lilii</span> <span class='ocrx_word' id='word_1_616' title='bbox 1347 4811 1788 4867; x_wconf 88' lang='lat' dir='ltr'>fornicationum</span> <span class='ocrx_word' id='word_1_617' title='bbox 1821 4821 1974 4868; x_wconf 91' lang='lat' dir='ltr'>sunt.</span> <span class='ocrx_word' id='word_1_618' title='bbox 2010 4834 2038 4861; x_wconf 91' lang='lat'>»</span> 
     </span>
    </p>
   </div>
   <div class='ocr_carea' id='block_1_82' title="bbox 349 4898 2044 4969">
    <p class='ocr_par' dir='ltr' id='par_1_82' title="bbox 349 4898 2044 4969">
     <span class='ocr_line' id='line_1_82' title="bbox 349 4898 2044 4969; baseline 0.002 -16"><span class='ocrx_word' id='word_1_619' title='bbox 349 4900 412 4954; x_wconf 93' lang='lat' dir='ltr'>In</span> <span class='ocrx_word' id='word_1_620' title='bbox 445 4899 752 4955; x_wconf 89' lang='lat' dir='ltr'>solitudine</span> <span class='ocrx_word' id='word_1_621' title='bbox 805 4900 1060 4969; x_wconf 90' lang='lat' dir='ltr'>ponitur,</span> <span class='ocrx_word' id='word_1_622' title='bbox 1091 4898 1190 4968; x_wconf 90' lang='lat' dir='ltr'>qui</span> <span class='ocrx_word' id='word_1_623' title='bbox 1223 4913 1258 4952; x_wconf 90' lang='lat' dir='ltr'>a</span> <span class='ocrx_word' id='word_1_624' title='bbox 1289 4899 1399 4954; x_wconf 91' lang='lat' dir='ltr'>Deo</span> <span class='ocrx_word' id='word_1_625' title='bbox 1447 4899 1829 4956; x_wconf 89' lang='lat' dir='ltr'>inhabitatore</span> <span class='ocrx_word' id='word_1_626' title='bbox 1875 4900 2044 4956; x_wconf 86' lang='lat' dir='ltr'>deso-</span> 
     </span>
    </p>
   </div>
   <div class='ocr_carea' id='block_1_83' title="bbox 352 4985 2044 5058">
    <p class='ocr_par' dir='ltr' id='par_1_83' title="bbox 352 4985 2044 5058">
     <span class='ocr_line' id='line_1_83' title="bbox 352 4985 2044 5058; baseline 0.002 -16"><span class='ocrx_word' id='word_1_627' title='bbox 352 4985 523 5042; x_wconf 91' lang='lat' dir='ltr'>latur.</span> <span class='ocrx_word' id='word_1_628' title='bbox 562 4986 732 5042; x_wconf 81' lang='lat' dir='ltr'>Velut</span> <span class='ocrx_word' id='word_1_629' title='bbox 780 4995 932 5042; x_wconf 87' lang='lat' dir='ltr'>terra</span> <span class='ocrx_word' id='word_1_630' title='bbox 995 4987 1155 5042; x_wconf 83' lang='lat' dir='ltr'>invia</span> <span class='ocrx_word' id='word_1_631' title='bbox 1209 4986 1501 5047; x_wconf 81' lang='lat' dir='ltr'>statuitur.</span> <span class='ocrx_word' id='word_1_632' title='bbox 1561 4988 1619 5042; x_wconf 92' lang='lat' dir='ltr'>in</span> <span class='ocrx_word' id='word_1_633' title='bbox 1664 4987 1835 5058; x_wconf 92' lang='lat' dir='ltr'>cujus</span> <span class='ocrx_word' id='word_1_634' title='bbox 1875 4989 2044 5044; x_wconf 89' lang='lat' dir='ltr'>corde</span> 
     </span>
    </p>
   </div>
   <div class='ocr_carea' id='block_1_84' title="bbox 352 5073 2042 5148">
    <p class='ocr_par' dir='ltr' id='par_1_84' title="bbox 352 5073 2042 5148">
     <span class='ocr_line' id='line_1_84' title="bbox 352 5073 2042 5148; baseline 0.002 -19"><span class='ocrx_word' id='word_1_635' title='bbox 352 5073 574 5129; x_wconf 90' lang='lat' dir='ltr'>nullius</span> <span class='ocrx_word' id='word_1_636' title='bbox 601 5073 894 5140; x_wconf 78' lang='lat' dir='ltr'>doctrinae,</span> <span class='ocrx_word' id='word_1_637' title='bbox 927 5075 1146 5130; x_wconf 85' lang='lat' dir='ltr'>nullius</span> <span class='ocrx_word' id='word_1_638' title='bbox 1177 5075 1306 5130; x_wconf 92' lang='lat' dir='ltr'>boni</span> <span class='ocrx_word' id='word_1_639' title='bbox 1339 5075 1585 5145; x_wconf 81' lang='lat' dir='ltr'>exempli</span> <span class='ocrx_word' id='word_1_640' title='bbox 1631 5077 1934 5148; x_wconf 86' lang='lat' dir='ltr'>vestigium</span> <span class='ocrx_word' id='word_1_641' title='bbox 1964 5093 2042 5133; x_wconf 87' lang='lat' dir='ltr'>re-</span> 
     </span>
    </p>
   </div>
   <div class='ocr_carea' id='block_1_85' title="bbox 354 5161 2045 5234">
    <p class='ocr_par' dir='ltr' id='par_1_85' title="bbox 354 5161 2045 5234">
     <span class='ocr_line' id='line_1_85' title="bbox 354 5161 2045 5234; baseline 0.003 -17"><span class='ocrx_word' id='word_1_642' title='bbox 354 5161 593 5232; x_wconf 89' lang='lat' dir='ltr'>peritur.</span> <span class='ocrx_word' id='word_1_643' title='bbox 643 5161 743 5217; x_wconf 89' lang='lat' dir='ltr'>Siti</span> <span class='ocrx_word' id='word_1_644' title='bbox 803 5161 1165 5231; x_wconf 88' lang='lat' dir='ltr'>interficitur,</span> <span class='ocrx_word' id='word_1_645' title='bbox 1229 5163 1399 5234; x_wconf 89' lang='lat' dir='ltr'>cujus</span> <span class='ocrx_word' id='word_1_646' title='bbox 1435 5165 1814 5221; x_wconf 80' lang='lat' dir='ltr'>interioribus</span> <span class='ocrx_word' id='word_1_647' title='bbox 1885 5167 2045 5222; x_wconf 91' lang='lat' dir='ltr'>nullo</span> 
     </span>
    </p>
   </div>
   <div class='ocr_carea' id='block_1_86' title="bbox 355 5250 2046 5320">
    <p class='ocr_par' dir='ltr' id='par_1_86' title="bbox 355 5250 2046 5320">
     <span class='ocr_line' id='line_1_86' title="bbox 355 5250 2046 5320; baseline 0.003 -14"><span class='ocrx_word' id='word_1_648' title='bbox 355 5250 520 5307; x_wconf 92' lang='lat' dir='ltr'>modo</span> <span class='ocrx_word' id='word_1_649' title='bbox 552 5251 677 5306; x_wconf 91' lang='lat' dir='ltr'>fons</span> <span class='ocrx_word' id='word_1_650' title='bbox 722 5264 892 5320; x_wconf 65' lang='lat' dir='ltr'>aqua:</span> <span class='ocrx_word' id='word_1_651' title='bbox 941 5251 999 5306; x_wconf 92' lang='grc'>111</span> <span class='ocrx_word' id='word_1_652' title='bbox 1051 5251 1205 5307; x_wconf 89' lang='lat' dir='ltr'>viam</span> <span class='ocrx_word' id='word_1_653' title='bbox 1250 5261 1521 5309; x_wconf 74' lang='lat' dir='ltr'>zelernam</span> <span class='ocrx_word' id='word_1_654' title='bbox 1575 5255 1830 5311; x_wconf 89' lang='lat' dir='ltr'>salientis</span> <span class='ocrx_word' id='word_1_655' title='bbox 1854 5256 2046 5312; x_wconf 92' lang='lat' dir='ltr'>illabi-</span> 
     </span>
    </p>
   </div>
   <div class='ocr_carea' id='block_1_87' title="bbox 355 5339 2044 5414">
    <p class='ocr_par' dir='ltr' id='par_1_87' title="bbox 355 5339 2044 5414">
     <span class='ocr_line' id='line_1_87' title="bbox 355 5339 2044 5414; baseline 0.004 -20"><span class='ocrx_word' id='word_1_656' title='bbox 355 5347 472 5395; x_wconf 91' lang='lat' dir='ltr'>tur.</span> <span class='ocrx_word' id='word_1_657' title='bbox 507 5339 782 5395; x_wconf 87' lang='lat' dir='ltr'>Filiorum</span> <span class='ocrx_word' id='word_1_658' title='bbox 803 5339 930 5408; x_wconf 87' lang='lat' dir='ltr'>ejus</span> <span class='ocrx_word' id='word_1_659' title='bbox 953 5349 1065 5395; x_wconf 89' lang='lat' dir='ltr'>non</span> <span class='ocrx_word' id='word_1_660' title='bbox 1097 5341 1402 5398; x_wconf 90' lang='lat' dir='ltr'>miseretur</span> <span class='ocrx_word' id='word_1_661' title='bbox 1429 5343 1603 5408; x_wconf 88' lang='lat' dir='ltr'>Deus,</span> <span class='ocrx_word' id='word_1_662' title='bbox 1633 5357 1764 5400; x_wconf 90' lang='lat' dir='ltr'>cum</span> <span class='ocrx_word' id='word_1_663' title='bbox 1793 5345 2044 5414; x_wconf 88' lang='lat' dir='ltr'>peccanti</span> 
     </span>
    </p>
   </div>
   <div class='ocr_carea' id='block_1_88' title="bbox 356 5427 2048 5503">
    <p class='ocr_par' dir='ltr' id='par_1_88' title="bbox 356 5427 2048 5503">
     <span class='ocr_line' id='line_1_88' title="bbox 356 5427 2048 5503; baseline 0.004 -20"><span class='ocrx_word' id='word_1_664' title='bbox 356 5428 428 5484; x_wconf 93' lang='lat' dir='ltr'>ad</span> <span class='ocrx_word' id='word_1_665' title='bbox 458 5436 698 5484; x_wconf 91' lang='lat' dir='ltr'>mortem</span> <span class='ocrx_word' id='word_1_666' title='bbox 731 5427 981 5495; x_wconf 91' lang='lat' dir='ltr'>cuilibet,</span> <span class='ocrx_word' id='word_1_667' title='bbox 1010 5436 1066 5485; x_wconf 92' lang='lat' dir='ltr'>et</span> <span class='ocrx_word' id='word_1_668' title='bbox 1114 5430 1360 5500; x_wconf 89' lang='lat' dir='ltr'>gratiam</span> <span class='ocrx_word' id='word_1_669' title='bbox 1413 5446 1531 5501; x_wconf 88' lang='lat' dir='ltr'>qua</span> <span class='ocrx_word' id='word_1_670' title='bbox 1561 5433 1771 5488; x_wconf 87' lang='lat' dir='ltr'>salvari</span> <span class='ocrx_word' id='word_1_671' title='bbox 1829 5440 2048 5503; x_wconf 88' lang='lat' dir='ltr'>poterat</span> 
     </span>
    </p>
   </div>
   <div class='ocr_carea' id='block_1_89' title="bbox 356 5515 2047 5589">
    <p class='ocr_par' dir='ltr' id='par_1_89' title="bbox 356 5515 2047 5589">
     <span class='ocr_line' id='line_1_89' title="bbox 356 5515 2047 5589; baseline 0.001 -17"><span class='ocrx_word' id='word_1_672' title='bbox 356 5515 743 5586; x_wconf 84' lang='lat' dir='ltr'>impugnanti.</span> <span class='ocrx_word' id='word_1_673' title='bbox 773 5517 946 5572; x_wconf 90' lang='lat' dir='ltr'>etiam</span> <span class='ocrx_word' id='word_1_674' title='bbox 986 5525 1322 5576; x_wconf 71' lang='lat' dir='ltr'>caeterorum</span> <span class='ocrx_word' id='word_1_675' title='bbox 1366 5519 1619 5577; x_wconf 82' lang='lat' dir='ltr'>ﬁdelium</span> <span class='ocrx_word' id='word_1_676' title='bbox 1667 5521 1851 5576; x_wconf 90' lang='lat' dir='ltr'>oratio</span> <span class='ocrx_word' id='word_1_677' title='bbox 1875 5523 2047 5589; x_wconf 83' lang='lat' dir='ltr'>juxta</span> 
     </span>
    </p>
   </div>
   <div class='ocr_carea' id='block_1_90' title="bbox 353 5605 2047 5679">
    <p class='ocr_par' dir='ltr' id='par_1_90' title="bbox 353 5605 2047 5679">
     <span class='ocr_line' id='line_1_90' title="bbox 353 5605 2047 5679; baseline 0.002 -19"><span class='ocrx_word' id='word_1_678' title='bbox 353 5607 629 5661; x_wconf 79' lang='lat' dir='ltr'>Joannem</span> <span class='ocrx_word' id='word_1_679' title='bbox 711 5605 1029 5674; x_wconf 89' lang='lat' dir='ltr'>apostolum</span> <span class='ocrx_word' id='word_1_680' title='bbox 1102 5609 1437 5679; x_wconf 87' lang='lat' dir='ltr'>denegatur.</span> <span class='ocrx_word' id='word_1_681' title='bbox 1499 5609 1659 5676; x_wconf 89' lang='lat' dir='ltr'>Quod</span> <span class='ocrx_word' id='word_1_682' title='bbox 1724 5617 1906 5665; x_wconf 90' lang='lat' dir='ltr'>totum</span> <span class='ocrx_word' id='word_1_683' title='bbox 1972 5609 2047 5664; x_wconf 89' lang='lat' dir='ltr'>ad</span> 
     </span>
    </p>
   </div>
   <div class='ocr_carea' id='block_1_91' title="bbox 2142 3133 3830 3206">
    <p class='ocr_par' dir='ltr' id='par_1_91' title="bbox 2142 3133 3830 3206">
     <span class='ocr_line' id='line_1_91' title="bbox 2142 3133 3830 3206; baseline -0.003 -16"><span class='ocrx_word' id='word_1_684' title='bbox 2142 3136 2374 3206; x_wconf 89' lang='lat' dir='ltr'>plurimi</span> <span class='ocrx_word' id='word_1_685' title='bbox 2433 3134 2595 3205; x_wconf 88' lang='lat' dir='ltr'>pretii</span> <span class='ocrx_word' id='word_1_686' title='bbox 2653 3134 2809 3205; x_wconf 88' lang='lat' dir='ltr'>apud</span> <span class='ocrx_word' id='word_1_687' title='bbox 2855 3133 3006 3204; x_wconf 90' lang='lat' dir='ltr'>ipsos</span> <span class='ocrx_word' id='word_1_688' title='bbox 3079 3141 3184 3201; x_wconf 91' lang='lat' dir='ltr'>est,</span> <span class='ocrx_word' id='word_1_689' title='bbox 3258 3133 3462 3188; x_wconf 91' lang='lat' dir='ltr'>docent</span> <span class='ocrx_word' id='word_1_690' title='bbox 3507 3133 3830 3186; x_wconf 91' lang='lat' dir='ltr'>scientiam.</span> 
     </span>
    </p>
   </div>
   <div class='ocr_carea' id='block_1_92' title="bbox 2138 3218 3838 3292">
    <p class='ocr_par' dir='ltr' id='par_1_92' title="bbox 2138 3218 3838 3292">
     <span class='ocr_line' id='line_1_92' title="bbox 2138 3218 3838 3292; baseline -0.004 -12"><span class='ocrx_word' id='word_1_691' title='bbox 2138 3223 2263 3280; x_wconf 88' lang='lat' dir='ltr'>Non</span> <span class='ocrx_word' id='word_1_692' title='bbox 2297 3223 2491 3280; x_wconf 91' lang='lat' dir='ltr'>minus</span> <span class='ocrx_word' id='word_1_693' title='bbox 2525 3223 2697 3278; x_wconf 92' lang='lat' dir='ltr'>etiam</span> <span class='ocrx_word' id='word_1_694' title='bbox 2727 3222 2899 3276; x_wconf 83' lang='lat' dir='ltr'>linum</span> <span class='ocrx_word' id='word_1_695' title='bbox 2931 3223 3204 3292; x_wconf 65' lang='lat' dir='ltr'>praebent,</span> <span class='ocrx_word' id='word_1_696' title='bbox 3261 3235 3395 3276; x_wconf 91' lang='lat' dir='ltr'>cum</span> <span class='ocrx_word' id='word_1_697' title='bbox 3425 3227 3527 3275; x_wconf 88' lang='lat' dir='ltr'>aut</span> <span class='ocrx_word' id='word_1_698' title='bbox 3570 3218 3838 3274; x_wconf 90' lang='lat' dir='ltr'>liberales</span> 
     </span>
    </p>
   </div>
   <div class='ocr_carea' id='block_1_93' title="bbox 2139 3309 3832 3382">
    <p class='ocr_par' dir='ltr' id='par_1_93' title="bbox 2139 3309 3832 3382">
     <span class='ocr_line' id='line_1_93' title="bbox 2139 3309 3832 3382; baseline -0.004 -14"><span class='ocrx_word' id='word_1_699' title='bbox 2139 3321 2308 3379; x_wconf 89' lang='lat' dir='ltr'>artes,</span> <span class='ocrx_word' id='word_1_700' title='bbox 2343 3327 2473 3382; x_wconf 71' lang='lat' dir='ltr'>quae</span> <span class='ocrx_word' id='word_1_701' title='bbox 2514 3309 2762 3381; x_wconf 87' lang='lat' dir='ltr'>plurimo</span> <span class='ocrx_word' id='word_1_702' title='bbox 2817 3313 2988 3381; x_wconf 90' lang='lat' dir='ltr'>egent</span> <span class='ocrx_word' id='word_1_703' title='bbox 3037 3309 3323 3374; x_wconf 89' lang='lat' dir='ltr'>acumine,</span> <span class='ocrx_word' id='word_1_704' title='bbox 3375 3315 3475 3362; x_wconf 89' lang='lat' dir='ltr'>aut</span> <span class='ocrx_word' id='word_1_705' title='bbox 3519 3320 3832 3362; x_wconf 87' lang='lat' dir='ltr'>causarum</span> 
     </span>
    </p>
   </div>
   <div class='ocr_carea' id='block_1_94' title="bbox 2140 3395 3836 3466">
    <p class='ocr_par' dir='ltr' id='par_1_94' title="bbox 2140 3395 3836 3466">
     <span class='ocr_line' id='line_1_94' title="bbox 2140 3395 3836 3466; baseline -0.003 -11"><span class='ocrx_word' id='word_1_706' title='bbox 2140 3400 2452 3456; x_wconf 90' lang='lat' dir='ltr'>forensium</span> <span class='ocrx_word' id='word_1_707' title='bbox 2510 3399 2853 3454; x_wconf 89' lang='lat' dir='ltr'>subtilitates</span> <span class='ocrx_word' id='word_1_708' title='bbox 2913 3398 3224 3453; x_wconf 90' lang='lat' dir='ltr'>insinuant.</span> <span class='ocrx_word' id='word_1_709' title='bbox 3269 3397 3453 3453; x_wconf 85' lang='lat' dir='ltr'>Oleum</span> <span class='ocrx_word' id='word_1_710' title='bbox 3481 3395 3692 3466; x_wconf 88' lang='lat' dir='ltr'>pariter</span> <span class='ocrx_word' id='word_1_711' title='bbox 3723 3395 3836 3450; x_wconf 92' lang='lat' dir='ltr'>tri-</span> 
     </span>
    </p>
   </div>
   <div class='ocr_carea' id='block_1_95' title="bbox 2142 3484 3838 3558">
    <p class='ocr_par' dir='ltr' id='par_1_95' title="bbox 2142 3484 3838 3558">
     <span class='ocr_line' id='line_1_95' title="bbox 2142 3484 3838 3558; baseline -0.002 -16"><span class='ocrx_word' id='word_1_712' title='bbox 2142 3487 2350 3556; x_wconf 91' lang='lat' dir='ltr'>buunt,</span> <span class='ocrx_word' id='word_1_713' title='bbox 2391 3503 2523 3545; x_wconf 91' lang='lat' dir='ltr'>cum</span> <span class='ocrx_word' id='word_1_714' title='bbox 2559 3487 2808 3558; x_wconf 88' lang='lat' dir='ltr'>qualiter</span> <span class='ocrx_word' id='word_1_715' title='bbox 2861 3486 3166 3542; x_wconf 89' lang='lat' dir='ltr'>ditioribus</span> <span class='ocrx_word' id='word_1_716' title='bbox 3198 3501 3256 3541; x_wconf 91' lang='lat' dir='ltr'>se</span> <span class='ocrx_word' id='word_1_717' title='bbox 3302 3485 3528 3540; x_wconf 91' lang='lat' dir='ltr'>adulari</span> <span class='ocrx_word' id='word_1_718' title='bbox 3585 3484 3838 3540; x_wconf 84' lang='lat' dir='ltr'>debeant</span> 
     </span>
    </p>
   </div>
   <div class='ocr_carea' id='block_1_96' title="bbox 2143 3570 3838 3645">
    <p class='ocr_par' dir='ltr' id='par_1_96' title="bbox 2143 3570 3838 3645">
     <span class='ocr_line' id='line_1_96' title="bbox 2143 3570 3838 3645; baseline -0.004 -12"><span class='ocrx_word' id='word_1_719' title='bbox 2143 3577 2461 3633; x_wconf 86' lang='lat' dir='ltr'>instruunt.</span> <span class='ocrx_word' id='word_1_720' title='bbox 2494 3579 2690 3630; x_wconf 88' lang='lat' dir='ltr'>Potum</span> <span class='ocrx_word' id='word_1_721' title='bbox 2721 3589 2955 3645; x_wconf 90' lang='lat' dir='ltr'>quoque</span> <span class='ocrx_word' id='word_1_722' title='bbox 3008 3573 3098 3628; x_wconf 90' lang='lat' dir='ltr'>his</span> <span class='ocrx_word' id='word_1_723' title='bbox 3155 3573 3463 3643; x_wconf 91' lang='lat' dir='ltr'>propinant</span> <span class='ocrx_word' id='word_1_724' title='bbox 3520 3587 3666 3643; x_wconf 89' lang='lat' dir='ltr'>quos</span> <span class='ocrx_word' id='word_1_725' title='bbox 3708 3570 3838 3627; x_wconf 89' lang='lat' dir='ltr'>libi-</span> 
     </span>
    </p>
   </div>
   <div class='ocr_carea' id='block_1_97' title="bbox 2141 3661 3837 3722">
    <p class='ocr_par' dir='ltr' id='par_1_97' title="bbox 2141 3661 3837 3722">
     <span class='ocr_line' id='line_1_97' title="bbox 2141 3661 3837 3722; baseline -0.004 0"><span class='ocrx_word' id='word_1_726' title='bbox 2141 3667 2346 3722; x_wconf 89' lang='lat' dir='ltr'>dinum</span> <span class='ocrx_word' id='word_1_727' title='bbox 2396 3664 2690 3720; x_wconf 90' lang='lat' dir='ltr'>furoribus</span> <span class='ocrx_word' id='word_1_728' title='bbox 2773 3662 3105 3718; x_wconf 89' lang='lat' dir='ltr'>malesuada</span> <span class='ocrx_word' id='word_1_729' title='bbox 3184 3661 3690 3716; x_wconf 89' lang='lat' dir='ltr'>circumlocutione</span> <span class='ocrx_word' id='word_1_730' title='bbox 3745 3661 3837 3715; x_wconf 85' lang='lat' dir='ltr'>iu-</span> 
     </span>
    </p>
   </div>
   <div class='ocr_carea' id='block_1_98' title="bbox 2142 3749 3843 3820">
    <p class='ocr_par' dir='ltr' id='par_1_98' title="bbox 2142 3749 3843 3820">
     <span class='ocr_line' id='line_1_98' title="bbox 2142 3749 3843 3820; baseline -0.004 -10"><span class='ocrx_word' id='word_1_731' title='bbox 2142 3755 2387 3810; x_wconf 89' lang='lat' dir='ltr'>ebriant.</span> <span class='ocrx_word' id='word_1_732' title='bbox 2425 3754 2541 3808; x_wconf 83' lang='lat' dir='ltr'>Hac</span> <span class='ocrx_word' id='word_1_733' title='bbox 2573 3752 2706 3807; x_wconf 87' lang='lat' dir='ltr'>lana</span> <span class='ocrx_word' id='word_1_734' title='bbox 2745 3765 2929 3820; x_wconf 90' lang='lat' dir='ltr'>eoque</span> <span class='ocrx_word' id='word_1_735' title='bbox 2968 3750 3084 3806; x_wconf 92' lang='lat' dir='ltr'>lino</span> <span class='ocrx_word' id='word_1_736' title='bbox 3128 3749 3298 3805; x_wconf 88' lang='lat' dir='ltr'>etiam</span> <span class='ocrx_word' id='word_1_737' title='bbox 3335 3749 3550 3806; x_wconf 84' lang='lat' dir='ltr'>utiliter</span> <span class='ocrx_word' id='word_1_738' title='bbox 3582 3749 3843 3804; x_wconf 91' lang='lat' dir='ltr'>Ecclesia</span> 
     </span>
    </p>
   </div>
   <div class='ocr_carea' id='block_1_99' title="bbox 2145 3837 3842 3912">
    <p class='ocr_par' dir='ltr' id='par_1_99' title="bbox 2145 3837 3842 3912">
     <span class='ocr_line' id='line_1_99' title="bbox 2145 3837 3842 3912; baseline -0.003 -13"><span class='ocrx_word' id='word_1_739' title='bbox 2145 3843 2350 3908; x_wconf 90' lang='lat' dir='ltr'>utitur,</span> <span class='ocrx_word' id='word_1_740' title='bbox 2377 3857 2508 3912; x_wconf 68' lang='lat' dir='ltr'>quae</span> <span class='ocrx_word' id='word_1_741' title='bbox 2533 3842 2686 3911; x_wconf 91' lang='lat' dir='ltr'>apud</span> <span class='ocrx_word' id='word_1_742' title='bbox 2714 3841 3071 3896; x_wconf 90' lang='lat' dir='ltr'>Salomonem</span> <span class='ocrx_word' id='word_1_743' title='bbox 3115 3847 3434 3907; x_wconf 90' lang='lat' dir='ltr'>utrumque</span> <span class='ocrx_word' id='word_1_744' title='bbox 3479 3837 3752 3908; x_wconf 61' lang='lat' dir='ltr'>quaesisse</span> <span class='ocrx_word' id='word_1_745' title='bbox 3783 3846 3842 3894; x_wconf 87' lang='lat' dir='ltr'>et</span> 
     </span>
    </p>
   </div>
   <div class='ocr_carea' id='block_1_100' title="bbox 2143 3925 3845 4001">
    <p class='ocr_par' dir='ltr' id='par_1_100' title="bbox 2143 3925 3845 4001">
     <span class='ocr_line' id='line_1_100' title="bbox 2143 3925 3845 4001; baseline -0.004 -15"><span class='ocrx_word' id='word_1_746' title='bbox 2143 3939 2378 4001; x_wconf 90' lang='lat' dir='ltr'>operata</span> <span class='ocrx_word' id='word_1_747' title='bbox 2403 3930 2617 3985; x_wconf 90' lang='lat' dir='ltr'>dicitur</span> <span class='ocrx_word' id='word_1_748' title='bbox 2647 3931 2828 3994; x_wconf 87' lang='lat' dir='ltr'>(Prov.</span> <span class='ocrx_word' id='word_1_749' title='bbox 2863 3941 3022 3995; x_wconf 76' lang='grc'><strong>1111111,</strong></span> <span class='ocrx_word' id='word_1_750' title='bbox 3059 3930 3164 3992; x_wconf 86' lang='grc'>13).</span> <span class='ocrx_word' id='word_1_751' title='bbox 3198 3925 3648 3982; x_wconf 84' lang='lat' dir='ltr'>Confunduntur</span> <span class='ocrx_word' id='word_1_752' title='bbox 3697 3939 3845 3995; x_wconf 92' lang='lat' dir='ltr'>quo-</span> 
     </span>
    </p>
   </div>
   <div class='ocr_carea' id='block_1_101' title="bbox 2145 4014 3842 4090">
    <p class='ocr_par' dir='ltr' id='par_1_101' title="bbox 2145 4014 3842 4090">
     <span class='ocr_line' id='line_1_101' title="bbox 2145 4014 3842 4090; baseline -0.003 -16"><span class='ocrx_word' id='word_1_753' title='bbox 2145 4034 2259 4090; x_wconf 91' lang='lat' dir='ltr'>que</span> <span class='ocrx_word' id='word_1_754' title='bbox 2277 4017 2526 4090; x_wconf 65' lang='lat' dir='ltr'>.IEgyptii</span> <span class='ocrx_word' id='word_1_755' title='bbox 2557 4032 2588 4072; x_wconf 94' lang='lat' dir='ltr'>e</span> <span class='ocrx_word' id='word_1_756' title='bbox 2631 4017 2880 4080; x_wconf 85' lang='lat' dir='ltr'>diverso,</span> <span class='ocrx_word' id='word_1_757' title='bbox 2925 4016 3029 4086; x_wconf 88' lang='lat' dir='ltr'>qui</span> <span class='ocrx_word' id='word_1_758' title='bbox 3083 4015 3475 4084; x_wconf 89' lang='lat' dir='ltr'>operabantur</span> <span class='ocrx_word' id='word_1_759' title='bbox 3505 4014 3690 4070; x_wconf 92' lang='lat' dir='ltr'>linum</span> <span class='ocrx_word' id='word_1_760' title='bbox 3740 4027 3842 4082; x_wconf 83' lang='lat' dir='ltr'>pe-</span> 
     </span>
    </p>
   </div>
   <div class='ocr_carea' id='block_1_102' title="bbox 2127 4102 3845 4174">
    <p class='ocr_par' dir='ltr' id='par_1_102' title="bbox 2127 4102 3845 4174">
     <span class='ocr_line' id='line_1_102' title="bbox 2127 4102 3845 4174; baseline -0.003 -11"><span class='ocrx_word' id='word_1_761' title='bbox 2127 4115 2376 4168; x_wconf 66' lang='lat' dir='ltr'>~ctcntes.</span> <span class='ocrx_word' id='word_1_762' title='bbox 2438 4113 2492 4162; x_wconf 88' lang='grc'>01</span> <span class='ocrx_word' id='word_1_763' title='bbox 2525 4113 2782 4161; x_wconf 78' lang='lat' dir='ltr'>texentes</span> <span class='ocrx_word' id='word_1_764' title='bbox 2811 4105 3044 4160; x_wconf 89' lang='lat' dir='ltr'>subtilia</span> <span class='ocrx_word' id='word_1_765' title='bbox 3075 4105 3227 4174; x_wconf 87' lang='lat' dir='ltr'>(Isai.</span> <span class='ocrx_word' id='word_1_766' title='bbox 3261 4117 3375 4170; x_wconf 82' lang='lat' dir='ltr'>xix,</span> <span class='ocrx_word' id='word_1_767' title='bbox 3409 4105 3488 4172; x_wconf 90' lang='lat'>9),</span> <span class='ocrx_word' id='word_1_768' title='bbox 3530 4102 3586 4158; x_wconf 92' lang='lat' dir='ltr'>id</span> <span class='ocrx_word' id='word_1_769' title='bbox 3611 4109 3694 4158; x_wconf 89' lang='lat' dir='ltr'>est</span> <span class='ocrx_word' id='word_1_770' title='bbox 3726 4115 3845 4157; x_wconf 83' lang='lat' dir='ltr'>ma-</span> 
     </span>
    </p>
   </div>
   <div class='ocr_carea' id='block_1_103' title="bbox 2146 4196 2682 4252">
    <p class='ocr_par' dir='ltr' id='par_1_103' title="bbox 2146 4196 2682 4252">
     <span class='ocr_line' id='line_1_103' title="bbox 2146 4196 2682 4252; baseline -0.009 0"><span class='ocrx_word' id='word_1_771' title='bbox 2146 4196 2445 4252; x_wconf 88' lang='lat' dir='ltr'>chinantes</span> <span class='ocrx_word' id='word_1_772' title='bbox 2471 4201 2682 4250; x_wconf 89' lang='lat' dir='ltr'>astuta.</span> 
     </span>
    </p>
   </div>
   <div class='ocr_carea' id='block_1_104' title="bbox 2216 4277 3846 4352">
    <p class='ocr_par' dir='ltr' id='par_1_104' title="bbox 2216 4277 3846 4352">
     <span class='ocr_line' id='line_1_104' title="bbox 2216 4277 3846 4352; baseline -0.003 -13"><span class='ocrx_word' id='word_1_773' title='bbox 2216 4283 2542 4340; x_wconf 85' lang='lat' dir='ltr'>Notandum</span> <span class='ocrx_word' id='word_1_774' title='bbox 2572 4281 2822 4352; x_wconf 89' lang='lat' dir='ltr'>denique</span> <span class='ocrx_word' id='word_1_775' title='bbox 2852 4281 3028 4351; x_wconf 90' lang='lat' dir='ltr'>quod,</span> <span class='ocrx_word' id='word_1_776' title='bbox 3079 4280 3221 4336; x_wconf 90' lang='lat' dir='ltr'>dum</span> <span class='ocrx_word' id='word_1_777' title='bbox 3271 4280 3342 4335; x_wconf 91' lang='lat' dir='ltr'>de</span> <span class='ocrx_word' id='word_1_778' title='bbox 3374 4277 3496 4336; x_wconf 91' lang='lat' dir='ltr'>suis</span> <span class='ocrx_word' id='word_1_779' title='bbox 3542 4292 3602 4334; x_wconf 89' lang='lat' dir='ltr'>se</span> <span class='ocrx_word' id='word_1_780' title='bbox 3629 4278 3846 4335; x_wconf 90' lang='lat' dir='ltr'>mulier</span> 
     </span>
    </p>
   </div>
   <div class='ocr_carea' id='block_1_105' title="bbox 2079 4367 3847 4441">
    <p class='ocr_par' dir='ltr' id='par_1_105' title="bbox 2079 4367 3847 4441">
     <span class='ocr_line' id='line_1_105' title="bbox 2079 4367 3847 4441; baseline -0.007 -10"><span class='ocrx_word' id='word_1_781' title='bbox 2079 4379 2121 4432; x_wconf 91' lang='lat' dir='ltr'>D</span> <span class='ocrx_word' id='word_1_782' title='bbox 2151 4371 2437 4429; x_wconf 92' lang='lat' dir='ltr'>mercibus</span> <span class='ocrx_word' id='word_1_783' title='bbox 2475 4371 2672 4441; x_wconf 89' lang='lat' dir='ltr'>jactat,</span> <span class='ocrx_word' id='word_1_784' title='bbox 2707 4369 3024 4439; x_wconf 93' lang='lat' dir='ltr'>unicuique</span> <span class='ocrx_word' id='word_1_785' title='bbox 3061 4368 3265 4438; x_wconf 90' lang='lat' dir='ltr'>speciei</span> <span class='ocrx_word' id='word_1_786' title='bbox 3296 4367 3449 4438; x_wconf 90' lang='lat' dir='ltr'>quod</span> <span class='ocrx_word' id='word_1_787' title='bbox 3484 4381 3592 4422; x_wconf 90' lang='lat' dir='ltr'>sua</span> <span class='ocrx_word' id='word_1_788' title='bbox 3634 4367 3726 4432; x_wconf 90' lang='lat' dir='ltr'>sit,</span> <span class='ocrx_word' id='word_1_789' title='bbox 3760 4367 3847 4420; x_wconf 84' lang='lat' dir='ltr'>vi-</span> 
     </span>
    </p>
   </div>
   <div class='ocr_carea' id='block_1_106' title="bbox 2149 4455 3846 4532">
    <p class='ocr_par' dir='ltr' id='par_1_106' title="bbox 2149 4455 3846 4532">
     <span class='ocr_line' id='line_1_106' title="bbox 2149 4455 3846 4532; baseline -0.004 -16"><span class='ocrx_word' id='word_1_790' title='bbox 2149 4461 2393 4532; x_wconf 87' lang='lat' dir='ltr'>gilanter</span> <span class='ocrx_word' id='word_1_791' title='bbox 2431 4459 2705 4530; x_wconf 90' lang='lat' dir='ltr'>assignat.</span> <span class='ocrx_word' id='word_1_792' title='bbox 2755 4457 2901 4521; x_wconf 89' lang='lat' dir='ltr'>Quid</span> <span class='ocrx_word' id='word_1_793' title='bbox 2947 4455 3100 4512; x_wconf 88' lang='lat' dir='ltr'>enim</span> <span class='ocrx_word' id='word_1_794' title='bbox 3140 4455 3295 4526; x_wconf 90' lang='lat' dir='ltr'>apud</span> <span class='ocrx_word' id='word_1_795' title='bbox 3342 4456 3610 4524; x_wconf 90' lang='lat' dir='ltr'>reprobos</span> <span class='ocrx_word' id='word_1_796' title='bbox 3654 4455 3846 4524; x_wconf 90' lang='lat' dir='ltr'>magis</span> 
     </span>
    </p>
   </div>
   <div class='ocr_carea' id='block_1_107' title="bbox 2148 4542 3844 4619">
    <p class='ocr_par' dir='ltr' id='par_1_107' title="bbox 2148 4542 3844 4619">
     <span class='ocr_line' id='line_1_107' title="bbox 2148 4542 3844 4619; baseline -0.004 -15"><span class='ocrx_word' id='word_1_797' title='bbox 2148 4563 2318 4605; x_wconf 89' lang='lat' dir='ltr'>suum</span> <span class='ocrx_word' id='word_1_798' title='bbox 2353 4562 2526 4619; x_wconf 91' lang='lat' dir='ltr'>quam</span> <span class='ocrx_word' id='word_1_799' title='bbox 2563 4547 2700 4602; x_wconf 93' lang='lat' dir='ltr'>illud</span> <span class='ocrx_word' id='word_1_800' title='bbox 2735 4545 2909 4616; x_wconf 87' lang='lat' dir='ltr'>quod.</span> <span class='ocrx_word' id='word_1_801' title='bbox 2952 4545 3064 4600; x_wconf 88' lang='lat' dir='ltr'>Deo</span> <span class='ocrx_word' id='word_1_802' title='bbox 3103 4543 3425 4614; x_wconf 87' lang='lat' dir='ltr'>reprobate,</span> <span class='ocrx_word' id='word_1_803' title='bbox 3471 4542 3604 4598; x_wconf 90' lang='lat' dir='ltr'>solis</span> <span class='ocrx_word' id='word_1_804' title='bbox 3634 4542 3844 4598; x_wconf 90' lang='lat' dir='ltr'>militat</span> 
     </span>
    </p>
   </div>
   <div class='ocr_carea' id='block_1_108' title="bbox 2149 4634 2710 4694">
    <p class='ocr_par' dir='ltr' id='par_1_108' title="bbox 2149 4634 2710 4694">
     <span class='ocr_line' id='line_1_108' title="bbox 2149 4634 2710 4694; baseline -0.007 0"><span class='ocrx_word' id='word_1_805' title='bbox 2149 4637 2354 4694; x_wconf 89' lang='lat' dir='ltr'>usibus</span> <span class='ocrx_word' id='word_1_806' title='bbox 2383 4635 2655 4692; x_wconf 91' lang='lat' dir='ltr'>vitiorum</span> <span class='ocrx_word' id='word_1_807' title='bbox 2681 4634 2710 4690; x_wconf 83' lang='lat'><strong>?</strong></span> 
     </span>
    </p>
   </div>
   <div class='ocr_carea' id='block_1_109' title="bbox 2221 4718 3844 4792">
    <p class='ocr_par' dir='ltr' id='par_1_109' title="bbox 2221 4718 3844 4792">
     <span class='ocr_line' id='line_1_109' title="bbox 2221 4718 3844 4792; baseline -0.004 -11"><span class='ocrx_word' id='word_1_808' title='bbox 2221 4727 2388 4783; x_wconf 71' lang='lat' dir='ltr'>Vens.</span> <span class='ocrx_word' id='word_1_809' title='bbox 2422 4728 2476 4778; x_wconf 89' lang='lat'>6.</span> <span class='ocrx_word' id='word_1_810' title='bbox 2507 4753 2578 4765; x_wconf 98' lang='lat'><strong>—</strong></span> <span class='ocrx_word' id='word_1_811' title='bbox 2613 4745 2634 4772; x_wconf 79' lang='grc' dir='ltr'>ι</span> <span class='ocrx_word' id='word_1_812' title='bbox 2674 4723 2909 4792; x_wconf 89' lang='lat' dir='ltr'>Propter</span> <span class='ocrx_word' id='word_1_813' title='bbox 2955 4721 3062 4778; x_wconf 88' lang='lat' dir='ltr'>hoc</span> <span class='ocrx_word' id='word_1_814' title='bbox 3103 4735 3232 4776; x_wconf 91' lang='lat' dir='ltr'>ecce</span> <span class='ocrx_word' id='word_1_815' title='bbox 3263 4735 3369 4792; x_wconf 88' lang='lat' dir='ltr'>ego</span> <span class='ocrx_word' id='word_1_816' title='bbox 3416 4719 3634 4790; x_wconf 88' lang='lat' dir='ltr'>sepiam</span> <span class='ocrx_word' id='word_1_817' title='bbox 3686 4718 3844 4774; x_wconf 86' lang='lat' dir='ltr'>viam</span> 
     </span>
    </p>
   </div>
   <div class='ocr_carea' id='block_1_110' title="bbox 2155 4809 3846 4882">
    <p class='ocr_par' dir='ltr' id='par_1_110' title="bbox 2155 4809 3846 4882">
     <span class='ocr_line' id='line_1_110' title="bbox 2155 4809 3846 4882; baseline -0.005 -11"><span class='ocrx_word' id='word_1_818' title='bbox 2155 4837 2178 4864; x_wconf 76' lang='grc' dir='ltr'><strong><em>ι</em></strong></span> <span class='ocrx_word' id='word_1_819' title='bbox 2214 4823 2372 4871; x_wconf 90' lang='lat' dir='ltr'>tuam</span> <span class='ocrx_word' id='word_1_820' title='bbox 2406 4813 2603 4882; x_wconf 90' lang='lat' dir='ltr'>spinis,</span> <span class='ocrx_word' id='word_1_821' title='bbox 2626 4820 2680 4868; x_wconf 91' lang='lat' dir='ltr'>et</span> <span class='ocrx_word' id='word_1_822' title='bbox 2700 4812 2913 4881; x_wconf 87' lang='lat' dir='ltr'>sepiam</span> <span class='ocrx_word' id='word_1_823' title='bbox 2939 4824 3065 4866; x_wconf 89' lang='lat' dir='ltr'>eam</span> <span class='ocrx_word' id='word_1_824' title='bbox 3091 4809 3359 4876; x_wconf 88' lang='lat' dir='ltr'>maceria,</span> <span class='ocrx_word' id='word_1_825' title='bbox 3383 4817 3437 4864; x_wconf 90' lang='lat' dir='ltr'>et</span> <span class='ocrx_word' id='word_1_826' title='bbox 3462 4809 3692 4864; x_wconf 90' lang='lat' dir='ltr'>semitas</span> <span class='ocrx_word' id='word_1_827' title='bbox 3709 4821 3846 4863; x_wconf 88' lang='lat' dir='ltr'>suas</span> 
     </span>
    </p>
   </div>
   <div class='ocr_carea' id='block_1_111' title="bbox 2149 4894 3846 4968">
    <p class='ocr_par' dir='ltr' id='par_1_111' title="bbox 2149 4894 3846 4968">
     <span class='ocr_line' id='line_1_111' title="bbox 2149 4894 3846 4968; baseline -0.002 -14"><span class='ocrx_word' id='word_1_828' title='bbox 2149 4924 2177 4954; x_wconf 83' lang='lat'>»</span> <span class='ocrx_word' id='word_1_829' title='bbox 2215 4916 2330 4958; x_wconf 89' lang='lat' dir='ltr'>non</span> <span class='ocrx_word' id='word_1_830' title='bbox 2379 4901 2648 4957; x_wconf 78' lang='lat' dir='ltr'>inveniet.</span> <span class='ocrx_word' id='word_1_831' title='bbox 2691 4921 2712 4948; x_wconf 74' lang='grc' dir='ltr'>ι</span> <span class='ocrx_word' id='word_1_832' title='bbox 2751 4898 2895 4965; x_wconf 90' lang='lat' dir='ltr'>Quia</span> <span class='ocrx_word' id='word_1_833' title='bbox 2935 4910 3071 4968; x_wconf 90' lang='lat' dir='ltr'>ergo</span> <span class='ocrx_word' id='word_1_834' title='bbox 3109 4897 3293 4967; x_wconf 90' lang='lat' dir='ltr'>magis</span> <span class='ocrx_word' id='word_1_835' title='bbox 3334 4895 3688 4952; x_wconf 88' lang='lat' dir='ltr'>amatoribus</span> <span class='ocrx_word' id='word_1_836' title='bbox 3724 4894 3846 4951; x_wconf 92' lang='lat' dir='ltr'>suis</span> 
     </span>
    </p>
   </div>
   <div class='ocr_carea' id='block_1_112' title="bbox 2151 4981 3844 5062">
    <p class='ocr_par' dir='ltr' id='par_1_112' title="bbox 2151 4981 3844 5062">
     <span class='ocr_line' id='line_1_112' title="bbox 2151 4981 3844 5062; baseline -0.007 -15"><span class='ocrx_word' id='word_1_837' title='bbox 2151 5005 2329 5062; x_wconf 90' lang='lat' dir='ltr'>quam</span> <span class='ocrx_word' id='word_1_838' title='bbox 2371 4990 2484 5044; x_wconf 89' lang='lat' dir='ltr'>Deo</span> <span class='ocrx_word' id='word_1_839' title='bbox 2533 4988 2876 5057; x_wconf 86' lang='lat' dir='ltr'>prosperitas</span> <span class='ocrx_word' id='word_1_840' title='bbox 2938 4985 3066 5041; x_wconf 89' lang='lat' dir='ltr'>talis</span> <span class='ocrx_word' id='word_1_841' title='bbox 3112 4983 3441 5051; x_wconf 88' lang='lat' dir='ltr'>aseribitur,</span> <span class='ocrx_word' id='word_1_842' title='bbox 3486 4990 3541 5038; x_wconf 90' lang='lat' dir='ltr'>et</span> <span class='ocrx_word' id='word_1_843' title='bbox 3601 4997 3718 5037; x_wconf 92' lang='lat' dir='ltr'>non</span> <span class='ocrx_word' id='word_1_844' title='bbox 3772 4981 3844 5036; x_wconf 90' lang='lat' dir='ltr'>ad</span> 
     </span>
    </p>
   </div>
   <div class='ocr_carea' id='block_1_113' title="bbox 2152 5072 3848 5146">
    <p class='ocr_par' dir='ltr' id='par_1_113' title="bbox 2152 5072 3848 5146">
     <span class='ocr_line' id='line_1_113' title="bbox 2152 5072 3848 5146; baseline -0.009 -10"><span class='ocrx_word' id='word_1_845' title='bbox 2152 5079 2273 5146; x_wconf 87' lang='lat' dir='ltr'>Dei,</span> <span class='ocrx_word' id='word_1_846' title='bbox 2321 5078 2419 5134; x_wconf 91' lang='lat' dir='ltr'>sed</span> <span class='ocrx_word' id='word_1_847' title='bbox 2464 5077 2522 5132; x_wconf 91' lang='lat' dir='ltr'>in</span> <span class='ocrx_word' id='word_1_848' title='bbox 2564 5090 2700 5131; x_wconf 91' lang='lat' dir='ltr'>suos</span> <span class='ocrx_word' id='word_1_849' title='bbox 2748 5075 2994 5144; x_wconf 90' lang='lat' dir='ltr'>turpiter</span> <span class='ocrx_word' id='word_1_850' title='bbox 3037 5087 3180 5128; x_wconf 89' lang='lat' dir='ltr'>usus</span> <span class='ocrx_word' id='word_1_851' title='bbox 3216 5072 3584 5142; x_wconf 82' lang='lat' dir='ltr'>expenditur.</span> <span class='ocrx_word' id='word_1_852' title='bbox 3620 5072 3848 5139; x_wconf 83' lang='lat' dir='ltr'>Propter</span> 
     </span>
    </p>
   </div>
   <div class='ocr_carea' id='block_1_114' title="bbox 2153 5159 3911 5242">
    <p class='ocr_par' dir='ltr' id='par_1_114' title="bbox 2153 5159 3911 5242">
     <span class='ocr_line' id='line_1_114' title="bbox 2153 5159 3911 5242; baseline -0.006 -19"><span class='ocrx_word' id='word_1_853' title='bbox 2153 5171 2266 5235; x_wconf 83' lang='lat' dir='ltr'>hoc,</span> <span class='ocrx_word' id='word_1_854' title='bbox 2316 5167 2577 5236; x_wconf 86' lang='lat' dir='ltr'>inquam,</span> <span class='ocrx_word' id='word_1_855' title='bbox 2623 5164 2718 5217; x_wconf 90' lang='lat' dir='ltr'>via</span> <span class='ocrx_word' id='word_1_856' title='bbox 2775 5163 2903 5234; x_wconf 90' lang='lat' dir='ltr'>ejus</span> <span class='ocrx_word' id='word_1_857' title='bbox 2941 5164 3116 5232; x_wconf 82' lang='lat' dir='ltr'>spinis</span> <span class='ocrx_word' id='word_1_858' title='bbox 3167 5169 3396 5230; x_wconf 88' lang='lat' dir='ltr'>repente</span> <span class='ocrx_word' id='word_1_859' title='bbox 3424 5159 3664 5228; x_wconf 90' lang='lat' dir='ltr'>sepitur,</span> <span class='ocrx_word' id='word_1_860' title='bbox 3706 5159 3845 5213; x_wconf 93' lang='lat' dir='ltr'>dum</span> <span class='ocrx_word' id='word_1_861' title='bbox 3909 5229 3911 5242; x_wconf 37' lang='lat' dir='ltr'>l</span> 
     </span>
    </p>
   </div>
   <div class='ocr_carea' id='block_1_115' title="bbox 2153 5245 3847 5317">
    <p class='ocr_par' dir='ltr' id='par_1_115' title="bbox 2153 5245 3847 5317">
     <span class='ocr_line' id='line_1_115' title="bbox 2153 5245 3847 5317; baseline -0.006 -6"><span class='ocrx_word' id='word_1_862' title='bbox 2153 5262 2269 5311; x_wconf 90' lang='lat' dir='ltr'>tota</span> <span class='ocrx_word' id='word_1_863' title='bbox 2316 5254 2414 5309; x_wconf 92' lang='lat' dir='ltr'>illa</span> <span class='ocrx_word' id='word_1_864' title='bbox 2467 5252 2730 5308; x_wconf 90' lang='lat' dir='ltr'>mollities</span> <span class='ocrx_word' id='word_1_865' title='bbox 2770 5261 2824 5306; x_wconf 91' lang='lat' dir='ltr'>et</span> <span class='ocrx_word' id='word_1_866' title='bbox 2872 5249 3190 5306; x_wconf 90' lang='lat' dir='ltr'>secundum</span> <span class='ocrx_word' id='word_1_867' title='bbox 3241 5249 3346 5304; x_wconf 87' lang='lat' dir='ltr'>ista</span> <span class='ocrx_word' id='word_1_868' title='bbox 3394 5245 3725 5317; x_wconf 87' lang='lat' dir='ltr'>proliciendi</span> <span class='ocrx_word' id='word_1_869' title='bbox 3772 5246 3847 5300; x_wconf 89' lang='lat' dir='ltr'>iu-</span> 
     </span>
    </p>
   </div>
   <div class='ocr_carea' id='block_1_116' title="bbox 2152 5334 3847 5406">
    <p class='ocr_par' dir='ltr' id='par_1_116' title="bbox 2152 5334 3847 5406">
     <span class='ocr_line' id='line_1_116' title="bbox 2152 5334 3847 5406; baseline -0.006 -6"><span class='ocrx_word' id='word_1_870' title='bbox 2152 5342 2327 5400; x_wconf 88' lang='lat' dir='ltr'>tentio</span> <span class='ocrx_word' id='word_1_871' title='bbox 2370 5343 2428 5398; x_wconf 94' lang='lat' dir='ltr'>in</span> <span class='ocrx_word' id='word_1_872' title='bbox 2461 5341 2872 5398; x_wconf 83' lang='lat' dir='ltr'>adversitatum</span> <span class='ocrx_word' id='word_1_873' title='bbox 2913 5339 3159 5401; x_wconf 89' lang='lat' dir='ltr'>aculeos,</span> <span class='ocrx_word' id='word_1_874' title='bbox 3192 5345 3247 5394; x_wconf 90' lang='lat' dir='ltr'>et</span> <span class='ocrx_word' id='word_1_875' title='bbox 3293 5338 3350 5392; x_wconf 93' lang='lat' dir='ltr'>in</span> <span class='ocrx_word' id='word_1_876' title='bbox 3389 5336 3644 5406; x_wconf 90' lang='lat' dir='ltr'>lapidum</span> <span class='ocrx_word' id='word_1_877' title='bbox 3692 5334 3847 5390; x_wconf 89' lang='lat' dir='ltr'>duri-</span> 
     </span>
    </p>
   </div>
   <div class='ocr_carea' id='block_1_117' title="bbox 2156 5423 3846 5498">
    <p class='ocr_par' dir='ltr' id='par_1_117' title="bbox 2156 5423 3846 5498">
     <span class='ocr_line' id='line_1_117' title="bbox 2156 5423 3846 5498; baseline -0.005 -11"><span class='ocrx_word' id='word_1_878' title='bbox 2156 5432 2291 5487; x_wconf 91' lang='lat' dir='ltr'>tiam</span> <span class='ocrx_word' id='word_1_879' title='bbox 2342 5438 2750 5488; x_wconf 87' lang='lat' dir='ltr'>commutatur.</span> <span class='ocrx_word' id='word_1_880' title='bbox 2803 5429 2907 5486; x_wconf 85' lang='lat' dir='ltr'>Cui</span> <span class='ocrx_word' id='word_1_881' title='bbox 2961 5428 3294 5498; x_wconf 70' lang='lat' dir='ltr'>tropologiae</span> <span class='ocrx_word' id='word_1_882' title='bbox 3352 5425 3592 5496; x_wconf 89' lang='lat' dir='ltr'>pulchre</span> <span class='ocrx_word' id='word_1_883' title='bbox 3643 5423 3846 5479; x_wconf 90' lang='lat' dir='ltr'>alludit</span> 
     </span>
    </p>
   </div>
   <div class='ocr_carea' id='block_1_118' title="bbox 2155 5515 3844 5588">
    <p class='ocr_par' dir='ltr' id='par_1_118' title="bbox 2155 5515 3844 5588">
     <span class='ocr_line' id='line_1_118' title="bbox 2155 5515 3844 5588; baseline -0.006 -12"><span class='ocrx_word' id='word_1_884' title='bbox 2155 5520 2409 5588; x_wconf 87' lang='lat' dir='ltr'>Balaam,</span> <span class='ocrx_word' id='word_1_885' title='bbox 2478 5519 2639 5575; x_wconf 88' lang='lat' dir='ltr'>asino</span> <span class='ocrx_word' id='word_1_886' title='bbox 2687 5519 2909 5585; x_wconf 90' lang='lat' dir='ltr'>sedens,</span> <span class='ocrx_word' id='word_1_887' title='bbox 2965 5517 3020 5572; x_wconf 91' lang='lat' dir='ltr'>in</span> <span class='ocrx_word' id='word_1_888' title='bbox 3073 5515 3361 5587; x_wconf 89' lang='lat' dir='ltr'>angustiis</span> <span class='ocrx_word' id='word_1_889' title='bbox 3414 5515 3667 5570; x_wconf 88' lang='lat' dir='ltr'>duarum</span> <span class='ocrx_word' id='word_1_890' title='bbox 3726 5527 3844 5568; x_wconf 90' lang='lat' dir='ltr'>ma-</span> 
     </span>
    </p>
   </div>
   <div class='ocr_carea' id='block_1_119' title="bbox 2155 5601 3843 5678">
    <p class='ocr_par' dir='ltr' id='par_1_119' title="bbox 2155 5601 3843 5678">
     <span class='ocr_line' id='line_1_119' title="bbox 2155 5601 3843 5678; baseline -0.004 -13"><span class='ocrx_word' id='word_1_891' title='bbox 2155 5608 2442 5666; x_wconf 89' lang='lat' dir='ltr'>eeriarum</span> <span class='ocrx_word' id='word_1_892' title='bbox 2483 5607 2870 5678; x_wconf 85' lang='lat' dir='ltr'>deprehensus</span> <span class='ocrx_word' id='word_1_893' title='bbox 2912 5606 3090 5673; x_wconf 78' lang='lat' dir='ltr'>(Num.</span> <span class='ocrx_word' id='word_1_894' title='bbox 3133 5619 3274 5672; x_wconf 80' lang='grc'><strong>111111,</strong></span> <span class='ocrx_word' id='word_1_895' title='bbox 3314 5605 3425 5671; x_wconf 72' lang='grc'>24).</span> <span class='ocrx_word' id='word_1_896' title='bbox 3467 5601 3657 5659; x_wconf 88' lang='lat' dir='ltr'>Solent</span> <span class='ocrx_word' id='word_1_897' title='bbox 3694 5602 3843 5658; x_wconf 88' lang='lat' dir='ltr'>enim</span> 
     </span>
    </p>
   </div>
  </div>
