3950 6420
27 362 133 412 3ὶ9

760 357 1226 416 TROPOLOGl/F.
1266 359 1334 416 IN
1374 360 1569 421 OSEE.
1610 361 1797 417 ΑΜοὸ
1835 363 1925 418 ET
1963 361 2112 416 JER.
2172 390 2224 400 -—
2265 360 2320 415 LI

1274 359 1334 416 IN
1374 360 1569 421 OSEE.
1610 361 1797 417 Αὶιοε
1835 363 1925 418 ΕΤ
1963 361 2112 416 JER.
2172 390 2224 400 -
2265 360 2389 415 LIB.
2434 359 2478 413 ῐ.
2521 360 2592 415 ΙΝ
2630 360 2834 416 OSEE.

3454 364 3558 416 350

0 490 254 547 italibus
280 492 613 562 provenire,
654 498 719 547 ut
749 491 941 548 subita
984 491 1301 548 mutatione
1328 493 1571 549 fortunae
1602 493 1752 549 ami-
1790 496 1838 549 A
1862 493 2082 562 citium,
2114 493 2270 564 quod
2317 492 2471 548 circa
2499 493 2819 561 scientiam,
2869 508 3001 564 quae
3033 507 3133 564 per
3180 494 3394 561 lanam,
3428 508 3559 565 quae

9 573 125 636 ‘cos
181 596 357 650 aeque
413 590 479 637 ut
527 581 789 636 inimicos
839 582 1219 650 experiantur
1273 582 1543 638 infensos.
1598 583 1757 639 Unde

26 672 262 722 semitas
313 684 444 722 suus
470 669 589 739 jam
621 683 727 721 non
774 671 1001 733 invenit,
1044 668 1184 738 quia
1231 669 1573 725 diverticula
1619 684 1756 739 pra-

0 771 249 811 —varum
284 757 577 812 actionum
605 765 657 812 et
686 756 1034 813 iurtivorum
1060 758 1422 814 moliniinum
1452 762 1758 831 angiporta

0 845 223 899 divini
247 844 457 915 judicii
490 844 760 899 incursus
791 844 1089 901 obstrusit.

0 946 3 980 κ
102 933 292 989 Vens.
353 938 406 987 7.
460 964 529 973 ——
564 954 584 982 ι
638 934 707 988 Ει
750 934 945 989 dicet:
988 934 1229 999 Vadam,
1279 942 1333 990 et
1380 944 1638 992 revertar
1684 936 1755 992 ad

34 1041 54 1065 -
88 1020 303 1076 virum
353 1036 545 1077 meum
593 1023 863 1092 priorem,
898 1023 1039 1092 quia
1091 1023 1232 1078 bene
1264 1023 1407 1079 mihi
1450 1033 1574 1080 erat
1618 1034 1759 1081 tunc

30 1132 57 1156 »
96 1110 304 1181 magis
358 1125 537 1181 quam
589 1125 766 1167 nunc.
832 1132 853 1160 ι
917 1111 1093 1179 Dicet,
1144 1112 1407 1168 videlicet
1460 1122 1756 1185 proponet.

0 1200 293 1266 :Vadam,
353 1203 567 1257 scilicet
608 1216 641 1256 a
691 1201 818 1256 talis
863 1202 1324 1272 prosperitatum)
1373 1218 1461 1259 me
1518 1219 1761 1275 occupa-

0 1286 195 1343 itione
230 1303 583 1344 removeam.
638 1291 733 1345 Αιι
780 1294 957 1345 virum
1007 1307 1181 1345 meum
1210 1296 1446 1361 priorem
1491 1301 1754 1361 revertar,

29 1390 181 1445 quia
235 1377 314 1432 ad
345 1392 502 1443 eum,
535 1377 626 1434 cui
678 1379 867 1448 prima
915 1393 1061 1447 mea,
1112 1394 1203 1435 me
1233 1380 1467 1447 scilicet,
1506 1388 1561 1437 et
1589 1396 1758 1438 omne

27 1465 297 1521 interius
349 1481 541 1521 meum
596 1466 791 1535 debeo,
846 1483 936 1523 me
967 1468 1236 1536 referam,
1283 1483 1317 1524 a
1349 1484 1468 1540 quo
1515 1471 1760 1527 viriliter

27 1569 235 1615 regar.
293 1555 445 1611 Bene
475 1558 611 1610 mihi
657 1562 776 1610 erat
823 1562 948 1611 tunc
984 1560 1161 1625 magis
1212 1574 1377 1627 quam
1405 1575 1570 1626 nunc,
1618 1560 1759 1630 quia

0 1651 355 1713 postquam
403 1645 654 1713 primum
709 1646 992 1712 ordinem,
1026 1655 1081 1701 et
1129 1646 1341 1702 divinae
1382 1647 1759 1704 institutionis

0 1731 312 1802 .legisque
361 1743 586 1789 naturae
637 1734 883 1805 deservi,
939 1735 1281 1793 multimodo
1332 1750 1422 1793 me
1469 1737 1651 1793 errori
1702 1745 1756 1794 et

0 1820 224 1876 :dolori
261 1820 501 1877 inservi.

0 1928 7 1963 :
100 1910 287 1966 Vnus.
323 1913 377 1965 8.
408 1939 481 1952 —
533 1932 555 1960 ‹
607 1910 679 1967 Et
727 1911 849 1967 haec
877 1911 1142 1979 nescivit,
1192 1912 1333 1984 quia
1387 1928 1498 1985 ego
1541 1914 1668 1970 dedi
1707 1915 1759 1971 ei

0 2021 53 2051 ιι
93 1998 496 2067 frumentum,
546 2007 599 2056 et
631 2000 855 2069 vinum,
907 2009 961 2057 et
990 2001 1199 2058 oleum.
1241 2003 1380 2063 »Λα
1422 2002 1467 2058 si
1499 2002 1755 2060 diceret:

0 2089 171 2143 :llaec
230 2087 586 2143 miserabilis
631 2088 748 2155 illa,
789 2089 926 2145 dum
973 2099 1260 2147 amatores
1308 2100 1760 2162 prosequeretur

26 2178 304 2249 iniquos,
355 2178 510 2248 quod
559 2178 667 2234 sibi
695 2188 882 2235 essent
928 2179 985 2235 in
1018 2180 1325 2237 adversum
1374 2183 1762 2238 convertenda

0 2267 313 2322 '-nescivit.
350 2268 425 2323 At
454 2267 623 2322 modo
668 2282 783 2323 non
815 2267 1097 2324 immerito
1142 2269 1550 2338 postliminium
1580 2271 1756 2326 medi-

0 2363 222 2423 ..tatur,
286 2355 429 2426 quia
482 2370 587 2426 ego
618 2356 745 2412 dedi
776 2358 828 2412 ei
881 2371 1106 2425 causas,
1160 2373 1262 2428 pro
1320 2359 1536 2429 quibus
1567 2359 1638 2414 ad
1671 2374 1758 2415 me

0 2445 278 2501 .avidius
324 2453 668 2501 revertatur.
722 2447 1101 2502 Frumentum
1146 2448 1263 2512 dat,
1302 2463 1436 2503 cum
1481 2448 1757 2505 doctrinae

0 2534 324 2590 salutaris
369 2534 640 2589 alimenta
687 2534 992 2591 ministrat.
1042 2537 1112 2591 Et
1147 2536 1287 2605 quia
1338 2537 1759 2605 praedicationis

22 2625 152 2679 sive
209 2623 480 2678 lectionis
534 2624 884 2691 exercitatio,
950 2626 1073 2680 sine
1128 2625 1328 2680 divina
1386 2626 1758 2696 inspiratione

0 2720 229 2767 'vacua
284 2719 527 2779 constat,
576 2712 779 2768 vinum
814 2728 1081 2783 supernae
1130 2714 1452 2769 dulcedinis
1500 2716 1751 2783 additur,

25 2815 150 2869 quo
186 2799 411 2855 veteris
456 2800 675 2856 inertiae
703 2809 899 2870 torpor
927 2802 1213 2857 abscedat.
1252 2804 1431 2858 Datur
1456 2811 1509 2858 et
1540 2804 1753 2871 oleum,

0 2898 91 2947 ,ut
146 2887 574 2959 progrediatur
623 2889 882 2944 suavitas
926 2890 1244 2945 dilectionis
1274 2892 1346 2946 ad
1400 2892 1749 2960 proximum.

0 3002 47 3039 γι
89 2978 168 3033 Ει
219 2985 539 3047 argentum
570 2978 949 3048 multiplicavi
987 2979 1059 3046 ei,
1093 2990 1147 3035 et
1178 2994 1410 3048 aurum,
1444 2996 1575 3051 qua:
1609 2982 1753 3037 fece-

1863 583 2160 639 crassioris
2207 590 2433 638 naturae
2463 590 2565 649 est,
2604 583 2964 654 intelligitur,
3007 583 3354 650 habuimus;
3385 591 3441 639 et
3488 582 3561 639 li—

1863 687 2006 728 num
2037 671 2351 727 subtilioris
2396 672 2805 743 intelligentiae,
2839 688 2970 743 quae
3019 672 3301 743 sapientia
3330 672 3561 735 dicitur,

1864 760 2067 817 bravio
2116 759 2329 815 cmlesti
2381 761 2751 829 appenderat.
2801 761 3018 816 Lanam
3050 763 3221 818 etiam
3276 769 3331 817 et
3377 760 3560 816 linum

1863 850 2056 915 librat,
2105 849 2339 919 quando
2397 848 2683 919 quidquid
2737 850 3128 919 tcmporaliter
3183 857 3284 906 aut
3328 848 3564 915 scimus,

1863 948 1965 995 aut
2013 938 2289 1008 sapimus,
2333 937 2504 993 etiam
2537 938 2593 993 in
2629 939 2892 1007 praesenti
2940 938 3012 993 ad
3062 938 3162 994 Dei
3206 937 3565 1007 contempla-

1863 1029 2072 1084 tionem
2131 1026 2430 1096 suspendit
2480 1034 2536 1081 et
2586 1026 2792 1082 elevat.
2847 1026 2953 1084 Cui
3001 1034 3275 1083 consonat
3316 1041 3328 1081 :
3379 1048 3400 1075 ι
3456 1023 3565 1092 Qui

1864 1116 2155 1187 appendit,
2208 1116 2417 1185 inquit,
2452 1116 2640 1171 tribus
2683 1116 2895 1185 digitis,
2932 1116 2986 1172 id
3029 1125 3114 1172 est
3150 1130 3343 1172 amore
3371 1113 3567 1170 Trini-

1865 1204 2016 1270 tatis,
2068 1203 2275 1259 molem
2328 1212 2569 1260 terrenae
2618 1206 2844 1268 mentis.
2893 1214 2947 1261 et
2979 1205 3154 1262 librat
3204 1206 3263 1261 in
3318 1205 3567 1275 pondere

1864 1301 2087 1348 montes
2117 1294 2276 1361 (Isai.
2329 1308 2419 1360 xL,
2458 1294 2566 1363 l2),
2606 1316 2626 1341 ι
2665 1303 2728 1349 ut
2774 1294 2959 1349 sancti
3005 1303 3293 1365 quantum
3345 1302 3564 1361 amant,

1864 1389 2091 1437 tantum
2140 1381 2350 1436 interni
2398 1383 2619 1451 saporis
2666 1382 2978 1453 accipiant.
3046 1383 3278 1438 Pondus
3332 1383 3485 1438 enim
3534 1396 3568 1436 a

1860 1470 2144 1539 pendme
2189 1470 2421 1538 dicitur,
2469 1478 2525 1525 et
2554 1470 2656 1541 qui
2703 1471 2910 1540 pendet
2945 1472 3015 1527 ad
3066 1471 3286 1542 aliquid
3318 1470 3568 1526 inclina-

1867 1567 1982 1622 tur,
2030 1561 2185 1616 unde
2228 1568 2282 1615 et
2311 1554 2413 1631 'qui
2462 1571 2618 1617 amat
2646 1561 2879 1630 pendere
2916 1560 3147 1616 dicitur.
3195 1561 3325 1615 Haec
3354 1562 3565 1629 operie-

1867 1648 1997 1703 bant
2037 1651 2394 1715 ignominiam
2422 1652 2561 1717 ejus,
2595 1651 2734 1720 quia
2779 1664 2895 1720 quo
2927 1649 3110 1719 major
3140 1648 3431 1718 aliquibus
3460 1662 3569 1703 ex-

1864 1737 2070 1793 uberat
2121 1737 2178 1792 in
2214 1738 2477 1806 praesenti
2528 1739 2760 1805 astutia,
2810 1752 2876 1792 eo
2916 1736 3147 1793 licentia
3193 1736 3465 1805 peccandi
3496 1749 3569 1791 ex

1870 1826 2212 1883 eruditionis
2257 1827 2539 1884 velamine
2594 1827 2778 1899 magis
2829 1826 2912 1882 eis
2958 1826 3139 1882 inesse
3189 1826 3415 1881 videtur
3462 1838 3568 1881 au-

1870 1914 2141 1971 thentica.

1939 2004 2111 2061 Vens.
2147 2007 2229 2059 lO.
2256 2033 2329 2046 —
2359 2026 2379 2053 ι
2418 2005 2487 2060 Et
2518 2012 2657 2060 tunc
2704 2003 2968 2060 revelabo
3014 2002 3317 2059 stultitiam
3355 2003 3482 2073 ejus
3511 2000 3570 2057 in

1871 2113 1892 2141 ι
1933 2092 2115 2149 oculis
2173 2101 2499 2150 amatorum
2542 2094 2689 2164 ejus,
2747 2101 2802 2149 et
2850 2092 2939 2147 vir
2969 2107 3084 2148 non
3137 2099 3300 2148 eruet
3344 2105 3470 2147 eam
3502 2090 3571 2147 de

1870 2203 1891 2229 ι
1928 2196 2109 2238 manu
2147 2197 2293 2238 mea.
2355 2204 2378 2231 -
2412 2182 2581 2239 Nunc
2611 2182 2905 2238 revelatur
2952 2180 3195 2237 stultitia
3224 2180 3372 2251 ejus,
3428 2179 3571 2249 quia

1865 2271 1923 2326 in
1955 2271 2079 2341 ipso
2110 2271 2503 2327 conversionis
2543 2271 2670 2340 ejus
2700 2285 2851 2326 novo
2887 2278 3040 2326 statu
3085 2278 3409 2325 amatorum
3443 2267 3571 2338 ejus

1864 2360 2066 2425 oculis,
2110 2360 2163 2415 id
2194 2367 2275 2415 est
2320 2360 2585 2415 sensibus
2630 2359 2869 2430 intelligi
2902 2359 3094 2425 datur,
3142 2357 3283 2428 quia
3311 2357 3568 2412 studium

1868 2449 2009 2505 illud
2052 2448 2448 2504 inordinatum
2491 2456 2545 2505 et
2579 2448 2969 2518 incompetens
3015 2454 3159 2512 erat,
3214 2446 3368 2517 quod
3411 2453 3572 2500 tanta

1864 2538 2162 2594 severitate
2216 2538 2624 2593 contemnitur.
2676 2537 2831 2593 Nulli
2883 2536 3036 2592 enim
3081 2535 3359 2606 improvis
3409 2535 3568 2589 viva-

1862 2628 2019 2682 ciora
2044 2627 2309 2697 exempla
2359 2634 2711 2697 proponunt,
2745 2639 2922 2695 quam
2956 2624 3058 2695 qui
3100 2638 3200 2694 pro
3231 2625 3344 2679 Deo
3374 2623 3446 2678 ab
3476 2638 3571 2678 eo-

1865 2731 1996 2773 rum
2045 2716 2376 2772 illecebrosa
2422 2716 2687 2771 societate
2732 2713 3075 2771 desciscunt.
3126 2712 3230 2770 Vir
3274 2712 3343 2767 de
3391 2726 3570 2767 manu

1866 2806 1965 2861 Dei
1997 2820 2123 2861 eam
2166 2821 2281 2861 non
2310 2806 2479 2869 eruit,
2527 2805 2669 2875 quia
2712 2804 2911 2860 nullus
2941 2803 3081 2859 adeo
3123 2802 3301 2858 vivax
3331 2800 3569 2856 rationis

1863 2902 1948 2950 est
1980 2903 2187 2961 motus,
2237 2894 2339 2964 qui
2386 2901 2585 2949 contra
2616 2893 2951 2963 ingruentes
2994 2891 3147 2947 cordi
3191 2891 3319 2961 ejus
3367 2888 3565 2945 aeterni

1857 2983 2063 3055 judicii
2098 2984 2284 3039 minas
2305 2982 2637 3038 excusabile
2662 2982 2884 3051 aliquid
2917 2980 3078 3051 loqui
3106 2979 3297 3048 possit.

1796 1799 1835 1853 Β

28 3088 48 3115 ι
84 3075 242 3122 runt
286 3065 438 3120 Baal.
489 3087 507 3114 ι
544 3066 845 3132 Argentum
899 3068 1259 3137 multiplicat,
1314 3084 1447 3125 cum
1488 3070 1753 3140 Scriptu-
1794 3089 1834 3144 ρ
1937 3071 2105 3128 Vens.
2144 3075 2226 3137 ll,
2284 3075 2366 3125 l2.
2397 3099 2470 3111 -—
2502 3092 2523 3119 ι
2578 3071 2648 3124 Ει
2678 3084 2899 3125 cessare
2946 3068 3154 3124 faciam
3196 3081 3366 3122 omne
3413 3080 3564 3136 gau-

2 3170 242 3211 trarum
283 3153 603 3221 scientiam,
631 3155 753 3209 sive
780 3155 1053 3211 doctrinae
1073 3156 1384 3211 eflicaciam
1413 3172 1756 3229 coaugmen-

0 3252 130 3303 rtat.
183 3247 415 3299 Aurum
461 3257 697 3313 quoque
725 3244 922 3299 eadem
972 3244 1239 3315 largitate
1285 3256 1587 3316 praerogat,
1620 3262 1754 3303 cum

23 3342 131 3389 aut
200 3345 601 3400 supernorum
666 3332 949 3400 notitiam,
1011 3341 1113 3389 aut
1169 3334 1303 3389 vitae
1357 3335 1751 3391 excellentiam

22 3421 470 3477 subministrat.
508 3422 636 3476 Haec
666 3422 959 3491 quondam
992 3422 1124 3477 Baal
1174 3422 1448 3489 fecerunt,
1482 3425 1621 3494 quia
1655 3440 1755 3495 per

2 3512 284 3573 inanem
336 3508 576 3579 gloriam
612 3509 670 3564 in
704 3509 987 3566 diabolica
1025 3511 1260 3567 servitia
1289 3512 1529 3569 abusive
1560 3522 1753 3570 trans-

24 3600 331 3656 tulerunt.

88 3688 258 3744 Nota
310 3686 709 3755 prepheticum
740 3701 975 3751 morem,
1025 3701 1203 3758 quam
1253 3688 1417 3746 facile
1446 3690 1515 3746 de
1543 3690 1753 3762 singu-

17 3777 137 3833 lari
174 3776 257 3831 ad
312 3774 614 3843 pluralem,
648 3776 717 3830 de
758 3776 969 3845 plurali
1013 3777 1083 3830 ad
1115 3777 1491 3848 singularem,
1524 3780 1593 3835 de
1635 3795 1753 3849 per-

4 3879 179 3922 sona
215 3877 455 3934 quoque
487 3863 558 3918 ad
603 3877 907 3933 personam
937 3864 1258 3921 delabatur.
1295 3867 1455 3922 Unde
1484 3868 1755 3937 superius

10 3956 242 4011 dicens
300 3953 516 4019 Sepiam
584 3954 756 4005 vitam
811 3959 982 4019 tuam,
1044 3954 1291 4024 subjecit
1343 3968 1476 4010 mox
1531 3960 1752 4012 semitas

9 4058 167 4099 suas
218 4056 328 4095 non
374 4042 624 4094 inveniet.
680 4041 751 4096 Et
801 4041 893 4097 hic
945 4058 1078 4098 cum
1135 4058 1195 4098 se
1246 4046 1294 4099 ei
1347 4044 1753 4113 multiplicasse

8 4144 260 4189 aurum
318 4129 567 4198 diceret,
638 4130 1106 4202 subdiditzquae
1164 4132 1461 4201 fecerunt,
1523 4133 1749 4205 inquit,

13 4221 203 4279 Baal.

2 4342 5 4377 μ
92 4309 291 4367 Vsus.
328 4308 381 4360 9.
412 4336 480 4344 —
514 4326 541 4353 α
570 4306 787 4362 Idcirco
814 4317 1137 4376 convertar,
1166 4317 1220 4364 et
1249 4323 1475 4365 sumam
1506 4310 1755 4366 frumen-

1864 3181 1886 3209 ι
1925 3160 2087 3216 dium
2135 3161 2281 3231 ejus,
2329 3158 2748 3214 solemnitatem
2801 3157 2948 3227 ejus,
2999 3155 3363 3212 neomeuiam
3412 3156 3559 3225 ejus,

1865 3270 1887 3298 ι
1922 3248 2232 3304 Sabbatum
2282 3248 2428 3319 ejus,
2479 3255 2533 3303 et
2565 3246 2760 3303 omnia
2811 3246 2952 3301 festa
2997 3253 3256 3314 tempora
3305 3244 3455 3313 ejus.
3496 3243 3562 3299 Et

1864 3359 1885 3386 ι
1925 3351 2291 3405 corrumpam
2334 3337 2563 3391 vineam
2596 3336 2741 3406 ejus,
2773 3342 2828 3390 et
2872 3334 3045 3389 ticum
3075 3334 3201 3403 ejus
3246 3332 3315 3388 de
3345 3331 3563 3401 quibus

1865 3448 1888 3477 ι
1925 3427 2071 3482 dixit
2113 3441 2125 3479 :
2172 3426 2455 3481 Mercedes
2512 3426 2618 3491 hae,
2673 3438 2812 3479 meae
2857 3431 3011 3489 sunt,
3070 3436 3219 3492 quas
3276 3420 3560 3477 dederunt

1867 3537 1888 3564 ι
1925 3514 2067 3570 mihi
2111 3522 2395 3569 amatores
2443 3514 2572 3568 tnei.
2613 3534 2633 3561 ι
2693 3516 2853 3569 Omne
2896 3512 3158 3580 gaudium
3208 3509 3323 3581 ejus
3355 3524 3561 3563 cessare

1861 3604 2015 3668 facit,
2077 3617 2210 3659 cum
2256 3602 2545 3673 quidquid
2596 3601 2800 3671 ineptae
2848 3601 3055 3657 laetitiae
3093 3614 3166 3655 ex
3214 3598 3561 3655 instantibus

1861 3691 2148 3763 prosperis
2192 3700 2431 3747 eatenus
2480 3691 2786 3761 colligebat
2836 3690 2955 3745 solo
3002 3688 3394 3759 lacrymarum
3452 3701 3561 3757 ap-

1861 3781 2042 3850 petitu
2083 3781 2310 3850 despuit
2344 3793 2357 3835 :
2398 3802 2420 3827 ι
2458 3781 2737 3846 Fuerunt,
2781 3778 3071 3849 inquiens,
3102 3777 3369 3847 lacrymae
3400 3789 3558 3842 meae,

1861 3884 2040 3939 panes
2085 3870 2176 3924 die
2223 3884 2291 3925 ac
2337 3877 2501 3924 nocte
2532 3869 2698 3935 (Psat.
2736 3882 2849 3935 xu,
2883 3867 2957 3933 4).
3014 3888 3034 3913 ι
3067 3865 3407 3921 Solemnitas
3436 3864 3563 3933 ejus

1860 3966 2063 4026 cessat,
2108 3973 2240 4014 cum
2273 3958 2452 4028 hujus
2483 3956 2685 4013 mundi
2714 3955 3046 4025 spectacula
3076 3955 3196 4025 jam
3222 3962 3277 4009 et
3305 3953 3561 4007 celeber-

1860 4047 2056 4113 rimos,
2095 4047 2198 4117 qui
2246 4047 2444 4102 oculos
2476 4046 2763 4115 praecipue
2805 4057 3036 4114 pascere
3065 4042 3270 4109 solent,
3300 4054 3559 4097 conven-

1861 4146 1953 4191 tus
1985 4136 2231 4206 ignorat.
2259 4134 2571 4192 Neomenia
2601 4148 2854 4205 quoque,
2893 4146 3024 4203 quae
3055 4145 3206 4187 nova
3246 4130 3385 4185 luna
3414 4128 3563 4184 dici-

1859 4232 1976 4291 tur,
2011 4223 2388 4294 conquiescit,
2438 4223 2578 4294 quia
2628 4221 2791 4277 nulla
2834 4230 3155 4290 temporum
3206 4218 3450 4274 mutatio
3493 4217 3563 4273 de

1860 4312 2117 4367 adversis
2162 4312 2395 4379 scilicet,
2439 4326 2571 4382 quae
2602 4324 2781 4380 supra
2826 4309 3149 4375 retulimus,
3186 4308 3242 4363 in
3289 4320 3563 4377 prospera

15 4424 39 4451 )
82 4408 229 4457 tum
285 4409 479 4451 meum
511 4395 568 4450 in
623 4402 874 4465 tempore
931 4410 1054 4463 suo,
1106 4406 1162 4453 et
1206 4397 1407 4453 vinum
1459 4414 1651 4454 meum
1694 4400 1750 4455 in
1792 4390 2110 4457 Dmentem
2174 4401 2301 4472 ejus
2361 4401 2418 4455 in
2494 4413 2652 4469 spem
2718 4398 2950 4453 inanem
3008 4397 3196 4470 erigit.
3248 4396 3562 4454 Sabbatum

19 4514 40 4540 ι
80 4498 364 4555 tempore
410 4498 532 4550 suo,
585 4491 640 4540 et
673 4484 926 4541 liberabo
981 4485 1175 4541 lanam
1231 4500 1437 4554 meam,
1468 4496 1523 4544 et
1567 4488 1751 4545 linum

18 4601 40 4627 ι
82 4587 327 4640 meum,
360 4587 491 4643 quae
517 4574 849 4643 aperiebant
880 4574 1261 4645 ignominiam
1293 4578 1440 4648 ejus.
1480 4600 1500 4626 ι
1538 4578 1754 4633 Idcirco

15 4664 377 4730 revertitur,
426 4662 566 4731 quia
593 4678 666 4719 ex
698 4672 990 4720 tantorum
1026 4680 1357 4733 munerum,
1396 4682 1527 4737 quae
1554 4667 1602 4721 ei
1641 4668 1752 4723 im-

11 4754 339 4827 penderat,
382 4750 837 4808 consideratione
882 4752 1217 4809 reﬂectitur.
1272 4755 1431 4811 Unde
1464 4757 1666 4811 crebro
1698 4757 1750 4811 ei

15 4842 375 4915 objicimus,
424 4848 486 4896 ut
524 4845 665 4896 188
695 4856 813 4908 eos,
865 4857 966 4912 pro
998 4843 1213 4913 quibus
1264 4859 1495 4913 passum
1541 4860 1599 4900 se
1629 4861 1750 4900 me-

14 4932 227 4997 minit,
287 4928 570 4985 diabolica
616 4945 732 4986 non
792 4931 944 4987 sinat
997 4932 1201 4988 fraude
1250 4933 1508 4989 lacerari.
1566 4934 1752 4989 Sumit

14 5022 378 5088 frumentum
409 5032 566 5071 suum
613 5020 670 5071 in
702 5024 936 5086 tempore
963 5035 1079 5079 suo.
1112 5035 1243 5076 cum
1276 5021 1533 5077 divinam
1567 5022 1748 5077 scien-

18 5113 199 5172 tiam,
237 5121 354 5161 non
404 5120 522 5175 qna
566 5107 937 5176 abutebatur,
984 5108 1079 5163 sed
1125 5124 1292 5165 suam
1342 5120 1661 5178 conservat,
1695 5120 1751 5168 et

22 5199 250 5254 retinet
300 5196 788 5251 remunerandam
820 5196 1186 5265 aeternaliler,
1228 5199 1379 5267 quod
1411 5207 1495 5254 est
1524 5202 1581 5253 in
1614 5205 1751 5253 tem-

16 5304 161 5357 pore
194 5300 314 5339 suo.
357 5284 435 5338 De
481 5298 597 5352 quo
627 5285 839 5341 dicitur
871 5300 885 5339 :
928 5308 948 5333 ι
985 5286 1235 5354 Tempus
1267 5301 1458 5342 meum
1494 5288 1751 5343 nondum

20 5374 276 5431 advenit
330 5375 506 5442 (Joan.
569 5388 665 5439 vn,
719 5375 789 5441 6).
856 5397 876 5423 ι
942 5376 1040 5430 Est
1094 5385 1289 5429 autem
1352 5383 1574 5445 tempus
1629 5376 1752 5432 sine

21 5475 308 5534 tempore.
362 5475 467 5530 pro
517 5462 745 5527 saeculo,
802 5463 892 5519 vel
953 5470 1109 5518 statu
1156 5477 1272 5517 non
1323 5477 1426 5533 pro
1477 5465 1752 5520 varietate

22 5554 307 5625 positum.
344 5551 427 5606 De
462 5549 594 5605 vino
628 5558 684 5606 et
725 5558 977 5621 tempore
1008 5551 1137 5621 ejus
1166 5551 1314 5607 idem
1346 5551 1607 5608 sentitur.
1648 5554 1751 5607 La-

24 5661 160 5698 nam
182 5656 360 5699 suam
391 5647 449 5696 et
482 5640 652 5693 linum
683 5654 857 5697 suum
883 5642 1034 5697 Deus
1065 5640 1287 5707 liberat,
1322 5641 1557 5712 quando
1586 5655 1750 5697 exer-

1858 4491 2062 4547 deinde
2106 4491 2446 4557 destruitur,
2497 4488 2731 4559 quando
2772 4491 2969 4557 torpor
3011 4495 3066 4543 et
3098 4488 3280 4543 otium
3319 4486 3393 4543 ab
3437 4487 3566 4557 ejus

1857 4580 2200 4651 cogitatione
2231 4578 2530 4635 recutitur.
2554 4576 2775 4632 Etenim
2804 4576 3333 4632 Nabuchodonosor
3356 4575 3559 4637 otium.

1853 4669 2028 4740 juxta
2075 4667 2356 4733 Ezechiel,
2412 4666 2791 4722 Sabbatorum
2847 4664 3108 4719 imitatur
3152 4664 3379 4732 (Ezech.
3440 4677 3560 4730 xxi,

1855 4760 1967 4821 23).
1999 4756 2204 4813 Omnia
2236 4755 2375 4811 festa
2410 4762 2669 4824 tempora
2697 4752 2823 4822 ejus
2852 4752 3182 4821 sopiuntur,
3216 4752 3355 4807 dum
3390 4752 3560 4822 quid-

1858 4845 2002 4916 quid
2053 4844 2112 4899 in
2161 4845 2265 4899 hoc
2297 4843 2507 4898 saeculo
2549 4841 2871 4913 jocundum
2924 4847 2981 4895 et
3009 4840 3259 4910 optabile
3308 4839 3562 4896 suboriri

1858 4942 2041 5005 potest
2094 4933 2151 4988 in
2203 4934 2330 5003 ejus
2385 4932 2700 4987 intentione
2748 4928 3142 4985 commoritur.
3204 4929 3389 4985 Vinea
3435 4928 3563 5000 ejus

1858 5022 2275 5092 corrumpitur,
2333 5020 2569 5091 quando
2613 5032 2773 5074 amor
2816 5017 3034 5083 saeculi,
3074 5032 3146 5073 ex
3189 5033 3306 5087 quo
3356 5018 3560 5074 vinum

1862 5113 2036 5167 totius
2064 5110 2367 5166 dementiae
2400 5110 2690 5176 hauserat,
2741 5108 2797 5163 in
2825 5110 2952 5178 ejus
2996 5107 3327 5178 praecordiis
3356 5107 3560 5163 exstir-

1862 5210 2050 5270 patur.
2100 5199 2259 5255 Sicut
2306 5198 2459 5255 enim
2491 5198 2699 5254 domus
2747 5197 2918 5253 Israel
2952 5196 3119 5252 vinea
3177 5196 3275 5252 Dei
3326 5196 3561 5264 dicitur,

1860 5289 1940 5344 ita
1980 5303 2011 5344 e
2054 5288 2281 5343 diverso
2318 5286 2489 5342 vinea
2521 5286 2923 5351 Sodomorum,
2973 5293 3029 5341 et
3058 5285 3201 5341 alias
3243 5284 3411 5342 vinea
3444 5294 3566 5341 ter-

1858 5393 1951 5443 rae,
1970 5376 2314 5447 appellatur.
2353 5377 2522 5432 Ficus
2548 5390 2782 5446 quoque
2820 5374 3233 5446 corrumpitur,
3266 5389 3398 5445 quae
3426 5388 3567 5429 suc-

1859 5482 1955 5523 cos
2003 5466 2229 5533 lacteos,
2284 5480 2593 5535 ramosque
2647 5474 2870 5521 teneros
2917 5463 3130 5520 habere
3181 5463 3561 5534 dignoscitur,

1860 5568 1991 5610 cum
2027 5568 2209 5623 prava
2240 5569 2411 5623 penes
2439 5553 2739 5619 saeculum,
2770 5553 2861 5609 vel
2896 5561 3180 5623 parentes,
3215 5568 3347 5623 quae
3380 5552 3564 5607 Deum

1860 5642 2121 5713 postponi
2171 5643 2353 5712 docet,
2404 5642 2627 5700 affectio
2659 5657 2695 5699 a
2736 5642 2908 5700 corde
2958 5641 3236 5713 rejicitur.
3289 5642 3450 5697 Hanc
3490 5640 3563 5699 ﬂ~
