  <div class='ocr_page' id='page_1' title='image "/cluster/home/n/w/nwhite01/storage/ocr_20150623/156-157/uc1.31175010662024/181.png"; bbox 0 0 3950 6416; ppageno 0'>
   <div class='ocr_carea' id='block_1_1' title="bbox 389 383 2988 444">
    <p class='ocr_par' dir='ltr' id='par_1_1' title="bbox 389 383 2988 444">
     <span class='ocr_line' id='line_1_1' title="bbox 389 383 2988 444; baseline 0 -2"><span class='ocrx_word' id='word_1_1' title='bbox 389 390 483 444; x_wconf 75' lang='grc'><strong>351</strong></span> <span class='ocrx_word' id='word_1_2' title='bbox 1287 387 1351 442; x_wconf 84' lang='grc' dir='ltr'><strong>ν.</strong></span> <span class='ocrx_word' id='word_1_3' title='bbox 1392 384 1724 442; x_wconf 82' lang='lat' dir='ltr'><strong>GUIBERTI</strong></span> <span class='ocrx_word' id='word_1_4' title='bbox 1761 384 2055 439; x_wconf 79' lang='lat' dir='ltr'><strong>ABBATIS</strong></span> <span class='ocrx_word' id='word_1_5' title='bbox 2091 385 2147 440; x_wconf 93' lang='lat' dir='ltr'><strong>S.</strong></span> <span class='ocrx_word' id='word_1_6' title='bbox 2192 383 2428 438; x_wconf 69' lang='lat' dir='ltr'><strong>MARIAS</strong></span> <span class='ocrx_word' id='word_1_7' title='bbox 2467 385 2559 440; x_wconf 86' lang='lat' dir='ltr'><strong>DE</strong></span> <span class='ocrx_word' id='word_1_8' title='bbox 2598 383 2988 442; x_wconf 79' lang='lat' dir='ltr'><strong>NOVIGENTO</strong></span> 
     </span>
    </p>
   </div>
   <div class='ocr_carea' id='block_1_2' title="bbox 3806 388 3922 438">
    <p class='ocr_par' dir='ltr' id='par_1_2' title="bbox 3806 388 3922 438">
     <span class='ocr_line' id='line_1_2' title="bbox 3806 388 3922 438; baseline 0 0"><span class='ocrx_word' id='word_1_9' title='bbox 3806 388 3922 438; x_wconf 78' lang='lat'><strong>35&#39;2</strong></span> 
     </span>
    </p>
   </div>
   <div class='ocr_carea' id='block_1_3' title="bbox 389 513 3926 589">
    <p class='ocr_par' dir='ltr' id='par_1_3' title="bbox 389 513 3926 589">
     <span class='ocr_line' id='line_1_3' title="bbox 389 513 3926 589; baseline -0.002 -15"><span class='ocrx_word' id='word_1_10' title='bbox 389 533 522 575; x_wconf 90' lang='lat' dir='ltr'><strong>cum</strong></span> <span class='ocrx_word' id='word_1_11' title='bbox 551 518 704 589; x_wconf 90' lang='lat' dir='ltr'><strong>apud</strong></span> <span class='ocrx_word' id='word_1_12' title='bbox 734 517 912 574; x_wconf 91' lang='lat' dir='ltr'><strong>alium</strong></span> <span class='ocrx_word' id='word_1_13' title='bbox 943 517 1299 588; x_wconf 80' lang='lat' dir='ltr'><strong>prophetam,</strong></span> <span class='ocrx_word' id='word_1_14' title='bbox 1327 530 1386 571; x_wconf 91' lang='lat' dir='ltr'><strong>se</strong></span> <span class='ocrx_word' id='word_1_15' title='bbox 1418 515 1568 571; x_wconf 89' lang='lat' dir='ltr'><strong>Deus</strong></span> <span class='ocrx_word' id='word_1_16' title='bbox 1592 513 2075 570; x_wconf 89' lang='lat' dir='ltr'><strong>decorticaturum</strong></span> <span class='ocrx_word' id='word_1_17' title='bbox 2116 515 2162 567; x_wconf 80' lang='grc' dir='ltr'><strong>Α</strong></span> <span class='ocrx_word' id='word_1_18' title='bbox 2192 527 2420 570; x_wconf 81' lang='lat' dir='ltr'><strong>aversos</strong></span> <span class='ocrx_word' id='word_1_19' title='bbox 2447 529 2586 585; x_wconf 86' lang='lat' dir='ltr'><strong>ergo</strong></span> <span class='ocrx_word' id='word_1_20' title='bbox 2613 515 2653 571; x_wconf 94' lang='lat' dir='ltr'><strong>it</strong></span> <span class='ocrx_word' id='word_1_21' title='bbox 2682 515 2783 586; x_wconf 87' lang='lat' dir='ltr'><strong>qui</strong></span> <span class='ocrx_word' id='word_1_22' title='bbox 2803 515 2902 571; x_wconf 89' lang='lat' dir='ltr'><strong>Dei</strong></span> <span class='ocrx_word' id='word_1_23' title='bbox 2924 514 3304 584; x_wconf 81' lang='lat' dir='ltr'><strong>obliviscitur,</strong></span> <span class='ocrx_word' id='word_1_24' title='bbox 3327 515 3469 586; x_wconf 82' lang='lat' dir='ltr'><strong>quia</strong></span> <span class='ocrx_word' id='word_1_25' title='bbox 3497 515 3686 586; x_wconf 92' lang='lat' dir='ltr'><strong>pudor</strong></span> <span class='ocrx_word' id='word_1_26' title='bbox 3712 515 3926 571; x_wconf 87' lang='lat' dir='ltr'><strong>omnis</strong></span> 
     </span>
    </p>
   </div>
   <div class='ocr_carea' id='block_1_4' title="bbox 392 603 2082 678">
    <p class='ocr_par' dir='ltr' id='par_1_4' title="bbox 392 603 2082 678">
     <span class='ocr_line' id='line_1_4' title="bbox 392 603 2082 678; baseline -0.004 -15"><span class='ocrx_word' id='word_1_27' title='bbox 392 608 542 678; x_wconf 86' lang='lat' dir='ltr'><strong>(Joel.</strong></span> <span class='ocrx_word' id='word_1_28' title='bbox 595 625 632 675; x_wconf 92' lang='grc' dir='ltr'><strong>ι,</strong></span> <span class='ocrx_word' id='word_1_29' title='bbox 664 608 741 677; x_wconf 86' lang='lat'><strong>’7),</strong></span> <span class='ocrx_word' id='word_1_30' title='bbox 775 607 831 662; x_wconf 89' lang='lat' dir='ltr'><strong>id</strong></span> <span class='ocrx_word' id='word_1_31' title='bbox 857 615 940 662; x_wconf 91' lang='lat' dir='ltr'><strong>est</strong></span> <span class='ocrx_word' id='word_1_32' title='bbox 973 607 1150 662; x_wconf 93' lang='lat' dir='ltr'><strong>robur</strong></span> <span class='ocrx_word' id='word_1_33' title='bbox 1179 605 1229 662; x_wconf 92' lang='lat' dir='ltr'><strong>ei</strong></span> <span class='ocrx_word' id='word_1_34' title='bbox 1277 605 1645 661; x_wconf 79' lang='lat' dir='ltr'><strong>sublaturum</strong></span> <span class='ocrx_word' id='word_1_35' title='bbox 1677 603 2082 658; x_wconf 73' lang='lat' dir='ltr'><strong>comminatur.</strong></span> 
     </span>
    </p>
   </div>
   <div class='ocr_carea' id='block_1_5' title="bbox 392 691 2088 764">
    <p class='ocr_par' dir='ltr' id='par_1_5' title="bbox 392 691 2088 764">
     <span class='ocr_line' id='line_1_5' title="bbox 392 691 2088 764; baseline -0.005 -10"><span class='ocrx_word' id='word_1_36' title='bbox 392 697 679 754; x_wconf 83' lang='lat' dir='ltr'><strong>Mereedes</strong></span> <span class='ocrx_word' id='word_1_37' title='bbox 727 696 829 751; x_wconf 90' lang='lat' dir='ltr'><strong>has</strong></span> <span class='ocrx_word' id='word_1_38' title='bbox 859 710 995 750; x_wconf 88' lang='lat' dir='ltr'><strong>suas</strong></span> <span class='ocrx_word' id='word_1_39' title='bbox 1032 695 1275 761; x_wconf 83' lang='lat' dir='ltr'><strong>dixerat,</strong></span> <span class='ocrx_word' id='word_1_40' title='bbox 1308 707 1456 764; x_wconf 91' lang='lat' dir='ltr'><strong>quas</strong></span> <span class='ocrx_word' id='word_1_41' title='bbox 1485 707 1518 748; x_wconf 91' lang='lat' dir='ltr'><strong>a</strong></span> <span class='ocrx_word' id='word_1_42' title='bbox 1565 692 1686 748; x_wconf 90' lang='lat' dir='ltr'><strong>suis</strong></span> <span class='ocrx_word' id='word_1_43' title='bbox 1733 691 2088 746; x_wconf 84' lang='lat' dir='ltr'><strong>amatoribus</strong></span> 
     </span>
    </p>
   </div>
   <div class='ocr_carea' id='block_1_6' title="bbox 391 780 2087 854">
    <p class='ocr_par' dir='ltr' id='par_1_6' title="bbox 391 780 2087 854">
     <span class='ocr_line' id='line_1_6' title="bbox 391 780 2087 854; baseline -0.003 -14"><span class='ocrx_word' id='word_1_44' title='bbox 391 790 710 854; x_wconf 86' lang='lat' dir='ltr'><strong>acceperat,</strong></span> <span class='ocrx_word' id='word_1_45' title='bbox 752 783 892 854; x_wconf 89' lang='lat' dir='ltr'><strong>quia</strong></span> <span class='ocrx_word' id='word_1_46' title='bbox 927 783 1083 838; x_wconf 89' lang='lat' dir='ltr'><strong>hunc</strong></span> <span class='ocrx_word' id='word_1_47' title='bbox 1114 783 1366 838; x_wconf 90' lang='lat' dir='ltr'><strong>fructum</strong></span> <span class='ocrx_word' id='word_1_48' title='bbox 1395 797 1515 837; x_wconf 74' lang='lat' dir='ltr'><strong>sua:</strong></span> <span class='ocrx_word' id='word_1_49' title='bbox 1550 780 1967 846; x_wconf 62' lang='lat' dir='ltr'><strong>scecularitatis,</strong></span> <span class='ocrx_word' id='word_1_50' title='bbox 1997 780 2087 835; x_wconf 85' lang='lat' dir='ltr'><strong>vel</strong></span> 
     </span>
    </p>
   </div>
   <div class='ocr_carea' id='block_1_7' title="bbox 393 869 2087 937">
    <p class='ocr_par' dir='ltr' id='par_1_7' title="bbox 393 869 2087 937">
     <span class='ocr_line' id='line_1_7' title="bbox 393 869 2087 937; baseline -0.004 -8"><span class='ocrx_word' id='word_1_51' title='bbox 393 887 428 930; x_wconf 86' lang='lat' dir='ltr'><strong>a</strong></span> <span class='ocrx_word' id='word_1_52' title='bbox 457 873 834 937; x_wconf 68' lang='lat' dir='ltr'><strong>daemonibus,</strong></span> <span class='ocrx_word' id='word_1_53' title='bbox 874 886 974 927; x_wconf 91' lang='lat' dir='ltr'><strong>seu</strong></span> <span class='ocrx_word' id='word_1_54' title='bbox 1005 870 1224 936; x_wconf 88' lang='lat' dir='ltr'><strong>amicis,</strong></span> <span class='ocrx_word' id='word_1_55' title='bbox 1275 878 1338 926; x_wconf 90' lang='lat' dir='ltr'><strong>ut</strong></span> <span class='ocrx_word' id='word_1_56' title='bbox 1369 871 1476 924; x_wconf 90' lang='lat' dir='ltr'><strong>sibi</strong></span> <span class='ocrx_word' id='word_1_57' title='bbox 1511 869 1837 936; x_wconf 84' lang='lat' dir='ltr'><strong>videbatur,</strong></span> <span class='ocrx_word' id='word_1_58' title='bbox 1869 869 2087 924; x_wconf 86' lang='lat' dir='ltr'><strong>habue-</strong></span> 
     </span>
    </p>
   </div>
   <div class='ocr_carea' id='block_1_8' title="bbox 394 956 2090 1031">
    <p class='ocr_par' dir='ltr' id='par_1_8' title="bbox 394 956 2090 1031">
     <span class='ocr_line' id='line_1_8' title="bbox 394 956 2090 1031; baseline -0.004 -14"><span class='ocrx_word' id='word_1_59' title='bbox 394 969 502 1028; x_wconf 87' lang='lat' dir='ltr'><strong>rat,</strong></span> <span class='ocrx_word' id='word_1_60' title='bbox 551 961 702 1031; x_wconf 89' lang='lat' dir='ltr'><strong>qnod</strong></span> <span class='ocrx_word' id='word_1_61' title='bbox 748 961 1206 1030; x_wconf 84' lang='lat' dir='ltr'><strong>opportunitates</strong></span> <span class='ocrx_word' id='word_1_62' title='bbox 1241 958 1506 1029; x_wconf 80' lang='lat' dir='ltr'><strong>peccandi</strong></span> <span class='ocrx_word' id='word_1_63' title='bbox 1553 956 1915 1027; x_wconf 88' lang='lat' dir='ltr'><strong>frequentius</strong></span> <span class='ocrx_word' id='word_1_64' title='bbox 1945 971 2090 1026; x_wconf 91' lang='lat' dir='ltr'><strong>sup-</strong></span> 
     </span>
    </p>
   </div>
   <div class='ocr_carea' id='block_1_9' title="bbox 395 1043 2088 1118">
    <p class='ocr_par' dir='ltr' id='par_1_9' title="bbox 395 1043 2088 1118">
     <span class='ocr_line' id='line_1_9' title="bbox 395 1043 2088 1118; baseline -0.004 -14"><span class='ocrx_word' id='word_1_65' title='bbox 395 1046 787 1118; x_wconf 88' lang='lat' dir='ltr'><strong>peditantibus</strong></span> <span class='ocrx_word' id='word_1_66' title='bbox 842 1045 975 1115; x_wconf 88' lang='lat' dir='ltr'><strong>ipsis</strong></span> <span class='ocrx_word' id='word_1_67' title='bbox 1023 1046 1339 1101; x_wconf 87' lang='lat' dir='ltr'><strong>invenerat.</strong></span> <span class='ocrx_word' id='word_1_68' title='bbox 1395 1067 1415 1092; x_wconf 75' lang='grc' dir='ltr'><strong>ε</strong></span> <span class='ocrx_word' id='word_1_69' title='bbox 1474 1045 1543 1100; x_wconf 92' lang='lat' dir='ltr'><strong>Et</strong></span> <span class='ocrx_word' id='word_1_70' title='bbox 1592 1057 1800 1114; x_wconf 89' lang='lat' dir='ltr'><strong>ponam</strong></span> <span class='ocrx_word' id='word_1_71' title='bbox 1856 1057 1983 1099; x_wconf 90' lang='lat' dir='ltr'><strong>eam</strong></span> <span class='ocrx_word' id='word_1_72' title='bbox 2029 1043 2088 1098; x_wconf 92' lang='lat' dir='ltr'><strong>in</strong></span> 
     </span>
    </p>
   </div>
   <div class='ocr_carea' id='block_1_10' title="bbox 402 1130 2088 1202">
    <p class='ocr_par' dir='ltr' id='par_1_10' title="bbox 402 1130 2088 1202">
     <span class='ocr_line' id='line_1_10' title="bbox 402 1130 2088 1202; baseline -0.003 -12"><span class='ocrx_word' id='word_1_73' title='bbox 402 1158 424 1184; x_wconf 77' lang='grc' dir='ltr'><strong>ι</strong></span> <span class='ocrx_word' id='word_1_74' title='bbox 456 1135 630 1199; x_wconf 90' lang='lat' dir='ltr'><strong>saltu,</strong></span> <span class='ocrx_word' id='word_1_75' title='bbox 680 1141 735 1189; x_wconf 93' lang='lat' dir='ltr'><strong>et</strong></span> <span class='ocrx_word' id='word_1_76' title='bbox 767 1134 1021 1189; x_wconf 84' lang='lat' dir='ltr'><strong>comedet</strong></span> <span class='ocrx_word' id='word_1_77' title='bbox 1049 1148 1176 1189; x_wconf 90' lang='lat' dir='ltr'><strong>eam</strong></span> <span class='ocrx_word' id='word_1_78' title='bbox 1226 1133 1405 1188; x_wconf 88' lang='lat' dir='ltr'><strong>bestia</strong></span> <span class='ocrx_word' id='word_1_79' title='bbox 1454 1132 1599 1202; x_wconf 86' lang='lat' dir='ltr'><strong>agri.</strong></span> <span class='ocrx_word' id='word_1_80' title='bbox 1639 1153 1660 1179; x_wconf 76' lang='grc' dir='ltr'><strong>ι</strong></span> <span class='ocrx_word' id='word_1_81' title='bbox 1695 1132 1759 1186; x_wconf 83' lang='lat' dir='ltr'><strong>In</strong></span> <span class='ocrx_word' id='word_1_82' title='bbox 1809 1130 1959 1186; x_wconf 89' lang='lat' dir='ltr'><strong>saltu</strong></span> <span class='ocrx_word' id='word_1_83' title='bbox 1991 1145 2088 1200; x_wconf 91' lang='lat' dir='ltr'><strong>po-</strong></span> 
     </span>
    </p>
   </div>
   <div class='ocr_carea' id='block_1_11' title="bbox 392 1218 2090 1290">
    <p class='ocr_par' dir='ltr' id='par_1_11' title="bbox 392 1218 2090 1290">
     <span class='ocr_line' id='line_1_11' title="bbox 392 1218 2090 1290; baseline -0.004 -12"><span class='ocrx_word' id='word_1_84' title='bbox 392 1223 568 1285; x_wconf 89' lang='lat' dir='ltr'><strong>nitur.</strong></span> <span class='ocrx_word' id='word_1_85' title='bbox 605 1236 738 1276; x_wconf 91' lang='lat' dir='ltr'><strong>cum</strong></span> <span class='ocrx_word' id='word_1_86' title='bbox 769 1223 825 1276; x_wconf 90' lang='lat' dir='ltr'><strong>in</strong></span> <span class='ocrx_word' id='word_1_87' title='bbox 848 1221 1088 1288; x_wconf 78' lang='lat' dir='ltr'><strong>fervore,</strong></span> <span class='ocrx_word' id='word_1_88' title='bbox 1117 1221 1217 1290; x_wconf 87' lang='lat' dir='ltr'><strong>qui</strong></span> <span class='ocrx_word' id='word_1_89' title='bbox 1249 1221 1320 1276; x_wconf 91' lang='lat' dir='ltr'><strong>ad</strong></span> <span class='ocrx_word' id='word_1_90' title='bbox 1342 1222 1711 1276; x_wconf 89' lang='lat' dir='ltr'><strong>tentationem</strong></span> <span class='ocrx_word' id='word_1_91' title='bbox 1735 1220 1782 1275; x_wconf 94' lang='lat' dir='ltr'><strong>ei</strong></span> <span class='ocrx_word' id='word_1_92' title='bbox 1818 1218 1896 1286; x_wconf 88' lang='lat' dir='ltr'><strong>fit,</strong></span> <span class='ocrx_word' id='word_1_93' title='bbox 1917 1219 2090 1288; x_wconf 90' lang='lat' dir='ltr'><strong>juxta</strong></span> 
     </span>
    </p>
   </div>
   <div class='ocr_carea' id='block_1_12' title="bbox 391 1302 2089 1374">
    <p class='ocr_par' dir='ltr' id='par_1_12' title="bbox 391 1302 2089 1374">
     <span class='ocr_line' id='line_1_12' title="bbox 391 1302 2089 1374; baseline -0.002 -15"><span class='ocrx_word' id='word_1_94' title='bbox 391 1304 742 1374; x_wconf 79' lang='lat' dir='ltr'><strong>Apostolum,</strong></span> <span class='ocrx_word' id='word_1_95' title='bbox 801 1305 1204 1374; x_wconf 82' lang='lat' dir='ltr'><strong>peregrinatur</strong></span> <span class='ocrx_word' id='word_1_96' title='bbox 1253 1304 1306 1374; x_wconf 87' lang='grc' dir='ltr'><strong>(ι</strong></span> <span class='ocrx_word' id='word_1_97' title='bbox 1351 1305 1494 1358; x_wconf 89' lang='lat' dir='ltr'><strong>Petr.</strong></span> <span class='ocrx_word' id='word_1_98' title='bbox 1549 1304 1602 1366; x_wconf 77' lang='grc'>4,</span> <span class='ocrx_word' id='word_1_99' title='bbox 1653 1304 1758 1372; x_wconf 75' lang='grc'><strong>12).</strong></span> <span class='ocrx_word' id='word_1_100' title='bbox 1815 1303 1862 1356; x_wconf 73' lang='grc' dir='ltr'><strong>Α</strong></span> <span class='ocrx_word' id='word_1_101' title='bbox 1908 1302 2089 1357; x_wconf 84' lang='lat' dir='ltr'><strong>bestia</strong></span> 
     </span>
    </p>
   </div>
   <div class='ocr_carea' id='block_1_13' title="bbox 390 1391 2088 1464">
    <p class='ocr_par' dir='ltr' id='par_1_13' title="bbox 390 1391 2088 1464">
     <span class='ocr_line' id='line_1_13' title="bbox 390 1391 2088 1464; baseline -0.002 -16"><span class='ocrx_word' id='word_1_102' title='bbox 390 1393 514 1464; x_wconf 90' lang='lat' dir='ltr'><strong>agri</strong></span> <span class='ocrx_word' id='word_1_103' title='bbox 557 1393 658 1448; x_wconf 90' lang='lat' dir='ltr'><strong>tibi</strong></span> <span class='ocrx_word' id='word_1_104' title='bbox 707 1393 1045 1461; x_wconf 83' lang='lat' dir='ltr'><strong>comeditur,</strong></span> <span class='ocrx_word' id='word_1_105' title='bbox 1101 1393 1339 1463; x_wconf 91' lang='lat' dir='ltr'><strong>quando</strong></span> <span class='ocrx_word' id='word_1_106' title='bbox 1399 1391 1737 1448; x_wconf 89' lang='lat' dir='ltr'><strong>multimoda</strong></span> <span class='ocrx_word' id='word_1_107' title='bbox 1779 1405 1813 1446; x_wconf 90' lang='lat' dir='ltr'><strong>a</strong></span> <span class='ocrx_word' id='word_1_108' title='bbox 1859 1391 2088 1446; x_wconf 87' lang='lat' dir='ltr'><strong>diabolo</strong></span> 
     </span>
    </p>
   </div>
   <div class='ocr_carea' id='block_1_14' title="bbox 389 1479 2086 1552">
    <p class='ocr_par' dir='ltr' id='par_1_14' title="bbox 389 1479 2086 1552">
     <span class='ocr_line' id='line_1_14' title="bbox 389 1479 2086 1552; baseline -0.002 -15"><span class='ocrx_word' id='word_1_109' title='bbox 389 1482 754 1552; x_wconf 81' lang='lat' dir='ltr'><strong>suggestione</strong></span> <span class='ocrx_word' id='word_1_110' title='bbox 798 1481 1142 1537; x_wconf 90' lang='lat' dir='ltr'><strong>corroditur.</strong></span> <span class='ocrx_word' id='word_1_111' title='bbox 1193 1481 1361 1537; x_wconf 80' lang='lat' dir='ltr'><strong>Recte</strong></span> <span class='ocrx_word' id='word_1_112' title='bbox 1410 1481 1590 1537; x_wconf 87' lang='lat' dir='ltr'><strong>bestia</strong></span> <span class='ocrx_word' id='word_1_113' title='bbox 1635 1481 1782 1551; x_wconf 90' lang='lat' dir='ltr'><strong>agri,</strong></span> <span class='ocrx_word' id='word_1_114' title='bbox 1815 1479 1954 1550; x_wconf 90' lang='lat' dir='ltr'><strong>quia</strong></span> <span class='ocrx_word' id='word_1_115' title='bbox 1999 1486 2086 1549; x_wconf 80' lang='lat' dir='ltr'><strong>ty-</strong></span> 
     </span>
    </p>
   </div>
   <div class='ocr_carea' id='block_1_15' title="bbox 389 1570 975 1626">
    <p class='ocr_par' dir='ltr' id='par_1_15' title="bbox 389 1570 975 1626">
     <span class='ocr_line' id='line_1_15' title="bbox 389 1570 975 1626; baseline -0.003 -1"><span class='ocrx_word' id='word_1_116' title='bbox 389 1583 611 1626; x_wconf 86' lang='lat' dir='ltr'><strong>rannus</strong></span> <span class='ocrx_word' id='word_1_117' title='bbox 634 1577 719 1625; x_wconf 91' lang='lat' dir='ltr'><strong>est</strong></span> <span class='ocrx_word' id='word_1_118' title='bbox 751 1570 975 1625; x_wconf 91' lang='lat' dir='ltr'><strong>mundi.</strong></span> 
     </span>
    </p>
   </div>
   <div class='ocr_carea' id='block_1_16' title="bbox 461 1654 2083 1727">
    <p class='ocr_par' dir='ltr' id='par_1_16' title="bbox 461 1654 2083 1727">
     <span class='ocr_line' id='line_1_16' title="bbox 461 1654 2083 1727; baseline -0.004 -12"><span class='ocrx_word' id='word_1_119' title='bbox 461 1658 634 1715; x_wconf 72' lang='lat' dir='ltr'><strong>Vens.</strong></span> <span class='ocrx_word' id='word_1_120' title='bbox 668 1657 755 1712; x_wconf 85' lang='lat'><strong>13.</strong></span> <span class='ocrx_word' id='word_1_121' title='bbox 788 1687 856 1696; x_wconf 94' lang='lat'><em>—</em></span> <span class='ocrx_word' id='word_1_122' title='bbox 893 1679 914 1706; x_wconf 78' lang='grc' dir='ltr'><strong>ι</strong></span> <span class='ocrx_word' id='word_1_123' title='bbox 954 1657 1023 1712; x_wconf 90' lang='lat' dir='ltr'><strong>Et</strong></span> <span class='ocrx_word' id='word_1_124' title='bbox 1051 1657 1294 1713; x_wconf 89' lang='lat' dir='ltr'><strong>visitabo</strong></span> <span class='ocrx_word' id='word_1_125' title='bbox 1320 1671 1496 1727; x_wconf 90' lang='lat' dir='ltr'><strong>super</strong></span> <span class='ocrx_word' id='word_1_126' title='bbox 1522 1670 1650 1712; x_wconf 90' lang='lat' dir='ltr'><strong>eam</strong></span> <span class='ocrx_word' id='word_1_127' title='bbox 1688 1657 1808 1712; x_wconf 91' lang='lat' dir='ltr'><strong>dies</strong></span> <span class='ocrx_word' id='word_1_128' title='bbox 1846 1654 2083 1719; x_wconf 86' lang='lat' dir='ltr'><strong>Baalim,</strong></span> 
     </span>
    </p>
   </div>
   <div class='ocr_carea' id='block_1_17' title="bbox 397 1744 2087 1816">
    <p class='ocr_par' dir='ltr' id='par_1_17' title="bbox 397 1744 2087 1816">
     <span class='ocr_line' id='line_1_17' title="bbox 397 1744 2087 1816; baseline -0.001 -16"><span class='ocrx_word' id='word_1_129' title='bbox 397 1766 419 1794; x_wconf 72' lang='grc' dir='ltr'><strong>ι</strong></span> <span class='ocrx_word' id='word_1_130' title='bbox 450 1745 666 1816; x_wconf 91' lang='lat' dir='ltr'><strong>quibus</strong></span> <span class='ocrx_word' id='word_1_131' title='bbox 708 1745 1054 1801; x_wconf 90' lang='lat' dir='ltr'><strong>accendebat</strong></span> <span class='ocrx_word' id='word_1_132' title='bbox 1097 1745 1416 1813; x_wconf 91' lang='lat' dir='ltr'><strong>incensum,</strong></span> <span class='ocrx_word' id='word_1_133' title='bbox 1450 1753 1504 1801; x_wconf 93' lang='lat' dir='ltr'><strong>et</strong></span> <span class='ocrx_word' id='word_1_134' title='bbox 1535 1745 1854 1800; x_wconf 88' lang='lat' dir='ltr'><strong>ornabatur</strong></span> <span class='ocrx_word' id='word_1_135' title='bbox 1884 1744 2087 1800; x_wconf 90' lang='lat' dir='ltr'><strong>inaure</strong></span> 
     </span>
    </p>
   </div>
   <div class='ocr_carea' id='block_1_18' title="bbox 397 1834 2085 1904">
    <p class='ocr_par' dir='ltr' id='par_1_18' title="bbox 397 1834 2085 1904">
     <span class='ocr_line' id='line_1_18' title="bbox 397 1834 2085 1904; baseline 0 -16"><span class='ocrx_word' id='word_1_136' title='bbox 397 1855 418 1882; x_wconf 77' lang='grc' dir='ltr'><strong>ι</strong></span> <span class='ocrx_word' id='word_1_137' title='bbox 454 1848 579 1900; x_wconf 91' lang='lat' dir='ltr'><strong>sua,</strong></span> <span class='ocrx_word' id='word_1_138' title='bbox 613 1841 670 1889; x_wconf 94' lang='lat' dir='ltr'><strong>et</strong></span> <span class='ocrx_word' id='word_1_139' title='bbox 712 1834 909 1889; x_wconf 91' lang='lat' dir='ltr'><strong>monili</strong></span> <span class='ocrx_word' id='word_1_140' title='bbox 957 1849 1084 1902; x_wconf 88' lang='lat' dir='ltr'><strong>suo,</strong></span> <span class='ocrx_word' id='word_1_141' title='bbox 1116 1842 1171 1890; x_wconf 91' lang='lat' dir='ltr'><strong>et</strong></span> <span class='ocrx_word' id='word_1_142' title='bbox 1220 1835 1338 1890; x_wconf 90' lang='lat' dir='ltr'><strong>ibat</strong></span> <span class='ocrx_word' id='word_1_143' title='bbox 1369 1843 1492 1904; x_wconf 92' lang='lat' dir='ltr'><strong>post</strong></span> <span class='ocrx_word' id='word_1_144' title='bbox 1523 1842 1809 1889; x_wconf 87' lang='lat' dir='ltr'><strong>amatores</strong></span> <span class='ocrx_word' id='word_1_145' title='bbox 1848 1848 2002 1899; x_wconf 91' lang='lat' dir='ltr'><strong>suos,</strong></span> <span class='ocrx_word' id='word_1_146' title='bbox 2031 1841 2085 1888; x_wconf 92' lang='lat' dir='ltr'><strong>et</strong></span> 
     </span>
    </p>
   </div>
   <div class='ocr_carea' id='block_1_19' title="bbox 399 1921 2082 1990">
    <p class='ocr_par' dir='ltr' id='par_1_19' title="bbox 399 1921 2082 1990">
     <span class='ocr_line' id='line_1_19' title="bbox 399 1921 2082 1990; baseline -0.001 -12"><span class='ocrx_word' id='word_1_147' title='bbox 399 1942 420 1970; x_wconf 75' lang='grc' dir='ltr'><strong>ι</strong></span> <span class='ocrx_word' id='word_1_148' title='bbox 456 1922 562 1978; x_wconf 90' lang='lat' dir='ltr'><strong>mei</strong></span> <span class='ocrx_word' id='word_1_149' title='bbox 595 1921 1060 1990; x_wconf 89' lang='lat' dir='ltr'><strong>obliviscebatur,</strong></span> <span class='ocrx_word' id='word_1_150' title='bbox 1099 1923 1236 1978; x_wconf 91' lang='lat' dir='ltr'><strong>dicit</strong></span> <span class='ocrx_word' id='word_1_151' title='bbox 1283 1923 1581 1978; x_wconf 91' lang='lat' dir='ltr'><strong>Dominus.</strong></span> <span class='ocrx_word' id='word_1_152' title='bbox 1619 1944 1640 1970; x_wconf 74' lang='grc' dir='ltr'><strong>ι</strong></span> <span class='ocrx_word' id='word_1_153' title='bbox 1694 1923 1822 1978; x_wconf 84' lang='lat' dir='ltr'><strong>Dies</strong></span> <span class='ocrx_word' id='word_1_154' title='bbox 1867 1921 2082 1977; x_wconf 90' lang='lat' dir='ltr'><strong>Baalim</strong></span> 
     </span>
    </p>
   </div>
   <div class='ocr_carea' id='block_1_20' title="bbox 391 2010 2086 2082">
    <p class='ocr_par' dir='ltr' id='par_1_20' title="bbox 391 2010 2086 2082">
     <span class='ocr_line' id='line_1_20' title="bbox 391 2010 2086 2082; baseline -0.001 -16"><span class='ocrx_word' id='word_1_155' title='bbox 391 2024 566 2080; x_wconf 91' lang='lat' dir='ltr'><strong>super</strong></span> <span class='ocrx_word' id='word_1_156' title='bbox 594 2025 720 2066; x_wconf 90' lang='lat' dir='ltr'><strong>eam</strong></span> <span class='ocrx_word' id='word_1_157' title='bbox 763 2010 1094 2078; x_wconf 88' lang='lat' dir='ltr'><strong>visitantur,</strong></span> <span class='ocrx_word' id='word_1_158' title='bbox 1123 2025 1254 2066; x_wconf 90' lang='lat' dir='ltr'><strong>cum</strong></span> <span class='ocrx_word' id='word_1_159' title='bbox 1289 2011 1410 2082; x_wconf 90' lang='lat' dir='ltr'><strong>jam</strong></span> <span class='ocrx_word' id='word_1_160' title='bbox 1441 2011 1708 2080; x_wconf 82' lang='lat' dir='ltr'><strong>lacrymis</strong></span> <span class='ocrx_word' id='word_1_161' title='bbox 1749 2010 1954 2080; x_wconf 91' lang='lat' dir='ltr'><strong>punire</strong></span> <span class='ocrx_word' id='word_1_162' title='bbox 1987 2025 2086 2064; x_wconf 86' lang='lat' dir='ltr'><strong>co-</strong></span> 
     </span>
    </p>
   </div>
   <div class='ocr_carea' id='block_1_21' title="bbox 393 2099 2086 2169">
    <p class='ocr_par' dir='ltr' id='par_1_21' title="bbox 393 2099 2086 2169">
     <span class='ocr_line' id='line_1_21' title="bbox 393 2099 2086 2169; baseline -0.001 -16"><span class='ocrx_word' id='word_1_163' title='bbox 393 2099 569 2167; x_wconf 87' lang='lat' dir='ltr'><strong>gitnr,</strong></span> <span class='ocrx_word' id='word_1_164' title='bbox 601 2099 758 2169; x_wconf 91' lang='lat' dir='ltr'><strong>quod</strong></span> <span class='ocrx_word' id='word_1_165' title='bbox 791 2100 1085 2168; x_wconf 88' lang='lat' dir='ltr'><strong>quondam</strong></span> <span class='ocrx_word' id='word_1_166' title='bbox 1127 2099 1324 2154; x_wconf 89' lang='lat' dir='ltr'><strong>multis</strong></span> <span class='ocrx_word' id='word_1_167' title='bbox 1353 2099 1628 2154; x_wconf 91' lang='lat' dir='ltr'><strong>innutriri</strong></span> <span class='ocrx_word' id='word_1_168' title='bbox 1661 2113 1719 2154; x_wconf 91' lang='lat' dir='ltr'><strong>se</strong></span> <span class='ocrx_word' id='word_1_169' title='bbox 1743 2099 1896 2153; x_wconf 91' lang='lat' dir='ltr'><strong>vitiis</strong></span> <span class='ocrx_word' id='word_1_170' title='bbox 1924 2099 2086 2154; x_wconf 74' lang='lat' dir='ltr'><strong>laeta-</strong></span> 
     </span>
    </p>
   </div>
   <div class='ocr_carea' id='block_1_22' title="bbox 393 2186 2082 2258">
    <p class='ocr_par' dir='ltr' id='par_1_22' title="bbox 393 2186 2082 2258">
     <span class='ocr_line' id='line_1_22' title="bbox 393 2186 2082 2258; baseline -0.001 -16"><span class='ocrx_word' id='word_1_171' title='bbox 393 2186 586 2242; x_wconf 91' lang='lat' dir='ltr'><strong>batur.</strong></span> <span class='ocrx_word' id='word_1_172' title='bbox 634 2190 758 2242; x_wconf 91' lang='lat' dir='ltr'><strong>Dies</strong></span> <span class='ocrx_word' id='word_1_173' title='bbox 812 2188 962 2242; x_wconf 90' lang='lat' dir='ltr'><strong>enim</strong></span> <span class='ocrx_word' id='word_1_174' title='bbox 1019 2201 1123 2257; x_wconf 90' lang='lat' dir='ltr'><strong>pro</strong></span> <span class='ocrx_word' id='word_1_175' title='bbox 1157 2186 1510 2258; x_wconf 80' lang='lat' dir='ltr'><strong>jucunditale</strong></span> <span class='ocrx_word' id='word_1_176' title='bbox 1557 2187 1809 2257; x_wconf 91' lang='lat' dir='ltr'><strong>ponitur,</strong></span> <span class='ocrx_word' id='word_1_177' title='bbox 1852 2194 1916 2243; x_wconf 91' lang='lat' dir='ltr'><strong>ut</strong></span> <span class='ocrx_word' id='word_1_178' title='bbox 1955 2194 2082 2242; x_wconf 90' lang='lat' dir='ltr'><strong>est:</strong></span> 
     </span>
    </p>
   </div>
   <div class='ocr_carea' id='block_1_23' title="bbox 398 2274 2081 2346">
    <p class='ocr_par' dir='ltr' id='par_1_23' title="bbox 398 2274 2081 2346">
     <span class='ocr_line' id='line_1_23' title="bbox 398 2274 2081 2346; baseline 0.001 -18"><span class='ocrx_word' id='word_1_179' title='bbox 398 2296 420 2323; x_wconf 78' lang='grc' dir='ltr'><strong>ι</strong></span> <span class='ocrx_word' id='word_1_180' title='bbox 457 2275 519 2328; x_wconf 86' lang='lat' dir='ltr'><strong>In</strong></span> <span class='ocrx_word' id='word_1_181' title='bbox 551 2274 661 2330; x_wconf 91' lang='lat' dir='ltr'><strong>hac</strong></span> <span class='ocrx_word' id='word_1_182' title='bbox 709 2275 823 2342; x_wconf 88' lang='lat' dir='ltr'><strong>die,</strong></span> <span class='ocrx_word' id='word_1_183' title='bbox 872 2290 1005 2345; x_wconf 63' lang='lat' dir='ltr'><strong>qua:</strong></span> <span class='ocrx_word' id='word_1_184' title='bbox 1051 2275 1123 2330; x_wconf 91' lang='lat' dir='ltr'><strong>ad</strong></span> <span class='ocrx_word' id='word_1_185' title='bbox 1173 2289 1368 2346; x_wconf 90' lang='lat' dir='ltr'><strong>pacem</strong></span> <span class='ocrx_word' id='word_1_186' title='bbox 1415 2276 1518 2331; x_wconf 91' lang='lat' dir='ltr'><strong>tibi</strong></span> <span class='ocrx_word' id='word_1_187' title='bbox 1569 2276 1720 2342; x_wconf 88' lang='lat' dir='ltr'><strong>(Luc.</strong></span> <span class='ocrx_word' id='word_1_188' title='bbox 1753 2291 1869 2341; x_wconf 72' lang='lat' dir='ltr'><strong>xxx,</strong></span> <span class='ocrx_word' id='word_1_189' title='bbox 1911 2276 2018 2343; x_wconf 78' lang='grc'>42).</span> <span class='ocrx_word' id='word_1_190' title='bbox 2061 2298 2081 2323; x_wconf 75' lang='grc' dir='ltr'><strong>ι</strong></span> 
     </span>
    </p>
   </div>
   <div class='ocr_carea' id='block_1_24' title="bbox 393 2361 2086 2433">
    <p class='ocr_par' dir='ltr' id='par_1_24' title="bbox 393 2361 2086 2433">
     <span class='ocr_line' id='line_1_24' title="bbox 393 2361 2086 2433; baseline 0.001 -15"><span class='ocrx_word' id='word_1_191' title='bbox 393 2361 611 2418; x_wconf 87' lang='lat' dir='ltr'><strong>Baalim</strong></span> <span class='ocrx_word' id='word_1_192' title='bbox 660 2378 761 2433; x_wconf 92' lang='lat' dir='ltr'><strong>pro</strong></span> <span class='ocrx_word' id='word_1_193' title='bbox 809 2363 972 2418; x_wconf 77' lang='lat' dir='ltr'><strong>idolis</strong></span> <span class='ocrx_word' id='word_1_194' title='bbox 1016 2365 1273 2433; x_wconf 82' lang='lat' dir='ltr'><strong>ponitur,</strong></span> <span class='ocrx_word' id='word_1_195' title='bbox 1322 2373 1377 2420; x_wconf 93' lang='lat' dir='ltr'><strong>et</strong></span> <span class='ocrx_word' id='word_1_196' title='bbox 1408 2373 1491 2420; x_wconf 94' lang='lat' dir='ltr'><strong>est</strong></span> <span class='ocrx_word' id='word_1_197' title='bbox 1522 2365 1637 2419; x_wconf 90' lang='lat' dir='ltr'><strong>acsi</strong></span> <span class='ocrx_word' id='word_1_198' title='bbox 1690 2364 1923 2430; x_wconf 87' lang='lat' dir='ltr'><strong>diceret,</strong></span> <span class='ocrx_word' id='word_1_199' title='bbox 1973 2364 2086 2419; x_wconf 87' lang='lat' dir='ltr'><strong>dies</strong></span> 
     </span>
    </p>
   </div>
   <div class='ocr_carea' id='block_1_25' title="bbox 391 2450 2088 2523">
    <p class='ocr_par' dir='ltr' id='par_1_25' title="bbox 391 2450 2088 2523">
     <span class='ocr_line' id='line_1_25' title="bbox 391 2450 2088 2523; baseline 0.001 -19"><span class='ocrx_word' id='word_1_200' title='bbox 391 2450 679 2505; x_wconf 75' lang='lat' dir='ltr'><strong>idolorum.</strong></span> <span class='ocrx_word' id='word_1_201' title='bbox 717 2453 1133 2522; x_wconf 87' lang='lat' dir='ltr'><strong>interpretatur</strong></span> <span class='ocrx_word' id='word_1_202' title='bbox 1161 2467 1396 2523; x_wconf 92' lang='lat' dir='ltr'><strong>quoque</strong></span> <span class='ocrx_word' id='word_1_203' title='bbox 1439 2453 1638 2506; x_wconf 81' lang='lat' dir='ltr'><strong>habens</strong></span> <span class='ocrx_word' id='word_1_204' title='bbox 1666 2469 1767 2520; x_wconf 90' lang='lat' dir='ltr'><strong>me,</strong></span> <span class='ocrx_word' id='word_1_205' title='bbox 1816 2453 1903 2508; x_wconf 89' lang='lat' dir='ltr'><strong>vel</strong></span> <span class='ocrx_word' id='word_1_206' title='bbox 1935 2456 2088 2507; x_wconf 86' lang='lat' dir='ltr'><strong>viro-</strong></span> 
     </span>
    </p>
   </div>
   <div class='ocr_carea' id='block_1_26' title="bbox 391 2541 2088 2612">
    <p class='ocr_par' dir='ltr' id='par_1_26' title="bbox 391 2541 2088 2612">
     <span class='ocr_line' id='line_1_26' title="bbox 391 2541 2088 2612; baseline 0.001 -19"><span class='ocrx_word' id='word_1_207' title='bbox 391 2555 513 2593; x_wconf 80' lang='lat' dir='ltr'><strong>rum</strong></span> <span class='ocrx_word' id='word_1_208' title='bbox 546 2555 802 2594; x_wconf 85' lang='lat' dir='ltr'><strong>meorum.</strong></span> <span class='ocrx_word' id='word_1_209' title='bbox 847 2541 919 2596; x_wconf 89' lang='lat' dir='ltr'><strong>Et</strong></span> <span class='ocrx_word' id='word_1_210' title='bbox 948 2555 1078 2611; x_wconf 78' lang='lat' dir='ltr'><strong>quze</strong></span> <span class='ocrx_word' id='word_1_211' title='bbox 1111 2549 1246 2597; x_wconf 91' lang='lat' dir='ltr'><strong>sunt</strong></span> <span class='ocrx_word' id='word_1_212' title='bbox 1289 2541 1436 2597; x_wconf 91' lang='lat' dir='ltr'><strong>idola</strong></span> <span class='ocrx_word' id='word_1_213' title='bbox 1483 2541 1701 2612; x_wconf 87' lang='lat' dir='ltr'><strong>majora</strong></span> <span class='ocrx_word' id='word_1_214' title='bbox 1743 2555 1918 2611; x_wconf 88' lang='lat' dir='ltr'><strong>quam</strong></span> <span class='ocrx_word' id='word_1_215' title='bbox 1969 2542 2088 2598; x_wconf 93' lang='lat' dir='ltr'><strong>cri-</strong></span> 
     </span>
    </p>
   </div>
   <div class='ocr_carea' id='block_1_27' title="bbox 396 2628 2088 2700">
    <p class='ocr_par' dir='ltr' id='par_1_27' title="bbox 396 2628 2088 2700">
     <span class='ocr_line' id='line_1_27' title="bbox 396 2628 2088 2700; baseline 0.002 -17"><span class='ocrx_word' id='word_1_216' title='bbox 396 2628 573 2694; x_wconf 90' lang='lat' dir='ltr'><strong>mina,</strong></span> <span class='ocrx_word' id='word_1_217' title='bbox 633 2628 702 2684; x_wconf 89' lang='lat' dir='ltr'><strong>de</strong></span> <span class='ocrx_word' id='word_1_218' title='bbox 759 2629 974 2698; x_wconf 91' lang='lat' dir='ltr'><strong>quibus</strong></span> <span class='ocrx_word' id='word_1_219' title='bbox 1020 2630 1379 2699; x_wconf 75' lang='lat' dir='ltr'><strong>Apostolus:</strong></span> <span class='ocrx_word' id='word_1_220' title='bbox 1427 2652 1447 2678; x_wconf 76' lang='grc' dir='ltr'><strong>ι</strong></span> <span class='ocrx_word' id='word_1_221' title='bbox 1501 2630 1778 2694; x_wconf 85' lang='lat' dir='ltr'><strong>Avaritia,</strong></span> <span class='ocrx_word' id='word_1_222' title='bbox 1813 2645 1945 2700; x_wconf 63' lang='lat' dir='ltr'><strong>quae</strong></span> <span class='ocrx_word' id='word_1_223' title='bbox 2002 2637 2088 2686; x_wconf 89' lang='lat' dir='ltr'><strong>est</strong></span> 
     </span>
    </p>
   </div>
   <div class='ocr_carea' id='block_1_28' title="bbox 394 2715 2085 2788">
    <p class='ocr_par' dir='ltr' id='par_1_28' title="bbox 394 2715 2085 2788">
     <span class='ocr_line' id='line_1_28' title="bbox 394 2715 2085 2788; baseline 0.002 -18"><span class='ocrx_word' id='word_1_224' title='bbox 394 2715 674 2772; x_wconf 88' lang='lat' dir='ltr'><strong>idolorum</strong></span> <span class='ocrx_word' id='word_1_225' title='bbox 697 2717 1169 2788; x_wconf 88' lang='lat' dir='ltr'><strong>servitus(Colos.</strong></span> <span class='ocrx_word' id='word_1_226' title='bbox 1204 2733 1282 2784; x_wconf 89' lang='grc' dir='ltr'>ιιι,</span> <span class='ocrx_word' id='word_1_227' title='bbox 1305 2719 1377 2787; x_wconf 81' lang='lat'><strong>5).</strong></span> <span class='ocrx_word' id='word_1_228' title='bbox 1406 2741 1432 2767; x_wconf 85' lang='lat'><strong>»</strong></span> <span class='ocrx_word' id='word_1_229' title='bbox 1465 2719 1534 2774; x_wconf 87' lang='lat' dir='ltr'><strong>Et</strong></span> <span class='ocrx_word' id='word_1_230' title='bbox 1559 2719 1695 2773; x_wconf 90' lang='lat' dir='ltr'><strong>alibi</strong></span> <span class='ocrx_word' id='word_1_231' title='bbox 1731 2734 1743 2773; x_wconf 91' lang='lat'><strong>:</strong></span> <span class='ocrx_word' id='word_1_232' title='bbox 1783 2741 1803 2767; x_wconf 78' lang='grc' dir='ltr'><strong>ι</strong></span> <span class='ocrx_word' id='word_1_233' title='bbox 1829 2719 2085 2785; x_wconf 90' lang='lat' dir='ltr'><strong>Quorum</strong></span> 
     </span>
    </p>
   </div>
   <div class='ocr_carea' id='block_1_29' title="bbox 395 2804 2082 2877">
    <p class='ocr_par' dir='ltr' id='par_1_29' title="bbox 395 2804 2082 2877">
     <span class='ocr_line' id='line_1_29' title="bbox 395 2804 2082 2877; baseline 0.002 -18"><span class='ocrx_word' id='word_1_234' title='bbox 395 2804 549 2859; x_wconf 90' lang='lat' dir='ltr'><strong>Deus</strong></span> <span class='ocrx_word' id='word_1_235' title='bbox 580 2813 781 2860; x_wconf 89' lang='lat' dir='ltr'><strong>venter</strong></span> <span class='ocrx_word' id='word_1_236' title='bbox 805 2813 908 2874; x_wconf 92' lang='lat' dir='ltr'><strong>est,</strong></span> <span class='ocrx_word' id='word_1_237' title='bbox 951 2813 1007 2861; x_wconf 91' lang='lat' dir='ltr'><strong>et</strong></span> <span class='ocrx_word' id='word_1_238' title='bbox 1050 2806 1233 2877; x_wconf 81' lang='lat' dir='ltr'><strong>gloria</strong></span> <span class='ocrx_word' id='word_1_239' title='bbox 1273 2806 1332 2862; x_wconf 91' lang='lat' dir='ltr'><strong>in</strong></span> <span class='ocrx_word' id='word_1_240' title='bbox 1364 2807 1648 2877; x_wconf 90' lang='lat' dir='ltr'><strong>pudendis</strong></span> <span class='ocrx_word' id='word_1_241' title='bbox 1673 2821 1871 2863; x_wconf 90' lang='lat' dir='ltr'><strong>eorum</strong></span> <span class='ocrx_word' id='word_1_242' title='bbox 1917 2807 2082 2876; x_wconf 82' lang='lat' dir='ltr'><strong>(Phil.</strong></span> 
     </span>
    </p>
   </div>
   <div class='ocr_carea' id='block_1_30' title="bbox 395 2892 2088 2966">
    <p class='ocr_par' dir='ltr' id='par_1_30' title="bbox 395 2892 2088 2966">
     <span class='ocr_line' id='line_1_30' title="bbox 395 2892 2088 2966; baseline 0.002 -20"><span class='ocrx_word' id='word_1_243' title='bbox 395 2905 473 2958; x_wconf 90' lang='grc' dir='ltr'>ιιι,</span> <span class='ocrx_word' id='word_1_244' title='bbox 507 2894 618 2960; x_wconf 84' lang='grc'><strong>19).</strong></span> <span class='ocrx_word' id='word_1_245' title='bbox 667 2914 687 2940; x_wconf 75' lang='grc' dir='ltr'><strong>ι</strong></span> <span class='ocrx_word' id='word_1_246' title='bbox 726 2892 792 2948; x_wconf 89' lang='lat' dir='ltr'><strong>Hi</strong></span> <span class='ocrx_word' id='word_1_247' title='bbox 823 2900 959 2948; x_wconf 90' lang='lat' dir='ltr'><strong>sunt</strong></span> <span class='ocrx_word' id='word_1_248' title='bbox 988 2894 1118 2960; x_wconf 91' lang='lat' dir='ltr'><strong>viri,</strong></span> <span class='ocrx_word' id='word_1_249' title='bbox 1153 2894 1254 2964; x_wconf 91' lang='lat' dir='ltr'><strong>qui</strong></span> <span class='ocrx_word' id='word_1_250' title='bbox 1285 2909 1388 2950; x_wconf 91' lang='lat' dir='ltr'><strong>nos</strong></span> <span class='ocrx_word' id='word_1_251' title='bbox 1422 2909 1538 2950; x_wconf 90' lang='lat' dir='ltr'><strong>non</strong></span> <span class='ocrx_word' id='word_1_252' title='bbox 1568 2904 1796 2966; x_wconf 90' lang='lat' dir='ltr'><strong>regunt,</strong></span> <span class='ocrx_word' id='word_1_253' title='bbox 1830 2895 1924 2950; x_wconf 88' lang='lat' dir='ltr'><strong>sed</strong></span> <span class='ocrx_word' id='word_1_254' title='bbox 1957 2896 2088 2951; x_wconf 90' lang='lat' dir='ltr'><strong>abi-</strong></span> 
     </span>
    </p>
   </div>
   <div class='ocr_carea' id='block_1_31' title="bbox 394 2981 2087 3054">
    <p class='ocr_par' dir='ltr' id='par_1_31' title="bbox 394 2981 2087 3054">
     <span class='ocr_line' id='line_1_31' title="bbox 394 2981 2087 3054; baseline 0.002 -19"><span class='ocrx_word' id='word_1_255' title='bbox 394 2989 559 3051; x_wconf 90' lang='lat' dir='ltr'><strong>gunt,</strong></span> <span class='ocrx_word' id='word_1_256' title='bbox 591 2981 660 3036; x_wconf 90' lang='lat' dir='ltr'><strong>de</strong></span> <span class='ocrx_word' id='word_1_257' title='bbox 690 2981 904 3050; x_wconf 92' lang='lat' dir='ltr'><strong>quibus</strong></span> <span class='ocrx_word' id='word_1_258' title='bbox 930 2981 1022 3037; x_wconf 93' lang='lat' dir='ltr'><strong>ille</strong></span> <span class='ocrx_word' id='word_1_259' title='bbox 1054 2991 1136 3038; x_wconf 89' lang='lat' dir='ltr'><strong>est</strong></span> <span class='ocrx_word' id='word_1_260' title='bbox 1167 2997 1180 3037; x_wconf 89' lang='lat'><strong>:</strong></span> <span class='ocrx_word' id='word_1_261' title='bbox 1216 3005 1235 3031; x_wconf 77' lang='grc' dir='ltr'><strong>ι</strong></span> <span class='ocrx_word' id='word_1_262' title='bbox 1269 2983 1336 3038; x_wconf 89' lang='lat' dir='ltr'><strong>Et</strong></span> <span class='ocrx_word' id='word_1_263' title='bbox 1366 2983 1456 3039; x_wconf 89' lang='lat' dir='ltr'><strong>hic</strong></span> <span class='ocrx_word' id='word_1_264' title='bbox 1476 2998 1646 3054; x_wconf 92' lang='lat' dir='ltr'><strong>quem</strong></span> <span class='ocrx_word' id='word_1_265' title='bbox 1677 2983 1854 3039; x_wconf 89' lang='lat' dir='ltr'><strong>habes</strong></span> <span class='ocrx_word' id='word_1_266' title='bbox 1870 2999 1982 3039; x_wconf 92' lang='lat' dir='ltr'><strong>non</strong></span> <span class='ocrx_word' id='word_1_267' title='bbox 2001 2990 2087 3039; x_wconf 92' lang='lat' dir='ltr'><strong>est</strong></span> 
     </span>
    </p>
   </div>
   <div class='ocr_carea' id='block_1_32' title="bbox 394 3066 2168 3142">
    <p class='ocr_par' dir='ltr' id='par_1_32' title="bbox 394 3066 2168 3142">
     <span class='ocr_line' id='line_1_32' title="bbox 394 3066 2168 3142; baseline -0.001 -18"><span class='ocrx_word' id='word_1_268' title='bbox 394 3076 531 3124; x_wconf 92' lang='lat' dir='ltr'><strong>tuus</strong></span> <span class='ocrx_word' id='word_1_269' title='bbox 584 3068 675 3124; x_wconf 91' lang='lat' dir='ltr'><strong>vir</strong></span> <span class='ocrx_word' id='word_1_270' title='bbox 726 3071 902 3138; x_wconf 86' lang='lat' dir='ltr'><strong>(Joan.</strong></span> <span class='ocrx_word' id='word_1_271' title='bbox 956 3085 1032 3137; x_wconf 85' lang='lat' dir='ltr'><strong>tv,</strong></span> <span class='ocrx_word' id='word_1_272' title='bbox 1071 3071 1195 3139; x_wconf 69' lang='lat'><strong>18);</strong></span> <span class='ocrx_word' id='word_1_273' title='bbox 1250 3092 1271 3120; x_wconf 73' lang='grc' dir='ltr'><strong>ι</strong></span> <span class='ocrx_word' id='word_1_274' title='bbox 1317 3075 1373 3127; x_wconf 89' lang='lat' dir='ltr'><strong>et</strong></span> <span class='ocrx_word' id='word_1_275' title='bbox 1420 3071 1684 3142; x_wconf 91' lang='lat' dir='ltr'><strong>quandiu</strong></span> <span class='ocrx_word' id='word_1_276' title='bbox 1731 3087 1834 3128; x_wconf 89' lang='lat' dir='ltr'><strong>nos</strong></span> <span class='ocrx_word' id='word_1_277' title='bbox 1875 3071 2089 3128; x_wconf 86' lang='lat' dir='ltr'><strong>habent</strong></span> <span class='ocrx_word' id='word_1_278' title='bbox 2127 3066 2168 3122; x_wconf 89' lang='lat' dir='ltr'>C</span> 
     </span>
    </p>
   </div>
   <div class='ocr_carea' id='block_1_33' title="bbox 394 3159 2086 3230">
    <p class='ocr_par' dir='ltr' id='par_1_33' title="bbox 394 3159 2086 3230">
     <span class='ocr_line' id='line_1_33' title="bbox 394 3159 2086 3230; baseline 0.002 -18"><span class='ocrx_word' id='word_1_279' title='bbox 394 3165 658 3213; x_wconf 88' lang='lat' dir='ltr'><strong>nontam</strong></span> <span class='ocrx_word' id='word_1_280' title='bbox 707 3159 997 3228; x_wconf 88' lang='lat' dir='ltr'><strong>possident</strong></span> <span class='ocrx_word' id='word_1_281' title='bbox 1025 3173 1201 3230; x_wconf 91' lang='lat' dir='ltr'><strong>quam</strong></span> <span class='ocrx_word' id='word_1_282' title='bbox 1249 3159 1529 3216; x_wconf 92' lang='lat' dir='ltr'><strong>obsident.</strong></span> <span class='ocrx_word' id='word_1_283' title='bbox 1579 3159 1803 3228; x_wconf 89' lang='lat' dir='ltr'><strong>Quibus</strong></span> <span class='ocrx_word' id='word_1_284' title='bbox 1832 3169 1970 3217; x_wconf 90' lang='lat' dir='ltr'><strong>tunc</strong></span> <span class='ocrx_word' id='word_1_285' title='bbox 2001 3161 2086 3215; x_wconf 91' lang='lat' dir='ltr'><strong>in-</strong></span> 
     </span>
    </p>
   </div>
   <div class='ocr_carea' id='block_1_34' title="bbox 395 3248 2086 3318">
    <p class='ocr_par' dir='ltr' id='par_1_34' title="bbox 395 3248 2086 3318">
     <span class='ocr_line' id='line_1_34' title="bbox 395 3248 2086 3318; baseline 0.001 -17"><span class='ocrx_word' id='word_1_286' title='bbox 395 3260 632 3302; x_wconf 90' lang='lat' dir='ltr'><strong>censum</strong></span> <span class='ocrx_word' id='word_1_287' title='bbox 681 3248 1037 3315; x_wconf 88' lang='lat' dir='ltr'><strong>accenditur,</strong></span> <span class='ocrx_word' id='word_1_288' title='bbox 1086 3263 1219 3304; x_wconf 90' lang='lat' dir='ltr'><strong>cum</strong></span> <span class='ocrx_word' id='word_1_289' title='bbox 1259 3263 1331 3304; x_wconf 88' lang='lat' dir='ltr'><strong>ex</strong></span> <span class='ocrx_word' id='word_1_290' title='bbox 1363 3249 1527 3318; x_wconf 90' lang='lat' dir='ltr'><strong>pravi</strong></span> <span class='ocrx_word' id='word_1_291' title='bbox 1575 3249 1796 3306; x_wconf 82' lang='lat' dir='ltr'><strong>fervore</strong></span> <span class='ocrx_word' id='word_1_292' title='bbox 1824 3249 2086 3305; x_wconf 89' lang='lat' dir='ltr'><strong>desiderii</strong></span> 
     </span>
    </p>
   </div>
   <div class='ocr_carea' id='block_1_35' title="bbox 395 3335 2087 3407">
    <p class='ocr_par' dir='ltr' id='par_1_35' title="bbox 395 3335 2087 3407">
     <span class='ocr_line' id='line_1_35' title="bbox 395 3335 2087 3407; baseline 0.001 -17"><span class='ocrx_word' id='word_1_293' title='bbox 395 3335 545 3391; x_wconf 86' lang='lat' dir='ltr'><strong>intra</strong></span> <span class='ocrx_word' id='word_1_294' title='bbox 587 3344 856 3402; x_wconf 88' lang='lat' dir='ltr'><strong>mentem,</strong></span> <span class='ocrx_word' id='word_1_295' title='bbox 885 3351 1017 3407; x_wconf 61' lang='lat' dir='ltr'><strong>qua)</strong></span> <span class='ocrx_word' id='word_1_296' title='bbox 1051 3352 1155 3392; x_wconf 90' lang='lat' dir='ltr'><strong>nos</strong></span> <span class='ocrx_word' id='word_1_297' title='bbox 1186 3339 1331 3392; x_wconf 89' lang='lat' dir='ltr'><strong>male</strong></span> <span class='ocrx_word' id='word_1_298' title='bbox 1363 3338 1630 3405; x_wconf 69' lang='lat' dir='ltr'><strong>obcaecat,</strong></span> <span class='ocrx_word' id='word_1_299' title='bbox 1664 3339 1876 3394; x_wconf 90' lang='lat' dir='ltr'><strong>nebula</strong></span> <span class='ocrx_word' id='word_1_300' title='bbox 1907 3339 2087 3394; x_wconf 90' lang='lat' dir='ltr'><strong>susci-</strong></span> 
     </span>
    </p>
   </div>
   <div class='ocr_carea' id='block_1_36' title="bbox 395 3425 2090 3498">
    <p class='ocr_par' dir='ltr' id='par_1_36' title="bbox 395 3425 2090 3498">
     <span class='ocr_line' id='line_1_36' title="bbox 395 3425 2090 3498; baseline 0.002 -18"><span class='ocrx_word' id='word_1_301' title='bbox 395 3432 568 3480; x_wconf 88' lang='lat' dir='ltr'><strong>tatur.</strong></span> <span class='ocrx_word' id='word_1_302' title='bbox 605 3425 722 3480; x_wconf 84' lang='lat' dir='ltr'><strong>Hoc</strong></span> <span class='ocrx_word' id='word_1_303' title='bbox 767 3433 868 3492; x_wconf 93' lang='lat' dir='ltr'><strong>est,</strong></span> <span class='ocrx_word' id='word_1_304' title='bbox 903 3425 1060 3496; x_wconf 91' lang='lat' dir='ltr'><strong>quod</strong></span> <span class='ocrx_word' id='word_1_305' title='bbox 1095 3427 1248 3496; x_wconf 89' lang='lat' dir='ltr'><strong>apud</strong></span> <span class='ocrx_word' id='word_1_306' title='bbox 1278 3427 1626 3483; x_wconf 86' lang='lat' dir='ltr'><strong>Ezechielem</strong></span> <span class='ocrx_word' id='word_1_307' title='bbox 1661 3443 1838 3498; x_wconf 83' lang='lat' dir='ltr'><strong>vapor</strong></span> <span class='ocrx_word' id='word_1_308' title='bbox 1865 3427 2090 3484; x_wconf 59' lang='lat' dir='ltr'><strong>nebula</strong></span> 
     </span>
    </p>
   </div>
   <div class='ocr_carea' id='block_1_37' title="bbox 395 3518 2093 3590">
    <p class='ocr_par' dir='ltr' id='par_1_37' title="bbox 395 3518 2093 3590">
     <span class='ocr_line' id='line_1_37' title="bbox 395 3518 2093 3590; baseline 0.002 -18"><span class='ocrx_word' id='word_1_309' title='bbox 395 3518 465 3573; x_wconf 93' lang='lat' dir='ltr'><strong>de</strong></span> <span class='ocrx_word' id='word_1_310' title='bbox 517 3518 688 3573; x_wconf 88' lang='lat' dir='ltr'><strong>thure</strong></span> <span class='ocrx_word' id='word_1_311' title='bbox 734 3532 1082 3588; x_wconf 85' lang='lat' dir='ltr'><strong>consurgere</strong></span> <span class='ocrx_word' id='word_1_312' title='bbox 1125 3519 1336 3575; x_wconf 90' lang='lat' dir='ltr'><strong>dicitur</strong></span> <span class='ocrx_word' id='word_1_313' title='bbox 1394 3520 1605 3590; x_wconf 80' lang='lat' dir='ltr'><strong>(Ezech.</strong></span> <span class='ocrx_word' id='word_1_314' title='bbox 1656 3535 1774 3587; x_wconf 79' lang='lat' dir='ltr'><strong>vin,</strong></span> <span class='ocrx_word' id='word_1_315' title='bbox 1833 3523 1934 3589; x_wconf 84' lang='grc' dir='ltr'><strong>Η).</strong></span> <span class='ocrx_word' id='word_1_316' title='bbox 1977 3521 2093 3578; x_wconf 87' lang='lat' dir='ltr'><strong>Nec</strong></span> 
     </span>
    </p>
   </div>
   <div class='ocr_carea' id='block_1_38' title="bbox 395 3605 2092 3678">
    <p class='ocr_par' dir='ltr' id='par_1_38' title="bbox 395 3605 2092 3678">
     <span class='ocr_line' id='line_1_38' title="bbox 395 3605 2092 3678; baseline 0.002 -17"><span class='ocrx_word' id='word_1_317' title='bbox 395 3605 557 3661; x_wconf 91' lang='lat' dir='ltr'><strong>nobis</strong></span> <span class='ocrx_word' id='word_1_318' title='bbox 584 3605 777 3672; x_wconf 86' lang='lat' dir='ltr'><strong>officit,</strong></span> <span class='ocrx_word' id='word_1_319' title='bbox 813 3606 967 3676; x_wconf 90' lang='lat' dir='ltr'><strong>quod</strong></span> <span class='ocrx_word' id='word_1_320' title='bbox 1012 3606 1252 3662; x_wconf 88' lang='lat' dir='ltr'><strong>libenter</strong></span> <span class='ocrx_word' id='word_1_321' title='bbox 1276 3607 1580 3678; x_wconf 89' lang='lat' dir='ltr'><strong>aliquoties</strong></span> <span class='ocrx_word' id='word_1_322' title='bbox 1622 3609 1885 3664; x_wconf 85' lang='lat' dir='ltr'><strong>ardentia</strong></span> <span class='ocrx_word' id='word_1_323' title='bbox 1917 3609 2092 3666; x_wconf 87' lang='lat' dir='ltr'><strong>thura</strong></span> 
     </span>
    </p>
   </div>
   <div class='ocr_carea' id='block_1_39' title="bbox 395 3693 2091 3768">
    <p class='ocr_par' dir='ltr' id='par_1_39' title="bbox 395 3693 2091 3768">
     <span class='ocr_line' id='line_1_39' title="bbox 395 3693 2091 3768; baseline 0.001 -18"><span class='ocrx_word' id='word_1_324' title='bbox 395 3693 705 3762; x_wconf 90' lang='lat' dir='ltr'><strong>sentimus,</strong></span> <span class='ocrx_word' id='word_1_325' title='bbox 751 3695 892 3764; x_wconf 91' lang='lat' dir='ltr'><strong>quia</strong></span> <span class='ocrx_word' id='word_1_326' title='bbox 941 3695 1254 3764; x_wconf 68' lang='lat' dir='ltr'><strong>saepissime</strong></span> <span class='ocrx_word' id='word_1_327' title='bbox 1310 3711 1412 3766; x_wconf 89' lang='lat' dir='ltr'><strong>per</strong></span> <span class='ocrx_word' id='word_1_328' title='bbox 1459 3697 1898 3768; x_wconf 88' lang='lat' dir='ltr'><strong>imaginationes</strong></span> <span class='ocrx_word' id='word_1_329' title='bbox 1948 3704 2091 3753; x_wconf 80' lang='lat' dir='ltr'><strong>lso</strong></span> 
     </span>
    </p>
   </div>
   <div class='ocr_carea' id='block_1_40' title="bbox 397 3783 2091 3860">
    <p class='ocr_par' dir='ltr' id='par_1_40' title="bbox 397 3783 2091 3860">
     <span class='ocr_line' id='line_1_40' title="bbox 397 3783 2091 3860; baseline 0.004 -23"><span class='ocrx_word' id='word_1_330' title='bbox 397 3797 514 3837; x_wconf 93' lang='lat' dir='ltr'><strong>non</strong></span> <span class='ocrx_word' id='word_1_331' title='bbox 556 3783 751 3838; x_wconf 90' lang='lat' dir='ltr'><strong>minus</strong></span> <span class='ocrx_word' id='word_1_332' title='bbox 791 3798 967 3854; x_wconf 90' lang='lat' dir='ltr'><strong>quam</strong></span> <span class='ocrx_word' id='word_1_333' title='bbox 998 3785 1434 3855; x_wconf 76' lang='lat' dir='ltr'><strong>praesentialiter</strong></span> <span class='ocrx_word' id='word_1_334' title='bbox 1465 3787 1608 3854; x_wconf 90' lang='lat' dir='ltr'><strong>visa,</strong></span> <span class='ocrx_word' id='word_1_335' title='bbox 1649 3794 1705 3844; x_wconf 92' lang='lat' dir='ltr'><strong>et</strong></span> <span class='ocrx_word' id='word_1_336' title='bbox 1735 3787 1935 3844; x_wconf 93' lang='lat' dir='ltr'><strong>audita</strong></span> <span class='ocrx_word' id='word_1_337' title='bbox 1963 3803 2091 3860; x_wconf 87' lang='lat' dir='ltr'><strong>gra-</strong></span> 
     </span>
    </p>
   </div>
   <div class='ocr_carea' id='block_1_41' title="bbox 397 3871 928 3929">
    <p class='ocr_par' dir='ltr' id='par_1_41' title="bbox 397 3871 928 3929">
     <span class='ocr_line' id='line_1_41' title="bbox 397 3871 928 3929; baseline 0.004 -3"><span class='ocrx_word' id='word_1_338' title='bbox 397 3879 584 3927; x_wconf 92' lang='lat' dir='ltr'><strong>tanter</strong></span> <span class='ocrx_word' id='word_1_339' title='bbox 611 3871 928 3929; x_wconf 88' lang='lat' dir='ltr'><strong>olfacimus.</strong></span> 
     </span>
    </p>
   </div>
   <div class='ocr_carea' id='block_1_42' title="bbox 465 3961 2090 4036">
    <p class='ocr_par' dir='ltr' id='par_1_42' title="bbox 465 3961 2090 4036">
     <span class='ocr_line' id='line_1_42' title="bbox 465 3961 2090 4036; baseline 0.004 -20"><span class='ocrx_word' id='word_1_340' title='bbox 465 3961 666 4016; x_wconf 86' lang='lat' dir='ltr'><strong>Inaure</strong></span> <span class='ocrx_word' id='word_1_341' title='bbox 713 3975 814 4015; x_wconf 83' lang='lat' dir='ltr'><strong>sua</strong></span> <span class='ocrx_word' id='word_1_342' title='bbox 863 3970 1125 4028; x_wconf 91' lang='lat' dir='ltr'><strong>ornatur,</strong></span> <span class='ocrx_word' id='word_1_343' title='bbox 1174 3964 1276 4033; x_wconf 90' lang='lat' dir='ltr'><strong>qui</strong></span> <span class='ocrx_word' id='word_1_344' title='bbox 1327 3963 1395 4020; x_wconf 90' lang='lat' dir='ltr'><strong>de</strong></span> <span class='ocrx_word' id='word_1_345' title='bbox 1444 3963 1789 4021; x_wconf 90' lang='lat' dir='ltr'><strong>claritudine</strong></span> <span class='ocrx_word' id='word_1_346' title='bbox 1845 3967 2090 4036; x_wconf 74' lang='lat' dir='ltr'><strong>propriae</strong></span> 
     </span>
    </p>
   </div>
   <div class='ocr_carea' id='block_1_43' title="bbox 398 4047 2093 4119">
    <p class='ocr_par' dir='ltr' id='par_1_43' title="bbox 398 4047 2093 4119">
     <span class='ocr_line' id='line_1_43' title="bbox 398 4047 2093 4119; baseline 0.005 -17"><span class='ocrx_word' id='word_1_347' title='bbox 398 4047 786 4119; x_wconf 64' lang='lat' dir='ltr'><strong>intelligentia:</strong></span> <span class='ocrx_word' id='word_1_348' title='bbox 849 4050 1129 4107; x_wconf 86' lang='lat' dir='ltr'><strong>elevatur.</strong></span> <span class='ocrx_word' id='word_1_349' title='bbox 1190 4052 1397 4108; x_wconf 85' lang='lat' dir='ltr'><strong>Monile</strong></span> <span class='ocrx_word' id='word_1_350' title='bbox 1459 4061 1650 4109; x_wconf 89' lang='lat' dir='ltr'><strong>autem</strong></span> <span class='ocrx_word' id='word_1_351' title='bbox 1708 4054 1780 4109; x_wconf 89' lang='lat' dir='ltr'><strong>ad</strong></span> <span class='ocrx_word' id='word_1_352' title='bbox 1833 4063 2093 4110; x_wconf 87' lang='lat' dir='ltr'><strong>extrema</strong></span> 
     </span>
    </p>
   </div>
   <div class='ocr_carea' id='block_1_44' title="bbox 398 4136 2090 4213">
    <p class='ocr_par' dir='ltr' id='par_1_44' title="bbox 398 4136 2090 4213">
     <span class='ocr_line' id='line_1_44' title="bbox 398 4136 2090 4213; baseline 0.005 -23"><span class='ocrx_word' id='word_1_353' title='bbox 398 4136 526 4191; x_wconf 92' lang='lat' dir='ltr'><strong>colli</strong></span> <span class='ocrx_word' id='word_1_354' title='bbox 573 4137 935 4206; x_wconf 90' lang='lat' dir='ltr'><strong>appenditur.</strong></span> <span class='ocrx_word' id='word_1_355' title='bbox 969 4141 1162 4195; x_wconf 74' lang='lat' dir='ltr'><strong>Manili</strong></span> <span class='ocrx_word' id='word_1_356' title='bbox 1211 4155 1350 4211; x_wconf 91' lang='lat' dir='ltr'><strong>ergo</strong></span> <span class='ocrx_word' id='word_1_357' title='bbox 1393 4149 1654 4209; x_wconf 90' lang='lat' dir='ltr'><strong>ornatur,</strong></span> <span class='ocrx_word' id='word_1_358' title='bbox 1706 4143 1807 4213; x_wconf 92' lang='lat' dir='ltr'><strong>qui</strong></span> <span class='ocrx_word' id='word_1_359' title='bbox 1837 4143 1906 4198; x_wconf 90' lang='lat' dir='ltr'><strong>de</strong></span> <span class='ocrx_word' id='word_1_360' title='bbox 1955 4158 2090 4213; x_wconf 89' lang='lat' dir='ltr'><strong>pro-</strong></span> 
     </span>
    </p>
   </div>
   <div class='ocr_carea' id='block_1_45' title="bbox 401 4224 2092 4301">
    <p class='ocr_par' dir='ltr' id='par_1_45' title="bbox 401 4224 2092 4301">
     <span class='ocr_line' id='line_1_45' title="bbox 401 4224 2092 4301; baseline 0.005 -22"><span class='ocrx_word' id='word_1_361' title='bbox 401 4224 682 4282; x_wconf 86' lang='lat' dir='ltr'><strong>funditate</strong></span> <span class='ocrx_word' id='word_1_362' title='bbox 714 4227 934 4283; x_wconf 88' lang='lat' dir='ltr'><strong>consilii</strong></span> <span class='ocrx_word' id='word_1_363' title='bbox 965 4227 1262 4298; x_wconf 80' lang='lat' dir='ltr'><strong>gloriatur.</strong></span> <span class='ocrx_word' id='word_1_364' title='bbox 1299 4229 1514 4284; x_wconf 85' lang='lat' dir='ltr'><strong>Habent</strong></span> <span class='ocrx_word' id='word_1_365' title='bbox 1545 4231 1696 4286; x_wconf 91' lang='lat' dir='ltr'><strong>enim</strong></span> <span class='ocrx_word' id='word_1_366' title='bbox 1728 4231 1826 4301; x_wconf 93' lang='lat' dir='ltr'><strong>qui</strong></span> <span class='ocrx_word' id='word_1_367' title='bbox 1856 4240 2092 4301; x_wconf 89' lang='lat' dir='ltr'><strong>peccant</strong></span> 
     </span>
    </p>
   </div>
   <div class='ocr_carea' id='block_1_46' title="bbox 401 4313 2092 4386">
    <p class='ocr_par' dir='ltr' id='par_1_46' title="bbox 401 4313 2092 4386">
     <span class='ocr_line' id='line_1_46' title="bbox 401 4313 2092 4386; baseline 0.005 -19"><span class='ocrx_word' id='word_1_368' title='bbox 401 4313 572 4368; x_wconf 91' lang='lat' dir='ltr'><strong>verba</strong></span> <span class='ocrx_word' id='word_1_369' title='bbox 621 4315 923 4385; x_wconf 89' lang='lat' dir='ltr'><strong>cujusdam</strong></span> <span class='ocrx_word' id='word_1_370' title='bbox 978 4316 1133 4386; x_wconf 89' lang='lat' dir='ltr'><strong>apud</strong></span> <span class='ocrx_word' id='word_1_371' title='bbox 1177 4332 1234 4373; x_wconf 91' lang='lat' dir='ltr'><strong>se</strong></span> <span class='ocrx_word' id='word_1_372' title='bbox 1277 4318 1748 4386; x_wconf 87' lang='lat' dir='ltr'><strong>ratiocinationis,</strong></span> <span class='ocrx_word' id='word_1_373' title='bbox 1799 4319 1869 4375; x_wconf 90' lang='lat' dir='ltr'><strong>ad</strong></span> <span class='ocrx_word' id='word_1_374' title='bbox 1920 4335 2092 4376; x_wconf 85' lang='lat' dir='ltr'><strong>excu-</strong></span> 
     </span>
    </p>
   </div>
   <div class='ocr_carea' id='block_1_47' title="bbox 2196 603 3927 676">
    <p class='ocr_par' dir='ltr' id='par_1_47' title="bbox 2196 603 3927 676">
     <span class='ocr_line' id='line_1_47' title="bbox 2196 603 3927 676; baseline 0 -18"><span class='ocrx_word' id='word_1_375' title='bbox 2196 603 2497 671; x_wconf 89' lang='lat' dir='ltr'><strong>recutitur,</strong></span> <span class='ocrx_word' id='word_1_376' title='bbox 2553 603 2651 660; x_wconf 91' lang='lat' dir='ltr'><strong>ubi</strong></span> <span class='ocrx_word' id='word_1_377' title='bbox 2681 603 2970 676; x_wconf 93' lang='lat' dir='ltr'><strong>quidquid</strong></span> <span class='ocrx_word' id='word_1_378' title='bbox 3016 604 3114 660; x_wconf 94' lang='lat' dir='ltr'><strong>Dei</strong></span> <span class='ocrx_word' id='word_1_379' title='bbox 3157 611 3261 673; x_wconf 90' lang='lat' dir='ltr'><strong>est,</strong></span> <span class='ocrx_word' id='word_1_380' title='bbox 3311 619 3346 661; x_wconf 93' lang='lat' dir='ltr'><strong>a</strong></span> <span class='ocrx_word' id='word_1_381' title='bbox 3375 604 3509 660; x_wconf 91' lang='lat' dir='ltr'><strong>sinu</strong></span> <span class='ocrx_word' id='word_1_382' title='bbox 3551 603 3770 660; x_wconf 89' lang='lat' dir='ltr'><strong>mentis</strong></span> <span class='ocrx_word' id='word_1_383' title='bbox 3815 616 3927 658; x_wconf 90' lang='lat' dir='ltr'><strong>ar-</strong></span> 
     </span>
    </p>
   </div>
   <div class='ocr_carea' id='block_1_48' title="bbox 2195 699 2379 748">
    <p class='ocr_par' dir='ltr' id='par_1_48' title="bbox 2195 699 2379 748">
     <span class='ocr_line' id='line_1_48' title="bbox 2195 699 2379 748; baseline 0 -2"><span class='ocrx_word' id='word_1_384' title='bbox 2195 699 2379 748; x_wconf 89' lang='lat' dir='ltr'><strong>cetur.</strong></span> 
     </span>
    </p>
   </div>
   <div class='ocr_carea' id='block_1_49' title="bbox 2268 825 3921 896">
    <p class='ocr_par' dir='ltr' id='par_1_49' title="bbox 2268 825 3921 896">
     <span class='ocr_line' id='line_1_49' title="bbox 2268 825 3921 896; baseline -0.002 -14"><span class='ocrx_word' id='word_1_385' title='bbox 2268 825 2440 882; x_wconf 72' lang='lat' dir='ltr'><strong>Vens.</strong></span> <span class='ocrx_word' id='word_1_386' title='bbox 2490 827 2574 890; x_wconf 81' lang='grc'><strong>14,</strong></span> <span class='ocrx_word' id='word_1_387' title='bbox 2610 829 2695 881; x_wconf 84' lang='grc'><strong>15.</strong></span> <span class='ocrx_word' id='word_1_388' title='bbox 2727 855 2796 867; x_wconf 92' lang='grc'><strong>-</strong></span> <span class='ocrx_word' id='word_1_389' title='bbox 2843 849 2865 876; x_wconf 79' lang='grc' dir='ltr'><strong>ι</strong></span> <span class='ocrx_word' id='word_1_390' title='bbox 2908 827 3147 896; x_wconf 90' lang='lat' dir='ltr'><strong>Propter</strong></span> <span class='ocrx_word' id='word_1_391' title='bbox 3193 825 3320 894; x_wconf 91' lang='lat' dir='ltr'><strong>hoc,</strong></span> <span class='ocrx_word' id='word_1_392' title='bbox 3363 839 3492 881; x_wconf 90' lang='lat' dir='ltr'><strong>ecce</strong></span> <span class='ocrx_word' id='word_1_393' title='bbox 3534 840 3639 896; x_wconf 88' lang='lat' dir='ltr'><strong>ego</strong></span> <span class='ocrx_word' id='word_1_394' title='bbox 3671 825 3921 882; x_wconf 89' lang='lat' dir='ltr'><strong>lactabo</strong></span> 
     </span>
    </p>
   </div>
   <div class='ocr_carea' id='block_1_50' title="bbox 2202 913 3920 985">
    <p class='ocr_par' dir='ltr' id='par_1_50' title="bbox 2202 913 3920 985">
     <span class='ocr_line' id='line_1_50' title="bbox 2202 913 3920 985; baseline -0.001 -15"><span class='ocrx_word' id='word_1_395' title='bbox 2202 936 2224 963; x_wconf 78' lang='grc' dir='ltr'><strong>ι</strong></span> <span class='ocrx_word' id='word_1_396' title='bbox 2258 928 2406 982; x_wconf 91' lang='lat' dir='ltr'><strong>eam,</strong></span> <span class='ocrx_word' id='word_1_397' title='bbox 2447 921 2503 970; x_wconf 94' lang='lat' dir='ltr'><strong>et</strong></span> <span class='ocrx_word' id='word_1_398' title='bbox 2529 914 2737 970; x_wconf 92' lang='lat' dir='ltr'><strong>ducam</strong></span> <span class='ocrx_word' id='word_1_399' title='bbox 2785 928 2912 970; x_wconf 89' lang='lat' dir='ltr'><strong>eam</strong></span> <span class='ocrx_word' id='word_1_400' title='bbox 2963 914 3020 969; x_wconf 90' lang='lat' dir='ltr'><strong>in</strong></span> <span class='ocrx_word' id='word_1_401' title='bbox 3053 913 3438 982; x_wconf 88' lang='lat' dir='ltr'><strong>solitudinem,</strong></span> <span class='ocrx_word' id='word_1_402' title='bbox 3488 921 3543 969; x_wconf 92' lang='lat' dir='ltr'><strong>et</strong></span> <span class='ocrx_word' id='word_1_403' title='bbox 3572 914 3789 985; x_wconf 87' lang='lat' dir='ltr'><strong>loquar</strong></span> <span class='ocrx_word' id='word_1_404' title='bbox 3835 913 3920 968; x_wconf 86' lang='lat' dir='ltr'><strong>ad</strong></span> 
     </span>
    </p>
   </div>
   <div class='ocr_carea' id='block_1_51' title="bbox 2197 1000 3918 1074">
    <p class='ocr_par' dir='ltr' id='par_1_51' title="bbox 2197 1000 3918 1074">
     <span class='ocr_line' id='line_1_51' title="bbox 2197 1000 3918 1074; baseline -0.002 -15"><span class='ocrx_word' id='word_1_405' title='bbox 2197 1023 2226 1051; x_wconf 86' lang='grc'><strong>››</strong></span> <span class='ocrx_word' id='word_1_406' title='bbox 2260 1017 2360 1059; x_wconf 89' lang='lat' dir='ltr'><strong>cor</strong></span> <span class='ocrx_word' id='word_1_407' title='bbox 2387 1002 2531 1074; x_wconf 88' lang='lat' dir='ltr'><strong>ejus.</strong></span> <span class='ocrx_word' id='word_1_408' title='bbox 2579 1003 2650 1059; x_wconf 90' lang='lat' dir='ltr'><strong>Et</strong></span> <span class='ocrx_word' id='word_1_409' title='bbox 2678 1003 2826 1059; x_wconf 91' lang='lat' dir='ltr'><strong>dabo</strong></span> <span class='ocrx_word' id='word_1_410' title='bbox 2871 1003 2923 1058; x_wconf 91' lang='lat' dir='ltr'><strong>ei</strong></span> <span class='ocrx_word' id='word_1_411' title='bbox 2957 1001 3230 1057; x_wconf 92' lang='lat' dir='ltr'><strong>vinitores</strong></span> <span class='ocrx_word' id='word_1_412' title='bbox 3258 1003 3385 1072; x_wconf 88' lang='lat' dir='ltr'><strong>ejus</strong></span> <span class='ocrx_word' id='word_1_413' title='bbox 3415 1016 3488 1058; x_wconf 90' lang='lat' dir='ltr'><strong>ex</strong></span> <span class='ocrx_word' id='word_1_414' title='bbox 3519 1001 3718 1058; x_wconf 90' lang='lat' dir='ltr'><strong>eodem</strong></span> <span class='ocrx_word' id='word_1_415' title='bbox 3754 1000 3918 1065; x_wconf 91' lang='lat' dir='ltr'><strong>loco,</strong></span> 
     </span>
    </p>
   </div>
   <div class='ocr_carea' id='block_1_52' title="bbox 2202 1089 3922 1160">
    <p class='ocr_par' dir='ltr' id='par_1_52' title="bbox 2202 1089 3922 1160">
     <span class='ocr_line' id='line_1_52' title="bbox 2202 1089 3922 1160; baseline -0.002 -13"><span class='ocrx_word' id='word_1_416' title='bbox 2202 1113 2222 1139; x_wconf 74' lang='grc' dir='ltr'><strong>ι</strong></span> <span class='ocrx_word' id='word_1_417' title='bbox 2257 1099 2314 1147; x_wconf 91' lang='lat' dir='ltr'><strong>et</strong></span> <span class='ocrx_word' id='word_1_418' title='bbox 2357 1091 2565 1148; x_wconf 86' lang='lat' dir='ltr'><strong>vallem</strong></span> <span class='ocrx_word' id='word_1_419' title='bbox 2617 1091 2803 1146; x_wconf 81' lang='lat' dir='ltr'><strong>Achor</strong></span> <span class='ocrx_word' id='word_1_420' title='bbox 2849 1091 2920 1146; x_wconf 91' lang='lat' dir='ltr'><strong>ad</strong></span> <span class='ocrx_word' id='word_1_421' title='bbox 2967 1089 3334 1160; x_wconf 88' lang='lat' dir='ltr'><strong>aperiendam</strong></span> <span class='ocrx_word' id='word_1_422' title='bbox 3387 1104 3581 1158; x_wconf 88' lang='lat' dir='ltr'><strong>spem,</strong></span> <span class='ocrx_word' id='word_1_423' title='bbox 3626 1098 3682 1146; x_wconf 92' lang='lat' dir='ltr'><strong>et</strong></span> <span class='ocrx_word' id='word_1_424' title='bbox 3731 1098 3922 1144; x_wconf 87' lang='lat' dir='ltr'><strong>canet</strong></span> 
     </span>
    </p>
   </div>
   <div class='ocr_carea' id='block_1_53' title="bbox 2202 1177 3922 1250">
    <p class='ocr_par' dir='ltr' id='par_1_53' title="bbox 2202 1177 3922 1250">
     <span class='ocr_line' id='line_1_53' title="bbox 2202 1177 3922 1250; baseline -0.002 -14"><span class='ocrx_word' id='word_1_425' title='bbox 2202 1201 2222 1229; x_wconf 77' lang='grc' dir='ltr'><strong>ι</strong></span> <span class='ocrx_word' id='word_1_426' title='bbox 2262 1181 2338 1236; x_wconf 92' lang='lat' dir='ltr'><strong>ibi</strong></span> <span class='ocrx_word' id='word_1_427' title='bbox 2363 1180 2536 1249; x_wconf 88' lang='lat' dir='ltr'><strong>juxta</strong></span> <span class='ocrx_word' id='word_1_428' title='bbox 2565 1179 2686 1235; x_wconf 90' lang='lat' dir='ltr'><strong>dies</strong></span> <span class='ocrx_word' id='word_1_429' title='bbox 2709 1179 3034 1250; x_wconf 91' lang='lat' dir='ltr'><strong>juventutis</strong></span> <span class='ocrx_word' id='word_1_430' title='bbox 3077 1193 3216 1246; x_wconf 69' lang='lat' dir='ltr'><strong>suaa,</strong></span> <span class='ocrx_word' id='word_1_431' title='bbox 3248 1187 3302 1234; x_wconf 90' lang='lat' dir='ltr'><strong>et</strong></span> <span class='ocrx_word' id='word_1_432' title='bbox 3337 1178 3510 1250; x_wconf 85' lang='lat' dir='ltr'><strong>juxta</strong></span> <span class='ocrx_word' id='word_1_433' title='bbox 3540 1177 3659 1234; x_wconf 90' lang='lat' dir='ltr'><strong>dies</strong></span> <span class='ocrx_word' id='word_1_434' title='bbox 3689 1191 3922 1233; x_wconf 85' lang='lat' dir='ltr'><strong>ascen-</strong></span> 
     </span>
    </p>
   </div>
   <div class='ocr_carea' id='block_1_54' title="bbox 2202 1265 3914 1336">
    <p class='ocr_par' dir='ltr' id='par_1_54' title="bbox 2202 1265 3914 1336">
     <span class='ocr_line' id='line_1_54' title="bbox 2202 1265 3914 1336; baseline -0.002 -13"><span class='ocrx_word' id='word_1_435' title='bbox 2202 1291 2222 1318; x_wconf 77' lang='grc' dir='ltr'><strong>ι</strong></span> <span class='ocrx_word' id='word_1_436' title='bbox 2259 1269 2434 1323; x_wconf 86' lang='lat' dir='ltr'><strong>sionis</strong></span> <span class='ocrx_word' id='word_1_437' title='bbox 2465 1282 2583 1323; x_wconf 63' lang='lat' dir='ltr'><strong>suae</strong></span> <span class='ocrx_word' id='word_1_438' title='bbox 2621 1267 2690 1323; x_wconf 91' lang='lat' dir='ltr'><strong>de</strong></span> <span class='ocrx_word' id='word_1_439' title='bbox 2720 1276 2874 1323; x_wconf 89' lang='lat' dir='ltr'><strong>terra</strong></span> <span class='ocrx_word' id='word_1_440' title='bbox 2914 1267 3162 1336; x_wconf 63' lang='lat' dir='ltr'><strong>eEgypti.</strong></span> <span class='ocrx_word' id='word_1_441' title='bbox 3201 1287 3224 1314; x_wconf 76' lang='grc' dir='ltr'><strong>ο</strong></span> <span class='ocrx_word' id='word_1_442' title='bbox 3257 1268 3484 1336; x_wconf 79' lang='lat' dir='ltr'><strong>Propter</strong></span> <span class='ocrx_word' id='word_1_443' title='bbox 3524 1267 3638 1333; x_wconf 84' lang='lat' dir='ltr'><strong>hoc,</strong></span> <span class='ocrx_word' id='word_1_444' title='bbox 3677 1265 3914 1336; x_wconf 88' lang='lat' dir='ltr'><strong>inquit,</strong></span> 
     </span>
    </p>
   </div>
   <div class='ocr_carea' id='block_1_55' title="bbox 2196 1351 3914 1425">
    <p class='ocr_par' dir='ltr' id='par_1_55' title="bbox 2196 1351 3914 1425">
     <span class='ocr_line' id='line_1_55' title="bbox 2196 1351 3914 1425; baseline 0.003 -21"><span class='ocrx_word' id='word_1_445' title='bbox 2196 1351 2406 1406; x_wconf 81' lang='lat' dir='ltr'><strong>lactabo</strong></span> <span class='ocrx_word' id='word_1_446' title='bbox 2451 1369 2589 1420; x_wconf 91' lang='lat' dir='ltr'><strong>eam,</strong></span> <span class='ocrx_word' id='word_1_447' title='bbox 2626 1353 2682 1408; x_wconf 93' lang='lat' dir='ltr'><strong>id</strong></span> <span class='ocrx_word' id='word_1_448' title='bbox 2719 1362 2804 1410; x_wconf 92' lang='lat' dir='ltr'><strong>est</strong></span> <span class='ocrx_word' id='word_1_449' title='bbox 2833 1354 3102 1410; x_wconf 89' lang='lat' dir='ltr'><strong>dulcibus</strong></span> <span class='ocrx_word' id='word_1_450' title='bbox 3148 1353 3414 1425; x_wconf 89' lang='lat' dir='ltr'><strong>eloquiis,</strong></span> <span class='ocrx_word' id='word_1_451' title='bbox 3449 1361 3513 1411; x_wconf 91' lang='lat' dir='ltr'><strong>ut</strong></span> <span class='ocrx_word' id='word_1_452' title='bbox 3559 1354 3670 1410; x_wconf 90' lang='lat' dir='ltr'><strong>mei</strong></span> <span class='ocrx_word' id='word_1_453' title='bbox 3721 1354 3914 1410; x_wconf 83' lang='lat' dir='ltr'><strong>remi-</strong></span> 
     </span>
    </p>
   </div>
   <div class='ocr_carea' id='block_1_56' title="bbox 2195 1440 3912 1522">
    <p class='ocr_par' dir='ltr' id='par_1_56' title="bbox 2195 1440 3912 1522">
     <span class='ocr_line' id='line_1_56' title="bbox 2195 1440 3912 1522; baseline 0.001 -27"><span class='ocrx_word' id='word_1_454' title='bbox 2195 1440 2474 1510; x_wconf 89' lang='lat' dir='ltr'><strong>niscatur,</strong></span> <span class='ocrx_word' id='word_1_455' title='bbox 2504 1449 2559 1498; x_wconf 92' lang='lat' dir='ltr'><strong>et</strong></span> <span class='ocrx_word' id='word_1_456' title='bbox 2587 1442 2902 1522; x_wconf 61' lang='lat' dir='ltr'><strong>desertores</strong></span> <span class='ocrx_word' id='word_1_457' title='bbox 2945 1457 3057 1499; x_wconf 90' lang='lat' dir='ltr'><strong>non</strong></span> <span class='ocrx_word' id='word_1_458' title='bbox 3089 1451 3477 1514; x_wconf 88' lang='lat' dir='ltr'><strong>prosequatur</strong></span> <span class='ocrx_word' id='word_1_459' title='bbox 3510 1443 3803 1499; x_wconf 90' lang='lat' dir='ltr'><strong>erudiam.</strong></span> <span class='ocrx_word' id='word_1_460' title='bbox 3839 1445 3912 1499; x_wconf 85' lang='lat' dir='ltr'><strong>In</strong></span> 
     </span>
    </p>
   </div>
   <div class='ocr_carea' id='block_1_57' title="bbox 2194 1529 3911 1602">
    <p class='ocr_par' dir='ltr' id='par_1_57' title="bbox 2194 1529 3911 1602">
     <span class='ocr_line' id='line_1_57' title="bbox 2194 1529 3911 1602; baseline 0.001 -18"><span class='ocrx_word' id='word_1_461' title='bbox 2194 1529 2543 1584; x_wconf 71' lang='lat' dir='ltr'><strong>solitudinem</strong></span> <span class='ocrx_word' id='word_1_462' title='bbox 2573 1547 2691 1585; x_wconf 87' lang='lat' dir='ltr'><strong>eam</strong></span> <span class='ocrx_word' id='word_1_463' title='bbox 2737 1532 2950 1598; x_wconf 88' lang='lat' dir='ltr'><strong>ducam,</strong></span> <span class='ocrx_word' id='word_1_464' title='bbox 2984 1532 3124 1602; x_wconf 86' lang='lat' dir='ltr'><strong>quia</strong></span> <span class='ocrx_word' id='word_1_465' title='bbox 3150 1547 3184 1588; x_wconf 89' lang='lat' dir='ltr'><strong>a</strong></span> <span class='ocrx_word' id='word_1_466' title='bbox 3214 1533 3457 1600; x_wconf 84' lang='lat' dir='ltr'><strong>strepitu</strong></span> <span class='ocrx_word' id='word_1_467' title='bbox 3503 1532 3808 1597; x_wconf 84' lang='lat' dir='ltr'><strong>vitiorum,</strong></span> <span class='ocrx_word' id='word_1_468' title='bbox 3848 1538 3911 1586; x_wconf 84' lang='lat' dir='ltr'><strong>et</strong></span> 
     </span>
    </p>
   </div>
   <div class='ocr_carea' id='block_1_58' title="bbox 2195 1618 3913 1691">
    <p class='ocr_par' dir='ltr' id='par_1_58' title="bbox 2195 1618 3913 1691">
     <span class='ocr_line' id='line_1_58' title="bbox 2195 1618 3913 1691; baseline 0 -17"><span class='ocrx_word' id='word_1_469' title='bbox 2195 1618 2367 1674; x_wconf 89' lang='lat' dir='ltr'><strong>etiam</strong></span> <span class='ocrx_word' id='word_1_470' title='bbox 2409 1619 2483 1674; x_wconf 91' lang='lat' dir='ltr'><strong>ab</strong></span> <span class='ocrx_word' id='word_1_471' title='bbox 2538 1619 2800 1676; x_wconf 90' lang='lat' dir='ltr'><strong>inanium</strong></span> <span class='ocrx_word' id='word_1_472' title='bbox 2845 1620 3260 1691; x_wconf 86' lang='lat' dir='ltr'><strong>cogitationum</strong></span> <span class='ocrx_word' id='word_1_473' title='bbox 3314 1635 3441 1676; x_wconf 87' lang='lat' dir='ltr'><strong>eam</strong></span> <span class='ocrx_word' id='word_1_474' title='bbox 3493 1620 3696 1688; x_wconf 88' lang='lat' dir='ltr'><strong>turbis,</strong></span> <span class='ocrx_word' id='word_1_475' title='bbox 3751 1622 3913 1690; x_wconf 87' lang='lat' dir='ltr'><strong>quia</strong></span> 
     </span>
    </p>
   </div>
   <div class='ocr_carea' id='block_1_59' title="bbox 2195 1707 3913 1779">
    <p class='ocr_par' dir='ltr' id='par_1_59' title="bbox 2195 1707 3913 1779">
     <span class='ocr_line' id='line_1_59' title="bbox 2195 1707 3913 1779; baseline 0.001 -17"><span class='ocrx_word' id='word_1_476' title='bbox 2195 1707 2305 1762; x_wconf 91' lang='lat' dir='ltr'><strong>sibi</strong></span> <span class='ocrx_word' id='word_1_477' title='bbox 2355 1707 2475 1763; x_wconf 88' lang='lat' dir='ltr'><strong>sola</strong></span> <span class='ocrx_word' id='word_1_478' title='bbox 2525 1723 2646 1763; x_wconf 84' lang='lat' dir='ltr'><strong>esse</strong></span> <span class='ocrx_word' id='word_1_479' title='bbox 2697 1723 2813 1764; x_wconf 93' lang='lat' dir='ltr'><strong>non</strong></span> <span class='ocrx_word' id='word_1_480' title='bbox 2867 1716 3066 1778; x_wconf 89' lang='lat' dir='ltr'><strong>potest,</strong></span> <span class='ocrx_word' id='word_1_481' title='bbox 3115 1723 3247 1779; x_wconf 64' lang='lat' dir='ltr'><strong>quae</strong></span> <span class='ocrx_word' id='word_1_482' title='bbox 3299 1709 3476 1764; x_wconf 90' lang='lat' dir='ltr'><strong>tantis</strong></span> <span class='ocrx_word' id='word_1_483' title='bbox 3521 1709 3913 1764; x_wconf 86' lang='lat' dir='ltr'><strong>exactoribus</strong></span> 
     </span>
    </p>
   </div>
   <div class='ocr_carea' id='block_1_60' title="bbox 2126 1791 3911 1865">
    <p class='ocr_par' dir='ltr' id='par_1_60' title="bbox 2126 1791 3911 1865">
     <span class='ocr_line' id='line_1_60' title="bbox 2126 1791 3911 1865; baseline 0.002 -18"><span class='ocrx_word' id='word_1_484' title='bbox 2126 1791 2408 1849; x_wconf 87' lang='lat' dir='ltr'><strong>Bsnbest.</strong></span> <span class='ocrx_word' id='word_1_485' title='bbox 2456 1795 2549 1848; x_wconf 82' lang='lat' dir='ltr'><strong>Ad</strong></span> <span class='ocrx_word' id='word_1_486' title='bbox 2594 1811 2683 1848; x_wconf 88' lang='lat' dir='ltr'><strong>cor</strong></span> <span class='ocrx_word' id='word_1_487' title='bbox 2711 1794 2826 1865; x_wconf 80' lang='lat' dir='ltr'><strong>ejus</strong></span> <span class='ocrx_word' id='word_1_488' title='bbox 2861 1795 2936 1851; x_wconf 89' lang='lat' dir='ltr'><strong>ibi</strong></span> <span class='ocrx_word' id='word_1_489' title='bbox 2992 1797 3136 1850; x_wconf 89' lang='lat' dir='ltr'><strong>Deus</strong></span> <span class='ocrx_word' id='word_1_490' title='bbox 3187 1796 3466 1865; x_wconf 88' lang='lat' dir='ltr'><strong>loquitur,</strong></span> <span class='ocrx_word' id='word_1_491' title='bbox 3518 1795 3658 1851; x_wconf 90' lang='lat' dir='ltr'><strong>dum</strong></span> <span class='ocrx_word' id='word_1_492' title='bbox 3713 1809 3911 1851; x_wconf 64' lang='lat' dir='ltr'><strong>sacrae</strong></span> 
     </span>
    </p>
   </div>
   <div class='ocr_carea' id='block_1_61' title="bbox 2194 1882 3910 1955">
    <p class='ocr_par' dir='ltr' id='par_1_61' title="bbox 2194 1882 3910 1955">
     <span class='ocr_line' id='line_1_61' title="bbox 2194 1882 3910 1955; baseline 0.002 -20"><span class='ocrx_word' id='word_1_493' title='bbox 2194 1882 2426 1954; x_wconf 65' lang='lat' dir='ltr'><strong>paginae</strong></span> <span class='ocrx_word' id='word_1_494' title='bbox 2474 1883 2714 1939; x_wconf 89' lang='lat' dir='ltr'><strong>verbum</strong></span> <span class='ocrx_word' id='word_1_495' title='bbox 2765 1898 2867 1954; x_wconf 89' lang='lat' dir='ltr'><strong>per</strong></span> <span class='ocrx_word' id='word_1_496' title='bbox 2893 1885 3349 1954; x_wconf 89' lang='lat' dir='ltr'><strong>compunctionis</strong></span> <span class='ocrx_word' id='word_1_497' title='bbox 3379 1884 3623 1955; x_wconf 89' lang='lat' dir='ltr'><strong>gratiam</strong></span> <span class='ocrx_word' id='word_1_498' title='bbox 3665 1884 3726 1939; x_wconf 91' lang='lat' dir='ltr'><strong>in</strong></span> <span class='ocrx_word' id='word_1_499' title='bbox 3770 1885 3910 1955; x_wconf 89' lang='lat' dir='ltr'><strong>ejus</strong></span> 
     </span>
    </p>
   </div>
   <div class='ocr_carea' id='block_1_62' title="bbox 2195 1970 3902 2042">
    <p class='ocr_par' dir='ltr' id='par_1_62' title="bbox 2195 1970 3902 2042">
     <span class='ocr_line' id='line_1_62' title="bbox 2195 1970 3902 2042; baseline 0.001 -18"><span class='ocrx_word' id='word_1_500' title='bbox 2195 1970 2388 2026; x_wconf 91' lang='lat' dir='ltr'><strong>animo</strong></span> <span class='ocrx_word' id='word_1_501' title='bbox 2436 1971 2794 2027; x_wconf 90' lang='lat' dir='ltr'><strong>dulcoratur.</strong></span> <span class='ocrx_word' id='word_1_502' title='bbox 2851 1972 2952 2029; x_wconf 86' lang='lat' dir='ltr'><strong>Vel</strong></span> <span class='ocrx_word' id='word_1_503' title='bbox 2981 1972 3154 2028; x_wconf 90' lang='lat' dir='ltr'><strong>etiam</strong></span> <span class='ocrx_word' id='word_1_504' title='bbox 3199 1972 3274 2027; x_wconf 83' lang='lat' dir='ltr'><strong>ad</strong></span> <span class='ocrx_word' id='word_1_505' title='bbox 3317 1988 3409 2026; x_wconf 89' lang='lat' dir='ltr'><strong>cor</strong></span> <span class='ocrx_word' id='word_1_506' title='bbox 3444 1971 3559 2042; x_wconf 83' lang='lat' dir='ltr'><strong>ejus</strong></span> <span class='ocrx_word' id='word_1_507' title='bbox 3605 1970 3902 2041; x_wconf 90' lang='lat' dir='ltr'><strong>loquitur,</strong></span> 
     </span>
    </p>
   </div>
   <div class='ocr_carea' id='block_1_63' title="bbox 2195 2060 3903 2130">
    <p class='ocr_par' dir='ltr' id='par_1_63' title="bbox 2195 2060 3903 2130">
     <span class='ocr_line' id='line_1_63' title="bbox 2195 2060 3903 2130; baseline 0.001 -17"><span class='ocrx_word' id='word_1_508' title='bbox 2195 2073 2328 2114; x_wconf 91' lang='lat' dir='ltr'><strong>cum</strong></span> <span class='ocrx_word' id='word_1_509' title='bbox 2355 2073 2443 2127; x_wconf 90' lang='lat' dir='ltr'><strong>ea,</strong></span> <span class='ocrx_word' id='word_1_510' title='bbox 2479 2073 2610 2130; x_wconf 70' lang='lat' dir='ltr'><strong>qua:</strong></span> <span class='ocrx_word' id='word_1_511' title='bbox 2640 2060 2739 2115; x_wconf 84' lang='lat' dir='ltr'><strong>vix</strong></span> <span class='ocrx_word' id='word_1_512' title='bbox 2768 2074 2996 2116; x_wconf 90' lang='lat' dir='ltr'><strong>summa</strong></span> <span class='ocrx_word' id='word_1_513' title='bbox 3034 2074 3175 2116; x_wconf 91' lang='lat' dir='ltr'><strong>aure</strong></span> <span class='ocrx_word' id='word_1_514' title='bbox 3201 2061 3482 2124; x_wconf 81' lang='lat' dir='ltr'><strong>attingere</strong></span> <span class='ocrx_word' id='word_1_515' title='bbox 3513 2060 3903 2130; x_wconf 87' lang='lat' dir='ltr'><strong>dignabatur,</strong></span> 
     </span>
    </p>
   </div>
   <div class='ocr_carea' id='block_1_64' title="bbox 2194 2148 3910 2218">
    <p class='ocr_par' dir='ltr' id='par_1_64' title="bbox 2194 2148 3910 2218">
     <span class='ocr_line' id='line_1_64' title="bbox 2194 2148 3910 2218; baseline -0.001 -15"><span class='ocrx_word' id='word_1_516' title='bbox 2194 2148 2320 2218; x_wconf 90' lang='lat' dir='ltr'><strong>ejus</strong></span> <span class='ocrx_word' id='word_1_517' title='bbox 2369 2148 2693 2218; x_wconf 76' lang='lat' dir='ltr'><strong>praecordiis</strong></span> <span class='ocrx_word' id='word_1_518' title='bbox 2736 2149 3070 2206; x_wconf 89' lang='lat' dir='ltr'><strong>medullitus</strong></span> <span class='ocrx_word' id='word_1_519' title='bbox 3114 2149 3457 2206; x_wconf 90' lang='lat' dir='ltr'><strong>illabuntur.</strong></span> <span class='ocrx_word' id='word_1_520' title='bbox 3535 2151 3808 2206; x_wconf 78' lang='lat' dir='ltr'><strong>Vinitores</strong></span> <span class='ocrx_word' id='word_1_521' title='bbox 3853 2153 3910 2201; x_wconf 91' lang='lat' dir='ltr'><strong>ei</strong></span> 
     </span>
    </p>
   </div>
   <div class='ocr_carea' id='block_1_65' title="bbox 2194 2234 3909 2306">
    <p class='ocr_par' dir='ltr' id='par_1_65' title="bbox 2194 2234 3909 2306">
     <span class='ocr_line' id='line_1_65' title="bbox 2194 2234 3909 2306; baseline -0.001 -15"><span class='ocrx_word' id='word_1_522' title='bbox 2194 2251 2263 2291; x_wconf 73' lang='lat' dir='ltr'><strong>ea:</strong></span> <span class='ocrx_word' id='word_1_523' title='bbox 2309 2237 2488 2291; x_wconf 85' lang='lat' dir='ltr'><strong>eodem</strong></span> <span class='ocrx_word' id='word_1_524' title='bbox 2547 2237 2655 2291; x_wconf 86' lang='lat' dir='ltr'><strong>loco</strong></span> <span class='ocrx_word' id='word_1_525' title='bbox 2703 2236 2939 2305; x_wconf 87' lang='lat' dir='ltr'><strong>dantur,</strong></span> <span class='ocrx_word' id='word_1_526' title='bbox 2990 2251 3123 2293; x_wconf 89' lang='lat' dir='ltr'><strong>cum</strong></span> <span class='ocrx_word' id='word_1_527' title='bbox 3173 2236 3482 2293; x_wconf 83' lang='lat' dir='ltr'><strong>rationales</strong></span> <span class='ocrx_word' id='word_1_528' title='bbox 3531 2243 3744 2302; x_wconf 88' lang='lat' dir='ltr'><strong>motus,</strong></span> <span class='ocrx_word' id='word_1_529' title='bbox 3793 2234 3909 2306; x_wconf 92' lang='lat' dir='ltr'><strong>qui</strong></span> 
     </span>
    </p>
   </div>
   <div class='ocr_carea' id='block_1_66' title="bbox 2195 2323 3910 2395">
    <p class='ocr_par' dir='ltr' id='par_1_66' title="bbox 2195 2323 3910 2395">
     <span class='ocr_line' id='line_1_66' title="bbox 2195 2323 3910 2395; baseline -0.001 -15"><span class='ocrx_word' id='word_1_530' title='bbox 2195 2326 2489 2394; x_wconf 91' lang='lat' dir='ltr'><strong>quondam</strong></span> <span class='ocrx_word' id='word_1_531' title='bbox 2541 2325 2663 2395; x_wconf 90' lang='lat' dir='ltr'><strong>ipsa</strong></span> <span class='ocrx_word' id='word_1_532' title='bbox 2708 2339 2816 2380; x_wconf 92' lang='lat' dir='ltr'><strong>sua</strong></span> <span class='ocrx_word' id='word_1_533' title='bbox 2859 2325 3084 2381; x_wconf 89' lang='lat' dir='ltr'><strong>interna</strong></span> <span class='ocrx_word' id='word_1_534' title='bbox 3131 2326 3547 2395; x_wconf 91' lang='lat' dir='ltr'><strong>disperserant,</strong></span> <span class='ocrx_word' id='word_1_535' title='bbox 3597 2324 3670 2380; x_wconf 92' lang='lat' dir='ltr'><strong>ad</strong></span> <span class='ocrx_word' id='word_1_536' title='bbox 3717 2323 3910 2394; x_wconf 89' lang='lat' dir='ltr'><strong>spiri-</strong></span> 
     </span>
    </p>
   </div>
   <div class='ocr_carea' id='block_1_67' title="bbox 2198 2413 3910 2485">
    <p class='ocr_par' dir='ltr' id='par_1_67' title="bbox 2198 2413 3910 2485">
     <span class='ocr_line' id='line_1_67' title="bbox 2198 2413 3910 2485; baseline -0.001 -16"><span class='ocrx_word' id='word_1_537' title='bbox 2198 2413 2368 2469; x_wconf 88' lang='lat' dir='ltr'><strong>tualis</strong></span> <span class='ocrx_word' id='word_1_538' title='bbox 2398 2413 2641 2470; x_wconf 66' lang='lat' dir='ltr'><strong>culturae</strong></span> <span class='ocrx_word' id='word_1_539' title='bbox 2667 2414 3007 2470; x_wconf 83' lang='lat' dir='ltr'><strong>exercitium</strong></span> <span class='ocrx_word' id='word_1_540' title='bbox 3039 2413 3276 2470; x_wconf 89' lang='lat' dir='ltr'><strong>fideliter</strong></span> <span class='ocrx_word' id='word_1_541' title='bbox 3307 2415 3723 2485; x_wconf 87' lang='lat' dir='ltr'><strong>glomerantur.</strong></span> <span class='ocrx_word' id='word_1_542' title='bbox 3759 2413 3910 2471; x_wconf 86' lang='lat' dir='ltr'><strong>Val-</strong></span> 
     </span>
    </p>
   </div>
   <div class='ocr_carea' id='block_1_68' title="bbox 2196 2501 3908 2573">
    <p class='ocr_par' dir='ltr' id='par_1_68' title="bbox 2196 2501 3908 2573">
     <span class='ocr_line' id='line_1_68' title="bbox 2196 2501 3908 2573; baseline -0.001 -15"><span class='ocrx_word' id='word_1_543' title='bbox 2196 2501 2264 2558; x_wconf 91' lang='lat' dir='ltr'><strong>lis</strong></span> <span class='ocrx_word' id='word_1_544' title='bbox 2319 2503 2513 2560; x_wconf 82' lang='lat' dir='ltr'><strong>Achor</strong></span> <span class='ocrx_word' id='word_1_545' title='bbox 2556 2502 2771 2572; x_wconf 89' lang='lat' dir='ltr'><strong>pariter</strong></span> <span class='ocrx_word' id='word_1_546' title='bbox 2815 2503 3112 2568; x_wconf 83' lang='lat' dir='ltr'><strong>tribuitur,</strong></span> <span class='ocrx_word' id='word_1_547' title='bbox 3159 2503 3394 2573; x_wconf 90' lang='lat' dir='ltr'><strong>quando</strong></span> <span class='ocrx_word' id='word_1_548' title='bbox 3451 2502 3687 2558; x_wconf 91' lang='lat' dir='ltr'><strong>humilis</strong></span> <span class='ocrx_word' id='word_1_549' title='bbox 3731 2517 3908 2558; x_wconf 88' lang='lat' dir='ltr'><strong>mens</strong></span> 
     </span>
    </p>
   </div>
   <div class='ocr_carea' id='block_1_69' title="bbox 2197 2590 3906 2661">
    <p class='ocr_par' dir='ltr' id='par_1_69' title="bbox 2197 2590 3906 2661">
     <span class='ocr_line' id='line_1_69' title="bbox 2197 2590 3906 2661; baseline 0 -16"><span class='ocrx_word' id='word_1_550' title='bbox 2197 2590 2540 2660; x_wconf 61' lang='lat' dir='ltr'><strong>paenitentiae</strong></span> <span class='ocrx_word' id='word_1_551' title='bbox 2578 2591 2886 2646; x_wconf 87' lang='lat' dir='ltr'><strong>acerbitate</strong></span> <span class='ocrx_word' id='word_1_552' title='bbox 2932 2591 3234 2661; x_wconf 89' lang='lat' dir='ltr'><strong>turbatur;</strong></span> <span class='ocrx_word' id='word_1_553' title='bbox 3280 2592 3468 2647; x_wconf 79' lang='lat' dir='ltr'><strong>Achor</strong></span> <span class='ocrx_word' id='word_1_554' title='bbox 3495 2591 3646 2646; x_wconf 89' lang='lat' dir='ltr'><strong>enim</strong></span> <span class='ocrx_word' id='word_1_555' title='bbox 3679 2591 3906 2646; x_wconf 88' lang='lat' dir='ltr'><strong>dicitur</strong></span> 
     </span>
    </p>
   </div>
   <div class='ocr_carea' id='block_1_70' title="bbox 2197 2678 3936 2749">
    <p class='ocr_par' dir='ltr' id='par_1_70' title="bbox 2197 2678 3936 2749">
     <span class='ocr_line' id='line_1_70' title="bbox 2197 2678 3936 2749; baseline 0.001 -16"><span class='ocrx_word' id='word_1_556' title='bbox 2197 2679 2457 2733; x_wconf 83' lang='lat' dir='ltr'><strong>tumultus</strong></span> <span class='ocrx_word' id='word_1_557' title='bbox 2507 2678 2627 2734; x_wconf 89' lang='lat' dir='ltr'><strong>sive</strong></span> <span class='ocrx_word' id='word_1_558' title='bbox 2674 2679 2980 2733; x_wconf 85' lang='lat' dir='ltr'><strong>turbarum.</strong></span> <span class='ocrx_word' id='word_1_559' title='bbox 3024 2679 3185 2736; x_wconf 83' lang='lat' dir='ltr'><strong>Unde</strong></span> <span class='ocrx_word' id='word_1_560' title='bbox 3233 2679 3526 2749; x_wconf 89' lang='lat' dir='ltr'><strong>psalmus:</strong></span> <span class='ocrx_word' id='word_1_561' title='bbox 3562 2698 3590 2731; x_wconf 80' lang='grc' dir='ltr'>(ι</span> <span class='ocrx_word' id='word_1_562' title='bbox 3628 2681 3936 2735; x_wconf 88' lang='lat' dir='ltr'><strong>Commo-&#39;</strong></span> 
     </span>
    </p>
   </div>
   <div class='ocr_carea' id='block_1_71' title="bbox 2196 2766 3897 2837">
    <p class='ocr_par' dir='ltr' id='par_1_71' title="bbox 2196 2766 3897 2837">
     <span class='ocr_line' id='line_1_71' title="bbox 2196 2766 3897 2837; baseline -0.001 -15"><span class='ocrx_word' id='word_1_563' title='bbox 2196 2766 2348 2833; x_wconf 92' lang='lat' dir='ltr'><strong>visti,</strong></span> <span class='ocrx_word' id='word_1_564' title='bbox 2407 2767 2662 2832; x_wconf 88' lang='lat' dir='ltr'><strong>Domine,</strong></span> <span class='ocrx_word' id='word_1_565' title='bbox 2715 2774 2959 2835; x_wconf 90' lang='lat' dir='ltr'><strong>terram,</strong></span> <span class='ocrx_word' id='word_1_566' title='bbox 3021 2776 3076 2824; x_wconf 91' lang='lat' dir='ltr'><strong>et</strong></span> <span class='ocrx_word' id='word_1_567' title='bbox 3125 2767 3482 2824; x_wconf 91' lang='lat' dir='ltr'><strong>conturbasti</strong></span> <span class='ocrx_word' id='word_1_568' title='bbox 3537 2782 3665 2824; x_wconf 90' lang='lat' dir='ltr'><strong>eam</strong></span> <span class='ocrx_word' id='word_1_569' title='bbox 3720 2769 3897 2837; x_wconf 88' lang='lat' dir='ltr'><strong>(Psal.</strong></span> 
     </span>
    </p>
   </div>
   <div class='ocr_carea' id='block_1_72' title="bbox 2195 2854 3902 2926">
    <p class='ocr_par' dir='ltr' id='par_1_72' title="bbox 2195 2854 3902 2926">
     <span class='ocr_line' id='line_1_72' title="bbox 2195 2854 3902 2926; baseline 0 -14"><span class='ocrx_word' id='word_1_570' title='bbox 2195 2869 2308 2922; x_wconf 79' lang='lat' dir='ltr'><strong>LIX,</strong></span> <span class='ocrx_word' id='word_1_571' title='bbox 2341 2855 2418 2924; x_wconf 77' lang='grc'><strong>4),</strong></span> <span class='ocrx_word' id='word_1_572' title='bbox 2448 2876 2467 2904; x_wconf 76' lang='grc' dir='ltr'><strong>ι</strong></span> <span class='ocrx_word' id='word_1_573' title='bbox 2503 2862 2611 2910; x_wconf 91' lang='lat' dir='ltr'><strong>etc.</strong></span> <span class='ocrx_word' id='word_1_574' title='bbox 2644 2854 2780 2920; x_wconf 67' lang='lat' dir='ltr'><strong>Quae</strong></span> <span class='ocrx_word' id='word_1_575' title='bbox 2799 2855 2950 2910; x_wconf 92' lang='lat' dir='ltr'><strong>enim</strong></span> <span class='ocrx_word' id='word_1_576' title='bbox 2983 2855 3153 2912; x_wconf 89' lang='lat' dir='ltr'><strong>turba</strong></span> <span class='ocrx_word' id='word_1_577' title='bbox 3175 2855 3430 2926; x_wconf 91' lang='lat' dir='ltr'><strong>gravior,</strong></span> <span class='ocrx_word' id='word_1_578' title='bbox 3452 2856 3584 2926; x_wconf 93' lang='lat' dir='ltr'><strong>quis</strong></span> <span class='ocrx_word' id='word_1_579' title='bbox 3606 2856 3902 2912; x_wconf 91' lang='lat' dir='ltr'><strong>tumultus</strong></span> 
     </span>
    </p>
   </div>
   <div class='ocr_carea' id='block_1_73' title="bbox 2196 2943 3904 3015">
    <p class='ocr_par' dir='ltr' id='par_1_73' title="bbox 2196 2943 3904 3015">
     <span class='ocr_line' id='line_1_73' title="bbox 2196 2943 3904 3015; baseline -0.002 -14"><span class='ocrx_word' id='word_1_580' title='bbox 2196 2958 2374 3015; x_wconf 91' lang='lat' dir='ltr'><strong>quam</strong></span> <span class='ocrx_word' id='word_1_581' title='bbox 2403 2944 2810 3000; x_wconf 87' lang='lat' dir='ltr'><strong>conscientiam</strong></span> <span class='ocrx_word' id='word_1_582' title='bbox 2842 2945 2950 3000; x_wconf 92' lang='lat' dir='ltr'><strong>sub</strong></span> <span class='ocrx_word' id='word_1_583' title='bbox 2995 2945 3107 2999; x_wconf 90' lang='lat' dir='ltr'><strong>Deo</strong></span> <span class='ocrx_word' id='word_1_584' title='bbox 3131 2943 3326 3014; x_wconf 90' lang='lat' dir='ltr'><strong>judice</strong></span> <span class='ocrx_word' id='word_1_585' title='bbox 3357 2945 3425 3000; x_wconf 88' lang='lat' dir='ltr'><strong>de</strong></span> <span class='ocrx_word' id='word_1_586' title='bbox 3465 2944 3712 3014; x_wconf 87' lang='lat' dir='ltr'><strong>propriis</strong></span> <span class='ocrx_word' id='word_1_587' title='bbox 3743 2958 3904 2998; x_wconf 87' lang='lat' dir='ltr'><strong>mor-</strong></span> 
     </span>
    </p>
   </div>
   <div class='ocr_carea' id='block_1_74' title="bbox 2197 3031 3900 3089">
    <p class='ocr_par' dir='ltr' id='par_1_74' title="bbox 2197 3031 3900 3089">
     <span class='ocr_line' id='line_1_74' title="bbox 2197 3031 3900 3089; baseline 0.001 -3"><span class='ocrx_word' id='word_1_588' title='bbox 2197 3031 2314 3086; x_wconf 88' lang='lat' dir='ltr'><strong>deri</strong></span> <span class='ocrx_word' id='word_1_589' title='bbox 2361 3041 2415 3088; x_wconf 90' lang='lat' dir='ltr'><strong>et</strong></span> <span class='ocrx_word' id='word_1_590' title='bbox 2445 3033 2634 3088; x_wconf 86' lang='lat' dir='ltr'><strong>dolere</strong></span> <span class='ocrx_word' id='word_1_591' title='bbox 2685 3033 3072 3088; x_wconf 89' lang='lat' dir='ltr'><strong>criminibus?</strong></span> <span class='ocrx_word' id='word_1_592' title='bbox 3123 3033 3230 3089; x_wconf 85' lang='lat' dir='ltr'><strong>Sed</strong></span> <span class='ocrx_word' id='word_1_593' title='bbox 3269 3048 3384 3089; x_wconf 89' lang='lat' dir='ltr'><strong>non</strong></span> <span class='ocrx_word' id='word_1_594' title='bbox 3433 3047 3579 3089; x_wconf 85' lang='lat' dir='ltr'><strong>vane</strong></span> <span class='ocrx_word' id='word_1_595' title='bbox 3610 3034 3731 3089; x_wconf 64' lang='lat' dir='ltr'><strong>haec</strong></span> <span class='ocrx_word' id='word_1_596' title='bbox 3781 3032 3900 3088; x_wconf 87' lang='lat' dir='ltr'><strong>hu-</strong></span> 
     </span>
    </p>
   </div>
   <div class='ocr_carea' id='block_1_75' title="bbox 2196 3121 3900 3192">
    <p class='ocr_par' dir='ltr' id='par_1_75' title="bbox 2196 3121 3900 3192">
     <span class='ocr_line' id='line_1_75' title="bbox 2196 3121 3900 3192; baseline 0 -16"><span class='ocrx_word' id='word_1_597' title='bbox 2196 3121 2406 3177; x_wconf 85' lang='lat' dir='ltr'><strong>militas</strong></span> <span class='ocrx_word' id='word_1_598' title='bbox 2445 3122 2838 3192; x_wconf 89' lang='lat' dir='ltr'><strong>perturbatur,</strong></span> <span class='ocrx_word' id='word_1_599' title='bbox 2875 3121 2967 3177; x_wconf 91' lang='lat' dir='ltr'><strong>cui</strong></span> <span class='ocrx_word' id='word_1_600' title='bbox 2999 3122 3243 3177; x_wconf 88' lang='lat' dir='ltr'><strong>subinde</strong></span> <span class='ocrx_word' id='word_1_601' title='bbox 3271 3137 3387 3191; x_wconf 87' lang='lat' dir='ltr'><strong>quo</strong></span> <span class='ocrx_word' id='word_1_602' title='bbox 3425 3121 3616 3177; x_wconf 90' lang='lat' dir='ltr'><strong>acrius</strong></span> <span class='ocrx_word' id='word_1_603' title='bbox 3645 3121 3900 3176; x_wconf 91' lang='lat' dir='ltr'><strong>voluerit</strong></span> 
     </span>
    </p>
   </div>
   <div class='ocr_carea' id='block_1_76' title="bbox 2195 3209 3934 3288">
    <p class='ocr_par' dir='ltr' id='par_1_76' title="bbox 2195 3209 3934 3288">
     <span class='ocr_line' id='line_1_76' title="bbox 2195 3209 3934 3288; baseline -0.001 -22"><span class='ocrx_word' id='word_1_604' title='bbox 2195 3224 2318 3280; x_wconf 88' lang='lat' dir='ltr'><strong>spes</strong></span> <span class='ocrx_word' id='word_1_605' title='bbox 2346 3211 2526 3266; x_wconf 72' lang='lat' dir='ltr'><strong>veniae</strong></span> <span class='ocrx_word' id='word_1_606' title='bbox 2551 3211 2831 3280; x_wconf 89' lang='lat' dir='ltr'><strong>aperitur.</strong></span> <span class='ocrx_word' id='word_1_607' title='bbox 2855 3212 3026 3265; x_wconf 69' lang='lat' dir='ltr'><strong>Juxta</strong></span> <span class='ocrx_word' id='word_1_608' title='bbox 3043 3209 3351 3280; x_wconf 75' lang='lat' dir='ltr'><strong>juventutis</strong></span> <span class='ocrx_word' id='word_1_609' title='bbox 3384 3211 3498 3264; x_wconf 82' lang='lat' dir='ltr'><strong>dics</strong></span> <span class='ocrx_word' id='word_1_610' title='bbox 3533 3209 3608 3265; x_wconf 91' lang='lat' dir='ltr'><strong>ibi</strong></span> <span class='ocrx_word' id='word_1_611' title='bbox 3639 3209 3934 3288; x_wconf 33' lang='lat' dir='ltr'><strong>canitur”</strong></span> 
     </span>
    </p>
   </div>
   <div class='ocr_carea' id='block_1_77' title="bbox 2195 3285 3918 3370">
    <p class='ocr_par' dir='ltr' id='par_1_77' title="bbox 2195 3285 3918 3370">
     <span class='ocr_line' id='line_1_77' title="bbox 2195 3285 3918 3370; baseline 0 -16"><span class='ocrx_word' id='word_1_612' title='bbox 2195 3300 2336 3370; x_wconf 90' lang='lat' dir='ltr'><strong>quia</strong></span> <span class='ocrx_word' id='word_1_613' title='bbox 2388 3301 2706 3356; x_wconf 88' lang='lat' dir='ltr'><strong>secundum</strong></span> <span class='ocrx_word' id='word_1_614' title='bbox 2746 3298 3062 3355; x_wconf 89' lang='lat' dir='ltr'><strong>claritatem</strong></span> <span class='ocrx_word' id='word_1_615' title='bbox 3113 3299 3399 3354; x_wconf 67' lang='lat' dir='ltr'><strong>innovatae</strong></span> <span class='ocrx_word' id='word_1_616' title='bbox 3451 3299 3678 3354; x_wconf 89' lang='lat' dir='ltr'><strong>virtutis</strong></span> <span class='ocrx_word' id='word_1_617' title='bbox 3731 3285 3918 3354; x_wconf 63' lang='lat' dir='ltr'><strong>ment&#39;</strong></span> 
     </span>
    </p>
   </div>
   <div class='ocr_carea' id='block_1_78' title="bbox 2197 3385 3898 3459">
    <p class='ocr_par' dir='ltr' id='par_1_78' title="bbox 2197 3385 3898 3459">
     <span class='ocr_line' id='line_1_78' title="bbox 2197 3385 3898 3459; baseline -0.002 -15"><span class='ocrx_word' id='word_1_618' title='bbox 2197 3387 2464 3455; x_wconf 68' lang='lat' dir='ltr'><strong>limatur;</strong></span> <span class='ocrx_word' id='word_1_619' title='bbox 2499 3404 2614 3459; x_wconf 90' lang='lat' dir='ltr'><strong>quo</strong></span> <span class='ocrx_word' id='word_1_620' title='bbox 2663 3388 2816 3443; x_wconf 91' lang='lat' dir='ltr'><strong>enim</strong></span> <span class='ocrx_word' id='word_1_621' title='bbox 2849 3387 3098 3456; x_wconf 88' lang='lat' dir='ltr'><strong>amplius</strong></span> <span class='ocrx_word' id='word_1_622' title='bbox 3127 3387 3278 3442; x_wconf 91' lang='lat' dir='ltr'><strong>diem</strong></span> <span class='ocrx_word' id='word_1_623' title='bbox 3307 3387 3520 3442; x_wconf 76' lang='lat' dir='ltr'><strong>divinae</strong></span> <span class='ocrx_word' id='word_1_624' title='bbox 3549 3385 3898 3456; x_wconf 85' lang='lat' dir='ltr'><strong>cognitionis</strong></span> 
     </span>
    </p>
   </div>
   <div class='ocr_carea' id='block_1_79' title="bbox 2196 3475 3895 3547">
    <p class='ocr_par' dir='ltr' id='par_1_79' title="bbox 2196 3475 3895 3547">
     <span class='ocr_line' id='line_1_79' title="bbox 2196 3475 3895 3547; baseline -0.002 -14"><span class='ocrx_word' id='word_1_625' title='bbox 2196 3477 2470 3547; x_wconf 91' lang='lat' dir='ltr'><strong>attigerit,</strong></span> <span class='ocrx_word' id='word_1_626' title='bbox 2516 3485 2571 3533; x_wconf 91' lang='lat' dir='ltr'><strong>et</strong></span> <span class='ocrx_word' id='word_1_627' title='bbox 2619 3477 2858 3532; x_wconf 68' lang='lat' dir='ltr'><strong>interna:</strong></span> <span class='ocrx_word' id='word_1_628' title='bbox 2905 3475 3206 3531; x_wconf 88' lang='lat' dir='ltr'><strong>soliditatis</strong></span> <span class='ocrx_word' id='word_1_629' title='bbox 3253 3475 3433 3531; x_wconf 87' lang='lat' dir='ltr'><strong>robur</strong></span> <span class='ocrx_word' id='word_1_630' title='bbox 3485 3475 3660 3546; x_wconf 90' lang='lat' dir='ltr'><strong>(quod</strong></span> <span class='ocrx_word' id='word_1_631' title='bbox 3709 3475 3895 3545; x_wconf 83' lang='lat' dir='ltr'><strong>signi-</strong></span> 
     </span>
    </p>
   </div>
   <div class='ocr_carea' id='block_1_80' title="bbox 2198 3563 3892 3637">
    <p class='ocr_par' dir='ltr' id='par_1_80' title="bbox 2198 3563 3892 3637">
     <span class='ocr_line' id='line_1_80' title="bbox 2198 3563 3892 3637; baseline -0.001 -17"><span class='ocrx_word' id='word_1_632' title='bbox 2198 3566 2328 3621; x_wconf 83' lang='lat' dir='ltr'><strong>fieat</strong></span> <span class='ocrx_word' id='word_1_633' title='bbox 2353 3566 2650 3637; x_wconf 89' lang='lat' dir='ltr'><strong>juventus)</strong></span> <span class='ocrx_word' id='word_1_634' title='bbox 2701 3563 2970 3631; x_wconf 89' lang='lat' dir='ltr'><strong>induerit,</strong></span> <span class='ocrx_word' id='word_1_635' title='bbox 3019 3570 3174 3619; x_wconf 89' lang='lat' dir='ltr'><strong>tanto</strong></span> <span class='ocrx_word' id='word_1_636' title='bbox 3203 3563 3570 3633; x_wconf 89' lang='lat' dir='ltr'><strong>gratiosiores</strong></span> <span class='ocrx_word' id='word_1_637' title='bbox 3602 3563 3659 3617; x_wconf 92' lang='lat' dir='ltr'><strong>in</strong></span> <span class='ocrx_word' id='word_1_638' title='bbox 3705 3563 3892 3619; x_wconf 90' lang='lat' dir='ltr'><strong>Deum</strong></span> 
     </span>
    </p>
   </div>
   <div class='ocr_carea' id='block_1_81' title="bbox 2191 3652 3896 3724">
    <p class='ocr_par' dir='ltr' id='par_1_81' title="bbox 2191 3652 3896 3724">
     <span class='ocr_line' id='line_1_81' title="bbox 2191 3652 3896 3724; baseline -0.002 -14"><span class='ocrx_word' id='word_1_639' title='bbox 2191 3655 2408 3724; x_wconf 88' lang='lat' dir='ltr'><strong>jubilos</strong></span> <span class='ocrx_word' id='word_1_640' title='bbox 2461 3655 2665 3710; x_wconf 85' lang='lat' dir='ltr'><strong>fundit.</strong></span> <span class='ocrx_word' id='word_1_641' title='bbox 2707 3653 2883 3707; x_wconf 68' lang='lat' dir='ltr'><strong>Juxta</strong></span> <span class='ocrx_word' id='word_1_642' title='bbox 2927 3652 3100 3708; x_wconf 83' lang='lat' dir='ltr'><strong>etiam</strong></span> <span class='ocrx_word' id='word_1_643' title='bbox 3155 3652 3268 3706; x_wconf 84' lang='lat' dir='ltr'><strong>dies</strong></span> <span class='ocrx_word' id='word_1_644' title='bbox 3315 3655 3642 3706; x_wconf 78' lang='lat' dir='ltr'><strong>ascensionis</strong></span> <span class='ocrx_word' id='word_1_645' title='bbox 3673 3667 3784 3706; x_wconf 74' lang='lat' dir='ltr'><strong>sua:</strong></span> <span class='ocrx_word' id='word_1_646' title='bbox 3826 3652 3896 3706; x_wconf 85' lang='lat' dir='ltr'><strong>de</strong></span> 
     </span>
    </p>
   </div>
   <div class='ocr_carea' id='block_1_82' title="bbox 2197 3741 3897 3812">
    <p class='ocr_par' dir='ltr' id='par_1_82' title="bbox 2197 3741 3897 3812">
     <span class='ocr_line' id='line_1_82' title="bbox 2197 3741 3897 3812; baseline -0.002 -13"><span class='ocrx_word' id='word_1_647' title='bbox 2197 3751 2343 3800; x_wconf 88' lang='lat' dir='ltr'><strong>terra</strong></span> <span class='ocrx_word' id='word_1_648' title='bbox 2370 3745 2596 3812; x_wconf 54' lang='grc' dir='ltr'><strong>ὥρῃρεί</strong></span> <span class='ocrx_word' id='word_1_649' title='bbox 2626 3742 2802 3805; x_wconf 90' lang='lat' dir='ltr'><strong>canit,</strong></span> <span class='ocrx_word' id='word_1_650' title='bbox 2835 3741 2976 3812; x_wconf 92' lang='lat' dir='ltr'><strong>quia</strong></span> <span class='ocrx_word' id='word_1_651' title='bbox 3005 3755 3121 3812; x_wconf 92' lang='lat' dir='ltr'><strong>quo</strong></span> <span class='ocrx_word' id='word_1_652' title='bbox 3154 3741 3338 3812; x_wconf 90' lang='lat' dir='ltr'><strong>magis</strong></span> <span class='ocrx_word' id='word_1_653' title='bbox 3370 3741 3731 3796; x_wconf 91' lang='lat' dir='ltr'><strong>illuminante</strong></span> <span class='ocrx_word' id='word_1_654' title='bbox 3762 3755 3897 3811; x_wconf 91' lang='lat' dir='ltr'><strong>gra-</strong></span> 
     </span>
    </p>
   </div>
   <div class='ocr_carea' id='block_1_83' title="bbox 2199 3828 3897 3900">
    <p class='ocr_par' dir='ltr' id='par_1_83' title="bbox 2199 3828 3897 3900">
     <span class='ocr_line' id='line_1_83' title="bbox 2199 3828 3897 3900; baseline -0.002 -11"><span class='ocrx_word' id='word_1_655' title='bbox 2199 3833 2278 3890; x_wconf 92' lang='lat' dir='ltr'><strong>tia</strong></span> <span class='ocrx_word' id='word_1_656' title='bbox 2305 3840 2563 3888; x_wconf 88' lang='lat' dir='ltr'><strong>terrenos</strong></span> <span class='ocrx_word' id='word_1_657' title='bbox 2601 3830 2909 3900; x_wconf 90' lang='lat' dir='ltr'><strong>appetitus,</strong></span> <span class='ocrx_word' id='word_1_658' title='bbox 2950 3829 3106 3900; x_wconf 91' lang='lat' dir='ltr'><strong>quod</strong></span> <span class='ocrx_word' id='word_1_659' title='bbox 3135 3830 3418 3900; x_wconf 63' lang='lat' dir='ltr'><strong>Egyptus</strong></span> <span class='ocrx_word' id='word_1_660' title='bbox 3463 3828 3672 3899; x_wconf 89' lang='lat' dir='ltr'><strong>signat,</strong></span> <span class='ocrx_word' id='word_1_661' title='bbox 3705 3843 3897 3885; x_wconf 88' lang='lat' dir='ltr'><strong>exces-</strong></span> 
     </span>
    </p>
   </div>
   <div class='ocr_carea' id='block_1_84' title="bbox 2197 3915 3897 3988">
    <p class='ocr_par' dir='ltr' id='par_1_84' title="bbox 2197 3915 3897 3988">
     <span class='ocr_line' id='line_1_84' title="bbox 2197 3915 3897 3988; baseline -0.002 -12"><span class='ocrx_word' id='word_1_662' title='bbox 2197 3921 2350 3987; x_wconf 90' lang='lat' dir='ltr'><strong>serit,</strong></span> <span class='ocrx_word' id='word_1_663' title='bbox 2405 3927 2559 3976; x_wconf 90' lang='lat' dir='ltr'><strong>tanto</strong></span> <span class='ocrx_word' id='word_1_664' title='bbox 2607 3919 2679 3984; x_wconf 91' lang='lat' dir='ltr'><strong>ei,</strong></span> <span class='ocrx_word' id='word_1_665' title='bbox 2727 3933 2829 3988; x_wconf 90' lang='lat' dir='ltr'><strong>pro</strong></span> <span class='ocrx_word' id='word_1_666' title='bbox 2876 3933 2994 3988; x_wconf 91' lang='lat' dir='ltr'><strong>quo</strong></span> <span class='ocrx_word' id='word_1_667' title='bbox 3034 3931 3103 3973; x_wconf 93' lang='lat' dir='ltr'><strong>ea</strong></span> <span class='ocrx_word' id='word_1_668' title='bbox 3153 3921 3630 3985; x_wconf 90' lang='lat' dir='ltr'><strong>contemnuntur,</strong></span> <span class='ocrx_word' id='word_1_669' title='bbox 3676 3915 3897 3987; x_wconf 81' lang='lat' dir='ltr'><strong>gloriﬁ-</strong></span> 
     </span>
    </p>
   </div>
   <div class='ocr_carea' id='block_1_85' title="bbox 2197 4006 3930 4076">
    <p class='ocr_par' dir='ltr' id='par_1_85' title="bbox 2197 4006 3930 4076">
     <span class='ocr_line' id='line_1_85' title="bbox 2197 4006 3930 4076; baseline -0.005 -10"><span class='ocrx_word' id='word_1_670' title='bbox 2197 4009 2383 4065; x_wconf 88' lang='lat' dir='ltr'><strong>cando</strong></span> <span class='ocrx_word' id='word_1_671' title='bbox 2411 4017 2466 4065; x_wconf 93' lang='lat' dir='ltr'><strong>et</strong></span> <span class='ocrx_word' id='word_1_672' title='bbox 2495 4007 2742 4064; x_wconf 90' lang='lat' dir='ltr'><strong>amando</strong></span> <span class='ocrx_word' id='word_1_673' title='bbox 2771 4006 3090 4076; x_wconf 88' lang='lat' dir='ltr'><strong>expeditior</strong></span> <span class='ocrx_word' id='word_1_674' title='bbox 3117 4007 3246 4062; x_wconf 90' lang='lat' dir='ltr'><strong>erit.</strong></span> <span class='ocrx_word' id='word_1_675' title='bbox 3925 4019 3930 4028; x_wconf 88' lang='grc'><strong>·</strong></span> 
     </span>
    </p>
   </div>
   <div class='ocr_carea' id='block_1_86' title="bbox 2266 4138 3894 4209">
    <p class='ocr_par' dir='ltr' id='par_1_86' title="bbox 2266 4138 3894 4209">
     <span class='ocr_line' id='line_1_86' title="bbox 2266 4138 3894 4209; baseline -0.001 -11"><span class='ocrx_word' id='word_1_676' title='bbox 2266 4141 2437 4198; x_wconf 71' lang='lat' dir='ltr'><strong>Vens.</strong></span> <span class='ocrx_word' id='word_1_677' title='bbox 2474 4143 2558 4194; x_wconf 86' lang='grc'><strong>16.</strong></span> <span class='ocrx_word' id='word_1_678' title='bbox 2592 4168 2661 4180; x_wconf 91' lang='grc'><strong><em>-</em></strong></span> <span class='ocrx_word' id='word_1_679' title='bbox 2693 4161 2714 4187; x_wconf 73' lang='grc' dir='ltr'><strong>ι</strong></span> <span class='ocrx_word' id='word_1_680' title='bbox 2746 4139 2816 4194; x_wconf 89' lang='lat' dir='ltr'><strong>Et</strong></span> <span class='ocrx_word' id='word_1_681' title='bbox 2857 4140 2964 4194; x_wconf 90' lang='lat' dir='ltr'><strong>erit</strong></span> <span class='ocrx_word' id='word_1_682' title='bbox 2994 4139 3121 4209; x_wconf 64' lang='lat' dir='ltr'><strong>(hoc</strong></span> <span class='ocrx_word' id='word_1_683' title='bbox 3165 4152 3343 4207; x_wconf 89' lang='lat' dir='ltr'><strong>supra</strong></span> <span class='ocrx_word' id='word_1_684' title='bbox 3383 4138 3778 4208; x_wconf 88' lang='lat' dir='ltr'><strong>exposuimus)</strong></span> <span class='ocrx_word' id='word_1_685' title='bbox 3829 4141 3894 4196; x_wconf 90' lang='lat' dir='ltr'><strong>in</strong></span> 
     </span>
    </p>
   </div>
   <div class='ocr_carea' id='block_1_87' title="bbox 2205 4227 3895 4297">
    <p class='ocr_par' dir='ltr' id='par_1_87' title="bbox 2205 4227 3895 4297">
     <span class='ocr_line' id='line_1_87' title="bbox 2205 4227 3895 4297; baseline 0 -12"><span class='ocrx_word' id='word_1_686' title='bbox 2205 4253 2226 4278; x_wconf 76' lang='grc' dir='ltr'><strong>ι</strong></span> <span class='ocrx_word' id='word_1_687' title='bbox 2261 4229 2352 4286; x_wconf 90' lang='lat' dir='ltr'><strong>die</strong></span> <span class='ocrx_word' id='word_1_688' title='bbox 2405 4229 2501 4284; x_wconf 91' lang='lat' dir='ltr'><strong>illa</strong></span> <span class='ocrx_word' id='word_1_689' title='bbox 2553 4228 2725 4297; x_wconf 90' lang='lat' dir='ltr'><strong>(quod</strong></span> <span class='ocrx_word' id='word_1_690' title='bbox 2785 4235 2841 4282; x_wconf 89' lang='lat' dir='ltr'><strong>et</strong></span> <span class='ocrx_word' id='word_1_691' title='bbox 2891 4241 3069 4297; x_wconf 92' lang='lat' dir='ltr'><strong>supra</strong></span> <span class='ocrx_word' id='word_1_692' title='bbox 3116 4227 3442 4296; x_wconf 84' lang='lat' dir='ltr'><strong>expositum</strong></span> <span class='ocrx_word' id='word_1_693' title='bbox 3491 4231 3617 4293; x_wconf 90' lang='lat' dir='ltr'><strong>est),</strong></span> <span class='ocrx_word' id='word_1_694' title='bbox 3664 4228 3895 4285; x_wconf 88' lang='lat' dir='ltr'><strong>vocabit</strong></span> 
     </span>
    </p>
   </div>
   <div class='ocr_carea' id='block_1_88' title="bbox 2206 4315 3889 4383">
    <p class='ocr_par' dir='ltr' id='par_1_88' title="bbox 2206 4315 3889 4383">
     <span class='ocr_line' id='line_1_88' title="bbox 2206 4315 3889 4383; baseline 0 -17"><span class='ocrx_word' id='word_1_695' title='bbox 2206 4341 2225 4366; x_wconf 75' lang='grc' dir='ltr'><strong>ι</strong></span> <span class='ocrx_word' id='word_1_696' title='bbox 2261 4331 2396 4373; x_wconf 90' lang='lat' dir='ltr'><strong>me:</strong></span> <span class='ocrx_word' id='word_1_697' title='bbox 2430 4315 2533 4372; x_wconf 88' lang='lat' dir='ltr'><strong>Vir</strong></span> <span class='ocrx_word' id='word_1_698' title='bbox 2568 4329 2750 4383; x_wconf 90' lang='lat' dir='ltr'><strong>meus,</strong></span> <span class='ocrx_word' id='word_1_699' title='bbox 2801 4323 2855 4371; x_wconf 92' lang='lat' dir='ltr'><strong>et</strong></span> <span class='ocrx_word' id='word_1_700' title='bbox 2881 4329 2996 4370; x_wconf 90' lang='lat' dir='ltr'><strong>non</strong></span> <span class='ocrx_word' id='word_1_701' title='bbox 3041 4315 3268 4370; x_wconf 90' lang='lat' dir='ltr'><strong>vocabit</strong></span> <span class='ocrx_word' id='word_1_702' title='bbox 3308 4330 3396 4370; x_wconf 90' lang='lat' dir='ltr'><strong>me</strong></span> <span class='ocrx_word' id='word_1_703' title='bbox 3443 4315 3595 4370; x_wconf 91' lang='lat' dir='ltr'><strong>ultra</strong></span> <span class='ocrx_word' id='word_1_704' title='bbox 3645 4315 3819 4370; x_wconf 88' lang='lat' dir='ltr'><strong>Baali.</strong></span> <span class='ocrx_word' id='word_1_705' title='bbox 3867 4338 3889 4366; x_wconf 76' lang='grc' dir='ltr'><strong>ι</strong></span> 
     </span>
    </p>
   </div>
   <div class='ocr_carea' id='block_1_89' title="bbox 399 4401 3890 4477">
    <p class='ocr_par' dir='ltr' id='par_1_89' title="bbox 399 4401 3890 4477">
     <span class='ocr_line' id='line_1_89' title="bbox 399 4401 3890 4477; baseline 0.001 -21"><span class='ocrx_word' id='word_1_706' title='bbox 399 4401 608 4456; x_wconf 88' lang='lat' dir='ltr'><strong>sandas</strong></span> <span class='ocrx_word' id='word_1_707' title='bbox 651 4403 864 4459; x_wconf 88' lang='lat' dir='ltr'><strong>scilicet</strong></span> <span class='ocrx_word' id='word_1_708' title='bbox 913 4405 1313 4461; x_wconf 83' lang='lat' dir='ltr'><strong>excusationes</strong></span> <span class='ocrx_word' id='word_1_709' title='bbox 1361 4407 1418 4462; x_wconf 92' lang='lat' dir='ltr'><strong>in</strong></span> <span class='ocrx_word' id='word_1_710' title='bbox 1451 4407 1694 4476; x_wconf 85' lang='lat' dir='ltr'><strong>peccatis</strong></span> <span class='ocrx_word' id='word_1_711' title='bbox 1737 4408 1910 4477; x_wconf 90' lang='lat' dir='ltr'><strong>(Psal.</strong></span> <span class='ocrx_word' id='word_1_712' title='bbox 1955 4422 2083 4472; x_wconf 68' lang='grc' dir='ltr'><strong>οη,</strong></span> <span class='ocrx_word' id='word_1_713' title='bbox 2129 4415 2169 4469; x_wconf 86' lang='lat' dir='ltr'><strong>D</strong></span> <span class='ocrx_word' id='word_1_714' title='bbox 2198 4405 2323 4460; x_wconf 86' lang='lat' dir='ltr'><strong>Vox</strong></span> <span class='ocrx_word' id='word_1_715' title='bbox 2366 4412 2450 4460; x_wconf 90' lang='lat' dir='ltr'><strong>est</strong></span> <span class='ocrx_word' id='word_1_716' title='bbox 2498 4403 2756 4458; x_wconf 89' lang='lat' dir='ltr'><strong>mulieris</strong></span> <span class='ocrx_word' id='word_1_717' title='bbox 2805 4405 2875 4458; x_wconf 92' lang='lat' dir='ltr'><strong>de</strong></span> <span class='ocrx_word' id='word_1_718' title='bbox 2921 4402 3212 4472; x_wconf 68' lang='lat' dir='ltr'><strong>praemissa</strong></span> <span class='ocrx_word' id='word_1_719' title='bbox 3259 4403 3356 4458; x_wconf 92' lang='lat' dir='ltr'><strong>Dei</strong></span> <span class='ocrx_word' id='word_1_720' title='bbox 3407 4402 3708 4472; x_wconf 88' lang='lat' dir='ltr'><strong>sponsione</strong></span> <span class='ocrx_word' id='word_1_721' title='bbox 3754 4403 3890 4474; x_wconf 88' lang='lat' dir='ltr'><strong>glo-</strong></span> 
     </span>
    </p>
   </div>
   <div class='ocr_carea' id='block_1_90' title="bbox 397 4489 2085 4566">
    <p class='ocr_par' dir='ltr' id='par_1_90' title="bbox 397 4489 2085 4566">
     <span class='ocr_line' id='line_1_90' title="bbox 397 4489 2085 4566; baseline 0.004 -22"><span class='ocrx_word' id='word_1_722' title='bbox 397 4489 472 4559; x_wconf 77' lang='grc'><strong>4).</strong></span> <span class='ocrx_word' id='word_1_723' title='bbox 507 4489 624 4545; x_wconf 92' lang='lat' dir='ltr'><strong>Sub</strong></span> <span class='ocrx_word' id='word_1_724' title='bbox 673 4492 900 4548; x_wconf 90' lang='lat' dir='ltr'><strong>nomine</strong></span> <span class='ocrx_word' id='word_1_725' title='bbox 945 4493 1096 4549; x_wconf 91' lang='lat' dir='ltr'><strong>enim</strong></span> <span class='ocrx_word' id='word_1_726' title='bbox 1127 4493 1272 4564; x_wconf 87' lang='lat' dir='ltr'><strong>ejus,</strong></span> <span class='ocrx_word' id='word_1_727' title='bbox 1314 4509 1444 4566; x_wconf 71' lang='lat' dir='ltr'><strong>quae</strong></span> <span class='ocrx_word' id='word_1_728' title='bbox 1489 4495 1656 4564; x_wconf 88' lang='lat' dir='ltr'><strong>quasi</strong></span> <span class='ocrx_word' id='word_1_729' title='bbox 1689 4495 1784 4550; x_wconf 84' lang='lat' dir='ltr'><strong>vix</strong></span> <span class='ocrx_word' id='word_1_730' title='bbox 1834 4495 2085 4551; x_wconf 89' lang='lat' dir='ltr'><strong>cohiberi</strong></span> 
     </span>
    </p>
   </div>
   <div class='ocr_carea' id='block_1_91' title="bbox 400 4579 2091 4654">
    <p class='ocr_par' dir='ltr' id='par_1_91' title="bbox 400 4579 2091 4654">
     <span class='ocr_line' id='line_1_91' title="bbox 400 4579 2091 4654; baseline 0.004 -23"><span class='ocrx_word' id='word_1_731' title='bbox 400 4585 594 4646; x_wconf 74' lang='lat' dir='ltr'><strong>possnt,</strong></span> <span class='ocrx_word' id='word_1_732' title='bbox 652 4579 1028 4637; x_wconf 90' lang='lat' dir='ltr'><strong>humanitatis</strong></span> <span class='ocrx_word' id='word_1_733' title='bbox 1057 4583 1319 4638; x_wconf 88' lang='lat' dir='ltr'><strong>securius</strong></span> <span class='ocrx_word' id='word_1_734' title='bbox 1359 4583 1540 4638; x_wconf 91' lang='lat' dir='ltr'><strong>solent</strong></span> <span class='ocrx_word' id='word_1_735' title='bbox 1582 4583 1856 4638; x_wconf 90' lang='lat' dir='ltr'><strong>inservire</strong></span> <span class='ocrx_word' id='word_1_736' title='bbox 1887 4597 2091 4654; x_wconf 87' lang='lat' dir='ltr'><strong>pecca-</strong></span> 
     </span>
    </p>
   </div>
   <div class='ocr_carea' id='block_1_92' title="bbox 399 4667 2091 4740">
    <p class='ocr_par' dir='ltr' id='par_1_92' title="bbox 399 4667 2091 4740">
     <span class='ocr_line' id='line_1_92' title="bbox 399 4667 2091 4740; baseline 0.004 -19"><span class='ocrx_word' id='word_1_737' title='bbox 399 4667 490 4721; x_wconf 90' lang='lat' dir='ltr'><strong>tis.</strong></span> <span class='ocrx_word' id='word_1_738' title='bbox 539 4667 652 4723; x_wconf 87' lang='lat' dir='ltr'><strong>Nec</strong></span> <span class='ocrx_word' id='word_1_739' title='bbox 683 4669 893 4725; x_wconf 89' lang='lat' dir='ltr'><strong>mirum</strong></span> <span class='ocrx_word' id='word_1_740' title='bbox 939 4670 988 4726; x_wconf 92' lang='lat' dir='ltr'><strong>si</strong></span> <span class='ocrx_word' id='word_1_741' title='bbox 1020 4671 1078 4726; x_wconf 93' lang='lat' dir='ltr'><strong>in</strong></span> <span class='ocrx_word' id='word_1_742' title='bbox 1125 4671 1275 4727; x_wconf 89' lang='lat' dir='ltr'><strong>malo</strong></span> <span class='ocrx_word' id='word_1_743' title='bbox 1324 4685 1392 4726; x_wconf 91' lang='lat' dir='ltr'><strong>ea</strong></span> <span class='ocrx_word' id='word_1_744' title='bbox 1424 4671 1712 4740; x_wconf 85' lang='lat' dir='ltr'><strong>ponimus,</strong></span> <span class='ocrx_word' id='word_1_745' title='bbox 1762 4686 1892 4726; x_wconf 92' lang='lat' dir='ltr'><strong>cum</strong></span> <span class='ocrx_word' id='word_1_746' title='bbox 1925 4685 2091 4740; x_wconf 81' lang='lat' dir='ltr'><strong>repe-</strong></span> 
     </span>
    </p>
   </div>
   <div class='ocr_carea' id='block_1_93' title="bbox 401 4755 2089 4829">
    <p class='ocr_par' dir='ltr' id='par_1_93' title="bbox 401 4755 2089 4829">
     <span class='ocr_line' id='line_1_93' title="bbox 401 4755 2089 4829; baseline 0.004 -19"><span class='ocrx_word' id='word_1_747' title='bbox 401 4757 628 4810; x_wconf 89' lang='lat' dir='ltr'><strong>riantur</strong></span> <span class='ocrx_word' id='word_1_748' title='bbox 657 4755 714 4812; x_wconf 90' lang='lat' dir='ltr'><strong>in</strong></span> <span class='ocrx_word' id='word_1_749' title='bbox 754 4758 902 4814; x_wconf 91' lang='lat' dir='ltr'><strong>bono</strong></span> <span class='ocrx_word' id='word_1_750' title='bbox 945 4756 1325 4829; x_wconf 86' lang='lat' dir='ltr'><strong>frequentius,</strong></span> <span class='ocrx_word' id='word_1_751' title='bbox 1359 4759 1499 4828; x_wconf 92' lang='lat' dir='ltr'><strong>quia</strong></span> <span class='ocrx_word' id='word_1_752' title='bbox 1529 4758 1586 4813; x_wconf 94' lang='lat' dir='ltr'><strong>in</strong></span> <span class='ocrx_word' id='word_1_753' title='bbox 1638 4758 1781 4814; x_wconf 91' lang='lat' dir='ltr'><strong>libro</strong></span> <span class='ocrx_word' id='word_1_754' title='bbox 1824 4760 2089 4816; x_wconf 76' lang='lat' dir='ltr'><strong>Iudicum</strong></span> 
     </span>
    </p>
   </div>
   <div class='ocr_carea' id='block_1_94' title="bbox 402 4843 2092 4919">
    <p class='ocr_par' dir='ltr' id='par_1_94' title="bbox 402 4843 2092 4919">
     <span class='ocr_line' id='line_1_94' title="bbox 402 4843 2092 4919; baseline 0.005 -23"><span class='ocrx_word' id='word_1_755' title='bbox 402 4843 715 4900; x_wconf 88' lang='lat' dir='ltr'><strong>lsmaelitas</strong></span> <span class='ocrx_word' id='word_1_756' title='bbox 780 4847 1012 4902; x_wconf 91' lang='lat' dir='ltr'><strong>inaures</strong></span> <span class='ocrx_word' id='word_1_757' title='bbox 1069 4855 1124 4902; x_wconf 92' lang='lat' dir='ltr'><strong>et</strong></span> <span class='ocrx_word' id='word_1_758' title='bbox 1193 4847 1448 4902; x_wconf 88' lang='lat' dir='ltr'><strong>armillas</strong></span> <span class='ocrx_word' id='word_1_759' title='bbox 1514 4846 1782 4902; x_wconf 88' lang='lat' dir='ltr'><strong>habuisse</strong></span> <span class='ocrx_word' id='word_1_760' title='bbox 1849 4849 2092 4919; x_wconf 91' lang='lat' dir='ltr'><strong>legimus</strong></span> 
     </span>
    </p>
   </div>
   <div class='ocr_carea' id='block_1_95' title="bbox 403 4932 2087 5005">
    <p class='ocr_par' dir='ltr' id='par_1_95' title="bbox 403 4932 2087 5005">
     <span class='ocr_line' id='line_1_95' title="bbox 403 4932 2087 5005; baseline 0.006 -22"><span class='ocrx_word' id='word_1_761' title='bbox 403 4932 550 5001; x_wconf 82' lang='lat' dir='ltr'><strong>(Jud.</strong></span> <span class='ocrx_word' id='word_1_762' title='bbox 602 4949 720 4999; x_wconf 86' lang='lat' dir='ltr'><strong>vnt,</strong></span> <span class='ocrx_word' id='word_1_763' title='bbox 753 4936 878 5005; x_wconf 61' lang='lat'><strong>24);</strong></span> <span class='ocrx_word' id='word_1_764' title='bbox 928 4936 1076 4991; x_wconf 91' lang='lat' dir='ltr'><strong>sicut</strong></span> <span class='ocrx_word' id='word_1_765' title='bbox 1111 4935 1166 4990; x_wconf 94' lang='lat' dir='ltr'><strong>in</strong></span> <span class='ocrx_word' id='word_1_766' title='bbox 1209 4949 1386 4990; x_wconf 90' lang='lat' dir='ltr'><strong>manu</strong></span> <span class='ocrx_word' id='word_1_767' title='bbox 1429 4935 1735 5005; x_wconf 83' lang='lat' dir='ltr'><strong>Babylonis</strong></span> <span class='ocrx_word' id='word_1_768' title='bbox 1772 4937 2087 4993; x_wconf 84' lang='lat' dir='ltr'><strong>secundum</strong></span> 
     </span>
    </p>
   </div>
   <div class='ocr_carea' id='block_1_96' title="bbox 401 5021 2090 5096">
    <p class='ocr_par' dir='ltr' id='par_1_96' title="bbox 401 5021 2090 5096">
     <span class='ocr_line' id='line_1_96' title="bbox 401 5021 2090 5096; baseline 0.005 -22"><span class='ocrx_word' id='word_1_769' title='bbox 401 5021 800 5092; x_wconf 81' lang='lat' dir='ltr'><strong>Apocalypsim</strong></span> <span class='ocrx_word' id='word_1_770' title='bbox 831 5023 979 5079; x_wconf 88' lang='lat' dir='ltr'><strong>calix</strong></span> <span class='ocrx_word' id='word_1_771' title='bbox 1015 5030 1100 5078; x_wconf 89' lang='lat' dir='ltr'><strong>est</strong></span> <span class='ocrx_word' id='word_1_772' title='bbox 1128 5036 1341 5078; x_wconf 88' lang='lat' dir='ltr'><strong>aureus</strong></span> <span class='ocrx_word' id='word_1_773' title='bbox 1387 5024 1580 5092; x_wconf 80' lang='lat' dir='ltr'><strong>(Apoc.</strong></span> <span class='ocrx_word' id='word_1_774' title='bbox 1631 5039 1743 5091; x_wconf 76' lang='lat' dir='ltr'><strong>xvr,</strong></span> <span class='ocrx_word' id='word_1_775' title='bbox 1783 5024 1887 5096; x_wconf 75' lang='lat'><strong>19).</strong></span> <span class='ocrx_word' id='word_1_776' title='bbox 1930 5026 2090 5082; x_wconf 91' lang='lat' dir='ltr'><strong>Unde</strong></span> 
     </span>
    </p>
   </div>
   <div class='ocr_carea' id='block_1_97' title="bbox 399 5111 2091 5183">
    <p class='ocr_par' dir='ltr' id='par_1_97' title="bbox 399 5111 2091 5183">
     <span class='ocr_line' id='line_1_97' title="bbox 399 5111 2091 5183; baseline 0.004 -20"><span class='ocrx_word' id='word_1_777' title='bbox 399 5117 455 5164; x_wconf 91' lang='lat' dir='ltr'><strong>et</strong></span> <span class='ocrx_word' id='word_1_778' title='bbox 503 5111 584 5163; x_wconf 86' lang='lat' dir='ltr'><strong>ire</strong></span> <span class='ocrx_word' id='word_1_779' title='bbox 611 5117 732 5178; x_wconf 85' lang='lat' dir='ltr'><strong>post</strong></span> <span class='ocrx_word' id='word_1_780' title='bbox 779 5118 1047 5166; x_wconf 85' lang='lat' dir='ltr'><strong>amatores</strong></span> <span class='ocrx_word' id='word_1_781' title='bbox 1078 5125 1234 5166; x_wconf 91' lang='lat' dir='ltr'><strong>nunc</strong></span> <span class='ocrx_word' id='word_1_782' title='bbox 1275 5111 1507 5176; x_wconf 86' lang='lat' dir='ltr'><strong>dicitur,</strong></span> <span class='ocrx_word' id='word_1_783' title='bbox 1558 5112 1698 5181; x_wconf 90' lang='lat' dir='ltr'><strong>quia</strong></span> <span class='ocrx_word' id='word_1_784' title='bbox 1751 5113 2091 5183; x_wconf 87' lang='lat' dir='ltr'><strong>plerumque</strong></span> 
     </span>
    </p>
   </div>
   <div class='ocr_carea' id='block_1_98' title="bbox 401 5198 2090 5270">
    <p class='ocr_par' dir='ltr' id='par_1_98' title="bbox 401 5198 2090 5270">
     <span class='ocr_line' id='line_1_98' title="bbox 401 5198 2090 5270; baseline 0.003 -19"><span class='ocrx_word' id='word_1_785' title='bbox 401 5211 506 5252; x_wconf 90' lang='lat' dir='ltr'><strong>nec</strong></span> <span class='ocrx_word' id='word_1_786' title='bbox 551 5198 798 5264; x_wconf 89' lang='lat' dir='ltr'><strong>homine,</strong></span> <span class='ocrx_word' id='word_1_787' title='bbox 831 5213 936 5254; x_wconf 87' lang='lat' dir='ltr'><strong>nec</strong></span> <span class='ocrx_word' id='word_1_788' title='bbox 982 5198 1208 5254; x_wconf 90' lang='lat' dir='ltr'><strong>diabolo</strong></span> <span class='ocrx_word' id='word_1_789' title='bbox 1240 5198 1530 5256; x_wconf 89' lang='lat' dir='ltr'><strong>incentore</strong></span> <span class='ocrx_word' id='word_1_790' title='bbox 1565 5214 1801 5270; x_wconf 89' lang='lat' dir='ltr'><strong>pravam</strong></span> <span class='ocrx_word' id='word_1_791' title='bbox 1842 5216 2090 5256; x_wconf 87' lang='lat' dir='ltr'><strong>consue-</strong></span> 
     </span>
    </p>
   </div>
   <div class='ocr_carea' id='block_1_99' title="bbox 398 5285 2086 5356">
    <p class='ocr_par' dir='ltr' id='par_1_99' title="bbox 398 5285 2086 5356">
     <span class='ocr_line' id='line_1_99' title="bbox 398 5285 2086 5356; baseline 0.004 -16"><span class='ocrx_word' id='word_1_792' title='bbox 398 5285 656 5340; x_wconf 86' lang='lat' dir='ltr'><strong>tudinem</strong></span> <span class='ocrx_word' id='word_1_793' title='bbox 701 5295 902 5356; x_wconf 90' lang='lat' dir='ltr'><strong>sponte</strong></span> <span class='ocrx_word' id='word_1_794' title='bbox 933 5286 1320 5354; x_wconf 90' lang='lat' dir='ltr'><strong>prosequitur.</strong></span> <span class='ocrx_word' id='word_1_795' title='bbox 1377 5288 1538 5344; x_wconf 92' lang='lat' dir='ltr'><strong>Unde</strong></span> <span class='ocrx_word' id='word_1_796' title='bbox 1567 5289 1795 5344; x_wconf 88' lang='lat' dir='ltr'><strong>cuidam</strong></span> <span class='ocrx_word' id='word_1_797' title='bbox 1828 5290 2040 5346; x_wconf 90' lang='lat' dir='ltr'><strong>dicitur</strong></span> <span class='ocrx_word' id='word_1_798' title='bbox 2073 5305 2086 5345; x_wconf 92' lang='lat'>:</span> 
     </span>
    </p>
   </div>
   <div class='ocr_carea' id='block_1_100' title="bbox 406 5373 2090 5448">
    <p class='ocr_par' dir='ltr' id='par_1_100' title="bbox 406 5373 2090 5448">
     <span class='ocr_line' id='line_1_100' title="bbox 406 5373 2090 5448; baseline 0.002 -18"><span class='ocrx_word' id='word_1_799' title='bbox 406 5397 426 5421; x_wconf 78' lang='grc' dir='ltr'><strong>ι</strong></span> <span class='ocrx_word' id='word_1_800' title='bbox 461 5374 678 5430; x_wconf 82' lang='lat' dir='ltr'><strong>Mittam</strong></span> <span class='ocrx_word' id='word_1_801' title='bbox 713 5382 766 5428; x_wconf 90' lang='lat' dir='ltr'><strong>te</strong></span> <span class='ocrx_word' id='word_1_802' title='bbox 805 5373 973 5442; x_wconf 88' lang='lat' dir='ltr'><strong>quasi</strong></span> <span class='ocrx_word' id='word_1_803' title='bbox 1005 5376 1061 5428; x_wconf 90' lang='lat' dir='ltr'><strong>in</strong></span> <span class='ocrx_word' id='word_1_804' title='bbox 1100 5373 1274 5442; x_wconf 90' lang='lat' dir='ltr'><strong>pilam</strong></span> <span class='ocrx_word' id='word_1_805' title='bbox 1307 5375 1364 5432; x_wconf 91' lang='lat' dir='ltr'><strong>in</strong></span> <span class='ocrx_word' id='word_1_806' title='bbox 1408 5385 1615 5432; x_wconf 90' lang='lat' dir='ltr'><strong>terram</strong></span> <span class='ocrx_word' id='word_1_807' title='bbox 1663 5376 1836 5432; x_wconf 89' lang='lat' dir='ltr'><strong>latam</strong></span> <span class='ocrx_word' id='word_1_808' title='bbox 1866 5386 1921 5434; x_wconf 94' lang='lat' dir='ltr'><strong>et</strong></span> <span class='ocrx_word' id='word_1_809' title='bbox 1952 5392 2090 5448; x_wconf 88' lang='lat' dir='ltr'><strong>spa—</strong></span> 
     </span>
    </p>
   </div>
   <div class='ocr_carea' id='block_1_101' title="bbox 401 5459 2092 5536">
    <p class='ocr_par' dir='ltr' id='par_1_101' title="bbox 401 5459 2092 5536">
     <span class='ocr_line' id='line_1_101' title="bbox 401 5459 2092 5536; baseline 0.005 -22"><span class='ocrx_word' id='word_1_810' title='bbox 401 5459 602 5514; x_wconf 89' lang='lat' dir='ltr'><strong>tiosam</strong></span> <span class='ocrx_word' id='word_1_811' title='bbox 652 5460 810 5528; x_wconf 85' lang='lat' dir='ltr'><strong>(Isai.</strong></span> <span class='ocrx_word' id='word_1_812' title='bbox 864 5473 1006 5524; x_wconf 79' lang='lat' dir='ltr'><strong>xxu,</strong></span> <span class='ocrx_word' id='word_1_813' title='bbox 1063 5461 1171 5530; x_wconf 76' lang='grc'>18).</span> <span class='ocrx_word' id='word_1_814' title='bbox 1228 5484 1248 5511; x_wconf 75' lang='grc' dir='ltr'><strong>ι</strong></span> <span class='ocrx_word' id='word_1_815' title='bbox 1293 5463 1413 5519; x_wconf 89' lang='lat' dir='ltr'><strong>Pila</strong></span> <span class='ocrx_word' id='word_1_816' title='bbox 1453 5465 1606 5520; x_wconf 92' lang='lat' dir='ltr'><strong>enim</strong></span> <span class='ocrx_word' id='word_1_817' title='bbox 1661 5465 1794 5536; x_wconf 90' lang='lat' dir='ltr'><strong>plus</strong></span> <span class='ocrx_word' id='word_1_818' title='bbox 1839 5466 2092 5522; x_wconf 89' lang='lat' dir='ltr'><strong>volvitur</strong></span> 
     </span>
    </p>
   </div>
   <div class='ocr_carea' id='block_1_102' title="bbox 401 5545 2093 5619">
    <p class='ocr_par' dir='ltr' id='par_1_102' title="bbox 401 5545 2093 5619">
     <span class='ocr_line' id='line_1_102' title="bbox 401 5545 2093 5619; baseline 0.002 -15"><span class='ocrx_word' id='word_1_819' title='bbox 401 5562 578 5618; x_wconf 86' lang='lat' dir='ltr'><strong>quam</strong></span> <span class='ocrx_word' id='word_1_820' title='bbox 613 5545 743 5600; x_wconf 87' lang='lat' dir='ltr'><strong>velit</strong></span> <span class='ocrx_word' id='word_1_821' title='bbox 773 5545 822 5600; x_wconf 92' lang='lat' dir='ltr'><strong>is</strong></span> <span class='ocrx_word' id='word_1_822' title='bbox 851 5560 884 5601; x_wconf 91' lang='lat' dir='ltr'><strong>a</strong></span> <span class='ocrx_word' id='word_1_823' title='bbox 913 5563 1030 5616; x_wconf 89' lang='lat' dir='ltr'><strong>quo</strong></span> <span class='ocrx_word' id='word_1_824' title='bbox 1054 5549 1291 5619; x_wconf 91' lang='lat' dir='ltr'><strong>jacitur.</strong></span> <span class='ocrx_word' id='word_1_825' title='bbox 1339 5553 1501 5609; x_wconf 85' lang='lat' dir='ltr'><strong>Multi</strong></span> <span class='ocrx_word' id='word_1_826' title='bbox 1541 5555 1693 5609; x_wconf 92' lang='lat' dir='ltr'><strong>enim</strong></span> <span class='ocrx_word' id='word_1_827' title='bbox 1722 5569 1835 5609; x_wconf 90' lang='lat' dir='ltr'><strong>non</strong></span> <span class='ocrx_word' id='word_1_828' title='bbox 1879 5561 1944 5610; x_wconf 90' lang='lat' dir='ltr'><strong>ut</strong></span> <span class='ocrx_word' id='word_1_829' title='bbox 1971 5553 2093 5609; x_wconf 85' lang='lat' dir='ltr'><strong>affi-</strong></span> 
     </span>
    </p>
   </div>
   <div class='ocr_carea' id='block_1_103' title="bbox 399 5637 2090 5706">
    <p class='ocr_par' dir='ltr' id='par_1_103' title="bbox 399 5637 2090 5706">
     <span class='ocr_line' id='line_1_103' title="bbox 399 5637 2090 5706; baseline 0.004 -14"><span class='ocrx_word' id='word_1_830' title='bbox 399 5637 632 5692; x_wconf 89' lang='lat' dir='ltr'><strong>ciantur</strong></span> <span class='ocrx_word' id='word_1_831' title='bbox 675 5643 1025 5706; x_wconf 83' lang='lat' dir='ltr'><strong>exspectant,</strong></span> <span class='ocrx_word' id='word_1_832' title='bbox 1068 5639 1164 5694; x_wconf 91' lang='lat' dir='ltr'><strong>sed</strong></span> <span class='ocrx_word' id='word_1_833' title='bbox 1195 5639 1434 5699; x_wconf 72' lang='lat' dir='ltr'><strong>affectus</strong></span> <span class='ocrx_word' id='word_1_834' title='bbox 1477 5643 1535 5698; x_wconf 91' lang='lat' dir='ltr'><strong>in</strong></span> <span class='ocrx_word' id='word_1_835' title='bbox 1567 5658 1625 5698; x_wconf 91' lang='lat' dir='ltr'><strong>se</strong></span> <span class='ocrx_word' id='word_1_836' title='bbox 1653 5642 1928 5699; x_wconf 82' lang='lat' dir='ltr'><strong>excitant.</strong></span> <span class='ocrx_word' id='word_1_837' title='bbox 1961 5643 2090 5698; x_wconf 94' lang='lat' dir='ltr'><strong>Post</strong></span> 
     </span>
    </p>
   </div>
   <div class='ocr_carea' id='block_1_104' title="bbox 2203 4491 3893 4560">
    <p class='ocr_par' dir='ltr' id='par_1_104' title="bbox 2203 4491 3893 4560">
     <span class='ocr_line' id='line_1_104' title="bbox 2203 4491 3893 4560; baseline -0.001 -11"><span class='ocrx_word' id='word_1_838' title='bbox 2203 4493 2424 4549; x_wconf 89' lang='lat' dir='ltr'><strong>riantis.</strong></span> <span class='ocrx_word' id='word_1_839' title='bbox 2475 4493 2619 4549; x_wconf 83' lang='lat' dir='ltr'><strong>Cum</strong></span> <span class='ocrx_word' id='word_1_840' title='bbox 2678 4492 2844 4557; x_wconf 89' lang='lat' dir='ltr'><strong>hanc,</strong></span> <span class='ocrx_word' id='word_1_841' title='bbox 2909 4491 3121 4560; x_wconf 88' lang='lat' dir='ltr'><strong>inquit,</strong></span> <span class='ocrx_word' id='word_1_842' title='bbox 3168 4491 3307 4546; x_wconf 92' lang='lat' dir='ltr'><strong>mihi</strong></span> <span class='ocrx_word' id='word_1_843' title='bbox 3366 4491 3517 4546; x_wconf 91' lang='lat' dir='ltr'><strong>Deus</strong></span> <span class='ocrx_word' id='word_1_844' title='bbox 3564 4491 3893 4560; x_wconf 64' lang='lat' dir='ltr'><strong>prastiterit</strong></span> 
     </span>
    </p>
   </div>
   <div class='ocr_carea' id='block_1_105' title="bbox 2204 4579 3888 4648">
    <p class='ocr_par' dir='ltr' id='par_1_105' title="bbox 2204 4579 3888 4648">
     <span class='ocr_line' id='line_1_105' title="bbox 2204 4579 3888 4648; baseline -0.002 -10"><span class='ocrx_word' id='word_1_845' title='bbox 2204 4583 2408 4648; x_wconf 89' lang='lat' dir='ltr'><strong>lucem,</strong></span> <span class='ocrx_word' id='word_1_846' title='bbox 2440 4581 2672 4647; x_wconf 76' lang='lat' dir='ltr'><strong>vocabit,</strong></span> <span class='ocrx_word' id='word_1_847' title='bbox 2724 4579 2776 4634; x_wconf 95' lang='lat' dir='ltr'><strong>id</strong></span> <span class='ocrx_word' id='word_1_848' title='bbox 2808 4587 2891 4636; x_wconf 88' lang='lat' dir='ltr'><strong>est</strong></span> <span class='ocrx_word' id='word_1_849' title='bbox 2918 4579 3221 4634; x_wconf 63' lang='lat' dir='ltr'><strong>mstimabit</strong></span> <span class='ocrx_word' id='word_1_850' title='bbox 3260 4593 3349 4635; x_wconf 91' lang='lat' dir='ltr'><strong>me</strong></span> <span class='ocrx_word' id='word_1_851' title='bbox 3379 4593 3642 4645; x_wconf 90' lang='lat' dir='ltr'><strong>uxorem,</strong></span> <span class='ocrx_word' id='word_1_852' title='bbox 3683 4586 3741 4635; x_wconf 92' lang='lat' dir='ltr'><strong>ut</strong></span> <span class='ocrx_word' id='word_1_853' title='bbox 3769 4581 3888 4634; x_wconf 87' lang='lat' dir='ltr'><strong>sci-</strong></span> 
     </span>
    </p>
   </div>
   <div class='ocr_carea' id='block_1_106' title="bbox 2201 4669 3889 4740">
    <p class='ocr_par' dir='ltr' id='par_1_106' title="bbox 2201 4669 3889 4740">
     <span class='ocr_line' id='line_1_106' title="bbox 2201 4669 3889 4740; baseline -0.001 -14"><span class='ocrx_word' id='word_1_854' title='bbox 2201 4671 2332 4727; x_wconf 90' lang='lat' dir='ltr'><strong>licet</strong></span> <span class='ocrx_word' id='word_1_855' title='bbox 2389 4671 2506 4740; x_wconf 90' lang='lat' dir='ltr'><strong>ipse</strong></span> <span class='ocrx_word' id='word_1_856' title='bbox 2579 4669 2806 4724; x_wconf 90' lang='lat' dir='ltr'><strong>dicatur</strong></span> <span class='ocrx_word' id='word_1_857' title='bbox 2858 4671 2948 4722; x_wconf 80' lang='lat' dir='ltr'><strong>vir</strong></span> <span class='ocrx_word' id='word_1_858' title='bbox 3000 4683 3180 4735; x_wconf 85' lang='lat' dir='ltr'><strong>meus,</strong></span> <span class='ocrx_word' id='word_1_859' title='bbox 3250 4682 3354 4723; x_wconf 90' lang='lat' dir='ltr'><strong>nec</strong></span> <span class='ocrx_word' id='word_1_860' title='bbox 3419 4675 3648 4738; x_wconf 88' lang='lat' dir='ltr'><strong>peccata</strong></span> <span class='ocrx_word' id='word_1_861' title='bbox 3694 4676 3889 4725; x_wconf 90' lang='lat' dir='ltr'><strong>vetera</strong></span> 
     </span>
    </p>
   </div>
   <div class='ocr_carea' id='block_1_107' title="bbox 2201 4756 3888 4828">
    <p class='ocr_par' dir='ltr' id='par_1_107' title="bbox 2201 4756 3888 4828">
     <span class='ocr_line' id='line_1_107' title="bbox 2201 4756 3888 4828; baseline -0.001 -13"><span class='ocrx_word' id='word_1_862' title='bbox 2201 4761 2484 4824; x_wconf 89' lang='lat' dir='ltr'><strong>oberunt,</strong></span> <span class='ocrx_word' id='word_1_863' title='bbox 2542 4758 2682 4828; x_wconf 90' lang='lat' dir='ltr'><strong>quia</strong></span> <span class='ocrx_word' id='word_1_864' title='bbox 2756 4757 2948 4812; x_wconf 90' lang='lat' dir='ltr'><strong>cultus</strong></span> <span class='ocrx_word' id='word_1_865' title='bbox 3002 4757 3257 4826; x_wconf 69' lang='lat' dir='ltr'><strong>pristinae</strong></span> <span class='ocrx_word' id='word_1_866' title='bbox 3331 4756 3660 4812; x_wconf 74' lang='lat' dir='ltr'><strong>idololatriae</strong></span> <span class='ocrx_word' id='word_1_867' title='bbox 3721 4758 3888 4826; x_wconf 89' lang='lat' dir='ltr'><strong>sopiti</strong></span> 
     </span>
    </p>
   </div>
   <div class='ocr_carea' id='block_1_108' title="bbox 2201 4843 3890 4916">
    <p class='ocr_par' dir='ltr' id='par_1_108' title="bbox 2201 4843 3890 4916">
     <span class='ocr_line' id='line_1_108' title="bbox 2201 4843 3890 4916; baseline 0 -12"><span class='ocrx_word' id='word_1_868' title='bbox 2201 4856 2357 4904; x_wconf 91' lang='lat' dir='ltr'><strong>sunt.</strong></span> <span class='ocrx_word' id='word_1_869' title='bbox 2399 4847 2599 4916; x_wconf 74' lang='lat' dir='ltr'><strong>(Vens.</strong></span> <span class='ocrx_word' id='word_1_870' title='bbox 2655 4845 2762 4914; x_wconf 82' lang='lat' dir='ltr'><strong>l7.)</strong></span> <span class='ocrx_word' id='word_1_871' title='bbox 2798 4867 2819 4893; x_wconf 75' lang='grc' dir='ltr'><strong>ι</strong></span> <span class='ocrx_word' id='word_1_872' title='bbox 2879 4845 2950 4900; x_wconf 90' lang='lat' dir='ltr'><strong>Et</strong></span> <span class='ocrx_word' id='word_1_873' title='bbox 2977 4843 3237 4900; x_wconf 89' lang='lat' dir='ltr'><strong>auferam</strong></span> <span class='ocrx_word' id='word_1_874' title='bbox 3283 4845 3518 4900; x_wconf 88' lang='lat' dir='ltr'><strong>nomina</strong></span> <span class='ocrx_word' id='word_1_875' title='bbox 3563 4843 3770 4900; x_wconf 87' lang='lat' dir='ltr'><strong>Baalim</strong></span> <span class='ocrx_word' id='word_1_876' title='bbox 3814 4847 3890 4904; x_wconf 93' lang='lat' dir='ltr'><strong>de</strong></span> 
     </span>
    </p>
   </div>
   <div class='ocr_carea' id='block_1_109' title="bbox 2207 4931 3892 5005">
    <p class='ocr_par' dir='ltr' id='par_1_109' title="bbox 2207 4931 3892 5005">
     <span class='ocr_line' id='line_1_109' title="bbox 2207 4931 3892 5005; baseline 0.004 -19"><span class='ocrx_word' id='word_1_877' title='bbox 2207 4958 2227 4986; x_wconf 73' lang='grc' dir='ltr'><strong>ι</strong></span> <span class='ocrx_word' id='word_1_878' title='bbox 2263 4950 2360 4990; x_wconf 89' lang='lat' dir='ltr'><strong>ore</strong></span> <span class='ocrx_word' id='word_1_879' title='bbox 2411 4934 2556 5005; x_wconf 88' lang='lat' dir='ltr'><strong>ejus,</strong></span> <span class='ocrx_word' id='word_1_880' title='bbox 2600 4941 2655 4988; x_wconf 89' lang='lat' dir='ltr'><strong>et</strong></span> <span class='ocrx_word' id='word_1_881' title='bbox 2711 4947 2824 4988; x_wconf 91' lang='lat' dir='ltr'><strong>non</strong></span> <span class='ocrx_word' id='word_1_882' title='bbox 2873 4931 3271 4988; x_wconf 88' lang='lat' dir='ltr'><strong>recordabitur</strong></span> <span class='ocrx_word' id='word_1_883' title='bbox 3322 4932 3476 4988; x_wconf 90' lang='lat' dir='ltr'><strong>ultra</strong></span> <span class='ocrx_word' id='word_1_884' title='bbox 3522 4931 3764 4988; x_wconf 92' lang='lat' dir='ltr'><strong>nominis</strong></span> <span class='ocrx_word' id='word_1_885' title='bbox 3801 4949 3892 4992; x_wconf 90' lang='lat' dir='ltr'><strong>e0-</strong></span> 
     </span>
    </p>
   </div>
   <div class='ocr_carea' id='block_1_110' title="bbox 2203 5019 3888 5090">
    <p class='ocr_par' dir='ltr' id='par_1_110' title="bbox 2203 5019 3888 5090">
     <span class='ocr_line' id='line_1_110' title="bbox 2203 5019 3888 5090; baseline 0.001 -11"><span class='ocrx_word' id='word_1_886' title='bbox 2203 5046 2231 5074; x_wconf 85' lang='lat'>»</span> <span class='ocrx_word' id='word_1_887' title='bbox 2266 5037 2417 5079; x_wconf 88' lang='lat' dir='ltr'><strong>rum.</strong></span> <span class='ocrx_word' id='word_1_888' title='bbox 2455 5043 2477 5069; x_wconf 75' lang='grc' dir='ltr'><strong>ι</strong></span> <span class='ocrx_word' id='word_1_889' title='bbox 2515 5021 2678 5077; x_wconf 81' lang='lat' dir='ltr'><strong>Redit</strong></span> <span class='ocrx_word' id='word_1_890' title='bbox 2722 5019 2999 5075; x_wconf 90' lang='lat' dir='ltr'><strong>Dominus</strong></span> <span class='ocrx_word' id='word_1_891' title='bbox 3026 5019 3096 5074; x_wconf 91' lang='lat' dir='ltr'><strong>ad</strong></span> <span class='ocrx_word' id='word_1_892' title='bbox 3129 5019 3181 5074; x_wconf 90' lang='lat' dir='ltr'><strong>id</strong></span> <span class='ocrx_word' id='word_1_893' title='bbox 3226 5019 3378 5090; x_wconf 82' lang='lat' dir='ltr'><strong>quod</strong></span> <span class='ocrx_word' id='word_1_894' title='bbox 3409 5019 3675 5089; x_wconf 90' lang='lat' dir='ltr'><strong>superius</strong></span> <span class='ocrx_word' id='word_1_895' title='bbox 3701 5019 3888 5080; x_wconf 88' lang='lat' dir='ltr'><strong>dicere</strong></span> 
     </span>
    </p>
   </div>
   <div class='ocr_carea' id='block_1_111' title="bbox 2201 5107 3888 5180">
    <p class='ocr_par' dir='ltr' id='par_1_111' title="bbox 2201 5107 3888 5180">
     <span class='ocr_line' id='line_1_111' title="bbox 2201 5107 3888 5180; baseline -0.002 -12"><span class='ocrx_word' id='word_1_896' title='bbox 2201 5119 2468 5180; x_wconf 67' lang='lat' dir='ltr'><strong>coeperat.</strong></span> <span class='ocrx_word' id='word_1_897' title='bbox 2516 5109 2674 5174; x_wconf 89' lang='lat' dir='ltr'><strong>Quod</strong></span> <span class='ocrx_word' id='word_1_898' title='bbox 2726 5116 2906 5163; x_wconf 93' lang='lat' dir='ltr'><strong>totum</strong></span> <span class='ocrx_word' id='word_1_899' title='bbox 2937 5115 3020 5163; x_wconf 90' lang='lat' dir='ltr'><strong>est</strong></span> <span class='ocrx_word' id='word_1_900' title='bbox 3051 5121 3062 5161; x_wconf 93' lang='lat'>:</span> <span class='ocrx_word' id='word_1_901' title='bbox 3094 5107 3219 5162; x_wconf 92' lang='lat' dir='ltr'><strong>Non</strong></span> <span class='ocrx_word' id='word_1_902' title='bbox 3265 5107 3452 5164; x_wconf 91' lang='lat' dir='ltr'><strong>solum</strong></span> <span class='ocrx_word' id='word_1_903' title='bbox 3502 5108 3752 5177; x_wconf 72' lang='lat' dir='ltr'><strong>antiquae</strong></span> <span class='ocrx_word' id='word_1_904' title='bbox 3779 5111 3888 5164; x_wconf 87' lang='lat' dir='ltr'><strong>cri-</strong></span> 
     </span>
    </p>
   </div>
   <div class='ocr_carea' id='block_1_112' title="bbox 2201 5196 3922 5268">
    <p class='ocr_par' dir='ltr' id='par_1_112' title="bbox 2201 5196 3922 5268">
     <span class='ocr_line' id='line_1_112' title="bbox 2201 5196 3922 5268; baseline -0.002 -10"><span class='ocrx_word' id='word_1_905' title='bbox 2201 5198 2544 5258; x_wconf 89' lang='lat' dir='ltr'><strong>minositatis</strong></span> <span class='ocrx_word' id='word_1_906' title='bbox 2588 5198 2809 5254; x_wconf 91' lang='lat' dir='ltr'><strong>cultum</strong></span> <span class='ocrx_word' id='word_1_907' title='bbox 2855 5196 2962 5252; x_wconf 92' lang='lat' dir='ltr'><strong>sibi</strong></span> <span class='ocrx_word' id='word_1_908' title='bbox 3017 5197 3377 5265; x_wconf 87' lang='lat' dir='ltr'><strong>subtraham,</strong></span> <span class='ocrx_word' id='word_1_909' title='bbox 3409 5197 3507 5253; x_wconf 90' lang='lat' dir='ltr'><strong>sed</strong></span> <span class='ocrx_word' id='word_1_910' title='bbox 3555 5197 3722 5253; x_wconf 90' lang='lat' dir='ltr'><strong>etiam</strong></span> <span class='ocrx_word' id='word_1_911' title='bbox 3759 5199 3922 5268; x_wconf 34' lang='lat' dir='ltr'><strong>ipsa;</strong></span> 
     </span>
    </p>
   </div>
   <div class='ocr_carea' id='block_1_113' title="bbox 2199 5285 3875 5356">
    <p class='ocr_par' dir='ltr' id='par_1_113' title="bbox 2199 5285 3875 5356">
     <span class='ocr_line' id='line_1_113' title="bbox 2199 5285 3875 5356; baseline -0.003 -11"><span class='ocrx_word' id='word_1_912' title='bbox 2199 5289 2437 5345; x_wconf 83' lang='lat' dir='ltr'><strong>nomina</strong></span> <span class='ocrx_word' id='word_1_913' title='bbox 2463 5286 2754 5352; x_wconf 90' lang='lat' dir='ltr'><strong>vitiorum,</strong></span> <span class='ocrx_word' id='word_1_914' title='bbox 2799 5285 2953 5356; x_wconf 92' lang='lat' dir='ltr'><strong>quod</strong></span> <span class='ocrx_word' id='word_1_915' title='bbox 2999 5285 3305 5356; x_wconf 83' lang='lat' dir='ltr'><strong>Apostolus</strong></span> <span class='ocrx_word' id='word_1_916' title='bbox 3340 5308 3360 5335; x_wconf 76' lang='grc' dir='ltr'><strong>ε</strong></span> <span class='ocrx_word' id='word_1_917' title='bbox 3409 5285 3818 5356; x_wconf 89' lang='lat' dir='ltr'><strong>turpiloquium</strong></span> <span class='ocrx_word' id='word_1_918' title='bbox 3852 5312 3875 5340; x_wconf 72' lang='grc' dir='ltr'>δ</span> 
     </span>
    </p>
   </div>
   <div class='ocr_carea' id='block_1_114' title="bbox 2201 5373 3882 5446">
    <p class='ocr_par' dir='ltr' id='par_1_114' title="bbox 2201 5373 3882 5446">
     <span class='ocr_line' id='line_1_114' title="bbox 2201 5373 3882 5446; baseline 0 -12"><span class='ocrx_word' id='word_1_919' title='bbox 2201 5378 2459 5434; x_wconf 90' lang='lat' dir='ltr'><strong>nominat</strong></span> <span class='ocrx_word' id='word_1_920' title='bbox 2516 5375 2746 5446; x_wconf 84' lang='lat' dir='ltr'><strong>(Ephes.</strong></span> <span class='ocrx_word' id='word_1_921' title='bbox 2796 5390 2852 5440; x_wconf 90' lang='lat' dir='ltr'><strong>v,</strong></span> <span class='ocrx_word' id='word_1_922' title='bbox 2893 5375 2970 5443; x_wconf 80' lang='grc'><strong>4),</strong></span> <span class='ocrx_word' id='word_1_923' title='bbox 3009 5374 3078 5429; x_wconf 94' lang='lat' dir='ltr'><strong>de</strong></span> <span class='ocrx_word' id='word_1_924' title='bbox 3121 5389 3218 5430; x_wconf 93' lang='lat' dir='ltr'><strong>ore</strong></span> <span class='ocrx_word' id='word_1_925' title='bbox 3265 5373 3393 5445; x_wconf 90' lang='lat' dir='ltr'><strong>ejus</strong></span> <span class='ocrx_word' id='word_1_926' title='bbox 3436 5374 3726 5443; x_wconf 89' lang='lat' dir='ltr'><strong>abradam,</strong></span> <span class='ocrx_word' id='word_1_927' title='bbox 3776 5391 3882 5434; x_wconf 91' lang='lat' dir='ltr'><strong>nec</strong></span> 
     </span>
    </p>
   </div>
   <div class='ocr_carea' id='block_1_115' title="bbox 2200 5462 3876 5529">
    <p class='ocr_par' dir='ltr' id='par_1_115' title="bbox 2200 5462 3876 5529">
     <span class='ocr_line' id='line_1_115' title="bbox 2200 5462 3876 5529; baseline 0.001 -8"><span class='ocrx_word' id='word_1_928' title='bbox 2200 5465 2384 5521; x_wconf 91' lang='lat' dir='ltr'><strong>solum</strong></span> <span class='ocrx_word' id='word_1_929' title='bbox 2435 5465 2748 5521; x_wconf 91' lang='lat' dir='ltr'><strong>verborum</strong></span> <span class='ocrx_word' id='word_1_930' title='bbox 2801 5463 3078 5518; x_wconf 74' lang='lat' dir='ltr'><strong>fmditates</strong></span> <span class='ocrx_word' id='word_1_931' title='bbox 3129 5463 3502 5529; x_wconf 89' lang='lat' dir='ltr'><strong>subtraham,</strong></span> <span class='ocrx_word' id='word_1_932' title='bbox 3561 5462 3659 5517; x_wconf 91' lang='lat' dir='ltr'><strong>sed</strong></span> <span class='ocrx_word' id='word_1_933' title='bbox 3709 5463 3876 5522; x_wconf 90' lang='lat' dir='ltr'><strong>etiam</strong></span> 
     </span>
    </p>
   </div>
   <div class='ocr_carea' id='block_1_116' title="bbox 2200 5550 3878 5621">
    <p class='ocr_par' dir='ltr' id='par_1_116' title="bbox 2200 5550 3878 5621">
     <span class='ocr_line' id='line_1_116' title="bbox 2200 5550 3878 5621; baseline -0.001 -11"><span class='ocrx_word' id='word_1_934' title='bbox 2200 5553 2385 5610; x_wconf 91' lang='lat' dir='ltr'><strong>omnis</strong></span> <span class='ocrx_word' id='word_1_935' title='bbox 2429 5551 2659 5608; x_wconf 89' lang='lat' dir='ltr'><strong>obsoleti</strong></span> <span class='ocrx_word' id='word_1_936' title='bbox 2693 5558 2856 5607; x_wconf 90' lang='lat' dir='ltr'><strong>actus</strong></span> <span class='ocrx_word' id='word_1_937' title='bbox 2893 5551 2965 5606; x_wconf 91' lang='lat' dir='ltr'><strong>ab</strong></span> <span class='ocrx_word' id='word_1_938' title='bbox 3015 5550 3142 5621; x_wconf 89' lang='lat' dir='ltr'><strong>ejus</strong></span> <span class='ocrx_word' id='word_1_939' title='bbox 3189 5551 3380 5606; x_wconf 90' lang='lat' dir='ltr'><strong>animo</strong></span> <span class='ocrx_word' id='word_1_940' title='bbox 3427 5550 3736 5606; x_wconf 88' lang='lat' dir='ltr'><strong>obliterabo</strong></span> <span class='ocrx_word' id='word_1_941' title='bbox 3773 5567 3878 5610; x_wconf 85' lang='lat' dir='ltr'><strong>me-</strong></span> 
     </span>
    </p>
   </div>
   <div class='ocr_carea' id='block_1_117' title="bbox 2199 5638 3875 5710">
    <p class='ocr_par' dir='ltr' id='par_1_117' title="bbox 2199 5638 3875 5710">
     <span class='ocr_line' id='line_1_117' title="bbox 2199 5638 3875 5710; baseline 0.001 -13"><span class='ocrx_word' id='word_1_942' title='bbox 2199 5640 2461 5697; x_wconf 90' lang='lat' dir='ltr'><strong>moriam.</strong></span> <span class='ocrx_word' id='word_1_943' title='bbox 2503 5640 2661 5697; x_wconf 91' lang='lat' dir='ltr'><strong>Unde</strong></span> <span class='ocrx_word' id='word_1_944' title='bbox 2693 5639 2996 5710; x_wconf 85' lang='lat' dir='ltr'><strong>Apostolus</strong></span> <span class='ocrx_word' id='word_1_945' title='bbox 3027 5653 3041 5694; x_wconf 87' lang='lat'><strong>:</strong></span> <span class='ocrx_word' id='word_1_946' title='bbox 3075 5661 3103 5689; x_wconf 83' lang='lat'><strong><em>«</em></strong></span> <span class='ocrx_word' id='word_1_947' title='bbox 3133 5639 3248 5695; x_wconf 89' lang='lat' dir='ltr'><strong>Nec</strong></span> <span class='ocrx_word' id='word_1_948' title='bbox 3277 5638 3604 5695; x_wconf 90' lang='lat' dir='ltr'><strong>nominetur</strong></span> <span class='ocrx_word' id='word_1_949' title='bbox 3637 5640 3692 5696; x_wconf 90' lang='lat' dir='ltr'><strong>in</strong></span> <span class='ocrx_word' id='word_1_950' title='bbox 3719 5642 3875 5699; x_wconf 89' lang='lat' dir='ltr'><strong>vobis</strong></span> 
     </span>
    </p>
   </div>
   <div class='ocr_carea' id='block_1_118' title="bbox 3916 4623 3926 4662">
    <p class='ocr_par' dir='ltr' id='par_1_118' title="bbox 3916 4623 3926 4662">
     <span class='ocr_line' id='line_1_118' title="bbox 3916 4623 3926 4662; baseline 0 0"><span class='ocrx_word' id='word_1_951' title='bbox 3916 4623 3926 4662; x_wconf 68' lang='grc' dir='ltr'><em>δ</em></span> 
     </span>
    </p>
   </div>
  </div>
