3950 6432
42 414 132 469 353
774 407 1242 467 TROPOLOGIE
1280 407 1347 463 IN
1385 406 1581 471 OSEE,
1620 407 1813 464 ΑΜοὸ
1853 405 1941 464 ET
1976 405 2126 463 ΗΕΒ.
2179 435 2238 447 -
2279 403 2406 461 LIB.
2448 407 2472 462 ι
2532 405 2603 461 ΙΝ
2636 403 2835 462 OSEE.

3455 407 3557 461 35-i-

41 551 226 619 (1bid.,
282 551 368 620 3).
433 572 454 599 ι
518 549 629 606 Et:
666 570 687 598 ‹
749 547 987 613 Qualem
1046 546 1301 603 fructum
1354 545 1636 602 habuistis
1675 544 1734 601 in
1774 544 2065 600 Adendas
2120 558 2210 600 res
2266 544 2325 600 in
2369 544 2541 599 corde
2600 543 2782 599 ﬁdelis
2829 550 2990 600 tanta
3048 543 3222 601 faciat
3270 545 3557 601 soliditate

38 641 248 711 quibus
271 655 437 696 nunc
456 637 836 694 erubescitis?
861 637 1042 707 (Rem.
1073 651 1147 702 Vl,
1182 634 1296 704 2f.)
1329 655 1349 683 ν

40 751 58 776 ι
93 730 259 785 Vens.
299 734 388 785 18.
421 760 490 768 —
523 750 544 778 ι
576 729 644 783 Et
674 727 995 797 percutiam
1035 725 1117 780 eis
1148 725 1332 781 foedus
1376 724 1438 779 in
1471 724 1561 779 die
1617 723 1733 791 illa,

9 840 59 899 ,ι
92 834 223 874 cum
281 818 467 874 bestia
508 816 656 888 agri,
699 823 755 871 et
811 830 945 871 cum
1003 814 1236 870 volucre
1290 813 1436 881 cmli,
1492 821 1547 868 et
1601 827 1733 868 cum

9 906 63 955 ’›
95 908 283 977 reptili
336 916 522 973 terrea,
582 913 638 962 et
692 919 916 969 arcum,
967 910 1023 959 et
1075 902 1356 973 gladium,
1415 910 1471 958 et
1518 901 1735 957 bellum

38 1018 55 1042 ι
90 1005 383 1051 conteram
449 995 519 1049 de
561 1002 743 1060 terra;
794 1000 849 1048 et
903 992 1157 1046 dormire
1206 1004 1301 1046 eos
1349 989 1559 1045 faciam
1592 988 1739 1044 ﬁdu-

43 1101 61 1125 ι
96 1080 335 1135 cialiter.
401 1100 422 1127 ι
454 1081 518 1134 1η
565 1079 655 1133 die
709 1080 809 1132 illa
846 1078 1026 1144 [cedas
1073 1079 1148 1131 eis
1195 1077 1347 1132 Deus
1389 1092 1509 1130 cum
1567 1076 1738 1129 bestia

36 1170 180 1238 agri,
217 1169 322 1224 hoc
350 1176 435 1224 est
462 1182 636 1238 super
665 1166 845 1224 bestia
870 1166 995 1238 agri
1028 1165 1294 1237 percutit,
1330 1180 1460 1221 cum
1533 1165 1592 1220 in
1641 1164 1737 1221 illo

39 1257 295 1312 interiori
342 1257 561 1313 lumine
607 1271 680 1313 ex
730 1257 892 1312 bonae
942 1255 1275 1311 intentionis
1335 1254 1603 1309 ﬁrmitate
1658 1254 1739 1309 eis

39 1346 397 1415 pasciscitur,
435 1347 585 1417 quod
618 1346 799 1402 bestia
829 1346 974 1417 agri,
1009 1344 1062 1400 id
1102 1352 1186 1401 est
1215 1343 1407 1400 feralis
1452 1343 1738 1413 cupiditas

39 1435 96 1489 in
130 1436 294 1491 nullo
313 1435 396 1491 eis
427 1435 707 1491 dominari
742 1435 1126 1505 permittatur,
1161 1448 1267 1489 nec
1307 1432 1539 1488 volucre
1585 1432 1733 1499 coeli,

10 1494 194 1593 ’quod
254 1531 341 1579 est
398 1524 691 1594 superbia,
743 1494 851 1579 nec
915 1494 1134 1593 reptilie
1189 1530 1376 1589 terrae,
1445 1522 1599 1592 quod
1655 1494 1739 1577 est

36 1612 295 1669 luxuria.
328 1612 472 1668 Nota
500 1611 854 1679 distantiam,
888 1611 1045 1682 quod
1075 1610 1287 1667 scilicet
1334 1609 1531 1680 reptile
1573 1610 1738 1665 humi

35 1715 274 1770 prorsus
318 1700 613 1767 inhtereat,
667 1700 900 1755 volucre
951 1713 1052 1769 per
1102 1698 1219 1754 alta
1264 1698 1503 1765 feratur,
1557 1697 1740 1752 bestia

32 1800 88 1839 se
118 1785 543 1856 aliquantisper
574 1799 609 1840 a
638 1791 791 1839 terra
830 1784 1164 1853 suspendat.
1222 1788 1430 1837 Arcum
1476 1782 1738 1850 conterit,

30 1888 164 1928 cum
200 1873 588 1943 subripientes
634 1874 827 1928 animo
871 1872 1306 1944 suggestionum
1358 1869 1595 1926 insidias
1653 1884 1739 1925 re-

29 1961 251 2032 primit,
303 1961 571 2029 gladium,
622 1976 755 2016 cum
801 1960 1201 2016 delectationes
1248 1959 1441 2015 carnis
1484 1973 1518 2013 a
1559 1958 1739 2014 ratio-

9 2050 120 2125 |nis
153 2050 398 2120 imperio
431 2049 770 2105 dissidentes
795 2050 1010 2105 obruit.
1048 2050 1251 2104 Bellum
1293 2048 1557 2114 destruit,
1606 2061 1740 2103 cum

33 2139 414 2208 cogitationes
486 2152 606 2194 sese
687 2138 893 2194 oblatze
967 2136 1255 2207 voluptati
1340 2137 1744 2206 immergentes

33 2239 263 2281 summa
304 2226 546 2295 spiritus
587 2226 929 2281 auctoritate
977 2225 1198 2281 recidit.
1247 2225 1611 2280 Fiducialiter
1657 2238 1743 2277 eos

32 2313 271 2366 dormire
297 2313 450 2379 facit,
484 2326 616 2368 cum
661 2313 1044 2368 tentationum
1094 2311 1303 2366 harum
1353 2310 1550 2376 trium,
1610 2323 1743 2379 quae

30 2409 378 2456 czeterarum
403 2401 655 2471 origines
682 2407 838 2467 sunt,
870 2400 1065 2469 sopitis
1101 2399 1450 2463 incursibus,
1483 2411 1517 2452 a
1562 2412 1743 2453 mun-

29 2490 197 2545 danis
246 2504 346 2544 eos
385 2488 659 2557 permittit
708 2502 915 2543 vacare
965 2486 1330 2543 tumultibus.
1375 2486 1535 2543 Unde
1600 2493 1683 2541 est
1726 2501 1739 2541 :

33 2601 52 2625 ι
92 2580 214 2648 Ego
256 2576 502 2643 dormio,
537 2583 590 2632 et
648 2590 748 2632 cor
774 2590 962 2631 meum
1018 2575 1221 2645 vigilat
1266 2574 1448 2644 (Cant.
1494 2590 1549 2642 v,
1602 2575 1676 2645 2).
1713 2593 1740 2627 tt

9 2666 190 2733 .Quod
224 2665 385 2721 enim
416 2664 510 2719 hic
540 2664 753 2720 dicitur
793 2664 1028 2718 dormire
1055 2666 1263 2730 faciam
1298 2664 1648 2732 ﬁducialiter,
1685 2663 1745 2718 in

29 2756 141 2812 alia
174 2753 560 2811 translatione
583 2753 794 2809 dicitur
821 2770 834 2807 :
864 2755 1132 2808 Habitare
1161 2768 1246 2807 eos
1272 2756 1479 2816 faciam
1520 2757 1580 2806 in
1618 2768 1741 2822 spe;

30 2841 184 2911 quod
234 2848 360 2895 est:
421 2838 529 2905 Qui
579 2839 636 2893 in
703 2838 1160 2908 impassibilitate
1228 2837 1458 2903 dormit,
1532 2836 1588 2891 in
1646 2851 1745 2906 spe

30 2939 217 2985 tamen
265 2918 490 2999 vigilat,
518 2935 573 2983 et
614 2927 717 2983 hos
748 2926 1107 2991 ﬁducialiter,
1143 2924 1283 2995 quia
1322 2925 1445 2996 jam
1474 2924 1543 2980 de
1604 2930 1747 2979 I90

28 3015 380 3074 certitudine
410 3014 804 3072 retributionis
829 3015 1103 3071 exsultat.

1846 634 2178 699 subsistere,
2205 641 2267 688 ut
2300 634 2511 689 certius
2540 647 2599 688 se
2628 633 2868 687 mstimet
2899 646 3013 700 eas,
3057 647 3234 703 quam
3285 634 3557 704 quaelibet

1845 722 2169 778 tractabilia
2197 730 2253 777 et
2276 735 2582 791 corporosa
2628 730 2837 777 tenere.
2887 724 2945 776 ln
2992 722 3099 790 ﬁde
3127 736 3264 793 ergo
3311 736 3558 792 sponsa-

1846 819 1962 877 tur,
2010 824 2142 867 cum
2191 810 2261 865 ad
2304 811 2757 865 immobilitatem
2806 810 2985 865 animi
3032 810 3388 866 credulitatis
3437 825 3557 867 suae

1844 901 2049 956 crebra
2086 898 2563 968 contemplatione
2610 898 2908 954 fundatur.
2954 899 3094 955 Inde
3138 907 3222 955 est
3271 899 3426 970 quod
3476 913 3558 954 se-

1846 988 2181 1059 quitur1Et
2209 990 2346 1042 scies
2396 989 2530 1057 quia
2580 1003 2674 1054 ego
2721 990 2999 1042 Dominus.
3065 988 3185 1043 Etsi
3236 988 3390 1043 enim
3450 1002 3558 1043 nec

1845 1077 2127 1142 doctrina,
2177 1091 2283 1132 nec
2333 1074 2479 1131 liber
2535 1076 2775 1142 adesset,
2847 1076 2948 1146 qui
3007 1076 3337 1144 instrueret,
3400 1084 3551 1132 certe

1847 1166 2029 1221 Deum
2076 1179 2197 1221 esse
2240 1178 2313 1220 ex
2351 1164 2471 1220 sola
2525 1164 2885 1234 experientia
2941 1164 3265 1221 dulcedinis
3314 1165 3557 1221 internae

1846 1252 2157 1324 colligeret.
3078 1256 3089 1323 ί

1918 1343 2090 1399 Vens.
2124 1345 2212 1408 2|,
2243 1345 2332 1396 22.
2366 1372 2435 1381 —
2469 1362 2496 1393 α
2531 1342 2727 1397 Eterit
2773 1341 2831 1397 in
2856 1341 2974 1397 'die
3006 1341 3139 1397 illa:
3198 1342 3550 1411 Exaudiam,

1853 1454 1874 1480 ι
1910 1431 2045 1487 dicit
2085 1430 2383 1497 Dominus,
2421 1430 2733 1485 exaudiam
2784 1430 2970 1496 caelos,
3013 1438 3068 1486 et
3112 1428 3193 1485 illi
3242 1430 3557 1486 exaudient

1852 1543 1873 1570 ι
1908 1528 2142 1576 terram.
2174 1519 2241 1575 Et
2284 1527 2437 1575 terra
2486 1518 2758 1574 exaudiet
2801 1518 3075 1586 triticum,
3126 1527 3182 1574 et
3225 1519 3452 1586 vinum,
3500 1526 3557 1575 et

1853 1630 1874 1657 ι
1906 1608 2117 1663 oleum.
2157 1628 2177 1655 ι
2222 1608 2300 1661 Et
2347 1610 2471 1673 erit,
2510 1606 2724 1661 scilicet
2766 1605 2924 1675 quod
2962 1606 3270 1661 dicendum
3315 1613 3420 1673 est,
3480 1608 3560 1659 in-

1848 1695 2011 1749 dubie
2071 1696 2358 1749 constabit.
2427 1693 2534 1749 Sed
2604 1694 2660 1748 in
2727 1693 2837 1749 hoc
2895 1692 3079 1762 primo
3142 1692 3557 1749 attendendum

1850 1784 1991 1854 quid
2017 1783 2310 1849 exaudiat,
2348 1797 2481 1838 cum
2510 1782 2659 1837 nihil
2688 1782 3046 1851 subinferat;
3076 1781 3228 1837 unde
3258 1781 3558 1837 sciendum

1847 1881 1951 1941 est,
1994 1874 2149 1944 quod
2180 1873 2347 1929 ﬁdem
2380 1873 2560 1939 illam,
2597 1886 2775 1943 quam
2822 1873 3115 1942 praemisit,
3149 1872 3443 1928 exaudiat.
3493 1872 3558 1926 In

1850 1961 1959 2017 hac
1984 1975 2121 2032 ergo
2154 1960 2282 2016 ﬁdei
2309 1961 2435 2016 luce
2481 1960 2734 2030 primum
2782 1960 3043 2025 exaudit,
3083 1960 3225 2030 quia
3266 1974 3341 2015 ex
3388 1959 3559 2015 corde

1850 2058 2064 2116 nostro,
2122 2050 2296 2105 etiam
2353 2057 2598 2105 vacante
2649 2063 2841 2119 opere,
2907 2048 2987 2104 nil
3044 2050 3267 2119 gratius
3329 2048 3554 2118 accipit.

1852 2138 2220 2195 Postmodum
2250 2138 2653 2194 exaudiuntur
2680 2138 2826 2203 cmli,
2854 2138 2995 2208 quia
3028 2138 3188 2193 nulla
3218 2152 3331 2193 non
3368 2137 3556 2192 virtus

1853 2237 2019 2299 grata
2050 2235 2152 2292 est,
2178 2242 2310 2298 qua}
2343 2236 2500 2283 tanto
2531 2227 2868 2283 fundamine
2901 2228 3106 2283 innixa
3152 2234 3256 2292 est,
3289 2241 3421 2297 quae
3452 2240 3555 2297 per

1851 2331 1910 2372 se
1938 2318 2112 2372 etiam
2158 2315 2450 2372 sufﬁciens
2487 2323 2589 2371 est.
2649 2315 2830 2372 leos
2888 2314 3043 2370 enim
3077 2315 3560 2387 vocarivvirtutes

1852 2420 1968 2460 non
1990 2406 2093 2462 abs
2122 2419 2183 2461 re
2227 2413 2331 2470 est,
2380 2406 2522 2474 quia
2553 2405 2610 2459 in
2665 2404 2755 2460 his
2808 2404 3168 2475 potissimum
3216 2405 3386 2474 (Deus
3439 2412 3557 2472 est;

1850 2495 2007 2549 omni
2037 2494 2193 2549 enim
2223 2494 2617 2549 benedictione
2663 2492 2953 2563 spirituali
3003 2492 3060 2547 in
3101 2492 3190 2548 his
3235 2492 3562 2547 ccelestibus

1852 2582 2176 2637 benedictos
2217 2596 2322 2637 nos
2362 2582 2501 2637 dicit
2554 2582 2857 2651 Apostolus
2905 2582 3127 2651 (Ep/tes.
3165 2595 3201 2634 ι.
3254 2580 3331 2650 3).
3367 2584 3437 2636 Et
3476 2581 3563 2635 illi

1851 2670 2178 2727 exaudiunt
2206 2675 2427 2738 terram,
2456 2670 2598 2740 quia
2628 2671 2868 2726 virtutes
2900 2684 3015 2725 non
3042 2669 3315 2725 desinunt
3360 2676 3562 2725 contra

1853 2762 2208 2830 emergentia
2238 2758 2380 2814 vitia
2420 2760 2673 2828 corporis
2720 2760 2895 2815 nostri
2952 2757 3100 2814 tueri
3152 2757 3559 2814 substantiam.

1852 2848 2029 2903 Terra
2050 2847 2288 2903 exaudit
2319 2850 2580 2914 triticum,
2627 2862 2761 2903 cum
2792 2861 2924 2917 pars
2966 2854 3162 2903 nostra
3205 2846 3441 2903 inferior
3488 2846 3561 2903 ad

1854 2935 2129 2991 doctrinie
2160 2934 2475 3005 spiritualis
2516 2935 2988 3005 irrefragabiliter
3007 2936 3199 2991 obedit
3231 2934 3555 3005 imperium.

1853 3024 2109 3080 Exaudit
2137 3032 2192 3080 et
2228 3026 2415 3078 vinum
2447 3038 2580 3080 cum
2611 3032 2665 3079 et
2716 3024 2842 3093 ipsa
2886 3038 3019 3079 caro
3064 3038 3169 3080 suo
3211 3025 3564 3094 respondens

95 3107 269 3163 νείκεα
311 3108 399 3160 19.
455 3135 523 3144 -
558 3125 579 3154 ι
641 3105 710 3160 Et
768 3104 1052 3173 sponsabo
1084 3111 1136 3159 te
1193 3103 1252 3159 in
1302 3103 1739 3173 sempiternum,
1782 3132 1822 3187 ε
1853 3113 2083 3183 spiritui
2115 3113 2562 3169 immortalitatis
2590 3113 2806 3182 aspirat
2823 3113 2893 3167 ad
2916 3113 3216 3183 gaudium.
3242 3114 3403 3170 Unde
3442 3120 3559 3169 est:

31 3218 50 3243 ι
86 3205 143 3251 et
192 3194 488 3265 sponsabo
533 3201 587 3249 te
629 3193 765 3249 mihi
810 3193 869 3248 in
912 3192 1158 3265 justitia,
1215 3200 1269 3249 et
1310 3192 1369 3247 in
1409 3192 1648 3263 judicio,
1690 3199 1745 3247 et

10 3307 48 3357 ,r
88 3286 150 3341 in
192 3283 617 3352 misericordia,
657 3290 712 3339 et
760 3279 1243 3338 miserationibus.
1296 3303 1317 3330 ι
1368 3284 1434 3337 1n
1457 3284 1747 3351 sempiter-

24 3390 156 3428 num
188 3379 455 3444 sponsat,
505 3385 641 3427 cum
692 3385 854 3427 mens
900 3370 1047 3440 ejus,
1099 3370 1202 3440 qui
1249 3384 1308 3426 se
1353 3370 1466 3426 Deo
1502 3370 1745 3439 despon-

27 3463 197 3529 derit,
229 3475 615 3532 nequaquam
641 3460 756 3516 ullo
788 3459 954 3515 modo
995 3459 1054 3514 in
1104 3458 1506 3529 perseverandi
1556 3457 1746 3515 studio

29 3554 263 3610 titubat.
333 3554 398 3607 In
429 3552 654 3621 justitia
710 3558 1038 3621 sponsatur,
1081 3564 1217 3606 cum
1255 3549 1329 3605 ad
1388 3548 1747 3605 reddendum

30 3643 168 3713 quid
198 3643 340 3708 Deo,
390 3640 533 3711 quid
581 3639 864 3710 proximis
902 3638 1127 3707 debeat,
1171 3637 1535 3694 tenacissime
1578 3638 1746 3693 robo-

31 3740 215 3787 ratur.
254 3728 540 3786 Difﬁnitio
565 3728 718 3785 enim
747 3727 985 3798 justitiaa
1035 3734 1118 3784 est
1154 3742 1167 3782 :
1224 3748 1246 3776 ι
1289 3726 1593 3783 Communi
1633 3727 1744 3783 uti-

28 3820 186 3876 litate
235 3826 474 3875 servata
511 3817 746 3873 reddere
779 3816 1015 3887 euiquie
1045 3815 1203 3887 quod
1251 3816 1541 3885 competit.
1590 3834 1619 3867 η
1677 3817 1747 3872 Et

28 3909 140 3964 hoc
170 3909 302 3964 sine
329 3906 568 3977 judicio,
613 3905 669 3960 id
695 3913 779 3961 est
809 3904 1147 3961 discretione
1174 3919 1291 3962 non
1320 3911 1562 3971 constat,
1607 3905 1749 3974 quia

28 3998 367 4053 cavendum
433 4002 517 4051 est
569 4008 641 4051 ne
694 3992 940 4050 nimium
999 3992 1399 4064 prosequendo
1459 3993 1743 4065 justitiam

10 4074 251 4158 vinjusto
286 4083 535 4141 deterior
562 4084 678 4139 ﬁat.
714 4085 775 4137 In
805 4082 1180 4137 misericordia
1219 4096 1453 4152 quoque
1511 4081 1746 4151 despon-

32 4185 219 4243 satur,
255 4188 396 4231 cum
441 4187 543 4228 nos
584 4172 707 4229 suis
747 4186 805 4228 se
854 4170 1092 4240 meritis,
1129 4170 1227 4226 sed
1259 4170 1380 4225 sola
1414 4168 1515 4225 Dei
1562 4169 1750 4240 gratia

32 4266 103 4321 de
162 4276 363 4320 massa
421 4259 752 4332 perditionis
802 4267 1165 4330 assumptum
1223 4258 1559 4315 arbitratur.
1633 4258 1749 4315 Nec

35 4356 161 4410 sine
193 4350 681 4418 miserationibus,
714 4350 856 4421 quia
902 4349 1355 4421 quibuscunque
1390 4347 1746 4405 vocationem

36 4444 137 4500 Dei
185 4441 362 4499 bonis
407 4440 676 4510 operibus
730 4446 1131 4510 prosequatur,
1178 4436 1542 4494 credendum
1597 4451 1754 4494 sum-

35 4546 275 4603 mopere
304 4529 419 4586 sibi
442 4536 525 4585 est
548 4528 704 4600 quod
745 4528 892 4585 inter
928 4528 1269 4585 tentationes
1320 4526 1484 4583 nulla
1530 4527 1753 4582 ratione

10 4620 403 4686 subsisteret,
436 4617 542 4673 nisi
575 4616 784 4688 pietate
826 4617 917 4673 sui
956 4616 1278 4673 Conditoris
1307 4614 1536 4672 assidue
1576 4615 1750 4686 juva-

37 4718 225 4765 retur.

105 4797 287 4854 Vnus.
338 4795 430 4849 20.
486 4823 556 4835 —
596 4816 618 4844 ι
672 4795 742 4850 Et
788 4794 1075 4865 sponsabo
1122 4800 1176 4850 te
1208 4792 1352 4849 mihi
1394 4792 1455 4848 in
1506 4791 1635 4861 ﬁde,
1696 4799 1752 4849 et

42 4908 62 4933 ι
98 4886 246 4942 scies
277 4883 424 4955 quia
447 4898 553 4953 ego
600 4882 898 4939 Dominus.
954 4900 982 4934 at
1039 4882 1243 4938 Mirum
1291 4888 1376 4938 est
1429 4880 1586 4951 quod
1635 4889 1750 4936 tam

36 4979 394 5043 praepostere
424 4970 593 5026 ﬁdem
629 4969 836 5040 posuit,
877 4984 1010 5026 cum
1042 4968 1341 5040 praelibata
1387 4968 1585 5023 omnia
1634 4981 1751 5023 non

35 5062 164 5117 dico
184 5069 361 5128 stare,
394 5058 494 5115 sed
534 5072 640 5115 nec
669 5072 791 5114 esse
836 5058 959 5115 sine
1016 5072 1085 5113 ea
1128 5057 1365 5128 possint.
1412 5055 1519 5111 Sed
1566 5055 1749 5112 consi-

35 5149 366 5206 derandum
394 5155 479 5203 est
508 5146 663 5218 quod
685 5145 1163 5217 opportunissime
1195 5146 1334 5201 fides
1378 5144 1747 5215 supponitur,

9 5242 100 5295 -ut
130 5252 233 5308 per
263 5235 475 5293 merita
517 5234 791 5305 simplicis
823 5234 952 5291 fidei
999 5234 1225 5290 fructus
1273 5233 1454 5304 ipsuis
1487 5232 1617 5288 fidei
1647 5233 1751 5288 de-

35 5334 293 5383 notetur.
332 5325 585 5380 Fructus
624 5337 877 5394 namque
895 5331 947 5379 et
982 5322 1288 5393 praemium
1317 5321 1447 5392 ejus
1489 5321 1550 5376 in
1598 5334 1751 5390 prae-

34 5417 179 5473 senti
223 5414 554 5471 intellectus
590 5418 693 5468 est.
730 5412 787 5467 Is
832 5419 1028 5468 autem
1086 5425 1201 5467 non
1242 5418 1359 5467 tam
1406 5409 1466 5465 in
1513 5410 1753 5466 scientia

34 5519 213 5576 quam
238 5504 300 5559 in
332 5514 535 5558 amore
575 5507 676 5569 est,
704 5501 845 5571 quia
890 5513 1056 5556 amor
1098 5500 1195 5555 illa
1254 5497 1579 5556 substantia
1643 5506 1747 5564 est,

34 5596 103 5651 de
134 5607 256 5665 qua
288 5587 607 5661 Apostolus
636 5604 649 5643 ε
685 5608 713 5640 α
744 5589 863 5656 Est,
896 5588 1107 5659 inquit,
1154 5588 1293 5643 fides
1330 5587 1750 5657 sperandarum

35 5681 368 5740 substantia
429 5690 631 5734 rerum
676 5678 857 5746 (Hebr.
891 5690 969 5747 xi,
1007 5676 1085 5747 1),
1122 5697 1144 5724 ι
1180 5688 1312 5747 quae
1360 5673 1575 5731 scilicet
1621 5687 1752 5730 cre-

1862 3224 1884 3251 »
1914 3202 2023 3259 Cor
2061 3216 2255 3258 meum
2300 3209 2353 3258 et
2400 3216 2533 3258 caro
2594 3216 2721 3257 mea
2772 3202 3215 3257 exsultaverunt
3262 3201 3322 3257 in
3378 3202 3563 3257 Deum

1856 3291 2057 3346 vivum
2090 3292 2252 3359 (Psal.
2285 3305 2518 3359 Lxxvm,
2557 3291 2636 3360 4).
2676 3312 2697 3339 ι
2753 3290 2870 3345 Hoc
2898 3298 2983 3346 est
3032 3288 3257 3357 vinum,
3306 3290 3461 3361 quod
3504 3290 3562 3345 in

1856 3379 2003 3436 libro
2041 3381 2311 3437 Iudicum
2370 3379 2660 3435 lzetiﬁcare
2700 3379 2881 3434 Deum
2940 3385 2995 3433 et
3041 3376 3300 3434 homines
3351 3378 3565 3434 dicitur

1859 3470 2006 3540 (λεια.
2040 3484 2119 3537 ix,
2155 3472 2265 3538 13).
2307 3469 2563 3525 Exaudit
2589 3476 2645 3524 et
2690 3469 2881 3535 oleum,
2926 3481 3059 3523 cum
3106 3481 3181 3523 ex
3232 3466 3341 3522 hac
3387 3465 3567 3522 ebrie-

1856 3565 1971 3615 tate
1998 3573 2133 3615 vere
2162 3565 2392 3615 sensata
2424 3557 2600 3614 totius
2630 3556 2893 3613 beneﬁcii
2923 3555 3270 3613 suavitatem
3308 3555 3565 3612 refundit

1859 3646 1930 3702 ad
1962 3647 2315 3716 proximum.

1929 3734 2103 3791 Vens.
2134 3736 2224 3803 23,
2263 3733 2353 3789 24.
2397 3763 2470 3774 -—
2512 3755 2533 3782 ι
2598 3732 2670 3788 Et
2722 3731 2844 3788 haec
2909 3732 3227 3789 exaudient
3283 3732 3559 3789 Jezrahel.

1864 3845 1885 3873 ι
1919 3825 1990 3879 Et
2034 3824 2330 3879 seminabo
2383 3837 2512 3879 eam
2561 3821 2700 3878 mihi
2752 3821 2812 3877 in
2865 3828 3101 3890 terram,
3150 3829 3204 3878 et
3252 3822 3567 3878 miserebor

1866 3935 1885 3960 ν
1919 3912 2046 3983 ejus
2071 3927 2203 3983 quae
2232 3912 2339 3968 fuit
2368 3912 2603 3981 Absque
2656 3910 3067 3965 misericordia.
3119 3911 3181 3966 Et
3230 3910 3418 3966 dicam
3452 3924 3566 3965 non

1864 4021 1886 4049 ι
1918 4000 2131 4070 populo
2170 4015 2293 4057 meo
2326 4015 2339 4055 :
2369 3999 2625 4070 Populus
2664 4012 2828 4054 meus
2863 4012 2925 4054 es
2964 4005 3058 4067 tu;
3113 4006 3168 4054 et
3206 3998 3325 4068 ipse
3374 3998 3565 4054 dicet:

1864 4110 1885 4136 ι
1921 4089 2200 4145 Dominus
2229 4102 2393 4144 meus
2417 4102 2478 4143 es
2507 4094 2589 4143 tu.
2625 4106 2653 4138 tt
2682 4086 2954 4153 Jezrahel,
2999 4086 3146 4141 sicut
3192 4086 3411 4142 dictum
3458 4093 3565 4152 est,

1858 4190 2050 4233 semen
2084 4177 2182 4232 Dei
2222 4177 2460 4233 dicitur.
2501 4176 2633 4232 Haec
2662 4190 2800 4246 ergo
2831 4175 3127 4245 praelibata
3154 4174 3341 4230 omnis
3384 4175 3571 4229 Jezra-

1859 4265 1949 4321 bel
1976 4266 2320 4332 exaudiunt,
2344 4280 2475 4322 cum
2508 4279 2581 4320 ex
2611 4265 2811 4320 divina
2832 4264 3229 4335 inspiratione,
3254 4278 3385 4334 quae
3406 4264 3567 4334 origo

1858 4354 2035 4411 totius
2060 4354 2238 4426 hujus
2271 4354 2403 4410 boni
2443 4361 2549 4421 est,
2596 4353 2717 4410 haec
2748 4356 3024 4410 universa
3068 4353 3308 4410 ﬁdeliter
3356 4353 3568 4409 habere

1792 4421 1835 4476 θ
1860 4458 1919 4500 se
1943 4421 2206 4511 credunt,
2242 4457 2375 4499 cum
2405 4456 2479 4498 ex
2522 4442 2721 4498 divina
2764 4442 3169 4512 inspiratione,
3215 4457 3347 4513 quae
3405 4442 3567 4511 origo

1860 4547 1996 4590 cum
2033 4533 2208 4589 totius
2244 4539 2457 4589 sanctae
2505 4531 2854 4601 operationis
2900 4531 3303 4588 fructuositate
3353 4544 3568 4601 resper-

1860 4622 2038 4693 gitur.
2068 4622 2213 4693 Ejus
2240 4635 2373 4691 quae
2423 4620 2533 4676 fuit
2581 4620 2817 4689 Absque
2861 4619 3274 4686 misericordia,
3330 4620 3562 4675 misere-

1860 4719 1974 4776 tur,
2009 4709 2149 4780 quia
2176 4710 2353 4765 menti
2399 4708 2692 4780 quondam
2738 4708 2811 4763 ad
2865 4708 3007 4764 vitia
3059 4722 3275 4777 pronae,
3305 4708 3403 4763 sed
3440 4709 3566 4778 jam

1859 4797 2072 4854 divinis
2136 4797 2635 4867 puriﬁcationibus
2707 4795 3015 4866 defaecalae,
3079 4810 3196 4851 non
3260 4802 3344 4851 est
3412 4796 3566 4851 unde

1858 4887 2098 4958 spiritus
2125 4886 2427 4942 irascatur.
2452 4888 2572 4943 Non
2592 4885 2793 4954 populo
2822 4898 2928 4940 suo
2976 4885 3212 4954 populus
3248 4898 3391 4939 suus
3419 4884 3566 4940 dici-

1861 4984 1975 5043 tur,
2009 4989 2141 5031 cum
2172 4974 2584 5045 cogitationum
2619 4972 2947 5043 frequentia
2975 4971 3436 5028 olimlasciviens
3456 4972 3566 5028 sub

1858 5064 1959 5120 Dei
1988 5063 2203 5119 ditione
2242 5062 2520 5118 frenatur.
2554 5064 2673 5133 Ipse
2703 5061 2840 5117 dicit
2871 5076 2883 5116 :
2922 5061 3190 5115 Dominus
3220 5077 3369 5115 meus
3404 5077 3457 5115 es
3485 5066 3562 5130 tu,

1857 5166 1992 5209 cum
2022 5153 2119 5208 Dei
2150 5150 2478 5207 Dominium
2505 5151 2657 5206 intra
2680 5149 3093 5207 conscientiam
3121 5149 3345 5207 nullius
3373 5164 3570 5220 super-

1858 5241 2101 5299 stitionis
2134 5239 2441 5297 interstitio
2469 5240 2793 5296 mutilatur.

2516 5363 2753 5421 CAPUT
2792 5364 2894 5419 III.

1930 5490 2102 5548 Vens.
2138 5493 2186 5543 1.
2218 5519 2288 5529 —-
2320 5510 2341 5538 ι
2397 5488 2466 5544 Et
2514 5488 2663 5544 dixit
2716 5488 2997 5544 Dominus
3055 5486 3127 5543 ad
3176 5500 3314 5542 me:
3359 5487 3567 5544 Adhuc

1862 5607 1890 5637 ιι
1920 5588 2086 5654 vade,
2114 5594 2171 5643 et
2204 5585 2375 5656 dilige
2399 5584 2698 5642 mulierem
2730 5585 2995 5641 dilectam
3026 5584 3211 5639 amico
3242 5591 3297 5639 et
3336 5584 3568 5640 adulte-

1864 5697 1885 5724 ι
1924 5689 2071 5743 ram,
2108 5675 2258 5732 sicut
2310 5673 2499 5745 diligit
2559 5673 2839 5730 Dominus
2894 5672 3042 5729 ﬁlios
3094 5671 3292 5741 Israel,
3344 5680 3398 5728 et
3457 5673 3565 5742 ipsi
