3950 6448
415 446 517 498 335

1317 436 1358 490 V
1432 433 1767 490 GUIBERTI
1806 432 2100 488 ABBATIS
2137 432 2189 487 S.
2230 431 2466 487 ΜΑΒΙΑΞ
2508 432 2599 488 DE
2639 431 3028 489 NOVIGENTO
3667 471 3676 477 -
3819 440 3921 492 3336

413 593 442 625 ι
495 578 816 641 respectant
863 569 935 626 ad
992 569 1126 624 deos
1190 567 1424 625 alienos.
1482 573 1537 621 et
1592 565 1838 635 diligunt
1885 563 2112 619 vinacia
2147 568 2188 619 Α
2220 562 2424 620 affectu
2459 565 2792 634 disparatur
2819 565 3098 622 adultero.
3143 565 3247 623 Sed
3281 574 3335 624 et
3383 569 3536 624 Deus
3580 579 3926 640 exspectare

313 699 316 704 -
417 682 438 710 ι
472 675 743 716 uvarum.
774 681 795 708 ι
835 660 916 714 Ac
945 657 990 713 si
1033 658 1244 713 diceret
1277 671 1288 710 :
1323 654 1509 711 Alicui
1568 654 1626 709 in
1667 662 1824 708 tanta
1871 654 2102 709 virtutis

413 763 543 805 arce
577 748 843 819 reposito,
887 761 1020 802 cuin
1075 746 1262 801 dicere
1306 745 1404 799 Dei
1441 757 1556 798 non
1603 742 1673 798 sit
1724 742 1880 797 aliud
1923 755 2099 812 quam

409 838 682 894 humana:
714 835 920 892 rationi
967 847 1294 904 suggerere.
1341 832 1539 887 Adhuc
1585 830 1742 896 vade,
1786 829 1837 884 id
1887 836 1971 884 est
2003 841 2103 898 per

409 925 918 982 considerationem
939 932 1096 979 tuam
1120 923 1192 977 ab
1213 923 1321 977 hoc
1349 929 1447 977 tuo
1477 928 1630 975 statu
1662 918 1881 974 aestima
1907 917 2102 986 atque

409 1015 724 1072 infortunio
785 1021 840 1068 te
914 1027 1078 1082 posse
1142 1011 1424 1066 recedere.
1496 1010 1771 1064 Mulierem
1849 1007 2102 1059 dilectam

409 1107 582 1158 amico
633 1102 820 1170 dilige,
875 1101 929 1156 id
968 1109 1050 1156 est
1096 1100 1387 1156 meliorem
1430 1097 1662 1153 vivendi
1709 1095 1995 1160 habitum,
2043 1094 2101 1148 in

408 1208 525 1264 quo
547 1201 734 1248 tamen
762 1205 875 1246 non
914 1189 1210 1258 displicens
1248 1189 1381 1254 Deo,
1414 1200 1679 1257 propone.
1721 1185 1858 1252 Qum
1910 1191 2102 1239 tamen

407 1281 670 1338 adultera
698 1281 823 1347 erit,
859 1279 998 1350 quia
1029 1278 1085 1332 in
1118 1278 1235 1347 ipsa
1259 1276 1613 1341 remissione,
1649 1290 1781 1344 qum
1813 1274 1868 1328 in
1893 1285 2101 1341 super-

409 1370 550 1437 ﬁcie,
584 1368 748 1439 quasi
782 1367 1048 1438 quendam
1079 1366 1229 1421 bona
1258 1365 1533 1422 deliberat
1565 1363 1799 1418 intentio
1830 1359 2100 1430 peccandi

405 1459 554 1514 male
583 1457 818 1528 palliata
851 1456 1065 1511 latebit.
1113 1457 1308 1521 Diligit
1343 1455 1607 1507 Dominus
1635 1454 1774 1521 ﬁlios
1821 1450 2010 1515 Israel,
2051 1455 2101 1504 et

405 1550 518 1618 ipsi
545 1547 619 1600 ad
647 1547 774 1600 deos
792 1546 995 1599 alienos
1023 1547 1346 1612 respectant,
1379 1541 1518 1612 quia
1547 1539 1824 1610 affectum
1873 1538 2096 1604 orandi,

406 1643 463 1691 et
531 1635 702 1690 etiam
764 1632 1224 1702 compunctionis
1290 1630 1557 1701 gratiam,
1623 1627 1852 1684 atl‘ectui
1909 1635 2099 1683 nostro

408 1725 562 1780 Deus
608 1723 952 1792 plerumque
981 1719 1247 1789 largitur.
1270 1727 1325 1775 et
1370 1727 1559 1774 tamen
1600 1717 1670 1772 ad
1719 1715 2096 1771 all‘ectandam

2209 668 2267 708 se
2296 653 2450 719 dicit,
2476 668 2608 709 cum
2659 667 2733 709 an
2785 669 2843 710 se
2877 656 3081 725 diligat
3132 657 3347 720 anima,
3401 672 3503 727 per
3563 659 3671 714 hoc
3725 659 3928 729 ipsum

2211 742 2450 812 intelligi
2499 741 2650 798 facit.
2703 743 3030 799 Secundum
3082 745 3187 800 hoc
3224 746 3482 815 psalmus
3515 763 3527 801 :
3565 767 3590 796 ιι
3621 748 3748 804 Non
3805 764 3926 814 me,

2210 831 2420 901 inquit,
2452 832 2821 902 derelinquas
2857 847 3283 904 usquequaque
3309 835 3482 906 (Psal.
3514 835 3719 904 fcxviu,
3757 840 3844 906 8).
3897 859 3924 885 ››

2281 919 2453 975 Vens.
2510 921 2563 973 4.
2619 949 2692 962 -
2755 942 2782 969 ››
2843 921 2988 987 Quia
3035 922 3155 977 dies
3219 924 3428 978 multos
3480 925 3764 980 sedebant
3810 926 3924 980 ﬁlii

2214 1028 2236 1056 ι
2276 1008 2446 1063 Israel
2477 1009 2600 1063 sine
2653 1023 2804 1080 rege,
2851 1018 2907 1065 et
2949 1010 3070 1065 sine
3121 1012 3392 1080 principe,
3443 1020 3498 1067 et
3528 1013 3650 1068 sine
3697 1013 3930 1068 sacriﬁ-

2214 1117 2236 1144 ι
2272 1097 2379 1162 cio,
2408 1104 2462 1152 et
2499 1097 2622 1152 sine
2659 1097 2850 1162 altari,
2899 1106 2956 1154 et
3001 1100 3124 1154 sine
3171 1099 3376 1169 ephod,
3437 1109 3492 1156 et
3541 1101 3665 1156 sine
3716 1103 3925 1158 thera-

2213 1206 2234 1233 ι
2269 1186 2446 1254 phim.
2489 1207 2509 1233 ι
2552 1188 2676 1240 Dies
2729 1189 2923 1240 multos
2977 1186 3088 1256 ﬁlii
3135 1189 3304 1242 Israel
3359 1191 3476 1243 sine
3523 1206 3646 1258 rege
3685 1191 3926 1258 sedent,

2208 1274 2348 1342 quia
2374 1274 2474 1329 diu
2506 1273 2638 1340 Deo,
2700 1281 2764 1330 ut
2813 1275 2957 1340 dixi,
2997 1275 3070 1330 ad
3120 1285 3346 1346 tempus
3385 1293 3443 1332 se
3509 1279 3924 1346 subtrahente,

2209 1358 2535 1416 alfeetuales
2581 1370 2770 1417 motus
2819 1363 2997 1418 nostri
3049 1363 3328 1434 regimine
3386 1365 3624 1421 rationis
3684 1374 3922 1422 carent.

2207 1449 2335 1504 Sine
2361 1452 2608 1522 principe
2639 1457 2794 1518 sunt,
2826 1451 3062 1522 quando
3110 1453 3282 1508 etiam
3328 1467 3363 1508 a
3410 1453 3560 1509 bona
3609 1454 3922 1510 voluntate

2206 1537 2498 1593 deﬁciunt.
2558 1539 2714 1594 Velle
2775 1541 2929 1595 enim
2999 1541 3267 1610 Apostolo
3327 1542 3568 1613 adjacet,
3635 1542 3923 1612 perﬁcere

2209 1633 2400 1682 tamen
2457 1641 2570 1682 non
2617 1627 2834 1683 invenit
2893 1630 3063 1697 (Rom.
3127 1645 3222 1694 vn,
3283 1633 3386 1696 18).
3446 1631 3578 1686 Hice
3633 1640 3718 1686 est
3743 1631 3922 1696 Sara,

2209 1729 2340 1783 qum
2390 1715 2796 1785 intrepretatur
2838 1719 3089 1786 princeps
3136 1718 3234 1772 sub
3278 1725 3439 1787 patre
3476 1721 3680 1772 excelso
3727 1721 3925 1774 Abra-

406 1811 750 1882 nequitiam,
799 1809 914 1865 acsi
970 1823 1085 1864 non
1144 1808 1381 1874 fleverit,
1451 1805 1754 1876 impudens
1809 1811 1933 1874 post
1973 1819 2101 1859 mo-
2137 1847 2178 1901 Β
2210 1803 2356 1869 ham,
2411 1803 2469 1858 id
2521 1812 2606 1859 est
2659 1805 2866 1874 spiritu
2919 1814 3153 1862 auctore
3195 1821 3277 1874 ag.
3304 1822 3392 1862 ns.
3440 1809 3566 1863 Sine
3609 1812 3919 1876 sacrificio,

405 1908 600 1958 menta
637 1898 965 1955 revertitur.

483 1995 617 2045 191
684 1989 914 2042 Vinacia
961 2001 1188 2040 uvarum
1264 1985 1526 2052 diligunt,
1594 1983 1734 2054 quia.
1784 1996 1915 2038 cum
1973 1988 2098 2052 post

403 2075 962 2134 abrenuntiationem
1025 2073 1226 2129 mundi
1274 2073 1512 2144 quidam
1555 2073 1675 2142 jam
1727 2071 1831 2140 ipsi
1879 2070 2098 2126 mundo

402 2164 773 2236 despicabiles
802 2162 934 2219 facti
981 2162 1133 2217 intra
1167 2161 1355 2231 ipsum
1391 2161 1675 2215 mundum
1713 2157 1854 2214 nihil
1895 2157 2098 2212 dulce-

402 2253 551 2310 diuis
580 2261 636 2309 et
678 2251 890 2308 amoris
937 2250 1255 2314 inveniant,
1313 2257 1503 2304 tamen
1554 2247 1773 2303 mundo
1820 2245 2093 2315 colloqui,

401 2341 700 2397 mundana
726 2337 1051 2409 spectacula
1082 2337 1350 2407 prosequi
1387 2337 1714 2406 importune
1750 2333 2093 2388 desiderant.

403 2429 550 2485 Hinc
580 2437 664 2485 est
689 2427 843 2498 quod
876 2427 933 2481 in
963 2426 1138 2481 veteri
1182 2425 1302 2496 lege
1343 2424 1416 2480 ab
1446 2437 1563 2479 uva
1601 2436 1768 2493 passa
1795 2435 1982 2491 usque
2024 2420 2096 2475 ad

401 2517 634 2574 acinum
693 2513 924 2572 Nazarei
969 2521 1239 2569 vetantur
1289 2512 1581 2568 comedere
1635 2511 1818 2581 (Num.
1879 2524 1954 2574 vr,
2018 2510 2092 2576 4).

406 2609 519 2662 Uva
539 2621 704 2676 passa
731 2610 832 2669 est,
865 2617 995 2673 quae
1032 2602 1341 2657 immatura
1386 2599 1748 2670 decoquitur,
1782 2605 1846 2653 ut
1875 2597 2098 2653 diutur-

400 2695 536 2750 nius
561 2693 770 2764 vigeat.
802 2691 946 2756 Quid
977 2690 1289 2761 uva'passa
1320 2689 1426 2744 nisi
1455 2703 1569 2755 eos,
1611 2687 1713 2757 qui
1748 2690 1880 2741 ante
1925 2685 2099 2755 possi-

401 2778 673 2836 bilitatem
731 2779 913 2834 aetatis
982 2793 1215 2848 peccare
1266 2777 1564 2844 docentur,
1622 2772 1913 2829 insinuat?
1973 2774 2097 2830 Uva

402 2877 633 2924 matura
677 2876 779 2936 est,
827 2867 1042 2938 quibus
1099 2865 1365 2936 peccandi
1413 2864 1739 2919 facultatem
1785 2872 1923 2917 artas
1973 2861 2096 2930 ipsa

399 2957 740 3028 suppeditat.
767 2955 983 3012 Acinus
1013 2962 1114 3021 est,
1143 2954 1266 3024 qui,
1289 2953 1575 3009 exhausta
1604 2950 1758 3006 omni
1782 2950 2092 3020 voluptate,

399 3045 488 3102 vel
547 3044 896 3111 infirmitate,
949 3043 1038 3099 vel
1113 3043 1290 3108 senio,
1363 3041 1480 3096 solo
1542 3054 1721 3110 pravo
1779 3053 1910 3104 usu,
1975 3038 2094 3092 sola

2207 1891 2260 1946 id
2293 1892 2520 1947 estsine
2554 1892 2764 1947 interni
2795 1893 3080 1960 desiderii,
3133 1894 3285 1964 quod
3337 1909 3437 1950 nos
3493 1895 3736 1951 interius
3782 1911 3918 1951 ma-

2206 1988 2339 2046 ctat,
2370 1987 2520 2036 voto.
2552 1982 2678 2036 Sine
2727 1982 2918 2046 altari,
2961 1980 3014 2036 id
3058 1990 3140 2037 est
3178 1983 3301 2038 sine
3349 1983 3583 2040 fervore'
3615 1985 3777 2053 ﬁdei;
3823 1985 3914 2040 al-

2206 2076 2326 2125 tare
2369 2069 2522 2124 enim
2572 2076 2708 2125 tunc
2762 2083 2884 2124 esse
2937 2085 3052 2124 non
3105 2079 3348 2140 poterat,
3395 2072 3494 2126 ubi
3561 2071 3732 2141 ignis,
3787 2088 3916 2142 quo

2204 2171 2406 2213 carnes
2433 2166 2849 2225 cremarentur,
2883 2173 2995 2213 non
3018 2166 3160 2227 erat,
3207 2167 3262 2215 et
3307 2161 3443 2215 ﬁdes
3482 2175 3597 2215 non
3632 2168 3718 2216 est
3769 2176 3915 2230 quze

2207 2244 2280 2314 pii
2337 2243 2541 2299 caloris
2599 2259 2806 2314 expers
2860 2253 2961 2300 est.
3023 2246 3152 2300 Sine
3205 2246 3380 2314 ephod
3435 2254 3593 2312 sunt,
3661 2248 3915 2316 quando

2203 2333 2718 2401 supereniinentem
2751 2333 2999 2388 scientiae
3029 2333 3364 2390 cbaritatem
3394 2334 3600 2390 Christi
3633 2333 3916 2406 [perdunt

2206 2423 2430 2490 (Ep/tes.
2467 2437 2543 2489 ιιι,
2583 2423 2705 2490 l6);
2751 2422 2936 2492 ephod
2983 2436 3235 2492 namque
3280 2438 3454 2493 super
3492 2423 3912 2480 indumentum

2203 2510 2550 2565 sacerdotale
2589 2519 2847 2566 vocatur.
2878 2512 3008 2564 Sine
3059 2511 3366 2580 theraphim
3413 2519 3569 2580 sunt,
3619 2514 3912 2582 quoniam

2205 2599 2368 2654 nulla
2395 2600 2910 2668 exempliﬁcatione
2941 2599 3253 2655 cmlestium
3284 2600 3522 2668 vivunt;
3572 2602 3912 2672 therapliim

2203 2687 2356 2741 enim
2400 2686 2594 2742 formae
2635 2688 2744 2742 illa:
2799 2695 2982 2753 erant,
3026 2703 3158 2757 quae
3208 2689 3315 2744 sub
3363 2689 3549 2759 specie
3585 2690 3910 2746 Cherubiin

2203 2774 2376 2844 Moysi
2437 2788 2472 2828 a
2527 2775 2766 2830 Domino
2821 2777 2879 2830 in
2926 2776 3294 2832 tabernaculo
3352 2777 3468 2833 ﬁeri
3512 2777 3690 2848 jussae
3743 2787 3909 2835 sunt.

2203 2861 2340 2929 Quae
2397 2871 2515 2918 tota
2566 2863 2892 2933 significant
2966 2865 3120 2934 quod
3173 2865 3386 2920 scilicet
3461 2873 3624 2922 terra:
3681 2867 3910 2923 accline

2203 2950 2423 3020 absque
2452 2951 2625 3006 totius
2654 2951 3072 3020 spiritualitatis
3101 2962 3366 3022 respectu
3393 2969 3451 3010 se
3483 2954 3716 3010 habent.

2273 3039 2444 3095 Vens.
2479 3043 2617 3092 5.—
2653 3060 2675 3088 ι
2725 3040 2792 3094 Et
2823 3048 2944 3108 post
2973 3041 3092 3096 hzec
3140 3049 3502 3098 revertentur
3547 3043 3644 3096 ﬁlii
3697 3043 3905 3110 Israel,

397 3134 570 3191 etiam
647 3133 940 3190 voluntate
1007 3139 1219 3202 peccat.
1279 3129 1532 3187 Vinaciis
1603 3143 1740 3199 ergo
1805 3127 2093 3198 diligendo
2133 3131 2174 3186 C
2208 3148 2228 3175 ι
2263 3134 2597 3198 etquzerent
2627 3127 2930 3184 Dominum
2969 3129 3149 3184 Deum
3184 3144 3377 3198 suum,
3410 3138 3465 3186 et
3491 3131 3672 3186 David
3703 3145 3907 3202 regem

398 3229 668 3288 utuntur,
731 3221 833 3292 qui
909 3219 1248 3290 spectaculis
1325 3217 1526 3274 alienm
1596 3216 1896 3282 felicitatis,
1978 3213 2092 3270 ima

399 3311 603 3366 aliena:
656 3298 928 3380 nequitiae
987 3306 1344 3363 solummodo
1395 3305 1721 3361 contuendo
1785 3319 1918 3360 cum
1976 3303 2092 3359 sint

401 3397 589 3455 miseri
622 3398 723 3467 ipsi
763 3403 1100 3466 pascuntur.
1139 3394 1372 3450 Nazarei
1415 3393 1868 3462 interpretantur
1891 3394 2086 3458 sancti,

399 3487 616 3558 quibus
646 3484 1027 3551 interdicitur,
1061 3497 1133 3538 ne
1185 3483 1316 3538 uvis
1357 3481 1808 3552 quibuseunque
1851 3494 2089 3534 vescan-

401 3583 521 3641 tur,
551 3587 684 3628 cum
745 3572 818 3626 ab
869 3585 1071 3626 eorum
1119 3569 1453 3632 imitatione,
1511 3569 1612 3638 qui
1659 3567 1954 3638 praesentis
1985 3567 2090 3624 vim

399 3661 699 3718 dulcedine
729 3666 866 3716 sunt
893 3658 1094 3724 vividi,
1129 3658 1224 3712 Dei
1259 3664 1542 3728 przecepto
1571 3663 1862 3712 arcentur.

469 3749 640 3806 Vens.
671 3751 725 3814 2,
753 3750 802 3802 3.
841 3777 909 3787 —
933 3767 960 3797 α
1010 3748 1079 3802 Et
1112 3745 1225 3801 fodi
1269 3759 1394 3800 eam
1441 3744 1580 3800 mihi
1627 3742 1956 3814 quindecim
1990 3757 2089 3799 ar-

397 3854 429 3890 ι)
465 3837 702 3909 genteis,
732 3845 785 3892 et
815 3850 946 3891 coro
985 3833 1204 3900 hordei,
1237 3842 1291 3890 et
1321 3833 1557 3889 dimidio
1594 3847 1726 3888 coro
1755 3831 1980 3888 hordei.
2021 3831 2090 3887 Et

396 3947 426 3978 »
459 3926 580 3982 dixi
605 3939 729 3982 eam
759 3940 772 3980 :
808 3925 937 3980 Dies
967 3923 1178 3980 multos
1217 3921 1707 3992 exspectabisjme,
1749 3935 1862 3976 non
1909 3919 2088 3975 forni-

397 4036 424 4065 »
459 4013 698 4080 caberis,
734 4020 788 4068 et
843 4026 959 4068 non
1009 4011 1118 4067 erit
1146 4010 1290 4078 viro,
1350 4009 1448 4064 sed
1502 4015 1558 4064 et
1593 4023 1699 4078 ego
1749 4008 2088 4076 exspectabo

397 4124 425 4154 »
457 4111 530 4159 te.
565 4123 588 4152 ι
639 4100 958 4168 Quindecim
998 4101 1266 4165 argenteis
1306 4098 1541 4166 foditur,
1585 4109 1717 4152 cum
1766 4096 2004 4152 interior
2034 4104 2089 4152 et

395 4190 649 4247 exterior
702 4189 831 4258 ejus
887 4187 1228 4244 sensualitas
1281 4185 1558 4256 Decalogo
1596 4183 1736 4254 legis
1773 4183 2084 4254 excolitur;

396 4279 565 4350 plane
622 4277 855 4342 foditur,
900 4290 1032 4331 cum
1087 4274 1387 4330 terrenitas
1441 4285 1474 4328 a
1541 4281 1727 4328 mente
1785 4273 2082 4328 recutitur.

395 4365 671 4434 Quinario
751 4378 956 4434 nempe
1017 4377 1292 4419 sensuum
1361 4361 1678 4432 dispertitio
1730 4361 2084 4431 designatur.

398 4457 504 4510 Per
558 4461 860 4524 argenteos
895 4459 1087 4508 autem
1131 4451 1393 4506 divinum
1436 4449 1732 4522 eloquium
1781 4449 2089 4519 ﬁguratur.

395 4545 576 4600 Corus
617 4541 812 4598 hordei
876 4539 1364 4596 universalitatem
1439 4537 1812 4595 animalitatis
1870 4538 2088 4608 innuit;

395 4631 496 4704 qui
537 4639 727 4688 tamen
759 4629 829 4686 ad
855 4629 1156 4686 dimidium
1188 4642 1387 4684 corum
1415 4627 1579 4696 redit,
1613 4627 1754 4698 quia
1787 4626 1893 4682 etsi
1938 4627 2090 4698 Apo-

395 4721 576 4778 stolus
617 4719 808 4776 carnis
843 4731 1044 4775 curam
1093 4731 1208 4772 non
1249 4716 1452 4783 vetuit,
1499 4729 1750 4782 carnem,
1799 4715 2086 4785 inquiens,

395 4822 558 4865 suam
615 4821 782 4863 nemo
832 4818 1094 4876 unquam
1139 4805 1268 4860 odio
1321 4803 1527 4859 habuit
1573 4805 1795 4873 (Ephes.
1848 4817 1904 4869 v,
1973 4805 2087 4869 29),

397 4897 518 4953 ﬁeri
577 4903 768 4952 tamen
825 4894 884 4950 in
939 4892 1234 4949 desideriis
1289 4891 1541 4948 inhibuit
1573 4892 1748 4958 (Rom.
1799 4905 1922 4957 xm,
1979 4892 2084 4962 14).

395 4986 539 5040 Ecce
571 4984 860 5054 quomodo
898 4996 998 5052 per
1041 4989 1343 5052 argenteos
1390 4980 1646 5044 foditur,’
1671 4993 1803 5034 cum
1853 4979 2087 5035 univer-

394 5073 531 5129 sitas
562 5072 631 5128 ad
667 5070 1114 5127 mediocritatem
1162 5069 1547 5140 restringitur.
1599 5068 1889 5124 Hordeum
1934 5067 2087 5124 enim

396 5160 1026 5230 cibariajumentorum
1057 5165 1161 5214 est.
1194 5160 1326 5212 Dixi
1364 5157 1438 5211 ad
1469 5172 1604 5219 eam,
1640 5156 1694 5212 id
1727 5163 1812 5213 est
1850 5155 2087 5212 instinxi

394 5250 466 5304 ei.
505 5249 636 5303 Dies
661 5248 855 5301 multos
879 5248 1054 5303 Deum
1086 5253 1392 5314 exspectat,
1425 5261 1558 5302 cum
1604 5246 1716 5301 Deo
1762 5260 1821 5300 se
1852 5245 2086 5315 dispen-

396 5337 578 5392 sative
607 5335 678 5391 ad
713 5334 1104 5405 probationem
1145 5334 1392 5390 hominis
1445 5334 1820 5390 subtrahente
1857 5334 2088 5389 animus

396 5439 431 5480 a
457 5423 919 5494 compunctionis
949 5422 1152 5494 gratia,
1199 5422 1286 5478 vel
1319 5422 1490 5478 etiam
1531 5436 1566 5478 a
1610 5422 2086 5491 contemplatione

395 5521 590 5582 vacat;
623 5519 679 5568 et
727 5519 918 5568 tamen
969 5512 1119 5568 intra
1167 5512 1551 5566 innocentiam
1592 5524 1650 5564 se
1696 5518 1964 5565 coarctat.
2017 5511 2088 5564 Et

396 5601 504 5658 hoc
563 5610 645 5656 est
701 5601 856 5672 quod
916 5600 1226 5670 sequitur:
1274 5601 1393 5653 Non
1446 5597 1830 5665 fornicaberis,
1881 5602 1933 5651 et
1979 5612 2086 5651 non

395 5693 502 5746 eris
555 5693 696 5757 viro,
742 5689 880 5745 dum
925 5688 1155 5744 interim
1211 5702 1246 5742 a
1302 5687 1468 5742 solita
1519 5683 1869 5742 continentia
1923 5687 2086 5742 nullo

2206 3236 2226 3264 ι
2266 3230 2458 3282 suum,
2491 3223 2546 3270 et
2572 3215 2864 3284 pavebunt
2921 3217 2993 3272 ad
3050 3219 3382 3287 Dominum,
3434 3228 3490 3276 et
3549 3220 3619 3276 ad
3679 3221 3903 3278 bonum

2207 3325 2227 3352 ι
2267 3303 2392 3374 ejus
2437 3303 2494 3359 in
2527 3304 2835 3360 novissimo
2887 3305 3132 3362 dierum.
3182 3327 3208 3358 π
3273 3309 3559 3364 Multoties
3614 3299 3930 3381 contingi"

2201 3399 2267 3449 ut
2291 3406 2363 3448 ex
2395 3393 2574 3448 nimia
2603 3407 2710 3448 sua
2735 3395 3074 3466 evagatione
3119 3395 3289 3451 etiam
3315 3398 3562 3452 carnalis
3612 3405 3907 3455 terreatur

2201 3479 2455 3545 affectus,
2491 3489 2548 3537 et
2575 3481 2770 3538 indeﬁt
2800 3491 2862 3539 ut
2906 3483 2976 3538 ad
3003 3484 3071 3540 de
3115 3485 3226 3540 Deo
3255 3487 3688 3557 recogitandum
3721 3487 3902 3544 Israel

2201 3583 2332 3625 cum
2362 3570 2632 3635 ﬁliorum,
2667 3571 2719 3626 id
2750 3579 2852 3640 est,
2899 3573 3309 3642 cogitationum
3347 3575 3668 3646 frequentia
3717 3577 3792 3632 ad
3849 3593 3906 3633 se

2201 3655 2588 3727 recolligatur.
2626 3659 2786 3715 Unde
2817 3667 2872 3716 et
2902 3675 3038 3716 mox
3079 3661 3260 3718 David
3295 3677 3396 3718 rex
3433 3665 3735 3734 quaeritur,
3765 3681 3905 3722 eum

2201 3746 2344 3800 ratio
2369 3760 2548 3802 manu
2591 3746 2748 3815 foris,
2794 3763 2925 3818 qua:
2977 3749 3096 3805 sola
3141 3750 3360 3806 carnali
3403 3759 3458 3808 et
3491 3753 3773 3808 diabolico
3827 3769 3910 3810 re-

2202 3842 2423 3905 pugnat
2471 3835 2730 3904 impetui,
2791 3837 2863 3892 ad
2907 3845 3076 3894 vetus
3118 3839 3422 3908 imperium
3483 3842 3905 3910 reciprocatur.

2197 3922 2292 3976 Ad
2338 3925 2621 3978 Dominum
2673 3933 2896 3994 parent,
2946 3941 3081 3982 cum
3141 3928 3213 3984 ab
3277 3927 3474 3984 illicito
3526 3944 3775 3986 excursu
3831 3933 3909 3988 ad

2196 4009 2322 4080 ejus
2351 4019 2580 4079 nutum,
2612 4012 2714 4082 qui
2744 4013 2950 4070 ulcisci
2983 4022 3181 4084 potest,
3218 4023 3280 4071 ut
3339 4017 3618 4073 Dominus
3669 4017 3794 4088 jam
3849 4036 3930 4078 se-

2197 4098 2482 4165 cohibent,
2519 4099 2808 4157 humiliter
2835 4102 3061 4166 scilicet,
3087 4104 3224 4173 quia
3267 4104 3423 4174 quod
3462 4105 3656 4160 servili
3694 4107 3910 4166 timore

2197 4187 2560 4244 contrahitur
2579 4189 2762 4245 multa
2790 4204 2922 4246 cum
2976 4191 3136 4248 locus
3179 4200 3263 4248 est
3306 4193 3574 4249 facilitate
3637 4195 3906 4265 laxatur,

2197 4283 2346 4332 recte
2378 4277 2637 4332 additum
2666 4284 2794 4333 est:
2840 4279 2921 4333 Et
2952 4279 3028 4332 ad
3069 4281 3259 4334 bonum
3321 4283 3438 4349 ejus
3499 4285 3557 4335 in
3607 4286 3910 4342 novissimo

2201 4365 2440 4432 dierum;
2475 4365 2522 4420 si
2552 4367 2704 4421 enim
2731 4380 2898 4436 poena
2933 4367 3182 4436 timetur,
3227 4369 3408 4426 multo
3469 4371 3767 4428 liberalius
3816 4386 3911 4432 est

2133 4457 2176 4512 D
2202 4461 2266 4510 ut
2289 4453 2592 4524 praemium
2613 4463 2938 4524 appetatur.
2963 4457 3056 4512 Ad
3077 4457 3269 4512 bonum
3286 4473 3422 4529 ergo
3458 4459 3556 4514 Dei
3593 4462 3650 4513 in
3681 4461 3910 4520 dierum

2196 4545 2485 4598 novissimo
2517 4551 2778 4612 pavetur,
2807 4559 2938 4600 cum
2975 4545 3118 4600 illud
3159 4546 3454 4616 singulare
3501 4547 3910 4609 retributionis

2197 4638 2466 4687 extremae
2514 4631 2732 4688 bonum
2779 4632 2980 4688 timore
3016 4634 3259 4703 paritur,
3295 4643 3351 4691 et
3398 4634 3594 4692 laetitia
3653 4645 3930 4706 praesto-4

2197 4718 2396 4774 latur:
2438 4740 2459 4767 ι
2495 4719 2763 4790 Laetetur,
2791 4719 3001 4792 inquit,
3050 4737 3148 4778 cor
3192 4737 3382 4779 meum
3427 4731 3490 4780 ut
3537 4725 3735 4782 timeat
3785 4743 3909 4786 no-

2197 4818 2328 4860 men
2356 4813 2520 4863 tuum
2551 4807 2721 4878 (Psal.
2765 4823 2970 4878 Lxxxv,
3015 4812 3104 4880 tl)
3137 4831 3184 4866 ι.

2856 4952 3088 5008 CAPUT
3127 4953 3225 5010 IV.

2267 5068 2438 5127 Vens.
2475 5073 2522 5125 l.
2553 5101 2628 5114 —
2661 5093 2682 5120 ι
2739 5073 2942 5130 Audite
2975 5075 3216 5132 verbum
3259 5077 3504 5144 Domini,
3560 5077 3656 5134 ﬁlii
3694 5080 3900 5154 Israel,

2197 5176 2225 5208 ι)
2258 5160 2395 5228 quia
2420 5158 2686 5228 judicum
2735 5162 2976 5218 Domino
3004 5179 3137 5220 cum
3187 5166 3606 5224 habitatoribus
3645 5176 3836 5226 terrae.
3875 5196 3897 5222 ι

2201 5247 2433 5300 Verbum
2484 5251 2578 5303 Dei
2647 5251 2755 5317 ﬁlii
2809 5253 2980 5306 Israel
3041 5253 3290 5310 audiunt
3343 5269 3476 5311 cum
3539 5246 3930 5318 carnalitatis'

2195 5334 2466 5390 duritiam
2521 5337 2760 5406 sagittae,
2799 5341 2972 5410 juxta
3018 5342 3324 5410 psalmum,
3384 5345 3628 5414 potentis
3685 5345 3906 5406 irrum-

2195 5431 2340 5494 punt
2369 5425 2538 5493 (Psal.
2579 5439 2736 5488 cxrx.
2769 5427 2844 5496 4).
2881 5429 2952 5484 Et
2981 5431 3200 5496 merito,
3235 5431 3442 5500 inquit,
3475 5433 3661 5488 audiri
3701 5434 3900 5510 debet,

2195 5510 2664 5568 utalfectualitas
2718 5517 3086 5586 reprimatur,
3137 5519 3274 5588 quia
3306 5534 3436 5575 cum
3498 5521 3775 5579 szeculum
3843 5529 3902 5586 in

2193 5599 2306 5654 ﬁne
2339 5613 2372 5654 a
2416 5601 2656 5656 Domino
2689 5603 3004 5673 judicatur,
3058 5621 3170 5661 non
3215 5607 3370 5662 solus
3423 5608 3540 5678 ipse
3581 5611 3898 5684 judicabit,

2193 5688 2287 5744 sed
2319 5695 2374 5744 et
2407 5687 2755 5746 habitatores
2786 5699 2972 5760 terrae,
2996 5694 3096 5763 qui
3129 5693 3271 5750 bene
3315 5695 3527 5753 scilicet
3575 5703 3900 5764 terrenitati
