3950 6448
65 433 156 484 357
766 424 1224 482 TROPOLOGl/E
1264 426 1331 479 IN
1370 424 1569 491 OSEE,
1608 425 1792 481 ASIOS
1831 425 1918 479 ET
1956 425 2105 480 JER.
2147 454 2217 464 —
2255 425 2386 480 LIB.
2434 427 2479 481 l.
2532 427 2603 482 IN
2644 425 2847 483 OSEE.

3466 434 3569 487 358

66 576 177 619 sua:
208 559 491 617 dominati
535 564 693 624 sunt,
744 556 1055 628 judiciaria
1106 556 1319 626 pariter
1349 555 1625 627 dignitate
1655 554 1755 611 do-
1794 556 1841 610 A
1876 576 1897 603 ι
1929 555 2220 611 tradicunt
2265 557 2564 613 sacerdoti.
2599 558 2670 613 Et
2716 573 2952 617 corrues
3000 560 3185 630 hodie,
3239 570 3294 619 et
3338 573 3570 621 corruet

67 660 311 720 nantur;
354 651 505 706 unde
534 657 589 705 et
634 647 872 703 mitibus
915 646 1192 715 possessio
1223 644 1399 714 hujus
1434 653 1597 699 terrae
1629 658 1757 713 pro-

67 741 309 795 mittitur
373 738 594 808 (Matth.
659 752 712 802 v,
783 735 861 806 4).
916 734 1191 789 Habitare
1238 740 1432 789 autem
1486 733 1559 788 ab
1619 738 1760 793 11η

69 830 247 896 habeo,
315 829 499 895 habes,
562 824 987 896 frequentativo
1043 823 1321 879 intortum
1383 823 1659 875 dominari
1686 820 1759 875 si-

71 919 318 988 gniticat,
364 924 428 973 ut
465 924 548 973 est
578 915 760 971 illud:
795 936 823 964 ‹‹
855 913 1124 969 Inhabita
1169 920 1398 978 terram,
1427 920 1482 967 et
1513 909 1764 982 pasceris

72 1008 126 1063 in
156 1007 367 1062 divitiis
409 1007 537 1078 ejus
586 1006 756 1074 (Psal.
806 1018 1008 1070 xxxw,
1064 1004 1137 1072 3).
1190 1023 1218 1052 »
1265 1023 1291 1049 ‹‹
1343 1001 1467 1057 Non
1499 1008 1580 1055 est
1610 998 1764 1054 enim

78 1118 97 1144 ι
131 1097 341 1152 veritas
367 1104 423 1151 et
475 1109 589 1153 non
630 1104 713 1151 est
746 1092 1156 1159 misericordia,
1187 1099 1241 1147 et
1269 1106 1382 1147 non
1416 1098 1500 1146 est
1527 1088 1765 1145 scicntia

78 1205 97 1233 ι
132 1185 228 1241 Dei
280 1186 338 1240 in
394 1194 567 1241 terra.
605 1205 626 1232 ι
689 1182 834 1250 Quid
893 1189 976 1237 est
1025 1185 1250 1248 veritas,
1309 1179 1415 1235 nisi
1470 1179 1591 1234 sine
1644 1176 1764 1233 ulla

72 1273 429 1329 vacillatione
449 1273 530 1327 rei
559 1271 734 1327 unius
768 1269 1034 1325 identitas
1058 1270 1087 1322 ‘?
1108 1268 1239 1323 Haec
1267 1283 1374 1321 non
1403 1272 1483 1321 est
1510 1267 1568 1319 in
1594 1270 1761 1330 terra,

73 1376 200 1432 quze
247 1369 331 1417 est
396 1359 782 1416 indesinenter
846 1357 1093 1413 vanitati
1137 1357 1417 1427 subjecta,
1464 1369 1568 1410 nec
1608 1353 1765 1409 enim

75 1450 186 1520 ipse
233 1448 541 1519 Apostolus
580 1447 803 1504 invenit
844 1446 1065 1502 bonum
1116 1444 1175 1501 in
1227 1458 1399 1500 carne
1448 1457 1555 1499 sua
1585 1443 1763 1512 (Rom.

73 1554 165 1606 vn,
230 1538 339 1609 18).
401 1539 517 1593 Νοη
570 1542 650 1591 est
701 1535 1100 1603 misericordia,
1161 1537 1303 1605 quia
1374 1532 1496 1588 suis
1541 1544 1766 1601 semper

72 1642 251 1699 prona
315 1627 607 1683 desideriis
670 1625 825 1683 omni
892 1624 1112 1681 alienas
1170 1623 1487 1678 anxietates
1551 1627 1768 1691 spectat

75 1717 315 1773 incuria.
371 1719 489 1771 Non
534 1721 611 1771 est
644 1717 892 1782 scientia,
926 1714 1064 1784 quia
1088 1714 1161 1769 ab
1196 1712 1449 1768 inferiori
1475 1711 1570 1766 illa
1608 1716 1767 1779 parte

72 1806 366 1861 suboritur
392 1806 566 1860 menti
602 1803 866 1859 discretio
898 1802 1079 1858 nulla.

1874 665 1894 691 ι
1928 645 2101 700 etiam
2143 646 2441 716 prophetia
2492 655 2698 703 tecum.
2755 670 2774 696 ι
2835 652 3071 719 Populus
3120 658 3264 720 tuus,
3296 668 3329 707 ο
3368 654 3566 722 Israel,

1868 735 2007 787 sicut
2038 734 2097 787 hi
2144 738 2241 803 qui
2287 737 2666 791 contradicunt
2695 739 2965 793 sacerdoti
2992 748 3097 807 est,
3130 743 3268 811 quia
3303 751 3565 799 motuum

1870 828 2100 877 tuorum
2144 823 2477 886 enormitas,
2511 839 2544 879 ο
2589 826 2839 881 carnalis
2883 825 3142 892 allectus,
3194 833 3351 896 sicut,
3401 830 3455 885 id
3485 839 3571 887 est

1870 924 2066 966 revera
2101 911 2158 966 hi
2189 920 2344 980 sunt,
2374 913 2475 983 qui
2506 928 2564 969 se
2610 929 2833 983 semper
2874 915 3156 986 objiciunt
3197 930 3359 972 sacro
3398 918 3571 973 duca-

1873 999 1978 1065 tui,
2016 999 2068 1054 id
2104 1008 2187 1055 est
2244 1001 2473 1057 rationi.
2530 1006 2600 1057 Et
2656 1020 2870 1058 cei-rues
2909 1004 3088 1072 hodie,
3144 1005 3200 1061 id
3256 1015 3337 1061 est
3396 1020 3570 1063 causa

1868 1088 1996 1158 ejus
2028 1103 2205 1158 quam
2234 1088 2467 1146 affectas
2498 1092 2825 1162 temporalis
2863 1092 3133 1161 lasciviae,
3164 1094 3251 1149 vel
3277 1095 3572 1164 praesentis

1872 1176 2087 1247 gloriae.
2127 1180 2351 1235 Corruet
2405 1182 2570 1234 etiam
2622 1183 2917 1251 prophetia
2974 1188 3192 1237 tecum:
3255 1183 3401 1249 Quia
3430 1183 3570 1239 dum

1871 1281 2245 1337 nequaquam
2288 1268 2357 1323 ad
2402 1270 2693 1324 anteriora
2740 1278 2789 1325 te
2817 1271 3094 1326 extendis.
3123 1272 3295 1343 (Phil.
3347 1287 3426 1339 tu,
3468 1275 3571 1340 l3),

1872 1361 1974 1411 tua
2014 1363 2066 1411 te
2107 1357 2302 1412 reddet
2346 1357 2794 1426 improvidentia
2836 1373 3074 1414 caecum.
3115 1382 3135 1407 ι
3174 1359 3347 1416 Nocte
3388 1368 3574 1417 tacere

1875 1464 1895 1491 ι
1934 1443 2035 1499 feci
2069 1453 2311 1500 matrem
2345 1453 2523 1500 tuam.
2562 1468 2583 1494 ι
2622 1446 2802 1502 Mater
2849 1448 3028 1519 hujus
3061 1449 3261 1519 populi
3293 1449 3438 1506 ratio
3468 1457 3571 1517 est,

1873 1530 2008 1587 facit
2038 1546 2175 1602 ergo
2226 1533 2375 1588 Deus
2421 1540 2596 1588 tacere
2638 1541 2867 1589 matrem
2914 1536 3093 1607 hujus
3141 1538 3335 1607 populi
3387 1546 3572 1605 nocte,

1873 1634 2005 1675 cum
2048 1635 2152 1675 suo
2197 1619 2354 1689 justo
2398 1622 2615 1692 judicio
2674 1632 2848 1694 negat
2904 1625 3055 1680 vires
3108 1626 3325 1695 quibus
3374 1626 3577 1682 debeat

1876 1708 2139 1764 insolenti
2192 1710 2604 1780 cogitationum
2678 1713 2864 1768 turbm
2930 1714 3211 1770 resistere.
3268 1715 3429 1770 Unde
3495 1723 3577 1770 est

1876 1798 2027 1867 quod
2061 1800 2343 1867 sequitur.

139 1893 309 1949 Vens.
335 1895 387 1947 2.
418 1921 491 1934 —
541 1915 561 1941 ι
614 1891 999 1955 Maledictum,
1048 1898 1104 1946 et
1144 1886 1530 1955 mendacium,
1581 1892 1634 1942 et
1665 1886 1769 1941 ho-
1804 1873 1852 1925 Α
1954 1887 2124 1943 Vens.
2157 1888 2210 1943 6.
2248 1920 2315 1927 —
2350 1910 2370 1936 ι
2429 1888 2715 1946 Conticuit
2768 1891 3016 1960 populus
3074 1905 3257 1959 meus,
3307 1906 3375 1947 eo
3421 1893 3577 1961 quod

76 2005 95 2029 ι
122 1982 441 2048 micidium,
465 1989 519 2037 et
543 1981 785 2046 furtum,
818 1988 872 2037 et
911 1979 1262 2035 adulterium
1310 1977 1765 2041 inundaverant,

18 2132 19 2145 χ
76 2092 99 2117 n
132 2080 184 2127 et
211 2070 454 2142 sanguis
485 2071 830 2139 sanguinem
877 2068 1079 2138 tetigit.
1119 2090 1139 2116 ι
1187 2066 1333 2134 Quia
1377 2080 1514 2137 ergo
1544 2081 1650 2119 non
1691 2067 1770 2118 est

73 2164 290 2227 veritas,
369 2175 480 2213 non
559 2164 635 2212 est
684 2158 1079 2224 misericordia,
1125 2171 1231 2211 non
1280 2157 1509 2211 scientia
1560 2155 1664 2207 Dei
1711 2153 1769 2208 in

72 2259 255 2307 mente
313 2258 563 2317 terrena,
612 2249 962 2303 maledictum
1028 2254 1451 2317 consequenter
1500 2244 1765 2311 inundat,

70 2340 205 2410 quia
246 2340 343 2396 ubi
406 2338 588 2394 divini
632 2338 851 2394 timoris
905 2351 1002 2393 cor
1052 2336 1211 2393 freno
1245 2350 1361 2391 non
1413 2334 1654 2405 regitur,
1697 2334 1769 2389 ad

68 2443 259 2498 pravae
292 2428 597 2484 locutionis
645 2428 1001 2482 atrocitatem
1051 2425 1253 2496 lingua
1302 2424 1605 2494 impudens
1629 2420 1769 2478 efl’e-

67 2526 250 2584 ratur,
277 2525 331 2573 et
361 2531 493 2573 cum
529 2516 656 2572 aliis
702 2516 960 2586 derogat,
1012 2514 1195 2570 multo
1229 2512 1434 2584 majori
1474 2512 1648 2568 etiam
1680 2526 1767 2567 se-

67 2606 313 2661 curitate
352 2605 664 2674 mentitur;
694 2618 799 2658 nec
844 2606 1055 2659 mirum
1113 2603 1284 2671 plane
1332 2616 1464 2657 cum
1514 2601 1635 2664 vix,
1667 2607 1769 2656 aut

63 2694 398 2751 nullomodo
446 2694 723 2760 humana,
777 2692 871 2747 sed
914 2692 1031 2747 sola
1077 2690 1274 2746 divina
1320 2690 1536 2745 virtute
1582 2688 1769 2744 dome-

62 2791 176 2839 tur.
211 2783 481 2851 Cumque
526 2780 760 2836 libertas
790 2778 1174 2835 maledictioni
1225 2778 1639 2847 mendacioque
1679 2791 1770 2832 re-

63 2871 375 2943 linquitur,
410 2884 639 2926 necesse
669 2877 753 2925 est
785 2876 848 2925 ut
886 2868 1153 2924 facillime
1182 2868 1253 2923 ad
1287 2867 1565 2933 facinora,
1611 2865 1766 2936 quod

60 2970 140 3016 est.
191 2961 548 3015 homicidium
588 2966 644 3015 et
698 2960 933 3025 furtum,
965 2950 1020 3013 et
1072 2957 1145 3013 ad
1202 2956 1442 3027 flagitia,
1498 2955 1651 3025 quod
1685 2961 1769 3010 est

59 3049 417 3114 adulterium,
469 3052 900 3117 prorumpatur.
934 3045 1102 3115 jNota
1148 3045 1303 3115 quod
1348 3057 1420 3099 ex
1464 3042 1768 3112 iniquitate

56 3136 379 3191 verborum
405 3134 741 3190 excurritur
770 3133 829 3188 in
856 3133 1224 3189 crudelitates
1254 3146 1515 3202 operum.
1551 3129 1767 3185 Deinde

55 3225 248 3281 rabies
278 3237 430 3293 opus
476 3222 778 3292 despumat
809 3221 869 3277 in
909 3220 1224 3277 sordidum.
1277 3222 1516 3288 Sanguis
1546 3220 1768 3286 sangui-

17 3330 173 3391 giem
226 3311 442 3383 tangit,
493 3311 631 3366 dum
683 3317 980 3380 peccatum
1029 3308 1387 3380 negligenter
1425 3307 1765 3373 admissum,

56 3402 211 3471 quod
245 3408 543 3457 auctorem
561 3412 756 3466 suum,
786 3397 940 3469 quod
967 3398 1206 3468 sanguis
1225 3396 1437 3468 signat,
1470 3395 1763 3464 interimit,

55 3492 306 3547 scienter
345 3489 415 3545 ad
469 3487 727 3559 ejusdem
776 3486 974 3543 mortis
1022 3486 1379 3543 iterationem
1422 3485 1767 3557 plerumque

58 3580 337 3649 perducit.

128 3668 305 3725 Vens.
345 3670 397 3721 3.
431 3695 500 3706 —-
538 3688 559 3715 ‹
593 3665 833 3734 Propter
875 3663 984 3720 hoc
1015 3662 1237 3735 lugebit
1287 3670 1458 3730 terra,
1512 3668 1567 3719 et
1596 3661 1768 3718 infir-

63 3779 83 3805 ι
121 3757 382 3813 mabitur
402 3755 592 3811 omnis
635 3753 737 3825 qui
771 3753 992 3809 habitat
1040 3752 1100 3808 in
1146 3766 1234 3818 ea,
1290 3751 1350 3807 in
1397 3751 1577 3808 bestia
1617 3751 1764 3823 agri,

63 3867 83 3895 ι
118 3854 175 3902 et
206 3845 266 3901 in
302 3844 539 3900 volucre
587 3841 712 3899 οωιί
765 3849 818 3899 et
869 3842 1049 3912 pisces
1090 3841 1267 3897 maris
1317 3841 1768 3911 congregabun-

63 3956 84 3982 ι
120 3942 236 3990 tur.
275 3956 302 3983 ι
341 3933 573 4002 Propter
618 3931 716 3987 hoc
756 3936 905 3984 terra
936 3930 1113 4001 luget,
1164 3929 1218 3985 id
1262 3936 1347 3985 est
1395 3930 1574 3999 digna
1603 3928 1767 3985 luctu

59 4022 214 4091 facit,
248 4022 393 4094 quia
424 4020 585 4077 nulla
630 4034 757 4076 eam
803 4018 1064 4076 custodia
1116 4017 1519 4075 intellectualis
1548 4017 1767 4073 astrin-

18 4095 21 4103 ’
58 4111 160 4181 git.
199 4112 391 4168 Omnis
421 4112 519 4179 qui
548 4110 760 4164 habitat
788 4111 848 4162 in
894 4123 957 4162 ea
1000 4107 1352 4175 infirmatur,
1394 4106 1536 4177 quia
1579 4106 1767 4161 omnis

56 4200 161 4271 qui
191 4201 322 4272 ejus
376 4199 628 4255 motibus
664 4197 952 4254 contraire
1007 4196 1234 4262 nititur,
1293 4210 1521 4251 necesse
1569 4202 1655 4251 est
1703 4201 1766 4251 ut

56 4289 273 4359 saepius
302 4302 338 4343 a
368 4301 474 4344 suo
503 4294 655 4343 statu
686 4286 1099 4357 cogitationum
1139 4284 1480 4355 ingruenter
1509 4282 1775 4355 molestia.

57 4377 438 4445 periclitetur.
474 4376 544 4431 Et
574 4375 683 4431 hoc
698 4377 755 4428 in
779 4375 950 4429 bestia
988 4375 1116 4442 agri
1142 4378 1191 4427 et
1220 4374 1435 4427 volucre
1463 4372 1601 4438 cwli,
1624 4372 1766 4442 quia

1879 1996 1908 2025 »
1936 1990 2051 2031 non
2114 1976 2379 2039 habuerit
2429 1978 2746 2034 scientiam.
2792 2000 2819 2029 »
2874 1979 3127 2050 Populus
3172 1981 3268 2037 Dei
3327 1981 3579 2037 contice-

1877 2066 1981 2121 scit
2007 2066 2243 2136 quando
2286 2068 2636 2137 emergentia
2663 2069 2821 2124 cordi
2859 2070 3032 2135 mala,
3065 2084 3324 2140 congrua
3354 2085 3581 2141 nequa-

1877 2168 2055 2225 quam
2097 2155 2402 2211 severitate
2433 2157 2752 2227 redarguit,
2785 2166 2840 2214 et
2879 2158 2986 2214 hoc
3017 2159 3142 2214 ideo
3190 2160 3343 2229 quod
3390 2160 3577 2216 scien-

1877 2241 2013 2297 tiam
2050 2257 2166 2298 non
2205 2243 2493 2311 habuerit,
2542 2245 2597 2300 id
2629 2254 2731 2309 est,
2772 2246 2887 2302 vim
2938 2247 3177 2304 interna:
3219 2248 3580 2305 discretionis

1878 2330 2151 2387 amiserit.
2183 2354 2203 2380 ‹
2240 2331 2387 2398 Quia
2424 2338 2488 2388 tu
2526 2334 2822 2390 scientiam
2858 2336 3140 2405 repulisti,
3187 2336 3459 2406 repellam
3492 2343 3579 2392 te-

1883 2440 1905 2467 ι
1941 2433 2013 2475 ne
2042 2420 2358 2476 sacerdotio
2408 2420 2673 2491 fungaris
2704 2422 2864 2477 mihi.
2907 2445 2928 2471 ι
2963 2424 3045 2479 Ac
3077 2423 3124 2479 si
3155 2423 3396 2481 diceret:
3434 2425 3581 2489 Quia

1879 2514 1940 2564 tu
1974 2516 2102 2564 tuos
2131 2523 2317 2564 mores
2346 2518 2520 2580 atque
2559 2518 2749 2567 motus
2780 2513 3000 2568 trutina
3023 2512 3233 2582 judicii
3266 2528 3580 2584 exaequare

1875 2598 2198 2668 neglexisti,
2235 2597 2320 2653 vel
2352 2599 2523 2654 etiam
2572 2600 2823 2670 qualiter
2869 2608 2919 2657 te
2969 2601 3216 2658 interius
3249 2617 3446 2674 regere
3485 2604 3577 2659 de-

1875 2687 2011 2742 beas
2063 2686 2356 2741 addiscere
2404 2687 2663 2755 noluisti,
2723 2689 2795 2744 ad
2859 2689 2965 2745 hoc
3021 2690 3192 2759 plane
3242 2699 3306 2747 ut
3340 2692 3440 2747 tibi
3471 2691 3579 2762 ipsi

1875 2773 2172 2844 providere
2202 2775 2443 2841 nescias,
2492 2790 2598 2830 nec
2646 2784 2860 2831 statum
2906 2784 3075 2833 tuum
3123 2779 3308 2834 metiri
3362 2779 3575 2847 valeas,

1876 2877 1977 2934 per
2005 2877 2237 2918 sensum
2272 2871 2325 2919 te
2354 2864 2663 2933 reprobum
2693 2865 3030 2921 submisisti.
3061 2888 3081 2915 ι
3104 2868 3173 2921 Et
3196 2867 3337 2938 quia
3366 2868 3581 2924 oblitus

1876 2972 1905 3005 ιο
1940 2952 2081 3023 [al.,’
2108 2951 2304 3021 oblita]
2344 2966 2405 3008 es
2435 2952 2616 3023 legem
2664 2953 2764 3008 Dei
2813 2954 2917 3022 tui,
2970 2954 3280 3011 obliviscar
3326 2957 3581 3014 ﬁliorum

1877 3060 1905 3088 »
1936 3048 2170 3096 tuorum
2207 3049 2263 3097 et
2291 3054 2415 3111 ego.
2456 3062 2477 3088 ι
2524 3042 2639 3097 Lex
2679 3041 2774 3097 Dei
2806 3057 2922 3098 non
2952 3043 3009 3098 in
3042 3044 3282 3100 scientia
3321 3044 3576 3114 litterali,

1874 3129 1972 3184 sed
2021 3128 2080 3183 in
2129 3129 2487 3199 experientia
2534 3130 2789 3186 naturali
2842 3131 3203 3202 intelligitur,
3250 3146 3427 3203 quam
3476 3134 3579 3205 qui

1876 3217 2259 3286 obliviscitur,
2314 3217 2368 3273 id
2418 3225 2502 3274 est
2540 3220 2693 3274 scitae
2743 3220 3062 3289 quondam,
3120 3228 3175 3277 et
3206 3221 3417 3277 habitae
3463 3237 3579 3278 non
3636 3220 3647 3229 '

1877 3306 2132 3363 recolens
2161 3307 2571 3376 reminiscitur,
2625 3309 2697 3364 ad
2755 3309 2809 3364 id
2861 3322 2933 3365 ex
2968 3309 3165 3365 merito
3199 3311 3478 3380 pervenit,
3514 3318 3580 3367 ut

1877 3395 2148 3464 filiorum,
2193 3396 2247 3451 id
2290 3403 2391 3464 est,
2446 3411 2686 3466 operum
2736 3412 2978 3455 suorum
3023 3412 3336 3468 pravorum
3381 3401 3453 3455 ad
3486 3401 3575 3456 sui

1878 3484 2061 3555 ipsius
2108 3485 2519 3541 correctionem
2564 3486 2716 3542 Deus
2744 3501 2857 3543 non
2892 3496 3262 3557 memoretur,
3309 3490 3580 3559 spontiva

1875 3572 2047 3644 plane
2073 3572 2402 3644 ignorantia
2430 3589 2546 3631 non
2601 3575 2885 3646 lucratur,
2931 3576 3227 3649 ingenitize
3277 3591 3413 3634 vero
3444 3592 3581 3649 par-

1875 3662 2065 3731 citur;
2101 3662 2256 3719 unde
2284 3670 2339 3719 et
2363 3664 2666 3734 sequitur:

1948 3750 2118 3805 Vens.
2158 3751 2215 3805 '7.
2245 3782 2313 3790 —
2343 3772 2370 3800 «
2426 3752 2756 3808 Secundum
2789 3752 3219 3809 multitudinem
3239 3768 3462 3821 eorum,
3498 3755 3580 3811 sic

1878 3858 1906 3887 »
1937 3847 2325 3908 peccaverunt
2383 3840 2545 3895 mihi.
2608 3860 2630 3888 ι
2696 3841 2914 3897 Multus
2962 3850 3046 3897 est
3088 3842 3185 3898 cui
3240 3844 3579 3914 perspicacis

1876 3926 2112 3996 ingenii,
2143 3926 2249 3983 etsi
2278 3927 2538 3983 doctrina
2578 3943 2694 3984 non
2742 3938 2989 3999 supetat,
3031 3930 3197 4001 copia
3225 3941 3345 3999 est;
3379 3930 3575 3989 multi-

1878 4015 2141 4072 tudinem
2198 4030 2337 4087 ergo
2394 4016 2625 4083 habent,
2674 4018 2774 4088 qui
2824 4027 3055 4088 propter
3102 4020 3319 4076 litteras
3366 4020 3575 4077 intelli-

1876 4103 2081 4174 gentiae
2103 4104 2402 4175 originalis
2440 4105 2759 4161 acrimonia
2808 4105 3060 4177 pollent;
3094 4108 3414 4163 secundum
3464 4108 3577 4163 ita-

1875 4206 1989 4262 que
2056 4192 2432 4261 elaboratam,
2491 4194 2622 4251 licet
2687 4210 2790 4266 per
2863 4196 3149 4252 incuriam
3214 4197 3421 4252 obtusa
3481 4198 3575 4265 sit,

1875 4281 2319 4351 naturalemque
2352 4282 2720 4352 prudentiam
2749 4298 2947 4340 eorum
2977 4292 3209 4354 peccata
3234 4292 3572 4355 pensantur,

1875 4368 2016 4439 quia
2047 4370 2367 4426 secundum
2400 4372 2555 4441 quod
2596 4371 2871 4441 scierunt,
2915 4381 3017 4429 aut
3047 4374 3193 4430 scire
3241 4382 3574 4445 potuerunt,

53 4464 194 4521 hinc
222 4463 531 4534 aliquoties
561 4463 873 4534 cupiditate
894 4462 1261 4529 distenditur,
1291 4461 1448 4516 illinc
1477 4460 1762 4531 superbire
1802 4484 1845 4538 ο
1872 4457 2239 4529 judicantur.
2286 4481 2307 4507 ι
2342 4458 2595 4516 Gloriam
2639 4474 2838 4516 eorum
2891 4462 2949 4516 in
2989 4462 3366 4533 ignominiam
3414 4479 3575 4521 com-

53 4554 295 4609 levitate
351 4551 645 4623 jactatur;
677 4551 775 4607 sed
820 4556 869 4606 et
901 4553 1076 4620 pisces
1121 4552 1294 4604 maris
1331 4556 1764 4619 congregantur

18 4658 187 4699 cum
216 4641 576 4698 titillationes
622 4639 831 4706 carnis,
880 4654 1013 4710 qua:
1059 4638 1397 4694 deliciarum
1433 4636 1765 4693 innutriunt

52 4731 247 4801 aquis,
308 4728 589 4785 adversus
661 4727 967 4799 fatigatum
1045 4726 1135 4782 his
1201 4724 1472 4797 spiritum
1549 4724 1765 4796 glome-

52 4826 289 4876 rantur.

124 4908 301 4965 Vens.
325 4907 381 4961 4.
406 4936 475 4946 —
500 4927 522 4954 ‹
547 4905 961 4963 Verumtamen
983 4902 1393 4974 unusquisque
1415 4916 1528 4957 non
1546 4901 1765 4972 judicet

59 5018 80 5045 ι
115 5003 171 5053 et
202 5011 322 5053 non
360 5002 647 5066 arguatur
671 4994 784 5049 vir.
823 5014 845 5042 ι
889 4993 972 5049 Ac
1000 4993 1045 5048 si
1074 4993 1323 5048 diceret:
1361 4991 1513 5047 Licet
1549 4990 1764 5062 ingenii

55 5084 303 5141 humani
339 5083 590 5154 potentia
617 5090 819 5139 contra
849 5089 929 5137 tot
956 5080 1229 5137 vitiorum
1261 5080 1592 5136 examinata
1623 5093 1766 5148 pene

52 5173 423 5235 succumbat,
458 5179 649 5227 tamen
684 5170 897 5241 injuste
938 5168 1091 5236 facit,
1120 5170 1221 5240 qui
1259 5169 1315 5223 in
1365 5168 1578 5225 talibus
1611 5168 1768 5223 infir-

17 5270 313 5319 lmantem
367 5259 612 5332 judicat,
664 5266 720 5315 et
763 5272 897 5314 eum
932 5258 1036 5329 qui
1083 5264 1174 5312 vir
1219 5256 1330 5313 dici
1391 5257 1576 5323 debet,
1624 5255 1766 5327 quia

55 5353 213 5424 quod
248 5359 509 5408 tentatur
548 5357 847 5419 utcunque
879 5347 983 5404 fert
1015 5356 1071 5403 et
1117 5348 1337 5413 tolerat,
1382 5361 1498 5402 non
1530 5353 1761 5417 arguat,

54 5457 161 5498 nec
196 5441 437 5497 modum
481 5436 831 5501 tentationis,
861 5435 957 5492 sed
1002 5436 1271 5491 virtutem
1318 5434 1675 5490 sustinentia:
1707 5433 1765 5489 in

52 5546 117 5587 eo
167 5531 271 5602 qui
324 5534 606 5590 tentatur,
675 5524 966 5581 attendat:
1025 5546 1048 5574 ι
1105 5523 1505 5590 Considerans,
1550 5521 1761 5592 inquit,

53 5622 328 5691 teipsum,
365 5632 439 5673 ne
471 5624 529 5671 et
561 5623 622 5670 tu
651 5613 886 5671 tenteris
915 5610 1054 5679 (Cal.
1083 5627 1158 5675 vi,
1190 5615 1257 5679 l).
1293 5632 1320 5660 ››

120 5709 297 5766 Vens.
327 5710 381 5762 5.
419 5734 493 5746 --
530 5725 550 5751 ι
588 5702 843 5772 Populus
867 5702 1021 5757 enim
1050 5707 1190 5757 tuus
1218 5700 1367 5755 sicut
1401 5698 1459 5753 hi
1492 5696 1595 5768 qui
1624 5710 1767 5753 con-

1879 4566 1900 4594 ι
1940 4546 2195 4603 mutabo.
2231 4568 2252 4595 ι
2307 4546 2500 4603 Gloria
2537 4562 2737 4604 eorum
2775 4549 3056 4605 vivacitas
3101 4558 3183 4606 est
3233 4551 3575 4618 intellectus,

1874 4650 2006 4705 quae
2030 4635 2087 4690 in
2139 4635 2516 4708 ignominiam
2572 4645 2988 4706 commutatur,
3043 4638 3183 4695 dum
3229 4640 3384 4710 quod
3418 4640 3576 4696 laudi

1873 4737 1992 4780 suae
2020 4725 2229 4780 ascribi
2260 4733 2561 4796 appetunt,
2594 4740 2668 4782 ex
2701 4726 3026 4783 studiorum
3078 4728 3317 4783 infamia
3364 4728 3576 4798 probro

1876 4813 2219 4883 imputatur.

1944 4902 2116 4960 Vens.
2149 4903 2201 4971 8,
2231 4906 2284 4957 9.
2316 4931 2391 4945 —
2421 4924 2450 4952 «
2482 4903 2721 4959 Peccata
2774 4902 2967 4973 populi
3011 4903 3121 4961 mei
3167 4904 3486 4974 comedent,
3520 4913 3578 4963 et

1878 5012 1900 5040 ι
1931 4992 2003 5046 ad
2037 4992 2398 5062 iniquitatem
2431 5006 2631 5048 eorum
2676 4992 3067 5049 sublevabunt
3096 4994 3321 5049 animas
3349 5009 3573 5051 eorum.

1881 5099 1902 5127 ι
1941 5079 2011 5135 Et
2039 5079 2146 5135 erit
2174 5080 2323 5135 sicut
2373 5080 2642 5150 populus,
2696 5081 2777 5137 sic
2821 5081 3101 5137 sacerdos.
3139 5103 3160 5131 ι
3211 5084 3434 5137 Peccata
3464 5099 3578 5154 po-

1872 5168 1993 5235 puti
2039 5173 2182 5223 I93
2230 5168 2329 5223 Dei
2383 5169 2715 5238 comedunt,
2773 5184 2905 5225 cum
2958 5169 3154 5240 lapsus
3205 5186 3578 5242 quorumque

1875 5256 2156 5312 honorum
2198 5256 2267 5311 ad
2291 5256 2636 5327 suffragium
2661 5258 2749 5314 sui
2773 5259 2986 5315 erroris
3016 5268 3343 5321 assumunt.
3376 5269 3431 5316 et
3456 5261 3576 5317 vel-

1875 5343 1958 5400 uti
1985 5345 2115 5400 inde
2148 5354 2489 5415 pascuntur,
2541 5345 2643 5415 qui
2688 5348 2839 5402 utin
2884 5347 3033 5403 malo
3080 5350 3341 5405 securius
3384 5364 3578 5418 persc-

1874 5442 2094 5498 verent,
2144 5447 2219 5490 ex
2264 5447 2464 5489 eorum
2509 5434 2774 5504 exemplo
2830 5449 2979 5505 quos
3030 5436 3208 5492 bonos
3256 5437 3576 5507 aliquando

1873 5522 2247 5589 aestimarant,
2282 5529 2345 5577 ut
2376 5523 2456 5578 sic
2486 5522 2757 5591 dixerim,
2791 5524 3146 5580 radicantur.
3180 5525 3273 5580 Ad
3303 5529 3579 5596 iniquita-

1875 5615 1980 5664 tem
2027 5626 2208 5664 eorum
2275 5612 2483 5666 animae
2539 5624 2743 5667 eorum
2790 5612 3191 5680 sublevantur,
3242 5614 3383 5669 dum
3433 5628 3579 5684 quos

1873 5697 2206 5766 spirituales
2255 5699 2516 5763 oderant,
2569 5699 2849 5755 animales
2904 5700 3081 5756 factos
3126 5715 3245 5770 quo
3292 5701 3578 5770 nequiora
