3950 6448
387 378 488 432 359

1268 376 1328 432 ν.
1373 373 1708 432 CUIBERTI
1751 371 2043 428 ABBATIS
2082 370 2140 426 S.
2184 371 2424 427 MAR”:
2462 370 2552 426 DE
2591 370 2978 428 NOVIGENTO

3789 373 3906 426 31ἶο

386 511 682 583 gesserint,
717 506 1019 564 favorabili
1051 506 1421 562 excusatione
1454 520 1586 561 mox
1613 505 1934 569 sublevem,
1965 501 2080 557 ani-
2119 505 2164 557 Α
2195 502 2498 574 aliquoties
2545 501 2820 558 intentive
2871 499 3126 573 ponitur,
3181 508 3246 559 ut
3300 509 3404 567 est,
3449 502 3637 558 deame
3689 511 3746 559 et
3807 505 3910 558 de-

383 614 644 669 masque,
677 612 809 668 quin
840 611 954 652 non
1004 597 1230 660 vivunt,
1273 596 1446 666 juxta
1493 594 1846 664 prophetam,
1884 591 2080 647 viviti-

383 696 516 744 cant
576 689 789 757 (Ezech.
830 700 950 752 xui,
1005 688 1106 752 18).
1167 687 1236 739 Et
1281 687 1424 739 sicut
1477 686 1708 754 populus
1765 685 1842 736 sic
1893 695 2079 734 sacer-

383 777 478 831 dos
519 784 622 843 est,
658 790 790 831 cum
839 774 1095 845 ejusdem
1150 773 1409 829 criminis
1457 773 1504 827 si
1550 787 1662 827 non
1714 769 1950 843 majoris
1995 776 2080 824 est

381 865 496 928 ille,
529 865 631 935 qui
664 871 989 934 peccantem
1025 861 1326 932 approbat,
1359 860 1531 930 cujus
1564 860 1654 916 ille
1695 862 1794 930 qui
1847 872 2075 931 peccat;

381 962 706 1023 competens
756 951 909 1007 enim
965 950 1036 1004 ad
1094 950 1182 1004 sui
1249 949 1486 1004 modum
1531 951 1914 1007 sacerdotium
1969 954 2074 1008 ad-

382 1043 688 1108 ministrat,
722 1039 824 1110 qui
850 1053 1022 1108 super
1051 1039 1180 1094 talis
1223 1037 1568 1092 defensionis
1613 1038 1800 1093 studio
1839 1040 2076 1112 dogma-

380 1131 532 1186 tizat.

451 1218 620 1274 Vnus.
659 1219 742 1270 10.
769 1246 836 1256 -
882 1239 902 1264 ε

383 1329 405 1356 ι
439 1315 493 1363 et
539 1305 910 1376 c0gitationes
967 1306 1093 1374 ejus
1141 1305 1377 1359 reddam
1427 1304 1495 1359 ei.
1550 1305 1619 1359 Et
1672 1307 1969 1362 comedent
2021 1315 2076 1363 et

383 1417 406 1444 ι
440 1410 552 1451 non
581 1395 970 1450 satiabuntur.
1011 1416 1030 1442 ι
1069 1395 1146 1448 De
1193 1392 1403 1462 plurali
1454 1393 1524 1447 ad
1563 1393 1916 1463 singularem
1951 1411 2075 1466 pro-

377 1483 601 1554 phetico
632 1498 788 1538 more
819 1483 1024 1538 transit
1056 1497 1387 1537 numerum.
1438 1483 1612 1550 Super
1655 1499 1772 1535 eum
1797 1487 1918 1538 vias
1947 1485 2075 1554 ejus

379 1573 588 1638 visitat,
641 1586 772 1626 cum
829 1571 956 1640 ejus
1003 1570 1254 1625 actiones
1311 1584 1443 1624 eum
1501 1570 1880 1639 opprimendo
1934 1587 2071 1627 con-

374 1661 625 1716 demnat.
678 1662 1039 1726 Cogitationes
1085 1661 1201 1726 ejus
1242 1663 1290 1711 ei
1347 1658 1550 1725 reddit,
1598 1673 1732 1713 cum
1772 1661 2071 1728 apostasire

375 1757 604 1818 peccata
666 1747 894 1803 latentis
943 1747 1000 1801 in
1044 1762 1177 1801 eum
1227 1755 1420 1816 aperte
1453 1747 1742 1816 puniendo
1794 1748 2064 1805 refundit.

373 1837 518 1892 Nota
569 1843 760 1892 tamen
818 1835 972 1906 quod
1043 1834 1292 1904 populus
1345 1835 1715 1905 singularitas
1791 1835 1861 1890 sit
1912 1836 2072 1892 colle-

373 1923 548 1992 ctiva,
574 1932 628 1979 et
659 1924 783 1979 ideo
814 1924 1039 1979 numeri
1072 1923 1308 1978 fortasse
1339 1932 1663 1979 mutantur.
1698 1924 1932 1980 Dixerat
1963 1940 2068 1980 su-

373 2013 566 2082 perius
594 2013 748 2082 quod
779 2011 973 2082 populi
996 2011 1086 2066 sui
1119 2018 1350 2081 peccata
1382 2011 1762 2080 comedereut,
1800 2011 1892 2068 hic
1929 2013 2065 2068 sub-

366 2101 490 2172 jicit
523 2101 674 2172 quod
709 2101 1030 2167 comedant,
1081 2109 1136 2155 et
1187 2115 1301 2155 non
1349 2100 1649 2166 satientur,
1699 2101 1838 2170 quia
1866 2101 1968 2156 etsi
1995 2114 2068 2156 ex

371 2188 559 2244 aliena
583 2203 783 2258 capere
815 2188 1144 2243 desiderant
1176 2187 1478 2257 iniquitate
1517 2187 1806 2254 solatium,
1839 2188 2066 2244 nullum

370 2284 562 2332 tamen
615 2277 865 2332 mordaci
921 2276 1302 2342 conscientiae,
1370 2290 1488 2346 qua
1537 2290 1761 2346 semper
1805 2285 2067 2332 conster-

370 2374 589 2420 nantur
619 2365 860 2420 interius
903 2365 1110 2434 poterit
1156 2371 1427 2434 praestare
1476 2364 1810 2419 fomentum.
1850 2387 1870 2413 ι
1925 2366 2066 2421 For-

956 1217 1026 1270 Et
1073 1215 1318 1270 visitabo
1367 1229 1544 1284 super
1584 1230 1718 1272 eum
1757 1217 1881 1272 vias
1925 1218 2072 1289 ejus,

374 2474 396 2501 ι
433 2455 608 2508 nicati
659 2460 794 2508 sunt
837 2461 892 2508 et
941 2467 1055 2508 non
1124 2459 1514 2518 cessaverunt,
1568 2455 1842 2522 quoniam
1883 2453 2067 2508 Domi-

373 2562 395 2590 ι
430 2555 573 2597 num
608 2541 1055 2610 reliqueruntin
1099 2555 1212 2596 non
1261 2540 1648 2596 custodiendo.
1688 2561 1708 2588 ι
1753 2541 2061 2596 Fornican-

368 2636 466 2684 tur
495 2627 596 2698 qui
633 2641 827 2683 amore
877 2627 1250 2697 praesentium
1295 2641 1328 2682 a
1375 2629 1486 2683 Deo
1533 2627 1900 2697 alienantur;
1947 2643 2062 2683 non

365 2724 611 2781 cessant,
672 2716 774 2786 qui
840 2716 1201 2772 dominantia
1262 2717 1422 2784 vitia,
1475 2717 1638 2772 nulla
1686 2717 1923 2773 rationis
1963 2731 2063 2772 au-

367 2804 624 2860 ctoritate
679 2805 1071 2860 reverberant.
1133 2805 1418 2873 Quoniam,
1498 2805 1707 2876 inquit,
1777 2809 2060 2860 Dominum

364 2895 741 2962 relinquet-unt
770 2897 827 2947 in
860 2909 964 2947 non
1018 2893 1389 2958 custodiendo,
1425 2893 1478 2948 id
1507 2902 1591 2949 est
1633 2894 1814 2949 divini
1865 2909 2061 2964 respe-

365 2989 494 3037 ctus
514 2981 734 3036 nullam
771 2981 1027 3037 habuere
1059 2983 1458 3045 reverentiam,
1491 2981 1711 3038 nullatn
1745 2982 1918 3038 menti
1952 2998 2061 3039 cu-

363 3070 608 3126 stodiam
636 3069 981 3126 adhibendo.

435 3158 604 3214 Vens.
641 3161 723 3213 11.
754 3190 821 3198 -
855 3181 874 3207 ι
911 3158 1231 3214 Fornicatio
1262 3165 1317 3214 et
1347 3158 1550 3215 vinum
1581 3161 1635 3214 et
1664 3158 1910 3215 ebrietas
1948 3172 2060 3215 au-

363 3265 393 3299 s
426 3246 533 3302 fert
566 3245 702 3319 [al.,
754 3243 1047 3318 auferunt]
1098 3260 1218 3302 cor.
1251 3269 1272 3294 ι
1321 3245 1481 3313 Quod
1529 3255 1614 3303 est
1659 3247 1884 3304 dicere:
1915 3248 2060 3304 Cum

363 3336 497 3406 quis
529 3349 563 3390 a
593 3337 707 3392 Deo
758 3335 1138 3402 abscinditur,
1196 3335 1426 3405 Deoque
1481 3336 1806 3405 postposito,
1855 3335 2061 3391 mundi

362 3423 690 3494 voluptates
740 3423 988 3490 allectat,
1034 3437 1108 3478 ex
1164 3421 1254 3477 his
1299 3423 1519 3478 ratione
1585 3423 1810 3492 sepulta
1861 3423 2057 3478 obrui-

365 3519 480 3578 tur,
522 3525 623 3567 cor
653 3511 939 3577 aufertur,
974 3510 1114 3580 quia
1145 3509 1287 3566 nihil
1322 3511 1527 3566 deinde
1559 3525 1732 3581 penes
1775 3526 1930 3580 eum,
1961 3519 2062 3568 aut

365 3599 525 3668 pensi
546 3606 648 3654 aut
674 3597 952 3654 moderati
977 3598 1050 3652 ad
1081 3597 1325 3652 crimina
1350 3599 1651 3667 reperitur.

435 3687 607 3742 Vnus.
649 3688 735 3741 12.
767 3717 836 3726 -
869 3708 889 3734 ι
949 3685 1203 3756 Populus
1243 3701 1407 3742 meus
1445 3685 1504 3741 in
1546 3687 1702 3758 ligno
1746 3702 1851 3744 suo
1891 3687 2063 3743 inter-

368 3795 389 3824 ι
425 3774 670 3845 rogavit,
704 3781 760 3831 et
803 3774 1048 3831 baculus
1093 3775 1219 3846 ejus
1263 3775 1635 3832 annuntiabit
1679 3776 1773 3845 [aL
1822 3789 2061 3831 annun—

363 3862 548 3933 tiavit]
582 3863 654 3918 ei.
698 3882 724 3914 ι)
771 3864 843 3917 In
889 3865 1034 3932 ligno
1082 3878 1180 3918 suo
1236 3864 1471 3933 populus
1539 3864 1872 3935 interrogat,
1925 3879 2056 3920 cum

363 3951 541 4007 animi
585 3952 870 4022 strepidus
919 3967 1034 4008 non
1091 3952 1245 4022 aequi
1302 3951 1556 4022 rectique
1597 3951 1828 4019 lineam,
1857 3967 1891 4008 a
1941 3967 2060 4023 qua

362 4053 601 4096 aversus
629 4048 730 4107 est,
772 4040 869 4096 sed
913 4039 1278 4096 stoliditatem
1329 4047 1661 4095 consuetam
1693 4041 1784 4096 cui
1815 4041 2058 4097 univer-

361 4141 462 4184 sus
511 4135 595 4183 est
643 4127 992 4183 consulendo
1041 4134 1337 4196 respectat.
1407 4127 1649 4182 Baculus
1694 4127 1811 4198 ejus
1857 4131 1907 4183 ei
1947 4143 2057 4185 an-

361 4216 616 4282 nuntiat,
661 4230 796 4271 cum
844 4214 1131 4285 quispiam
1181 4229 1295 4270 non
1347 4215 1636 4272 dissimilis
1689 4217 1974 4286 imperitia
2003 4224 2058 4273 et

359 4303 681 4359 voluntatis
710 4303 954 4372 stupidae
991 4316 1165 4372 super
1212 4303 1301 4358 his
1347 4318 1480 4374 quae
1527 4305 1684 4360 cordi
1726 4305 1854 4377 ejus
1890 4305 2058 4376 adja-

361 4399 490 4446 cent
538 4390 824 4446 funestius
861 4390 1168 4446 consilium
1243 4391 1660 4448 subministrat.
1718 4415 1738 4440 ι

366 4500 388 4527 ι
422 4478 576 4534 enim
622 4476 1068 4535 foruicationum
1115 4479 1335 4550 decepit
1376 4495 1472 4536 eos
1507 4489 1563 4536 et
1608 4480 1868 4537 fornicati
1919 4490 2055 4538 sunt

360 4586 389 4619 ››
422 4580 456 4622 a
486 4567 601 4623 Deo
655 4581 778 4623 suo.
833 4589 854 4615 ι
899 4567 954 4622 Si
995 4567 1258 4637 spiritum
1299 4567 1692 4624 fornicationis
1735 4569 2054 4625 dzemonem

358 4654 688 4726 accipimus,
737 4670 936 4712 eorum
985 4657 1235 4727 profecto
1293 4671 1547 4714 errorem
1594 4658 1754 4714 velut
1801 4672 2052 4714 excusa—

359 4760 508 4812 mus,
547 4745 764 4816 quibus
811 4745 1163 4801 incentorem
1205 4745 1500 4802 diabolum
1541 4745 1784 4816 damus;
1820 4747 1917 4802 sed
1960 4746 2054 4802 ali-

359 4842 444 4890 ter
473 4834 791 4905 intelligere
828 4848 1153 4904 possumus.
1196 4834 1443 4903 Spiritus
1488 4834 1544 4889 in
1595 4834 1904 4904 Scripturis
1949 4849 2052 4905 pro

359 4922 631 4991 superbia
679 4921 934 4991 ponitur,
981 4930 1046 4978 ut
1108 4929 1230 4978 est:
1293 4943 1314 4970 ‹
1357 4921 1602 4978 Auferes
1657 4923 1927 4992 spiritum
1957 4937 2051 4980 eo-

358 5023 490 5064 rum
549 5017 605 5064 et
677 5009 942 5066 deficient
1015 5010 1184 5080 (Psal.
1247 5025 1363 5074 cui,
1441 5011 1551 5078 29).
1609 5031 1636 5060 ι
1692 5011 1808 5066 Et:
1875 5033 1895 5061 ι
1943 5011 2052 5078 Qui

357 5096 545 5153 aufert
589 5097 853 5166 spiritum
901 5098 1232 5168 principum
1287 5097 1455 5167 (Psal.
1513 5112 1679 5167 LXXV,
1734 5097 1869 5169 l3):
1925 5120 1946 5148 ι
1982 5101 2054 5156 Et

359 5185 571 5240 Saulus
597 5199 730 5241 cum
761 5185 1086 5242 minaretur
1116 5193 1179 5242 ut
1217 5186 1478 5255 czederet,
1517 5207 1538 5235 ε
1590 5186 1819 5256 spirans
1851 5209 1872 5236 ι
1910 5187 2054 5244 dici-

359 5281 456 5329 tur
507 5274 649 5343 (Act.
693 5290 766 5342 1x,
822 5274 897 5344 2).
956 5276 1199 5344 Spiritus
1272 5287 1410 5344 ergo
1475 5276 1900 5340 foruicationum
1964 5293 2054 5332 eos

359 5363 585 5431 decepit,
635 5363 774 5433 quia
816 5363 957 5419 dum
1005 5363 1074 5419 de
1120 5375 1229 5418 sua
1277 5363 1647 5431 perversitate
1684 5365 2048 5435 superbiunt,

359 5451 491 5506 etin
523 5450 696 5508 rebus
736 5450 992 5523 pessimis
1037 5449 1383 5507 exsultando
1413 5452 1686 5522 gestiunt,
1719 5455 1928 5510 mentis
1956 5469 2053 5512 eos

360 5539 674 5608 reprobitas
711 5538 1150 5610 circumsepsit;
1204 5537 1424 5610 decepit
1469 5539 1621 5596 enim
1678 5539 1896 5598 dictum
1943 5549 2048 5611 est,

358 5627 524 5698 quasi
553 5629 789 5685 omnino
829 5627 1000 5697 cmpit
1049 5626 1138 5696 [f.,
1179 5625 1375 5698 cepit].
1424 5629 1682 5685 Deenim
1732 5630 2052 5700 praepositio

2190 608 2320 646 ιρι-ο.

2259 681 2431 736 Vens.
2483 677 2564 734 13.
2612 709 2677 720 -
2719 702 2738 728 ι
2793 679 2977 750 Super
3013 680 3202 750 capita
3253 680 3536 736 montium
3587 680 3906 736 sacrifica-

2192 769 2408 837 nbant,
2496 776 2553 825 et
2624 783 2801 838 super
2872 769 3042 824 colles
3093 769 3484 824 accendebant
3555 770 3902 838 thimiama,

2191 880 2211 906 ι
2249 858 2458 914 subtus
2513 872 2817 928 quercum,
2897 867 2952 913 et
3007 858 3421 927 terebinthum,
3474 866 3528 914 et
3576 858 3896 928 populum,

2191 970 2210 996 ν
2249 948 2388 1019 quia
2420 947 2569 1002 bona
2622 955 2746 1002 erat
2786 947 2995 1002 umbra
3045 948 3190 1018 ejus.
3225 970 3244 995 ι
3281 948 3455 1016 Super
3498 951 3684 1016 capita
3722 963 3897 1001 mon-

2185 1039 2318 1091 tium
2394 1035 2739 1103 sacrificant,
2806 1037 2907 1106 qui
2968 1035 3268 1106 superbias
3301 1036 3545 1091 divitum
3583 1035 3896 1090 imitantes

2184 1123 2444 1181 omnium
2484 1132 2675 1193 strage
2706 1124 2978 1180 vitiorum
3035 1140 3095 1180 se
3147 1132 3421 1180 mactant.
3467 1126 3674 1193 Capita
3725 1140 3895 1178 mon-

2185 1218 2339 1282 tium,
2391 1215 2443 1271 id
2493 1220 2580 1271 est
2632 1213 3054 1271 cervicositates
3105 1212 3419 1282 potentium
3493 1226 3732 1281 pauper,
3793 1212 3893 1267 vel

2181 1305 2482 1361 mediocris
2510 1307 2788 1369 imitatur,
2823 1311 2888 1358 ut
2919 1301 3075 1372 qucd
3107 1301 3164 1356 in
3193 1300 3302 1355 illis
3331 1299 3641 1369 opulentia,
3679 1301 3791 1355 hoc
3826 1300 3892 1355 in

2182 1391 2271 1446 his
2327 1394 2444 1449 solo
2505 1395 2777 1465 nequitiae
2847 1391 3103 1461 appetitu
3172 1397 3399 1460 agatur.
3472 1391 3646 1458 Super
3721 1391 3892 1444 colles

2183 1483 2470 1536 thimiama
2489 1483 2841 1549 accenditur,
2883 1494 3015 1536 cum
3065 1492 3306 1534 suorum
3347 1491 3742 1547 aequaevorum
3788 1485 3888 1532 at-

2180 1585 2294 1640 que
2322 1574 2676 1642 contparium
2703 1569 2966 1639 exemplo
2997 1568 3128 1638 quis
3157 1580 3224 1621 ac
3265 1567 3310 1621 si
3362 1567 3532 1622 odore
3583 1566 3887 1634 respergi-

2182 1665 2298 1724 tur,
2348 1661 2449 1729 qui
2499 1661 2572 1715 ab
2619 1660 2820 1715 aliena:
2861 1656 3148 1727 cupidinis
3195 1655 3327 1725 igne
3367 1655 3707 1724 digreditur.
3761 1656 3886 1723 Ipsi

2180 1761 2343 1816 super
2393 1750 2547 1802 colles
2579 1749 2923 1812 accendunt,
2982 1759 3114 1800 cum
3187 1743 3351 1814 pravi
3410 1742 3612 1797 caloris
3665 1749 3886 1796 zestum

2177 1850 2251 1891 ex
2306 1851 2506 1892 eorum
2560 1851 2671 1892 usu
2729 1850 2848 1890 sese
2897 1833 3236 1890 concitando
3273 1832 3626 1901 concipiunt.
3669 1831 3888 1884 Subtus

2178 1941 2430 1994 quercum
2469 1926 2573 1981 hoc
2620 1924 2856 1990 faciunt,
2904 1937 3038 1978 cum
3079 1920 3234 1977 omni
3279 1921 3551 1975 vitiorum
3600 1933 3658 1973 se
3699 1919 3885 1974 volu—

2179 2013 2338 2069 tabro
2389 2013 2623 2083 porcina
2667 2012 2980 2067 imitatione
3027 2009 3384 2080 subjiciunt;
3424 2021 3676 2076 quercus
3718 2008 3880 2062 enim

2177 2102 2497 2172 glandifera
2547 2115 2746 2171 porcos
2791 2100 2911 2155 alit.
2961 2099 3159 2153 Subtus
3197 2097 3550 2150 terebinthum
3591 2095 3647 2150 id
3676 2095 3876 2161 efticit,

2175 2191 2277 2260 qui
2313 2190 2622 2245 admodum
2650 2188 2835 2258 turpis
2876 2195 3057 2251 actus,
3111 2185 3359 2241 fteditate
3384 2184 3668 2249 submota,
3705 2185 3881 2238 modo

2174 2279 2370 2348 aliquo
2414 2276 2767 2333 accuratiore
2815 2285 2870 2332 et
2928 2274 3298 2330 familiariore
3355 2273 3672 2342 delinquit;
3719 2280 3881 2327 tere-

2175 2367 2414 2422 binthus
2461 2367 2613 2421 enim
2667 2365 2906 2435 pulchre
2953 2377 3132 2433 opaca
3193 2361 3459 2432 gratique
3517 2361 3708 2416 odoris
3761 2369 3876 2416 est.

2176 2456 2430 2526 Populus
2492 2455 2849 2510 infructuosa
2911 2451 3166 2522 quidem,
3219 2451 3315 2505 sed
3373 2450 3552 2506 ratnis
3592 2449 3778 2505 effusa
3817 2454 3880 2505 et

2172 2546 2357 2601 ardua
2385 2551 2490 2611 est,
2522 2542 2719 2598 folium
2751 2556 2824 2596 ex
2859 2555 2977 2597 una
3013 2539 3346 2606 candidum,
3379 2553 3449 2594 ex
3484 2538 3664 2594 altera
3704 2548 3878 2609 parte

2172 2634 2407 2704 nigrum
2457 2632 2693 2699 habens,
2744 2630 2870 2686 illos
2918 2630 3084 2699 plane
3145 2628 3478 2698 significans
3532 2627 3635 2697 qui
3679 2629 3876 2697 specie

2172 2721 2408 2776 honesta
2440 2719 2765 2789 loquuntur
2793 2731 2827 2773 a
2858 2717 3020 2784 facie,
3070 2716 3164 2771 sed
3207 2715 3348 2771 alios
3380 2729 3558 2785 prava
3595 2715 3664 2770 ad
3696 2732 3874 2772 omne

2172 2809 2388 2865 malum
2429 2807 2696 2862 suasione
2735 2806 2978 2862 latenter
3019 2805 3319 2872 afﬁciunt;
3363 2805 3516 2860 unde
3558 2805 3869 2874 sequitur:

2171 2900 2310 2965 Quia
2336 2897 2474 2950 bona
2519 2901 2636 2950 erat
2680 2895 2875 2949 umbra
2916 2893 3055 2964 ejus,
3103 2892 3158 2948 id
3205 2900 3288 2948 est
3337 2907 3470 2949 cum
3517 2894 3733 2964 quibus
3763 2909 3871 2949 su-

2171 3000 2272 3057 per
2313 2983 2622 3054 cujuslibet
2665 2990 2915 3038 tractatu
2974 2982 3186 3037 erroris
3219 2980 3394 3050 possit
3442 2981 3536 3051 agi
3585 2980 3868 3052 quietius.

2099 3087 2139 3142 c
2175 3097 2195 3122 ι
2240 3073 2373 3130 Ideo
2414 3071 2857 3127 fornicabuntur
2887 3069 3016 3125 ﬁlia:
3049 3078 3270 3135 vestras,
3303 3077 3358 3124 et
3406 3083 3628 3138 sponsae
3659 3077 3870 3123 vestrae

2172 3185 2192 3211 ι
2227 3162 2502 3218 adulterae
2528 3167 2718 3216 erunt.
2762 3183 2788 3205 ιο
2840 3159 2988 3214 Dum
3023 3158 3268 3213 aliorum
3322 3157 3496 3212 studii
3549 3157 3868 3212 auctoritas

2168 3249 2438 3320 pudenda
2470 3249 2793 3318 respicitur,
2834 3247 2967 3318 ﬁlia:
3006 3247 3367 3302 fornicantur
3403 3245 3544 3316 quia
3593 3259 3627 3300 a
3667 3245 3869 3300 divino
3911 3305 3918 3317 ι

2169 3339 2371 3394 robore
2422 3337 2686 3393 mollities
2737 3350 2977 3407 prorsus
3043 3335 3268 3390 interna
3346 3335 3691 3403 deponitur;
3725 3323 3912 3403 ﬁlim"

2168 3426 2549 3494 fornicantur,
2590 3440 2721 3481 cum
2759 3425 2932 3481 corda
2979 3438 3080 3494 per
3135 3438 3193 3478 se
3245 3423 3473 3493 fragilia
3519 3422 3586 3478 de
3623 3431 3867 3478 externa

2166 3515 2337 3572 etiam
2411 3513 2844 3571 labefactatione
2924 3512 3237 3568 larduntur.
3337 3511 3557 3580 Sponsa
3602 3511 3868 3566 adulterae

2169 3604 2335 3672 fiunt,
2359 3619 2492 3660 cum
2523 3603 2848 3659 voluntates
2891 3601 3013 3672 jam
3055 3600 3196 3656 alias
3235 3599 3472 3668 vitiatae,
3506 3598 3686 3654 multo
3714 3600 3866 3655 dete-

2167 3693 2291 3750 rius
2313 3693 2454 3748 alios
2479 3691 2807 3749 aemulando
2829 3697 3029 3748 ruunt.

2235 3780 2407 3836 Vnus.
2444 3782 2528 3835 l4.
2559 3809 2633 3822 —
2668 3803 2689 3829 ε
2742 3779 2866 3836 Non
2918 3777 3164 3834 visitabo
3219 3791 3394 3847 super
3438 3776 3584 3832 filias
3638 3783 3865 3832 vestras

2171 3881 2352 3922 neum
2397 3865 2612 3922 fuerint
2669 3864 2978 3934 fornicataz,
3031 3873 3086 3922 et
3131 3879 3304 3935 super
3357 3877 3592 3934 sponsas
3641 3872 3865 3920 vestras

2170 3976 2189 4003 ι
2222 3969 2353 4010 cum
2393 3953 2869 4019 adulteraverint,
2929 3954 3206 4024 quoniam
3256 3953 3356 4024 ipsi
3405 3967 3538 4008 cum
3598 3953 3860 4008 meretri-

2171 4065 2194 4093 ι
2227 4043 2394 4099 cibus
2423 4043 2944 4111 conversabantur,
2991 4049 3047 4098 et
3093 4057 3225 4098 cum
3267 4041 3607 4096 elTeminatis
3637 4042 3862 4096 sacrifi-

2169 4153 2190 4180 ι
2224 4132 2453 4197 cahant,
2503 4139 2558 4186 et
2639 4131 2884 4201 populus
2935 4146 3049 4186 non
3114 4130 3433 4202 intelligens
3487 4130 3804 4200 vapulabit.
3834 4155 3853 4180 ι

2163 4221 2339 4290 Super
2366 4221 2515 4278 ﬁlias
2547 4234 2678 4290 qua:
2702 4218 3066 4276 fornicantur
3115 4221 3264 4276 Deus
3318 4234 3432 4275 non
3470 4219 3682 4285 visitat,
3715 4234 3856 4276 cum

2163 4316 2368 4377 status,
2399 4309 2501 4379 qui
2531 4307 2696 4378 quasi
2751 4307 2824 4363 ab
2877 4307 3203 4379 integritate
3263 4307 3717 4378 devirginantur,
3752 4323 3860 4378 per

1809 4393 2053 4464 Spiritus
2090 4387 2134 4442 Ι)
2166 4397 2623 4468 compunctionis
2663 4398 2910 4468 gratiam
2955 4412 3070 4453 non
3117 4398 3404 4465 emendat,
3454 4397 3542 4452 vel
3601 4396 3858 4467 quolibet

2163 4486 2388 4556 ﬂagello
2417 4485 2680 4557 castigat,
2737 4485 2889 4542 idem
2944 4486 3013 4542 de
3056 4486 3305 4554 filiabus,
3357 4485 3464 4541 hoc
3503 4485 3573 4540 de
3609 4486 3850 4554 sponsis.

2161 4577 2292 4632 Cum
2336 4576 2707 4630 meretricibus
2756 4584 3195 4642 conversantur,
3247 4589 3500 4645 quorum
3540 4573 3710 4628 corda
3756 4588 3846 4628 so-

2161 4663 2274 4720 lius
2301 4663 2482 4734 pretio
2509 4663 2818 4734 voluptatis
2843 4663 2913 4719 ad
2946 4677 3115 4718 omne
3143 4662 3424 4733 flagitium
3456 4668 3848 4731 exponuntur.
3885 4667 3888 4681 '

2160 4752 2278 4808 Aut
2332 4757 2470 4806 HM
2507 4760 2656 4808 certe
2689 4767 2809 4806 cum
2851 4752 3221 4806 meretricibus
3269 4758 3684 4806 conversantur
3711 4749 3850 4819 qui-

2161 4840 2270 4896 bus
2307 4841 2668 4910 potissimum
2699 4839 3007 4909 cupiditas,
3065 4847 3120 4896 et
3177 4839 3417 4896 luxuria
3457 4837 3846 4894 dominantur.

2159 4929 2291 4985 Cum
2346 4929 2672 4998 effeminatis
2753 4927 3098 4995 sacrificant,
3185 4928 3286 4998 qui
3355 4935 3615 4996 expertes
3666 4939 3699 4980 a
3751 4927 3848 4981 Dei

2160 5017 2321 5073 verbi
2345 5019 2580 5084 semine,
2611 5025 2667 5073 et
2686 5016 2758 5072 ad
2791 5016 3091 5073 femineam
3141 5014 3438 5072 mollitiem
3484 5011 3689 5082 ejurati
3727 5027 3849 5070 sese

2160 5104 2327 5176 quasi
2379 5104 2644 5160 victimas
2710 5104 3006 5161 diabolicae
3089 5102 3374 5160 voluntati
3457 5109 3845 5158 consternunt.

2159 5195 2394 5262 Populus
2435 5208 2544 5246 non
2599 5194 2908 5261 intelligens
2952 5191 3210 5262 vapulat,
3266 5191 3407 5262 quia
3454 5189 3714 5260 cogitatio
3772 5188 3847 5244 in-

2159 5281 2401 5337 discreta
2447 5282 2654 5337 mentis
2681 5280 3042 5352 superficiem
3074 5281 3346 5336 vitiorum
3395 5279 3580 5350 plagis
3624 5277 3844 5333 exulce-

2160 5376 2269 5426 rat.

2230 5457 2402 5513 Vens.
2435 5460 2498 5512 l5
2537 5457 2627 5512 16.
2668 5487 2738 5496 —
2798 5477 2827 5508 ς
2890 5456 2945 5512 Si
2999 5455 3320 5522 fornicaris,
3374 5463 3438 5511 tu
3481 5452 3672 5521 Israel,
3729 5468 3840 5510 non

2160 5565 2189 5598 in
2228 5545 2527 5615 delinquat
2564 5545 2764 5600 saltem
2809 5545 2978 5601 Juda.
3012 5566 3033 5594 ι
3071 5543 3232 5609 Quod
3273 5550 3358 5599 est
3401 5543 3622 5598 dicere:
3674 5540 3724 5596 Si
3756 5549 3836 5609 tu,

2158 5645 2192 5686 o
2221 5631 2470 5687 carnalis
2498 5631 2754 5701 affecius,
2800 5647 2902 5702 per
2947 5632 3172 5689 illicitas
3208 5631 3575 5702 evagationes
3616 5629 3836 5685 thorum
