3950 6424
93 353 183 405 361
814 344 1282 404 TROPOLOGIE
1320 345 1392 402 IN
1431 343 1626 407 OSEE,
1667 344 1807 401 AMO

1946 346 1980 400 T
2018 342 2166 400 JER.
2223 374 2276 384 —
2315 344 2443 400 LIB.
2486 344 2531 398 Ι.
2572 345 2645 400 ΙΝ
2682 342 2885 401 OSEE.

3507 346 3611 400 362

92 483 300 539 divina:
347 480 670 538 dilectionis
709 479 1118 545 commacules,
1168 477 1299 534 vide
1343 485 1536 534 tamen
1572 491 1643 533 ne
1672 476 1793 531 suf-
1834 483 1880 533 A
1911 474 2337 531 simulationem
2379 477 2507 548 ejus
2535 484 2867 548 protegunt,
2900 476 3039 534 dum
3067 475 3328 534 velamen
3358 476 3408 533 ei
3439 476 3611 533 mali-

92 570 318 640 l’ugium
380 578 744 640 peccatorum
818 577 1053 625 tuorum
1109 566 1479 623 confessionis
1544 566 1791 621 amittas.

97 682 117 708 ι
154 660 224 715 Et
286 659 464 714 nolite
524 657 746 729 ingredi
802 657 861 711 in
903 656 1160 727 Galgala,
1210 661 1263 711 et
1312 670 1382 710 ne
1430 653 1798 710 ascenderitis

98 770 118 796 ι
154 748 214 803 in
266 748 582 813 Bethaven,
639 760 826 815 neque
872 745 1213 814 juraveritis
1247 759 1259 798 :
1293 744 1451 801 Vivit
1496 746 1792 798 Dominus.

98 835 440 901 sQuoniam
500 837 650 889 sicut
728 847 905 887 vacca
972 832 1281 888 lasciviens
1335 831 1644 887 declinavit
1710 832 1798 885 ls-

100 946 118 971 ι
153 923 294 979 rael.
337 947 358 971 ι
417 926 479 978 1η
522 923 752 990 Galgala
800 920 1143 991 ingreditur,
1195 920 1297 989 qui
1352 919 1642 989 spurcitiis
1688 920 1799 973 lla-

93 1013 371 1083 gitiorum
423 1010 779 1078 intruditur;
851 1008 1089 1079 Galgala
1166 1022 1370 1078 nempe
1450 1008 1798 1063 volutabrum

94 1100 527 1171 interpretatur.
586 1101 649 1153 In
702 1100 975 1153 Bethaven
1028 1096 1387 1163 ascenditur,
1447 1110 1581 1152 cum
1641 1110 1800 1151 mens

90 1189 446 1258 arrogantia;
506 1186 687 1243 titulis
759 1186 1115 1256 insignitur;
1196 1185 1488 1240 Bethaven
1546 1198 1799 1254 namque

92 1278 282 1331 domus
326 1276 542 1330 inutilis
588 1274 820 1340 dicitur,
871 1279 925 1329 et
968 1273 1111 1342 quid
1151 1272 1421 1329 inutilius
1469 1287 1647 1343 quam
1678 1287 1798 1328 sure

96 1365 279 1436 ipsius
327 1363 688 1420 conscientia;
744 1361 1163 1432 turpitudinem
1213 1376 1328 1416 non
1381 1362 1595 1428 videre,
1645 1368 1699 1416 et
1740 1374 1799 1417 se

95 1454 346 1509 aliorum
374 1451 701 1523 aspectibus
744 1450 1071 1521 spectaculo
1109 1449 1250 1505 velle
1281 1464 1400 1505 esse
1424 1449 1451 1503 ?
1506 1451 1652 1504 Vivit
1685 1464 1797 1504 au-

93 1552 207 1598 tem
250 1544 528 1607 Dominus,
557 1541 722 1611 jurat
769 1538 1039 1609 quisquis
1088 1552 1187 1608 per
1218 1537 1567 1607 hypocrisim
1599 1537 1798 1593 Domi—

95 1645 237 1686 num
286 1630 344 1685 in
375 1644 434 1684 se
482 1628 695 1694 vivere,
747 1626 1018 1682 adhibitis
1063 1626 1233 1681 etiam
1283 1625 1632 1695 quibusdam
1671 1640 1799 1695 ope-

97 1719 262 1774 ribus
306 1716 563 1786 perltibct
605 1724 659 1771 et
699 1715 1020 1771 confirmat.
1064 1715 1271 1768 iurare
1320 1727 1460 1784 ergo
1499 1715 1647 1768 Vivit
1690 1716 1795 1767 Do-

92 1809 277 1861 minus
329 1805 689 1875 prohibetur,
741 1805 999 1872 quoniam
1027 1804 1165 1856 sicut
1201 1817 1365 1855 vacca
1394 1804 1678 1856 lasciviens
1715 1803 1803 1856 Is-

92 1895 208 1948 rael
260 1892 614 1960 declinatur,
646 1891 787 1963 quia
834 1891 1037 1947 merito
1084 1898 1138 1945 et
1170 1889 1493 1956 ascendere,
1528 1896 1581 1945 et
1627 1888 1804 1944 vitam

91 1993 273 2049 quam
325 1993 443 2035 non
478 1979 647 2034 habet
693 1979 798 2034 sibi
846 1978 1177 2048 promittere
1209 1985 1456 2044 vetatur,
1502 1976 1605 2047 qui
1637 1976 1805 2032 incli-

94 2082 232 2123 nare
268 2067 422 2123 sicut
450 2081 643 2137 equus
680 2075 734 2123 et
766 2067 961 2122 mulus
991 2080 1093 2122 sua
1148 2066 1327 2122 latera
1370 2065 1799 2135 comprobatur.

98 2179 117 2204 ι
149 2156 321 2212 Nunc
371 2165 561 2225 pascet
606 2170 700 2211 eos
735 2155 1031 2222 Dominus,
1067 2155 1235 2224 quasi
1281 2168 1497 2224 agnum
1533 2154 1589 2208 in
1618 2146 1805 2209 latitu-

100 2267 117 2289 ο
154 2244 312 2299 dine.
356 2266 377 2293 ι
418 2245 683 2297 Dominus
731 2250 922 2298 tamen
968 2242 1134 2297 modo
1164 2257 1248 2296 eos
1280 2242 1474 2311 pascit,
1519 2256 1652 2296 eum
1703 2256 1804 2311 per

96 2332 429 2402 Scripturas
478 2345 575 2387 eos
620 2331 679 2386 in
726 2331 993 2400 praesenti
1042 2330 1252 2385 erudit.
1307 2329 1477 2396 Quasi
1526 2342 1714 2399 agnus
1746 2331 1805 2383 in

97 2421 393 2475 latitudine
423 2427 759 2490 pascuntur,
812 2433 947 2474 cum
978 2418 1149 2475 latam
1193 2418 1343 2473 viam
1377 2418 1803 2488 spatiosumque

101 2509 319 2575 (Matth.
369 2524 464 2575 vn,
497 2509 588 2575 13)
632 2514 935 2571 sectantes,
982 2507 1164 2561 instar
1208 2506 1516 2562 electorum
1563 2513 1617 2560 et
1649 2505 1807 2563 inno-

96 2599 378 2665 centium,
414 2611 576 2652 sacro
617 2596 844 2667 eloquio
873 2595 1296 2663 observantur;
1346 2595 1502 2649 unde
1530 2603 1583 2649 et
1622 2593 1806 2662 sequi-

97 2694 238 2742 tur:

164 2774 342 2830 Vnus.
392 2776 474 2826 l7.
525 2802 593 2812 —
644 2790 672 2822 ‹‹
732 2771 1020 2841 Particeps
1069 2770 1351 2826 idolorum
1401 2768 1677 2839 Ephraim
1730 2768 1807 2823 di-

98 2882 124 2911 »
156 2861 318 2917 mitte
348 2875 500 2916 eum.
546 2883 566 2907 ν
603 2859 877 2929 Ephraim
922 2859 1332 2928 interpretatur
1359 2859 1647 2925 frugifer;
1677 2856 1803 2911 fru-

100 2950 282 3020 gifera
318 2956 515 3004 autem
561 2948 771 3003 dicitur
808 2947 1078 3003 voluntas
1122 2956 1336 3012 nostra,
1370 2959 1500 3016 quae
1551 2944 1801 3001 semina-

1907 565 1996 619 tiae
2056 571 2379 634 opponunt,
2436 572 2492 620 et
2554 578 2895 634 componere
2964 565 3240 636 gestiunt,
3297 565 3456 635 justo
3510 564 3611 621 Dei

1899 651 2116 722 judicio
2161 652 2289 723 ejus
2350 652 2658 723 iniquitate
2705 661 2918 709 retecta
2964 660 3225 724 patenter
3270 652 3610 720 ostenditur,

1905 740 2044 809 quia
2071 756 2185 796 non
2221 741 2424 796 honori
2456 755 2605 809 eam,
2640 742 2739 797 sed
2775 741 3108 813 ignominiae
3139 741 3466 798 coluerunt.

1956 826 2146 885 ‘Vaas.
2188 831 2270 882 l9.
2306 859 2372 869 —-
2424 851 2446 878 ι
2484 829 2709 901 Ligavit
2756 844 2892 885 eum
2932 830 3172 901 spiritus
3222 830 3280 885 in
3332 829 3438 885 alis
3468 828 3610 898 suis,

1912 936 1932 963 ο
1967 928 2022 971 et
2071 916 2504 972 confundentur
2533 932 2566 972 a
2616 918 2915 974 sacriﬁciis
2958 920 3097 975 suis.
3135 940 3157 967 ι
3195 919 3438 988 Spiritus
3468 933 3609 986 eum,

1908 1004 1963 1060 id
1992 1012 2075 1061 est
2122 1005 2421 1075 Ephraim,
2456 1008 2515 1060 in
2559 1009 2665 1061 alis
2713 1010 2828 1062 suis
2860 1007 3020 1077 ligat,
3053 1021 3186 1063 cum
3215 1021 3362 1063 aura
3404 1020 3612 1077 super-

1907 1093 2033 1159 biae,
2066 1094 2136 1149 de
2167 1108 2285 1165 qua
2314 1109 2493 1163 supra
2539 1095 2819 1163 diximus,
2850 1095 3204 1151 voluntatem
3236 1096 3393 1151 omni
3441 1101 3612 1151 vento

1905 1180 2304 1238 circumlatam
2350 1182 2570 1239 levitati
2600 1198 2720 1239 suae
2761 1183 3080 1253 accopulat.
3114 1184 3242 1239 Non
3284 1184 3438 1239 enim
3474 1183 3613 1238 bos—

1905 1285 2005 1340 pes
2034 1284 2177 1326 suus
2207 1268 2538 1339 superbiam
2583 1270 2803 1337 ductat,
2851 1269 2952 1325 sed
2983 1270 3104 1339 ipsa
3131 1282 3611 1341 quaquaversum

1904 1358 2174 1425 voluerit,
2209 1372 2340 1413 eum
2374 1358 2498 1428 ipso
2548 1358 2950 1428 circumvolat,
3003 1367 3058 1415 et
3086 1358 3211 1414 ideo
3237 1374 3272 1412 a
3319 1357 3612 1428 sacriﬁciis

1906 1446 2366 1515 confunduntur,
2423 1447 2562 1517 quia
2592 1461 2666 1502 ex
2713 1461 2778 1503 eo
2811 1446 2966 1517 quod
3006 1461 3066 1503 se
3118 1446 3482 1503 daemonibus
3510 1459 3614 1516 per

1904 1535 2143 1591 crimina
2201 1549 2448 1605 quaeque
2506 1534 2834 1602 concidunt,
2897 1534 3035 1591 dum
3085 1535 3300 1591 elevari
3350 1549 3410 1592 se
3462 1534 3611 1590 testi-

1907 1630 2088 1690 mant,
2119 1624 2441 1692 prmcipites
2468 1622 2754 1678 feruntur.

2589 1763 2823 1820 CAPUT
2866 1763 2932 1819 V.

1988 1885 2157 1942 Vens.
2210 1889 2259 1953 1,
2301 1889 2354 1940 2.
2384 1917 2452 1925 —
2485 1909 2505 1934 ι
2542 1885 2748 1941 Audite
2798 1885 2924 1952 hoc,
2964 1885 3307 1950 sacerdotes,
3352 1893 3407 1941 et
3437 1894 3615 1941 atten-

1916 1995 1943 2022 »
1979 1972 2114 2040 dite,
2175 1973 2381 2029 domus
2430 1972 2627 2039 Israel,
2679 1982 2732 2029 et
2784 1972 2991 2028 domus
3040 1973 3210 2044 regis,
3269 1973 3611 2037 auscultate,

1921 2084 1939 2108 ι
1976 2061 2115 2131 quia
2164 2061 2325 2117 vobis
2373 2062 2660 2132 judicium
2706 2069 2808 2129 est,
2864 2062 3138 2132 quoniam
3190 2061 3436 2132 laqueus
3480 2061 3614 2118 facti

1919 2172 1939 2198 ι
1973 2152 2108 2205 estis
2134 2150 2532 2219 speculationi,
2567 2158 2621 2206 et
2648 2158 2765 2206 rete
2798 2164 3119 2220 expansum
3156 2165 3330 2221 super
3360 2151 3609 2206 Thabor.

1920 2259 1940 2287 ι
1976 2240 2046 2294 Εῑ
2071 2238 2397 2294 declinastis
2442 2239 2703 2294 victimas
2747 2239 2804 2292 in
2838 2238 3212 2308 profundum,
3246 2248 3301 2295 ct
3347 2254 3451 2309 ego
3481 2253 3613 2295 eru-

1915 2349 1942 2377 »
1975 2327 2125 2382 ditor
2166 2328 2427 2382 omnium
2461 2341 2684 2382 eorum.
2742 2349 2761 2374 ι
2802 2327 2902 2382 Dei
2936 2340 3120 2383 sermo
3158 2328 3478 2384 sacerdotes
3507 2340 3611 2383 au-

1913 2416 2035 2471 dire
2082 2423 2266 2485 rogat,
2302 2429 2413 2470 non
2463 2415 2603 2470 alios
2634 2414 2803 2484 plane
2849 2427 3025 2485 quam
3062 2426 3208 2484 quos
3236 2413 3449 2469 ironice
3475 2429 3614 2483 pro-

1916 2509 2134 2557 tectores
2164 2510 2295 2559 ante
2340 2510 2596 2568 vocarat,
2639 2517 2704 2558 eo
2734 2502 2887 2558 enim
2923 2502 3089 2557 modo
3137 2516 3252 2572 quo
3283 2508 3612 2572 protegunt,

1913 2604 2030 2646 non
2083 2605 2334 2658 sacrum,
2396 2591 2492 2646 sed
2540 2590 2952 2647 exsecrabilem
3010 2589 3193 2646 solent
3244 2589 3417 2645 etiam
3464 2603 3615 2658 pras-

1914 2679 2044 2735 bere
2105 2680 2404 2735 ducatum.
2472 2682 2667 2734 Domus
2731 2679 2904 2735 etiam
2966 2679 3149 2733 Israel
3197 2677 3507 2746 attendere,
3566 2682 3616 2732 et

1914 2767 2103 2821 domus
2130 2770 2275 2835 regis
2324 2767 2658 2823 auscultare
2683 2767 2946 2838 jubetur,
2980 2773 3045 2822 ut
3091 2764 3472 2821 affectualitas
3521 2765 3616 2820 in-

1916 2855 2224 2912 tentionem
2279 2856 2544 2927 dirigere,
2580 2863 2635 2911 et
2678 2856 2822 2911 ratio
2874 2869 3005 2911 cum
3045 2855 3168 2911 suis
3215 2854 3467 2911 motibus
3509 2854 3620 2911 ob-

1915 2951 2232 3014 temperare
2289 2952 2613 3000 moneatur.
2677 2945 2837 2998 Vobis
2891 2944 3043 3000 enim
3082 2943 3359 3013 judicium
3411 2947 3509 3010 est,
3560 2941 3616 2998 id

98 3040 247 3094 rium
280 3051 357 3093 ex
395 3037 600 3106 spiritu
643 3035 944 3104 accipiens,
981 3048 1131 3090 uxor
1163 3042 1358 3089 nostra
1408 3036 1467 3089 lit
1499 3034 1557 3088 in
1607 3032 1799 3088 lateri-
1840 3049 1881 3105 ο
1914 3040 1998 3088 est
2046 3039 2298 3087 vestrum
2331 3031 2489 3102 quod
2531 3031 2656 3087 dico
2687 3031 3011 3087 discernere
3053 3038 3156 3087 est.
3190 3032 3440 3099 Laqueus
3488 3045 3616 3100 spe-

102 3125 207 3180 bus
251 3125 465 3181 domus
505 3133 734 3191 nostra,
795 3132 1073 3194 tanquam
1114 3122 1244 3178 vitis
1290 3122 1597 3178 abundans
1627 3122 1795 3191 (Psal.

99 3227 313 3281 cxxvu,
370 3214 444 3282 3).
491 3214 555 3267 Is
602 3214 895 3282 Ephraim,
951 3212 1003 3267 id
1056 3220 1140 3267 est
1189 3211 1461 3267 voluntas
1513 3209 1800 3280 particeps

100 3302 389 3357 idolorum
440 3309 542 3368 est,
591 3301 729 3357 dum
762 3315 864 3370 pro
912 3299 1173 3355 affectata
1221 3300 1391 3355 laude
1427 3306 1482 3355 et
1538 3297 1801 3355 saeculari

102 3389 533 3459 exspectatione
589 3388 693 3444 soli
747 3388 1110 3443 ostentationi
1162 3400 1349 3456 prona
1402 3394 1520 3455 est;
1584 3386 1802 3442 idolum

102 3492 362 3548 namque
407 3477 648 3547 speciem
695 3476 941 3532 hominis
986 3475 1173 3541 habet,
1208 3476 1303 3531 sed
1336 3476 1503 3531 homo
1534 3490 1649 3530 non
1700 3484 1801 3542 est,

104 3566 198 3621 sed
259 3574 457 3622 tamen
526 3565 709 3621 multo
765 3563 1025 3620 ornatius
1091 3564 1321 3619 homine
1368 3572 1469 3619 est.
1528 3566 1804 3633 Particeps

107 3668 242 3725 ergo
300 3654 569 3708 idolomm
601 3660 686 3709 est
733 3654 872 3708 dum
920 3652 1190 3708 voluntas
1221 3651 1272 3707 id
1320 3652 1503 3708 videri
1550 3651 1807 3707 exterius

108 3740 354 3803 alTectat.
411 3740 570 3812 quod
624 3755 740 3796 non
796 3739 853 3795 in
908 3754 969 3796 re
1019 3739 1115 3795 sed
1160 3740 1216 3795 in
1271 3740 1595 3796 extrinseco
1643 3739 1806 3795 cultu

110 3838 360 3898 praestat,
411 3830 505 3886 cui
547 3829 689 3885 illud
735 3828 1022 3883 Zacharia}
1071 3836 1389 3884 consonat:
1427 3850 1450 3878 ι
1503 3828 1547 3884 0
1590 3836 1802 3898 pastor,

112 3913 317 3985 inquit,
377 3931 411 3972 o
467 3916 682 3972 idolum
734 3914 1147 3984 derelinquens
1199 3928 1429 3985 gregem
1492 3915 1669 3983 (Zach.
1728 3928 1802 3976 x1,

116 4006 220 4070 l7).
277 4025 298 4052 ι
362 4004 585 4060 Dicitur
624 4018 761 4075 ergo
816 4003 988 4071 Juda,
1044 4001 1098 4057 id
1146 4010 1230 4057 est
1278 4002 1383 4071 pim
1439 4000 1808 4057 confessionis

110 4099 239 4147 voto
270 4100 335 4147 ut
381 4091 632 4148 dimittat
675 4107 813 4157 cum,
850 4092 990 4161 quia
1037 4090 1202 4146 valde
1254 4090 1482 4146 diflicile
1508 4098 1564 4146 et
1613 4089 1805 4145 insoli-

114 4186 232 4235 tum
286 4188 373 4235 est
424 4187 488 4236 ut
535 4194 708 4251 quem
758 4179 1136 4235 simulacrum
1190 4187 1364 4235 tanta:
1418 4178 1809 4247 pompositatis

114 4268 433 4335 inverterit,
481 4268 765 4339 pudendae
813 4267 1063 4338 alicujus
1092 4266 1194 4335 rei,
1240 4267 1286 4323 si
1333 4266 1490 4337 apud
1520 4281 1579 4322 se
1612 4266 1804 4334 lateat,

1910 3121 2172 3174 culationi
2204 3120 2370 3183 fiunt,
2417 3120 2557 3175 dum
2610 3119 2897 3189 quidquid
2929 3133 3031 3189 per
3081 3118 3469 3188 intelligentia:
3517 3131 3609 3173 ra-

1907 3207 2069 3263 dium
2098 3207 2474 3277 contemplari
2517 3207 2587 3262 de
2618 3206 2860 3262 internis
2902 3214 3182 3277 poterant,
3228 3206 3445 3263 nebula
3490 3220 3612 3276 pro-

1910 3296 2143 3351 miscuae
2185 3296 2547 3365 cogitationis
2599 3295 2934 3351 occludunt.
2983 3294 3213 3351 Thabor
3262 3295 3607 3365 interpreta-

1909 3391 2008 3440 tur
2052 3387 2265 3438 veniens
2317 3386 2516 3449 lumen,
2548 3392 2601 3440 et
2651 3384 2805 3454 quod
2848 3385 3042 3448 lumen,
3078 3382 3189 3439 nisi
3234 3383 3388 3454 quod
3437 3397 3611 3453 super

1912 3487 2015 3528 nos
2041 3486 2114 3528 ex
2146 3473 2243 3528 Dei
2273 3473 2444 3528 vultu
2491 3471 2853 3543 insignitur?
2882 3473 2949 3528 Et
2994 3472 3148 3528 unde
3188 3471 3364 3538 venit,
3396 3470 3509 3528 nisi
3539 3471 3611 3528 ab

1911 3576 1976 3617 eo
2031 3561 2132 3631 qui
2192 3560 2482 3617 illuminat
2537 3574 2762 3616 omnem
2826 3560 3117 3615 hominem
3174 3559 3494 3616 venientem
3554 3559 3613 3614 in

1914 3651 2072 3705 hunc
2103 3649 2389 3705 mundum
2439 3648 2616 3717 (Joan.
2648 3664 2686 3715 ι,
2721 3650 2847 3716 9.)?
2876 3649 3053 3718 Super
3080 3648 3297 3703 Thabor
3336 3661 3474 3720 ergo
3503 3653 3615 3702 rete

1912 3738 2284 3808 expanditur,
2317 3751 2450 3794 cum
2499 3751 2675 3808 super
2706 3736 3003 3793 luciferam
3046 3737 3327 3793 rationem
3355 3736 3615 3793 humana

1914 3826 2146 3897 ingenia
2193 3832 2618 3896 praetexuntur,
2662 3832 2716 3881 et
2745 3839 2910 3881 exeo
2957 3824 3114 3895 quod
3143 3825 3371 3881 veritati
3420 3839 3617 3895 specu-

1914 3914 2099 3970 landa:
2144 3913 2421 3969 inservire
2450 3913 2746 3977 debuerat,
2781 3912 3174 3984 suggillationi
3215 3912 3616 3981 proximorum

1915 4002 2178 4058 insistere
2230 4002 2399 4057 homo
2466 4009 2649 4071 parat.
2708 4001 2843 4056 Rete
2900 4001 3056 4056 enim
3113 4000 3269 4070 quod
3324 4000 3618 4071 capiendis

1915 4089 2253 4145 volucribus
2283 4103 2349 4145 ac
2394 4087 2587 4145 bestiis
2618 4087 2940 4154 coniicitur,
2991 4100 3096 4157 pro
3125 4086 3345 4143 fraudis
3376 4086 3617 4143 artiﬁcio

1916 4177 2224 4247 aliquoties
2282 4177 2534 4246 ponitur.
2590 4175 2749 4231 Unde
2797 4182 2881 4230 est
2934 4174 3090 4245 apud
3136 4173 3346 4229 Isaiam
3383 4189 3396 4228 :
3432 4197 3453 4223 ι
3506 4175 3619 4229 Ex-

1923 4265 2235 4335 pandentes
2312 4272 2430 4321 rete
2495 4278 2669 4333 super
2735 4263 2949 4320 flumen
3010 4270 3411 4319 emarcescent.
3479 4263 3614 4331 (Isa.

111 4357 397 4413 confessor
418 4331 547 4412 ves-se
589 4357 742 4413 velit.
782 4331 997 4411 Dimitti
1028 4331 1431 4426 ergo'jubetur
1462 4355 1563 4425 qui
1596 4331 1804 4410 imitari
1850 4331 1890 4385 ί)
1921 4331 2037 4417 5m,
2090 4354 2163 4423 8).
2204 4374 2223 4400 ι
2261 4331 2712 4422 Expendit—rete
2764 4364 2938 4420 super
2970 4350 3186 4406 flumen
3218 4349 3322 4421 qui
3370 4349 3431 4405 in
3463 4349 3620 4406 curis

109 4444 477 4515 prohibetur.

178 4532 354 4589 Vnus.
395 4536 479 4588 18.
524 4563 592 4572 -
624 4555 645 4583 ι
695 4532 1036 4603 Separatum
1078 4538 1163 4588 est
1205 4531 1538 4587 convivium
1584 4545 1807 4599 eorum,

113 4620 549 4677 :fornicatione
620 4620 880 4677 fornicati
959 4629 1134 4689 sunt,
1210 4620 1539 4676 dilexerunt
1606 4619 1811 4675 afferre

116 4730 135 4756 υ
170 4709 548 4781 ignominiam
589 4717 936 4779 protectores
979 4711 1126 4780 ejus.
1174 4729 1196 4758 ι
1249 4711 1568 4765 Convivium
1607 4724 1807 4772 eorum,

111 4795 164 4851 id
209 4804 314 4864 est,
371 4797 801 4866 hypocritarum
860 4803 1183 4864 separatur,
1234 4796 1374 4865 quia
1427 4795 1629 4864 iniquo
1678 4809 1804 4864 per-

112 4885 363 4941 maxime
414 4885 567 4954 pasci
615 4885 816 4952 solent,
854 4884 1063 4940 favoris
1094 4883 1307 4939 scilicet
1348 4884 1569 4939 externi
1603 4884 1808 4953 gratia,

114 4986 242 5029 raro
286 4974 360 5030 ab
410 4972 743 5029 hominibus
785 4971 1258 5042 deprehenditur.
1299 4971 1370 5027 Et
1414 4971 1536 5027 ideo
1565 4975 1815 5038 fornica-

115 5064 252 5115 tione
312 5062 696 5129 fornicantur,
753 5062 909 5131 quia.
946 5074 1147 5116 eorum
1211 5061 1447 5116 interior
1498 5060 1810 5129 corruptio,

117 5151 281 5220 cujus
328 5150 549 5206 duritia
596 5163 695 5219 per
747 5149 1105 5205 iterationem
1162 5147 1413 5203 nominis
1450 5148 1811 5218 designatur,

116 5244 265 5294 tanto
312 5239 509 5295 acrius
563 5237 846 5305 coalescit,
897 5245 953 5294 et
984 5244 1143 5293 tanto
1192 5235 1570 5292 incurabilior
1611 5234 1815 5291 delite—

115 5328 232 5394 scit,
264 5327 687 5398 quantominus
720 5327 990 5383 humanis
1014 5324 1282 5381 sensibus
1314 5322 1634 5379 innotescit.
1668 5322 1814 5378 Nam

117 5414 163 5469 si
215 5416 614 5483 innotesceret,
673 5415 872 5484 aliquo
928 5414 1099 5470 citius
1156 5413 1324 5468 modo
1376 5424 1531 5466 curae
1583 5417 1819 5479 pateret.

128 5504 486 5571 Ignominiam
542 5508 865 5572 protectores
928 5503 1047 5570 ejus
1095 5499 1294 5568 a/ferre
1348 5499 1632 5568 diligunt,
1690 5512 1821 5553 cum

117 5595 357 5650 carnalis
409 5593 539 5661 ejus
615 5590 840 5646 astutiae
900 5598 1109 5653 motus,
1191 5587 1289 5656 qui
1348 5601 1419 5642 ne
1467 5593 1825 5655 agnoscatur

471 5683 749 5747 PATROL.
804 5680 1008 5744 CLVI.

1920 4441 2100 4511 hujus
2147 4440 2364 4507 saeculi,
2422 4453 2587 4495 suam
2636 4452 2901 4494 exercere
2952 4437 3217 4509 proponit
3268 4442 3413 4492 nos
3459 4445 3618 4495 astu-

1924 4531 2080 4586 tiam.
2144 4528 2288 4584 Nota
2347 4526 2793 4598 speculationem
2863 4540 2977 4581 non
3045 4526 3201 4581 illam
3267 4526 3446 4582 solam
3509 4526 3621 4582 dici

1923 4634 2054 4689 qua:
2105 4617 2288 4673 fertur
2338 4616 2398 4671 in
2429 4616 2631 4682 Deum,
2682 4614 2777 4670 sed
2827 4615 2997 4670 etiam
3044 4628 3172 4670 eam
3201 4628 3334 4684 quae
3381 4615 3625 4685 pertinet

1922 4707 1995 4763 ad
2043 4705 2541 4775 contemplandam
2594 4702 2911 4769 veritatem,
2962 4709 3018 4759 et
3049 4702 3365 4772 spirituum
3405 4702 3624 4760 discre-

1926 4797 2155 4853 tionem.
2191 4794 2449 4851 Victimaa
2479 4796 2535 4846 in
2576 4791 2914 4861 profundum
2962 4790 3346 4858 declinantur,
3382 4804 3516 4847 cum
3564 4791 3626 4847 bi

1924 4884 2027 4955 qui
2075 4897 2133 4939 se
2177 4881 2404 4937 diabolo
2452 4894 2550 4950 per
2595 4878 2814 4949 ﬂagitia
2866 4892 3115 4948 quaeque
3168 4886 3622 4947 prostraverant,

1925 4972 2121 5043 pravis
2150 4969 2522 5026 suasionibus
2555 4967 2613 5023 in
2661 4965 3075 5037 desperationis
3116 4965 3479 5035 barathrum,
3522 4982 3628 5024 seu

1927 5058 2325 5116 obdurationis
2352 5058 2743 5126 deponuntur,
2779 5068 2951 5125 super
2988 5068 3135 5126 quos
3166 5054 3321 5124 putei
3346 5069 3428 5122 os,
3456 5055 3630 5127 juxta

1929 5147 2312 5214 Psalmistam,
2350 5153 2589 5216 urgetur
2619 5143 2794 5210 (Psal.
2830 5157 3022 5210 vam,
3073 5141 3180 5213 16).
3215 5142 3286 5198 Et
3318 5143 3469 5200 Deus
3499 5161 3630 5200 cru-

1932 5238 2077 5291 ditor
2120 5238 2358 5290 omnium
2412 5249 2595 5288 eorum
2647 5239 2750 5298 est,
2805 5232 2945 5287 dum
2994 5230 3097 5300 qui
3140 5245 3198 5287 se
3253 5232 3632 5289 abscondata

1932 5324 2120 5380 calore
2149 5323 2275 5391 ejus
2326 5335 2441 5375 non
2472 5328 2554 5377 est
2584 5321 2753 5387 (Psal.
2801 5333 2959 5384 xvut,
2990 5319 3067 5389 7),
3117 5319 3214 5375 sed
3257 5320 3536 5389 nequitia,
3574 5321 3631 5377 in

1936 5410 2075 5481 quia
2120 5408 2483 5477 impudenter
2529 5406 2759 5463 olfocari
2803 5407 3091 5471 videntur,
3136 5407 3480 5464 scintillante
3521 5423 3633 5465 see-

1938 5497 2067 5565 pius
2104 5496 2343 5560 ratione,
2378 5493 2744 5562 sibimetipsis
2783 5492 3033 5549 obscura
3062 5508 3177 5549 non
3211 5501 3314 5562 est,
3365 5509 3635 5565 quocun-

1938 5598 2050 5653 que
2097 5582 2247 5637 enim
2309 5582 2472 5636 modo
2524 5588 2882 5642 avertantur.
2944 5580 3097 5635 mala
3152 5596 3260 5646 sua
3310 5582 3363 5635 in
3418 5585 3637 5653 quibus

3187 5678 3266 5733 12
