3950 6438
301 388 403 439 363
1245 386 1307 438 ν.
1348 384 1682 441 GUIBERTI
1720 385 2010 441 ABBATIS
2045 385 2101 439 S.
2145 383 2383 439 IARLE
2422 384 2510 438 DE
2548 381 2943 439 NOVIGENTO
3685 381 3791 432 364

297 523 433 571 sunt
462 513 637 570 menti
683 514 855 571 etiam
887 515 1059 570 invite
1105 514 1362 571 crebrius
1405 516 1789 585 ingeruntur;
1831 514 1986 571 unde
2022 521 2069 571 Α
2097 513 2318 569 dudum
2343 513 2650 580 voluerint,
2684 513 2941 582 quidque
2978 511 3079 566 diu
3111 507 3430 566 adectando
3459 508 3796 575 nutrierint,

300 602 584 672 δεραίων.
2101 616 2175 657 ex
2231 615 2402 656 casus
2456 601 2810 671 ignobilitate
2869 599 3192 669 conjicient.
3259 595 3459 652 Eheu!
3515 605 3570 653 et
3622 595 3801 650 ludas

369 691 542 747 Vsus.
575 692 626 744 3.
663 721 718 730 —
784 713 804 738 ι
853 690 967 760 Ego
1023 690 1138 746 scio
1196 690 1492 760 Ephraim,
1545 698 1600 745 et
1648 689 1824 745 Israel
1876 703 1990 744 non
2100 705 2221 743 cum
2260 692 2336 743 eis
2367 688 2502 755 ruit,
2539 690 2677 758 quia
2719 689 2892 758 juxta
2935 688 3152 742 dictum
3190 685 3299 740 viri
3331 686 3604 755 sapientis
3637 698 3649 737 :
3689 705 3710 732 ι
3749 684 3802 738 Α

301 799 328 826 ι
359 785 441 833 est
470 776 840 832 absconditus
887 791 921 830 a
953 792 1061 830 uie.
1100 797 1120 823 ι
1155 775 1268 831 Scit
1315 776 1465 830 Deus
1513 775 1812 844 Ephraim,
1858 788 1991 830 cum
2101 786 2328 832 mortuo
2409 777 2687 832 confessio
2758 776 2901 846 perit
2973 776 3163 842 (Eccli.
3233 788 3367 835 xvii,
3427 773 3538 841 27).
3599 794 3617 820 ι
3691 771 3800 829 Cui

300 873 552 920 nostram
601 864 976 929 voluntatem,
1037 877 1168 932 quae
1199 863 1478 933 frugifera
1533 871 1813 932 tanquam
1863 862 1995 917 vitis
2097 867 2250 920 enim
2284 879 2516 934 peccare
2561 863 2804 919 vertitur
2852 865 2906 917 in
2945 863 3376 931 impudentiam,
3428 859 3657 916 diflicile
3697 868 3800 914 aut

299 953 607 1008 abundans
651 967 770 1006 esse
801 952 1095 1016 debuerat,
1151 952 1371 1006 ratione
1410 951 1800 1020 instinguente
1851 949 1995 1005 scire
2102 965 2231 1006 raro
2263 950 2540 1020 resipiscit
2565 952 2635 1006 ad
2657 948 2965 1005 conlitendi
2995 949 3264 1018 gratiam.

301 1055 404 1096 nos
448 1040 598 1096 facit.
661 1041 828 1094 Israel
883 1053 917 1093 a
965 1040 1078 1093 Deo
1123 1055 1229 1092 non
1278 1043 1358 1094 est
1422 1039 1792 1104 absconditus,
1861 1052 1995 1093 cum
2171 1039 2341 1096 Vens.
2375 1042 2428 1093 6.
2455 1069 2524 1078 —
2561 1061 2581 1087 ι
2620 1039 2684 1093 In
2713 1038 2989 1108 gregibus
3019 1036 3158 1103 suis,
3191 1044 3244 1092 et
3289 1036 3346 1090 in
3376 1033 3652 1091 armentis
3677 1034 3806 1090 suis

300 1137 491 1182 noster
538 1127 776 1183 allectus
803 1140 876 1182 ex
926 1127 1088 1181 radio
1123 1127 1421 1182 illustratae
1460 1126 1698 1182 rationis
1739 1141 1863 1181 esse
1893 1140 1992 1180 no-
2104 1151 2132 1176 η
2162 1129 2373 1183 vadent
2403 1128 2474 1182 ad
2501 1127 2881 1197 quaerendum
2917 1126 3221 1180 Dominum
3248 1133 3302 1179 et
3333 1139 3447 1179 non
3478 1124 3799 1190 invenient,

298 1214 385 1270 bis
415 1229 527 1269 non
573 1214 724 1269 valet
775 1213 1070 1279 occultus;
1126 1213 1270 1268 ratio
1317 1214 1491 1280 enim,
1543 1228 1673 1283 qua:
1707 1213 1993 1282 principa-
2107 1241 2129 1268 ι
2164 1218 2393 1273 ablatus
2442 1225 2525 1272 est
2573 1215 2646 1270 ab
2701 1216 2802 1270 eis.
2859 1236 2879 1261 ι
2935 1215 3005 1268 In
3062 1213 3315 1280 gregibus
3368 1214 3483 1266 suis
3533 1211 3800 1277 vadunt,

300 1301 428 1357 liter
455 1302 636 1357 Deum
684 1301 894 1356 habere
931 1301 1288 1369 dignoscitur
1330 1300 1688 1366 insessorem,
1736 1314 1836 1370 pro

2284 1306 2600 1360 incorrecta
2640 1303 2899 1358 fatuitate
2926 1301 3172 1366 interna,
3203 1300 3273 1355 ad
3303 1300 3485 1354 Deum
3514 1314 3574 1354 se
3604 1312 3803 1354 recur-

299 1390 601 1460 aliquoties
663 1389 913 1459 ponitur.
971 1393 1033 1444 ut
1086 1397 1169 1444 est
1223 1389 1364 1444 illud
1419 1388 1487 1443 de
1543 1389 1832 1444 conservis
1891 1386 1995 1457 qui
2103 1409 2227 1450 rere
2255 1395 2401 1449 velle
2445 1393 2750 1462 aliquoties
2785 1389 3136 1459 ostendunt;
3185 1402 3320 1443 oves
3346 1389 3500 1442 enim
3550 1400 3651 1456 pro
3703 1387 3804 1441 in-

298 1478 440 1548 regi,
473 1477 630 1533 haud
681 1477 925 1532 dubium
957 1477 1102 1546 quin
1160 1477 1293 1542 Deo,
1341 1475 1410 1531 de
1441 1490 1607 1532 servo
1657 1477 1750 1532 cui
1799 1476 1996 1531 decem
2104 1483 2232 1539 utili
2286 1481 2599 1552 aliquando
2659 1479 3022 1552 simplicitate
3077 1485 3394 1547 ponuntur.
3445 1475 3608 1531 Unde
3663 1484 3800 1530 est:

299 1567 480 1621 millia
528 1567 739 1622 talenta
783 1565 1115 1631 donaverat,
1146 1573 1202 1620 et
1239 1578 1582 1620 conservum
1613 1579 1716 1634 pro
1764 1573 1996 1620 centum
2111 1592 2131 1618 ι
2168 1569 2323 1624 Sicut
2351 1583 2484 1623 oves
2517 1569 2572 1623 in
2605 1568 2825 1622 inferno
2852 1567 3012 1634 positi
3045 1572 3177 1619 sunt
3203 1565 3383 1629 (Psal.
3419 1578 3610 1630 xum,
3639 1563 3748 1632 51).
3774 1585 3805 1610 ››

298 1654 551 1709 denariis
609 1653 938 1714 suli‘ocarat.
1025 1654 1300 1708 nuntiant
1356 1653 1576 1721 (Matth.
1649 1667 1809 1718 xvni,
1878 1653 1992 1720 2i).
2107 1658 2176 1712 Et
2217 1657 2398 1712 David
2429 1657 2497 1711 de
2529 1656 2802 1726 gregibus
2829 1654 3026 1708 ovium
3060 1653 3324 1708 sublatus
3351 1661 3455 1718 est,
3495 1660 3550 1707 et
3578 1651 3646 1706 de
3677 1658 3812 1720 post

297 1741 446 1808 Quid
475 1741 627 1796 enim
671 1740 940 1838 estaliud
980 1754 1158 1844 quam
1211 1740 1365 1810 quod
1411 1741 1563 1795 visas
1610 1739 1997 1844 malignitazes
2035 1791 2076 1844 Β
2108 1746 2368 1800 {tutantes
2395 1753 2661 1813 acceptus
2705 1742 2874 1812 (Psal.
2908 1756 3119 1806 Lxxvn,
3156 1742 3264 1806 το).
3302 1740 3372 1794 Ili
3407 1746 3545 1794 sunt
3584 1747 3801 1804 motus,

301 1830 415 1884 Deo
467 1843 586 1884 suae
625 1828 834 1884 rationi
888 1827 1224 1897 praesidente
1268 1829 1621 1883 retractant?
1678 1827 1992 1897 Sequitur:
2037 1827 2076 1844 ν
2107 1832 2210 1902 qui
2257 1831 2412 1887 omni
2457 1839 2628 1887 vento
2686 1829 3012 1885 tentationis
3057 1827 3400 1884 efferuntur.
3437 1828 3499 1881 In
3545 1829 3808 1880 armentis

307 1939 328 1965 ι
366 1916 514 1983 Quia
544 1931 700 1971 nunc
748 1916 1062 1970 fornicatus
1105 1923 1190 1970 est
1232 1916 1527 1985 Ephraim,
1575 1915 2000 1971 contaminatus
2108 1933 2343 1988 quoque
2389 1917 2630 1985 vadunt,
2675 1931 2809 1973 cum
2861 1918 3084 1971 solitam
3127 1915 3332 1970 mentis
3376 1914 3805 1979 bebetudinem,

307 2027 328 2054 ι
366 2013 450 2060 est
497 2004 690 2060 Israel.
731 2026 754 2052 ι
798 2007 880 2060 Ac
930 2003 979 2058 si
1025 2003 1283 2059 diceret:
1329 2004 1588 2059 Statuam
1619 2003 1896 2073 Ephraim
1945 2010 2000 2058 et
2107 2017 2161 2062 et
2194 2007 2265 2060 ad
2295 2019 2498 2061 curam
2549 2005 2741 2060 studia
2791 2005 3109 2074 ponderosa
3154 2003 3315 2058 nulla
3365 2001 3646 2072 spirituali
3680 2003 3807 2056 ala-

303 2093 473 2148 Israel
499 2101 698 2149 contra
732 2093 929 2148 faciem
965 2106 1156 2158 suam,
1199 2102 1254 2148 et
1285 2095 1430 2147 scire
1461 2106 1594 2147 eum
1626 2092 1829 2147 faciam
1860 2091 2002 2160 quia
2115 2092 2316 2150 critate
2362 2093 2673 2149 recutiunt.
2730 2093 2800 2147 Et
2831 2093 2953 2147 ideo
2987 2094 3266 2146 Dominum
3318 2105 3431 2146 non
3481 2090 3808 2155 inveniunt,

300 2197 440 2236 nunc
469 2184 775 2248 fornicatus
820 2186 898 2234 est
927 2181 1217 2251 Ephraim,
1267 2187 1323 2235 et
1362 2181 1532 2234 Israel
1577 2182 1997 2241 contaminatus,
2109 2185 2252 2253 quia
2282 2183 2435 2254 quod
2470 2181 2850 2237 intellectuale
2881 2189 2984 2246 est,
3015 2180 3352 2250 corpulenta
3401 2194 3514 2234 non
3547 2178 3810 2247 capiunt,

303 2269 361 2326 id
401 2276 485 2324 est
524 2269 790 2324 voluntas
839 2269 898 2323 in
937 2281 1132 2323 amore
1187 2269 1576 2336 prwseutium,
1627 2267 1782 2345 quod
1835 2266 2004 2336 signi-
2110 2286 2216 2326 nec
2248 2272 2304 2326 in
2345 2285 2580 2340 corpore
2629 2269 2872 2339 peccatis
2915 2269 3144 2324 subdito
3195 2268 3435 2334 habitat,
3482 2267 3622 2336 quia
3664 2279 3818 2321 aco-

304 2355 455 2424 δεδι»
486 2371 662 2422 nunc.
705 2369 738 2410 3
770 2355 920 2411 1ίοθό
950 2356 1054 2424 βίω
1100 2354 1430 2410 intentionis
1477 2368 1710 2423 Prorsus
1740 2353 1999 2420 excess".
2113 2358 2509 2430 gitationibus,
2561 2372 2692 2427 quae
2745 2364 2882 2412 sunt
2931 2358 3054 2410 sine
3107 2355 3416 2420 intellectu,
3471 2369 3530 2409 se
3585 2367 3817 2423 semper

303 2444 405 2514 qui
435 2442 672 2498 alTectus
703 2444 860 2513 pejor
888 2457 946 2498 se
986 2442 1044 2497 in
1079 2443 1279 2498 fetores
1319 2442 1600 2498 scelerum
1647 2441 2004 2497 devolvendo
2112 2448 2391 2501 absentat.
2429 2445 2518 2498 Ab
2549 2449 2626 2498 eis
2663 2445 2814 2498 Deus
2843 2443 3127 2508 aufertur,
3157 2457 3288 2497 cum
3335 2442 3431 2497 illa
3468 2441 3815 2512 qualiscun-

308 2544 443 2586 mox
473 2531 836 2600 impudenter
866 2529 1116 2585 incessit.
2112 2547 2226 2602 que
2259 2533 2525 2588 voluntas
2571 2546 2702 2602 quae
2737 2530 2869 2586 boni
2911 2530 3132 2599 aliquid
3166 2529 3452 2599 parturire
3478 2529 3814 2593 videbatur,

379 2618 550 2674 Vens.
582 2619 636 2671 4.
690 2646 761 2658 —
809 2641 829 2666 ι
884 2617 1007 2672 Non
1061 2617 1287 2673 dabunt
1344 2617 1715 2688 cogitationes
1764 2632 1900 2674 suas
1942 2626 2006 2674 ut
2110 2620 2411 2675 amittitur.
2447 2618 2749 2688 (Vens.7.)
2785 2642 2809 2666 σι
2847 2619 2911 2672 In
2943 2618 3246 2672 Dominum
3280 2616 3637 2686 prtevaricati
3671 2624 3816 2670 sunt

313 2728 334 2754 ι
368 2713 783 2761 convertantur
825 2705 896 2760 ad
929 2705 1111 2760 Deum
1141 2718 1334 2772 suum,
1385 2706 1526 2774 quia
1553 2706 1789 2774 spiritus
1820 2705 2002 2761 forni-
2116 2732 2141 2754 ιο
2175 2708 2279 2778 qui
2323 2706 2475 2763 ﬁlios
2515 2708 2732 2762 alienos
2779 2713 3126 2776 genuerunt.
3166 2726 3186 2752 ι
3241 2706 3322 2760 Ac
3360 2704 3407 2760 si
3450 2704 3661 2759 diceret
3693 2719 3707 2757 :
3745 2703 3818 2758 In

314 2815 334 2841 ι
365 2793 658 2849 cationum
690 2792 746 2847 in
797 2791 982 2847 medio
1028 2805 1249 2856 eorum,
1295 2798 1350 2847 et
1396 2792 1704 2848 Dominum
1755 2808 1870 2848 non
1904 2809 2005 2848 co—
2114 2797 2220 2851 hoc
2265 2795 2381 2864 ipso
2412 2796 2565 2865 quod
2598 2795 2723 2850 licet
2760 2794 3080 2849 indiscretae
3118 2792 3507 2848 conversionis
3553 2791 3821 2860 auspicia

313 2903 335 2930 ι
371 2888 719 2952 gnoverunt.
758 2903 777 2929 ι
819 2882 883 2935 Ut
911 2881 987 2934 ad
1023 2883 1190 2934 Deum
1233 2885 1613 2935 convertantur
1655 2884 2003 2948 cogitationes
2114 2884 2268 2940 bona
2317 2891 2665 2954 proponunt,
2721 2890 2774 2937 et
2803 2896 2861 2937 se
2894 2896 2928 2936 a
2961 2881 3270 2950 proposito,
3321 2880 3589 2936 facilitate
3636 2880 3817 2934 desti-

307 2985 436 3024 suas
481 2984 594 3024 non
647 2969 806 3036 dant,
862 2968 1003 3038 quia
1059 2983 1162 3038 pro
1215 2968 1314 3024 Dei
1364 2982 1558 3024 amore
1601 2982 1636 3023 a
1691 2969 2006 3025 delectatio-
2113 2979 2308 3039 tuunt,
2378 2985 2545 3041 penes
2605 2969 2787 3025 Deum
2845 2968 3316 3038 praevaricatores
3389 2967 3585 3022 haberi
3647 2966 3816 3036 digni

308 3057 482 3113 nibus
521 3056 996 3128 imaginationum
1045 3069 1287 3112 suarum
1318 3055 1605 3112 abstinere
1636 3055 1852 3113 durum
1897 3071 2003 3127 pu-
2045 3081 2086 3136 α
2115 3068 2287 3125 sunt;
2339 3068 2396 3115 et
2443 3059 2549 3114 hoc
2591 3057 2715 3112 ideo
2746 3056 2828 3122 lit,
2876 3057 3015 3124 quia
3047 3056 3190 3124 ﬁlios
3235 3058 3436 3110 alienos
3483 3059 3812 3124 ginuerunt.

309 3153 452 3211 tant,
494 3158 597 3200 nec
659 3144 801 3200 tanti
848 3143 1010 3214 pretii
1063 3144 1245 3199 Deum
1302 3145 1607 3212 mstimant,
1667 3152 1730 3200 ut
1792 3159 1894 3214 pro
1941 3160 2009 3203 eo
2115 3146 2172 3202 Si
2219 3146 2413 3212 alieni,
2467 3145 2754 3216 quomodo
2818 3142 2966 3198 ﬁlii?
3013 3145 3109 3199 sed
3163 3143 3262 3198 fllii
3307 3151 3362 3200 et
3415 3143 3606 3198 alieni.
3663 3141 3816 3208 Filii,

313 3233 638 3303 impendere
683 3232 853 3287 velint
885 3231 1041 3301 quod
1086 3231 1330 3287 interius
1369 3231 1708 3301 voluptuose
1738 3239 2004 3288 tractant.
2119 3248 2293 3304 opera
2341 3241 2497 3301 sunt,
2541 3233 2696 3289 unde
2725 3240 2854 3288 est:
2892 3253 2914 3280 ι
2964 3232 3174 3288 Videas
3223 3231 3366 3286 filios
3410 3231 3660 3287 filiorum
3697 3239 3824 3286 tuo-

311 3319 434 3376 Tali
484 3319 735 3388 cuipiam
785 3318 1042 3374 dicitur:
1084 3337 1112 3369 ι
1164 3317 1450 3388 Projecisti
1505 3333 1592 3373 me
1627 3327 1748 3387 post
1798 3334 2010 3389 corpus
2118 3334 2249 3377 rum
2281 3321 2450 3388 (Psul.
2507 3333 2720 3385 cxxvn,
2767 3317 2842 3388 6).
2897 3337 2918 3365 ι
2955 3317 3010 3372 id
3040 3325 3122 3372 est
3168 3317 3484 3386 experiaris
3529 3317 3821 3371 mercedes

313 3417 480 3464 tuum
529 3410 632 3478 (ιιι
675 3409 807 3472 Reg.
855 3421 970 3472 xiv,
1021 3409 1119 3474 9);
1171 3425 1197 3455 ν
1249 3413 1304 3460 et
1351 3406 1457 3461 hoc
1489 3407 1567 3473 lit,
1602 3409 1734 3474 quia
1779 3410 2009 3476 spiritus
2116 3415 2476 3477 operum;et
2508 3407 2627 3462 haec
2655 3420 2829 3476 opera
2862 3413 2998 3460 sunt
3023 3405 3230 3471 aliena,
3267 3405 3322 3459 id
3355 3413 3440 3460 est
3465 3403 3817 3471 adulterina,

311 3499 735 3564 fornicationum
786 3497 845 3548 in
881 3495 1056 3548 medio
1109 3509 1291 3547 eorum
1337 3499 1434 3560 est,
1485 3494 1540 3549 id
1587 3503 1690 3562 est,
1743 3495 2012 3564 superbia
2119 3512 2236 3553 non
2281 3511 2346 3552 eo
2376 3497 2590 3551 scilicet
2617 3510 2734 3566 quo
2763 3494 2971 3550 debent
3010 3494 3244 3560 semine,
3286 3494 3337 3548 id
3386 3502 3468 3549 est
3503 3493 3822 3549 intentione

315 3599 446 3654 quae
491 3583 812 3653 specialiter
841 3597 875 3637 a
911 3584 1021 3637 Deo
1068 3596 1173 3637 nos
1213 3582 1578 3649 exterminat,
1609 3598 1726 3638 non
1769 3583 2012 3640 latenter
2119 3593 2436 3656 procreata,
2467 3593 2568 3640 aut
2598 3591 2752 3639 metu
2795 3583 3008 3638 scilicet
3051 3582 3261 3638 terreni
3310 3582 3559 3652 alicujus
3607 3581 3823 3635 incom-

316 3672 374 3726 in
414 3671 630 3742 angulo
691 3670 860 3741 quasi
914 3669 1265 3737 subripiens,
1314 3669 1408 3724 sed
1454 3673 1512 3723 in
1557 3669 1750 3737 medio,
1799 3670 2012 3726 scilicet
2118 3672 2294 3739 modi,
2334 3673 2488 3742 quod
2535 3671 2595 3727 lit
2625 3671 2951 3741 saepissime,
2984 3679 3186 3740 cmpta,
3220 3678 3321 3726 aut
3351 3672 3474 3725 sine
3522 3669 3824 3724 voluntate

315 3759 481 3830 quasi
568 3772 668 3813 rex
730 3758 1025 3813 evidenter
1092 3758 1382 3827 imperans
1456 3757 1556 3812 toti
1625 3758 2012 3828 intelligentia:
2122 3759 2523 3830 perseverandi
2555 3759 2938 3830 perfunctorie
2968 3767 3069 3814 aut
3095 3756 3826 3828 tepideappetita.-Nunc

312 3854 534 3917 praeest.
587 3848 657 3900 Et
707 3845 831 3901 ideo
892 3846 1168 3900 Dominum
1219 3859 1334 3900 non
1365 3853 1738 3916 cognoscunt,
1802 3846 1857 3901 id
1905 3854 2010 3926 est,
2126 3870 2147 3896 ›
2183 3847 2480 3904 devorabit
2533 3862 2631 3902 eos
2686 3849 2898 3903 mensis
2958 3862 3091 3902 cum
3153 3847 3531 3916 participibus
3583 3845 3724 3899 suis.
3796 3867 3817 3891 ι

315 3949 518 4004 sapore
565 3934 791 3990 interno
847 3933 1202 4004 concipiunt,
1254 3933 1395 4003 quia
1435 3933 1604 4003 cujus
1647 3934 1902 4002 palatum
1939 3947 2013 3990 ex
2121 3935 2306 4002 Nunc,
2353 3949 2485 3991 cum
2538 3949 2789 4004 praesens
2821 3943 3048 4003 tempus
3079 3934 3380 4004 significet,
3429 3933 3522 3988 hic
3562 3946 3820 3987 momen-

316 4023 569 4080 lebribus
644 4021 962 4086 amarescit,
1053 4035 1316 4090 nunqam
1403 4021 1461 4076 in
1536 4034 1603 4076 eo
1669 4020 2008 4092 quidpiam,
2121 4032 2355 4080 taneum
2393 4023 2671 4092 quiddam
2725 4021 2963 4092 intelligi
3011 4030 3214 4077 monet.
3259 4021 3427 4077 Nunc
3454 4035 3610 4092 ergo,
3646 4019 3700 4074 id
3733 4027 3825 4074 est

315 4111 535 4168 etiamsi
566 4111 638 4167 sit
665 4110 1008 4166 naturaliter
1032 4109 1221 4172 dulce,
1253 4108 1550 4164 dulcescit.
2121 4111 2193 4166 ad
2225 4111 2479 4167 subitum
2527 4111 2739 4165 mensis
2785 4123 2882 4166 eos
2928 4109 3184 4175 devorat,
3235 4123 3368 4164 cum
3413 4117 3708 4164 menstrua
3737 4120 3824 4162 re-

387 4199 558 4256 Vsns.
595 4201 644 4251 5.
674 4227 741 4237 —
776 4221 795 4245 ι
837 4198 906 4251 Et
956 4195 1318 4266 respondebit
1368 4195 1703 4266 arrogantia
1750 4197 1921 4252 Israel
1955 4198 2012 4252 in
2121 4198 2277 4267 ligio,
2327 4213 2459 4268 qua;
2521 4198 2769 4252 multum
2825 4210 2861 4251 a
2912 4197 3011 4252 Dei
3061 4195 3427 4267 benignitatis
3481 4211 3633 4251 anno
3674 4200 3824 4252 I96

251 4313 268 4333 .
325 4308 348 4334 ι.
383 4285 524 4341 facie
569 4284 732 4354 ejus;
783 4292 838 4339 et
867 4285 1041 4339 Israel
1087 4292 1143 4338 et
1173 4283 1450 4353 Ephraim
1496 4293 1666 4339 ruent
1713 4284 1772 4338 in
1805 4285 2016 4355 iniqui—
2121 4285 2446 4349 discordat,
2515 4284 2572 4338 in
2631 4285 2795 4354 pejus
2868 4284 3268 4340 recrudescere
3338 4292 3583 4339 mentem
3641 4283 3820 4352 facit,

322 4393 352 4425 ιν
383 4381 497 4428 tate
541 4386 686 4437 sua;
738 4379 867 4427 ruet
895 4372 1066 4426 etiam
1101 4371 1280 4426 ludas
1307 4387 1440 4428 cum
1477 4371 1576 4426 eis.
1620 4394 1640 4419 ι
1675 4373 2013 4439 Arrogantia
2053 4377 2097 4430 ι)
2124 4385 2300 4444 quam
2330 4370 2557 4438 fuerat;
2609 4386 2712 4426 nec
2741 4371 2993 4428 absurde
3024 4371 3239 4427 dictum
3270 4378 3355 4426 est
3391 4371 3644 4438 devorat,
3677 4375 3822 4442 quia

320 4462 490 4516 Israel
519 4462 577 4512 in
604 4462 748 4526 facie
785 4460 902 4528 ejus
935 4459 1257 4528 respondet,
1307 4460 1448 4530 quia
1496 4458 1734 4514 affectus
1782 4459 2015 4514 interior
2122 4460 2268 4516 nihil
2299 4468 2384 4516 est
2430 4459 2585 4530 quod
2617 4465 2914 4530 tantopere
2955 4460 3002 4514 si
3033 4459 3185 4529 quod
3219 4460 3292 4514 sit
3325 4459 3384 4514 in
3425 4459 3657 4515 homine
3687 4463 3825 4517 resi-

322 4561 425 4620 per
466 4547 663 4603 illicita
704 4561 978 4618 evagans,
1028 4547 1101 4602 ad
1144 4548 1402 4604 exterius
1449 4547 1856 4601 inconveniens
1894 4552 2016 4600 tur-
2123 4547 2305 4603 duum
2346 4546 2482 4602 boni
2529 4554 2850 4602 consumat.
2884 4546 2963 4602 De
3009 4545 3249 4600 crimine
3275 4545 3428 4600 enim
3458 4544 3702 4600 audacia
3731 4559 3827 4600 su-

323 4635 549 4706 pissime
597 4649 970 4706 prorumpere
1012 4635 1175 4691 solet.
1223 4635 1544 4704 Respondet
1593 4637 1653 4688 in
1689 4636 1834 4700 facie
1876 4633 2017 4689 dum
2122 4635 2320 4700 mitur,
2378 4634 2612 4704 quando
2669 4642 2863 4702 aperte
2924 4634 3073 4689 bona
3127 4632 3290 4688 initia
3346 4640 3824 4688 contemnuntur.

324 4739 448 4780 sero
501 4725 788 4780 erubescit
835 4725 1109 4790 exterius,
1145 4737 1218 4778 ex
1246 4737 1312 4778 eo
1351 4723 1502 4793 quod
1537 4722 1638 4777 diu
1678 4729 2020 4792 arroganter
2125 4721 2436 4791 Participes
2509 4721 2600 4776 sui
2667 4721 2883 4791 pariter
2937 4721 3296 4777 devorantur
3347 4734 3480 4774 cum
3531 4720 3829 4776 naturalia

325 4813 466 4870 fovit
494 4813 552 4867 in
601 4821 808 4868 mente.
841 4813 922 4867 Et
968 4813 1139 4867 Israel
1180 4817 1230 4866 et
1273 4812 1550 4880 Ephraim
1581 4810 1682 4880 qui
1716 4809 1772 4864 in
1821 4809 2018 4879 magni
2127 4813 2296 4876 bona,
2329 4812 2538 4880 siquae
2577 4818 2732 4876 sunt,
2777 4809 3140 4880 rejiciuntur,
3189 4823 3320 4879 quae
3350 4808 3430 4863 illi
3481 4808 3827 4864 transitoria:

324 4900 626 4970 supercilio
686 4902 884 4966 fastus,
935 4899 1042 4956 sibi
1094 4906 1246 4954 stare
1294 4899 1604 4955 introrsum
1650 4897 2018 4962 videbantur,
2124 4897 2483 4956 conversioni
2517 4898 2883 4968 participium
2914 4897 3058 4952 ferre
3087 4897 3455 4953 videbantur.

326 5002 398 5045 ex
435 4987 635 5043 merito
682 5002 802 5042 suae
850 4986 1171 5057 iniquitatis
1210 4993 1389 5053 ruent,
1433 4995 1488 5041 et
1527 4994 1666 5041 tunc
1696 4984 1838 5054 quid
1863 4986 2019 5056 jam-

1667 5163 1953 5207 EXPLICIT
1998 5161 2176 5207 ιιΒιῐιι
2224 5161 2472 5206 PRIMUS.
