3950 6430
198 410 302 458 365

912 402 1368 461 TROPOLOGUE
1405 404 1473 459 IN
1512 403 1709 472 OSEE,
1747 404 1932 460 AMOS
1970 405 2057 459 ET
2093 406 2244 460 JER.
2284 434 2355 446 —
2391 405 2524 461 LIB.
2567 406 2643 461 Il.
2690 407 2766 462 IN
2804 405 3009 464 OSEE.

3602 412 3703 462 366

1548 699 1831 772 LIBER
1890 700 2415 775 SECUNDUS.
2443 726 2450 732 '

465 894 1709 1002 TROPOLOGIARUM
1785 898 1933 1000 IN
2006 896 2365 1001 OSEE
2438 899 3446 1009 CONTINUATIO.

1824 1104 2068 1117 _

277 1290 365 1345 Ad
395 1289 626 1345 beatum
653 1288 791 1343 Osee
829 1285 1119 1341 moraliter
1147 1285 1552 1355 exponendum
1584 1300 1699 1341 non
1728 1286 1903 1341 scien-
1939 1289 1986 1341 A
2015 1286 2303 1356 quidquid
2354 1286 2413 1341 in
2467 1297 2661 1343 nostra
2706 1289 3003 1347 voluntate
3046 1292 3203 1363 frugi
3251 1300 3355 1360 est,
3415 1294 3716 1352 absentata

209 1377 300 1433 tiae
329 1391 469 1432 meae
500 1390 700 1443 ausus,
734 1375 833 1430 sed
864 1374 991 1429 fidei
1025 1374 1249 1444 puritas
1281 1388 1370 1429 me
1402 1374 1631 1442 invitat;
1667 1383 1903 1444 praeter-

210 1466 423 1521 itorum
450 1467 602 1520 enim
631 1463 986 1533 experientia
1012 1463 1298 1530 laborum,
1332 1462 1389 1517 in
1424 1463 1641 1533 quibus
1671 1464 1908 1533 dignata

207 1563 291 1610 est
320 1553 520 1609 divina
566 1552 839 1622 aspiratio
877 1550 1017 1606 mihi
1060 1551 1237 1606 bonos
1285 1550 1539 1619 praebere
1572 1559 1905 1620 proventus,

210 1642 382 1696 ﬁdem
414 1641 553 1696 mihi
580 1654 693 1694 non
726 1639 949 1693 minora
979 1638 1352 1708 aggrediendi
1395 1637 1677 1704 attribuit,
1709 1636 1910 1692 scienti

210 1730 353 1799 quia
386 1728 486 1798 qui
516 1726 670 1782 dedit
709 1734 917 1795 praeter
947 1734 1219 1780 naturam
1254 1724 1480 1780 insolita
1511 1725 1689 1779 asinae
1720 1726 1907 1793 (Num.

210 1830 356 1882 xxu,
414 1813 527 1882 30),
576 1813 795 1882 potiora
844 1812 1003 1867 dabit
1053 1811 1109 1866 in
1142 1811 1395 1867 homine.
1437 1811 1683 1882 Agimus
1734 1810 1913 1880 igitur

209 1902 477 1957 eumdem
513 1916 627 1971 quo
661 1901 888 1957 locutus
917 1909 999 1957 est
1031 1901 1301 1970 spiritum
1340 1908 1680 1969 repetentes,
1716 1907 1779 1954 ut
1810 1898 1911 1968 qui

214 1993 274 2047 in
322 1991 422 2046 illa
466 1990 677 2046 cmlesti
722 1990 915 2047 fistula
948 1990 1289 2046 mirabiliter
1332 1990 1590 2058 erupisse
1620 1988 1914 2059 dignosci—

210 2090 327 2148 tur,
362 2080 527 2135 nobis
556 2095 620 2134 eo
662 2094 778 2150 quo
823 2080 1121 2149 quondam
1166 2080 1301 2134 Elite
1332 2078 1496 2134 sibilo
1521 2092 1728 2134 auram
1761 2078 1913 2133 into-

215 2183 353 2225 nare
385 2169 655 2239 dignetur
685 2168 793 2237 (III
813 2168 943 2235 Reg.
978 2181 1103 2233 xrx,
1134 2165 1237 2236 l2).

286 2257 457 2313 Vnus.
493 2259 545 2310 8.
580 2285 652 2297 —
703 2280 723 2304 ι
761 2255 1017 2325 Clangite
1046 2255 1294 2310 buccina
1325 2255 1385 2310 in
1423 2254 1637 2322 Gabaa,
1686 2264 1742 2311 et
1776 2254 1914 2310 tuba

224 2368 244 2393 ι
291 2345 345 2400 in
379 2345 581 2410 Rama,
614 2344 832 2400 ululate
872 2344 932 2398 in
981 2343 1267 2398 Bethaven
1300 2350 1424 2412 post
1469 2351 1693 2413 tergum
1725 2350 1914 2409 tuum,

224 2455 246 2480 -
309 2432 628 2503 Benjamin.
681 2453 708 2484 »
768 2434 893 2490 Vox
939 2441 1025 2489 est
1069 2433 1140 2488 ad
1192 2433 1611 2502 praedicatores,
1664 2445 1917 2500 quorum

219 2520 475 2576 officium
514 2530 595 2575 est
638 2521 709 2575 ad
755 2521 1009 2576 diversos
1041 2520 1392 2575 dissimiliter
1440 2520 1705 2574 insonare
1755 2533 1918 2573 erro-

218 2622 331 2663 res.
367 2609 432 2661 In
482 2607 672 2662 Gabaa
719 2609 941 2662 buccina
981 2608 1291 2678 clangitur,
1336 2607 1569 2677 quando
1608 2605 1918 2661 mediocri-

221 2697 332 2752 bus
366 2697 612 2766 peccatis
647 2698 941 2752 moderato
971 2712 1233 2752 sermone
1275 2695 1675 2766 praecurritur,
1726 2694 1920 2749 Gabaa

218 2785 372 2840 enim
415 2787 573 2839 colles
622 2785 1051 2854 interpretatur,
1084 2784 1256 2839 colles
1303 2790 1496 2838 autem
1538 2782 1684 2852 juga
1735 2789 1913 2835 terra-

221 2888 354 2929 rum
390 2872 609 2927 modicc
642 2879 905 2941 porrecta
935 2871 1236 2926 dicuntur.
1279 2870 1531 2925 Bucciua
1562 2878 1775 2934 autem,
1811 2882 1917 2937 pa-

219 2969 440 3016 storum
485 2974 552 3015 ac
595 2959 838 3030 vigilum
884 2966 994 3025 est;
1041 2964 1240 3012 contra
1286 2956 1455 3012 colles
1497 2968 1632 3025 ergo
1676 2954 1921 3009 buccina

222 3050 466 3114 utimur,
539 3047 677 3102 dum
755 3052 954 3101 contra
1029 3044 1383 3099 mediocrum
1444 3042 1695 3098 admissa
1751 3041 1920 3097 modo

222 3134 623 3203 temperatiore
660 3148 765 3188 nos
814 3131 1062 3202 agimus.
1094 3132 1276 3187 liama
1319 3144 1457 3186 vero
1512 3130 1923 3199 interpretatur

224 3222 454 3289 excelsa,
511 3221 643 3275 tuba
714 3220 911 3288 itaque
984 3226 1185 3273 contra
1244 3217 1495 3272 tumidas
1545 3223 1601 3271 ct
1667 3216 1922 3270 elcvatas

223 3316 445 3364 mentes
494 3307 663 3377 quasi
712 3305 964 3376 quodam
1014 3303 1214 3359 bellico
1262 3309 1550 3373 apparatu
1599 3302 1918 3370 insurgere,

224 3412 331 3453 nec
355 3410 557 3453 eorum
612 3394 797 3450 vereri
843 3394 1148 3464 potentias,
1180 3392 1275 3447 sed
1310 3391 1464 3462 quod
1497 3390 1729 3446 ditiores
1762 3395 1919 3453 sunt,

226 3501 299 3542 ne
345 3488 543 3543 eadem
584 3485 725 3541 vitia
776 3490 1171 3554 propagentur
1214 3481 1271 3536 in
1320 3480 1600 3547 subditos,
1655 3477 1926 3534 irreilexa

227 3573 569 3630 auctoritate
597 3571 894 3638 debemus,
943 3571 1082 3627 tuba
1109 3570 1258 3625 enim
1294 3570 1350 3624 in
1387 3568 1545 3624 bellis
1579 3567 1819 3622 utimur.
1852 3566 1924 3621 Et

226 3659 711 3715 considerandum
770 3657 922 3727 quod
996 3657 1064 3711 de
1123 3656 1334 3710 intimis
1390 3662 1555 3721 tacet,
1614 3651 1925 3708 mediocres

229 3754 456 3802 tantum
488 3754 544 3801 et
572 3745 827 3801 excelsos
855 3744 1183 3814 arguendos
1219 3743 1398 3808 docet,
1448 3741 1723 3796 nimirum
1758 3740 1926 3809 plane

231 3833 372 3903 quia
398 3834 456 3887 in
487 3846 789 3902 pauperes,
819 3844 965 3902 quos
996 3830 1328 3885 nullatenus
1357 3842 1710 3895 reveremur,
1743 3827 1925 3883 tumi—

232 3920 380 3976 ditas
420 3928 617 3975 nostra
644 3919 837 3974 invehi
878 3917 1035 3972 solet.
1082 3918 1156 3972 At
1187 3930 1321 3972 vero
1360 3920 1419 3969 in
1450 3915 1740 3977 Bethauen,
1773 3912 1929 3982 quod

236 4011 647 4078 interpretatur
683 4008 873 4061 domus
910 4005 1065 4072 idoli,
1109 4004 1457 4059 ululandum
1487 4010 1588 4070 est,
1627 4015 1743 4056 non
1776 4013 1928 4070 prae-

236 4096 567 4161 dicandum,
602 4093 741 4164 quia
772 4094 844 4148 ad
886 4106 982 4148 eos
1011 4092 1112 4162 qui
1154 4091 1380 4161 penitus
1429 4106 1463 4145 a
1493 4091 1606 4145 Deo
1650 4097 1929 4144 avertun-

240 4191 354 4249 tur,
396 4190 451 4237 et
502 4180 705 4237 salices
734 4179 803 4235 de
850 4180 1035 4236 medio
1068 4179 1374 4249 Babylonis
1412 4193 1447 4234 a
1495 4176 1793 4233 Psalmista
1837 4189 1932 4230 vo-

239 4277 466 4335 cantur,
538 4282 656 4323 non
717 4267 902 4322 solum
962 4279 1184 4337 organa
1240 4274 1435 4323 nostra
1495 4264 1933 4333 suspenduntur

240 4356 407 4424 (Psal.
461 4368 697 4419 cxxxvr,
746 4353 820 4423 2),
872 4353 969 4409 sed
1010 4353 1182 4408 etiam
1212 4353 1285 4408 ab
1318 4354 1406 4409 his
1452 4352 1556 4422 qui
1586 4364 1794 4406 sanum
1840 4362 1931 4404 sa—

242 4446 428 4514 piunt,
459 4444 608 4498 sicut
656 4455 691 4497 a
728 4441 967 4497 Domino
996 4441 1247 4496 Lazarus
1278 4443 1456 4508 (Joan.
1488 4454 1565 4502 x1.
1598 4439 1712 4508 35),
1756 4437 1934 4506 digna

241 4542 520 4602 tanquam
566 4530 781 4587 mortui
817 4529 1179 4586 miseratione
1207 4529 1522 4597 deflentur;
1578 4541 1675 4598 per
1715 4527 1933 4581 idolum

241 4622 415 4687 enim,
463 4633 662 4675 eorum
713 4618 999 4688 apostasia
1040 4624 1291 4673 notatur.
1330 4617 1396 4671 Et
1424 4615 1530 4671 hoc
1552 4618 1679 4684 post
1723 4618 1934 4681 tergum

244 4716 397 4764 tuum
444 4708 761 4776 Benjamin;
814 4706 1112 4777 Benjamin
1163 4705 1577 4775 interpretatur
1611 4705 1758 4773 ﬁlius
1800 4703 1931 4755 dea:-

245 4802 389 4857 teraz,
431 4803 486 4852 et
528 4810 660 4865 quis
705 4794 938 4847 dexterae
977 4794 1145 4861 ﬁlius,
1188 4792 1298 4847 nisi
1341 4793 1437 4847 illa
1484 4792 1689 4845 mentis
1728 4798 1935 4845 nostra:

245 4886 432 4955 proles
490 4880 840 4952 principalis,
896 4879 1191 4934 rationalis
1242 4878 1507 4934 videlicet
1570 4887 1780 4945 motus,
1844 4877 1937 4932 cui

246 4986 466 5042 semper
496 4970 719 5041 adjacet
758 4969 932 5024 totius
980 4967 1371 5038 prosperitatis
1401 4967 1677 5023 effectus?
1723 4967 1938 5022 Domus

247 5075 385 5133 ergo
414 5059 545 5115 idoli
571 5063 700 5127 post
747 5061 958 5124 tergum
1004 5056 1293 5124 Benjamin
1323 5064 1427 5122 est,
1463 5056 1602 5125 quia
1634 5062 1793 5109 tanta
1840 5054 1939 5110 Dei

2016 1375 2250 1444 spiritus
2292 1377 2598 1446 prudentia
2637 1378 2974 1448 dissipatur.
3023 1402 3045 1429 ι
3098 1381 3163 1435 In
3205 1380 3299 1437 die
3345 1386 3715 1441 correctionis

2023 1486 2044 1512 ι
2096 1464 2155 1519 in
2186 1464 2455 1521 tribubus
2497 1467 2671 1521 Israel
2706 1468 2927 1522 ostendi
2958 1468 3143 1524 fidem.
3175 1491 3202 1518 ››
3254 1470 3385 1526 Dies
3429 1477 3715 1528 correctio-

2017 1555 2104 1604 nis
2139 1551 2355 1607 reditus
2385 1562 2469 1608 est
2502 1553 2755 1608 luciferae
2786 1555 3044 1622 rationis,
3079 1556 3138 1611 in
3168 1557 3273 1612 hoc
3312 1559 3501 1615 reditu
3527 1566 3585 1614 in
3609 1566 3716 1614 tri-

2021 1638 2195 1693 bubus
2224 1640 2398 1693 Israel
2434 1641 2570 1695 tides
2595 1643 2937 1709 ostenditur,
2985 1659 3120 1700 cum
3147 1645 3354 1701 horum
3403 1649 3715 1704 verborum

2019 1740 2151 1794 quae
2198 1741 2376 1795 super
2427 1728 2666 1796 spiritus
2695 1730 2993 1786 aversione
3024 1733 3178 1787 dicta
3218 1738 3355 1789 sunt
3391 1736 3599 1791 veritas
3630 1737 3720 1792 de-

2019 1814 2311 1884 claratur;
2355 1814 2495 1870 dum
2544 1814 2804 1872 videlicet
2851 1819 3099 1874 carnalis
3146 1819 3387 1878 affectus
3436 1838 3538 1892 per
3580 1825 3719 1881 uni-

2022 1915 2215 1957 versos
2274 1912 2465 1959 motus
2516 1919 2669 1969 suos,
2722 1919 2789 1960 ac
2832 1907 2881 1960 si
2934 1906 3118 1963 tribus
3164 1910 3237 1965 ad
3289 1911 3527 1967 rationis
3558 1912 3719 1982 jura,

2022 1988 2352 2059 corrigitur.
2384 1991 2468 2045 Ac
2515 1991 2561 2046 si
2604 1993 2848 2047 diceret:
2902 1994 2967 2049 In
3017 1993 3124 2050 hoc
3169 1996 3304 2050 sciri
3336 2005 3521 2066 potest
3563 1998 3720 2067 quod

2024 2076 2323 2146 Benjamin
2356 2086 2517 2149 terga
2548 2095 2734 2147 verso,
2770 2081 3047 2151 Ephraim
3078 2083 3398 2155 desolatur;
3428 2086 3584 2154 quod
3631 2086 3721 2141 die

2024 2162 2262 2218 interna:
2328 2166 2696 2235 aspirationis
2753 2169 2994 2235 reddita,
3053 2170 3239 2226 tribus
3304 2172 3479 2227 Israel
3536 2172 3721 2227 corri-

2026 2260 2281 2323 guntur;
2334 2254 2392 2309 in
2443 2256 2568 2322 hoc,
2616 2256 2881 2327 inquam,
2914 2258 3054 2313 fides
3100 2260 3263 2315 verbi
3310 2261 3486 2331 hujus
3527 2271 3723 2317 osten-

2023 2340 2201 2397 ditur.

2098 2427 2265 2484 Vsus.
2307 2428 2393 2484 10.
2441 2460 2510 2468 --
2561 2453 2582 2478 ι
2635 2431 2787 2487 Facti
2839 2440 2975 2489 sunt
3021 2433 3310 2504 principes
3355 2435 3506 2491 Iuda
3554 2437 3723 2506 quasi

2028 2533 2055 2565 »
2092 2524 2448 2571 assumcntes
2484 2517 2825 2589 terminum;
2866 2534 3043 2590 super
3086 2537 3181 2578 eos
3226 2522 3520 2579 effundam
3556 2523 3723 2594 quasi

2031 2623 2052 2650 ι
2097 2616 2313 2672 aquam
2363 2602 2506 2658 iram
2557 2618 2764 2660 meam.
2812 2628 2833 2655 ι
2880 2609 3161 2676 Principes
3215 2611 3363 2663 Juda
3409 2612 3548 2676 facti
3596 2618 3726 2665 sunt

2028 2695 2189 2755 quasi
2236 2697 2571 2745 assumentes
2612 2698 2925 2759 terminum,
2959 2710 3092 2752 cum
3122 2699 3470 2768 principales
3514 2707 3722 2766 motus,

2027 2779 2131 2848 qui
2178 2793 2283 2833 nos
2329 2793 2503 2848 super
2547 2793 2685 2834 vera
2731 2782 3083 2839 confessione
3123 2785 3452 2851 sollicitant,
3481 2784 3543 2840 in
3576 2786 3729 2841 bona

2029 2865 2344 2922 intentione
2392 2874 2703 2923 creantur:
2752 2877 2809 2925 et
2856 2876 3036 2937 quasi,
3076 2873 3129 2927 id
3172 2882 3257 2929 est
3306 2888 3509 2930 revera
3542 2879 3727 2929 termi-

2026 2970 2158 3007 num
2187 2963 2511 3018 assumunt,
2542 2970 2676 3011 cum
2706 2956 2779 3011 de
2813 2958 3036 3029 integra
3072 2974 3145 3015 ex
3186 2962 3300 3017 Deo
3330 2962 3729 3018 emendatione

2023 3041 2142 3111 jam
2192 3041 2334 3096 bene
2372 3043 2611 3097 confessi
2652 3055 3035 3113 praesumunt.
3069 3048 3379 3105 Terminus
3409 3050 3729 3106 assumitur

2026 3144 2159 3186 cum
2185 3131 2478 3187 erroribus
2501 3132 2789 3187 universis
2809 3133 2867 3187 in
2900 3134 3092 3189 animo
3113 3144 3263 3191 meta
3289 3136 3628 3208 praefigitur.
3657 3138 3731 3192 Et

2028 3218 2348 3273 notandum
2397 3218 2553 3287 quod
2602 3218 2709 3273 hoc
2745 3226 2930 3274 totum
2963 3220 3019 3275 in
3051 3221 3141 3277 die
3188 3226 3330 3280 1”
3363 3223 3732 3279 correctionis

2028 3303 2296 3360 efﬁcitur.
2332 3306 2510 3374 Super
2557 3321 2643 3359 eos
2692 3306 2866 3361 etiam
2916 3306 3001 3362 ira
3030 3307 3127 3363 Dei
3158 3309 3325 3379 quasi
3355 3323 3513 3379 aqua
3541 3308 3726 3366 effun-

2030 3392 2208 3458 ditur,
2267 3408 2400 3448 cum
2467 3394 2884 3463 superveniens
2935 3396 3146 3452 divinae
3208 3397 3731 3453 animadversionis

2027 3482 2333 3552 judicium,
2396 3483 2730 3554 frequenter
2782 3483 2841 3539 in
2876 3492 3065 3541 mente
3117 3493 3419 3552 tractatur,
3470 3484 3569 3541 sed
3608 3485 3732 3542 haec

2032 3570 2119 3625 ira
2165 3571 2330 3640 quasi
2363 3584 2519 3640 aqua
2560 3569 2901 3640 effunditur,
2954 3572 3095 3641 quia
3156 3574 3215 3628 in
3243 3574 3505 3643 ﬁtractatu
3554 3572 3732 3643 hujus

2031 3655 2184 3711 modi
2214 3656 2564 3711 conscientia
2588 3670 2622 3710 a
2644 3657 2857 3725 peccati
2885 3658 3051 3714 sorde
3073 3658 3337 3715 diluitur.

2103 3744 2275 3799 Vens.
2326 3748 2412 3798 It.
2444 3774 2513 3783 —
2562 3765 2590 3793 «
2643 3745 3008 3802 Calumniam
3048 3748 3273 3817 patiens
3304 3748 3579 3818 Ephraim
3609 3747 3732 3803 fra-

2037 3852 2064 3883 »
2107 3839 2235 3887 ctus
2284 3832 2524 3902 judicio,
2578 3832 2856 3902 quoniam
2908 3836 3077 3904 ccepit
3123 3835 3284 3891 abire
3330 3843 3454 3906 post
3508 3835 3733 3891 sordem

2043 3938 2063 3962 ι
2109 3915 2226 3988 [αιη
2269 3918 2504 3990 sordes].
2543 3940 2569 3966 »
2623 3919 2895 3987 Ephraim
2929 3921 3149 3988 patitur
3174 3921 3549 3986 calumniam,
3600 3935 3734 3977 cum

2038 4002 2097 4057 in
2137 4004 2323 4058 divini
2377 4006 2577 4060 timore
2619 4006 2820 4075 judicii
2872 4008 3142 4062 voluntas
3187 4015 3385 4063 nostra
3430 4006 3735 4078 cogitatio-

2040 4105 2182 4146 num
2234 4092 2605 4148 turbulentiis
2668 4092 2991 4161 infestatur,
3059 4092 3204 4165 quin
3254 4095 3427 4151 etiam
3491 4108 3525 4150 a
3588 4094 3736 4151 bono

2040 4186 2222 4247 coepto
2270 4178 2613 4249 plerumque
2654 4179 3023 4249 distrahitur;
3062 4181 3218 4237 unde
3259 4189 3314 4237 et
3344 4181 3739 4251 fractusjudi-

2041 4265 2126 4321 cio
2157 4265 2392 4332 dicitur,
2435 4265 2574 4335 quia
2616 4265 2765 4322 inter
2814 4267 3148 4339 hujusmodi
3194 4268 3549 4339 frequentias
3594 4282 3732 4325 acu-

2041 4366 2173 4407 men
2264 4360 2471 4407 nostrre
2549 4352 2904 4408 discretionis
2996 4354 3360 4410 obtunditur.
3446 4354 3734 4420 Quoniam,

2044 4438 2251 4509 inquit,
2298 4441 2453 4507 accpit
2483 4439 2634 4492 abire
2660 4444 2789 4507 post
2816 4441 3048 4502 sordem,
3080 4440 3138 4496 id
3169 4448 3254 4496 est
3285 4440 3454 4511 coepit
3482 4441 3555 4498 ad
3585 4455 3734 4507 eam,

2043 4540 2173 4596 quae
2216 4526 2324 4581 sibi
2371 4526 2704 4597 suggeritur
2735 4539 2770 4581 a
2806 4526 3032 4583 diabolo
3078 4527 3412 4611 in.torquere
3453 4528 3737 4595 animum,

2042 4612 2374 4670 fceditatem.

2115 4706 2286 4763 Vnus.
2346 4708 2425 4760 I2.
2466 4736 2535 4744 --
2584 4724 2612 4755 α
2659 4705 2732 4760 Ει
2769 4718 2874 4774 ego
2920 4704 3088 4774 quasi
3134 4704 3289 4760 tinea
3331 4702 3630 4773 Ephraim,
3686 4716 3743 4758 et

2051 4816 2071 4841 ι
2116 4794 2285 4864 quasi
2334 4792 2576 4863 putredo
2606 4791 2802 4847 domui
2830 4791 2998 4847 Iuda.
3039 4813 3059 4839 ι
3102 4793 3268 4845 Tinea
3297 4790 3564 4860 Ephraim
3594 4791 3744 4845 Deus

2049 4882 2110 4936 fit
2156 4897 2287 4937 cum
2338 4882 2486 4936 inter
2544 4879 2885 4936 tentationes
2951 4893 3111 4935 mens
3166 4878 3399 4934 accidiaa
3445 4875 3739 4933 nimietate

2048 4970 2312 5038 tabescit;
2350 4970 2515 5040 quasi
2546 4983 2580 5023 a
2610 4968 2763 5022 tinea
2795 4980 2947 5021 enim
2979 4965 3310 5022 absumitur
3347 4964 3452 5036 qui
3483 4963 3743 5021 maeroris

2049 5058 2321 5129 angustia
2382 5057 2438 5110 in
2503 5055 2662 5110 nullo
2721 5053 2995 5122 lectionis,
3051 5054 3169 5109 sive
3221 5052 3501 5109 orationis
3552 5052 3744 5108 studio

248 5148 477 5216 oblivio,
528 5161 642 5201 non
690 5145 795 5200 nisi
829 5158 902 5199 ex
942 5144 1115 5212 culpa
1154 5143 1303 5198 male
1351 5158 1506 5198 ausae
1555 5142 1795 5197 rationis
1830 5152 1933 5198 est.
1978 5171 2021 5224 ι)
2052 5145 2367 5211 animatur,
2400 5143 2497 5198 sed
2531 5163 2556 5191 κ
2589 5156 2837 5209 omnem,
2867 5141 3042 5212 juxta
3074 5141 3381 5211 psalmum,
3417 5154 3605 5196 escam
3633 5140 3749 5194 ani-

250 5238 319 5293 Et
370 5235 691 5292 notandum
744 5231 900 5303 quod
957 5245 1089 5286 cum
1149 5230 1500 5285 ululandum
1548 5233 1606 5282 in
1672 5229 1943 5285 Bethaven
2053 5246 2148 5288 ma
2201 5246 2402 5286 eorum
2452 5229 2819 5285 abominatur
2876 5230 3043 5300 (Psal.
3103 5244 3216 5291 ενι.
3278 5232 3376 5289 18).
3436 5250 3458 5276 ι
3509 5227 3750 5283 Putredo

249 5326 503 5392 dixisset,
554 5323 629 5376 ad
674 5322 961 5389 Benjamin
1011 5319 1158 5376 illico
1206 5320 1373 5390 quasi
1419 5318 1752 5375 exclamans
1801 5320 1945 5375 sub-
2054 5320 2240 5374 domui
2281 5318 2427 5372 Iuda
2488 5316 2756 5382 efﬁcitur,
2812 5331 2945 5371 cum
2998 5318 3122 5386 ipsa
3164 5330 3400 5386 quoque
3444 5314 3749 5380 confessio,

243 5416 377 5487 jecit
419 5411 850 5485 apostropham,
882 5416 938 5464 et
975 5416 1057 5463 est
1088 5422 1153 5463 ac
1184 5407 1230 5463 si
1264 5407 1512 5462 diceret:
1557 5405 1748 5462 Eheu!
1800 5408 1947 5463 ratio

248 5505 391 5563 tanti
436 5515 619 5559 causa
666 5499 930 5564 maliest,
958 5497 1098 5553 dum
1143 5511 1177 5552 a
1211 5504 1367 5552 recta
1395 5493 1850 5550 consideratione
1897 5501 1949 5549 te

246 5592 525 5648 dimoves.
563 5587 754 5655 (Vnus.
802 5586 855 5656 9)
903 5604 931 5633 ‹‹
979 5583 1255 5654 Ephraim
1298 5583 1358 5637 in
1389 5578 1734 5637 desolatione
1762 5579 1889 5635 erit.
1923 5600 1944 5627 ι

245 5679 552 5750 Benjamin
607 5682 766 5744 terga
810 5680 1085 5738 vertente,
1128 5670 1410 5739 Ephraim
1455 5666 1766 5731 desolatur,
1812 5664 1953 5733 quia

2059 5418 2156 5475 per
2185 5418 2363 5473 quam
2410 5403 2596 5458 omnis
2627 5403 2836 5472 saepius
2876 5404 3111 5459 interior
3141 5416 3380 5457 amurca
3408 5400 3752 5469 revomitur;

2058 5493 2118 5547 in
2150 5498 2457 5559 conspectu
2501 5489 2712 5545 mensis
2742 5503 2810 5543 ac
2845 5489 2893 5544 si
2923 5490 3094 5545 fetere
3127 5488 3375 5556 videtur,
3421 5489 3563 5544 dum
3599 5488 3755 5543 enim

2059 5576 2331 5634 molestiis
2363 5576 2646 5647 quatitur,
2701 5575 2845 5630 nihil
2888 5575 3044 5645 quod
3084 5576 3154 5632 de
3195 5575 3309 5630 Deo
3353 5588 3466 5630 non
3500 5574 3571 5629 sit
3599 5573 3757 5627 velut

2060 5664 2278 5724 olidutn
2308 5664 2617 5732 reperitur.
