3950 6434
209 387 308 444 367

1067 379 1136 445 ν.
1197 379 1530 445 GUIBERTI
1586 381 1877 445 ABBATIS
1923 389 1978 445 S.
2037 385 2273 447 ΗΑΒῐῶ
2332 388 2421 447 DE
2482 387 2868 446 NOVIGENTO

3607 395 3713 446 368

279 525 455 582 Vnus.
496 523 582 580 13.
616 553 684 564 —
719 545 739 572 ι
766 524 836 580 Et
861 523 1006 580 vidit
1028 524 1306 595 prraim
1333 525 1674 596 languorem
1703 539 1898 593 suum,
1939 531 1986 583 Α
2016 527 2255 594 dicitur;
2327 542 2399 584 ex
2461 543 2577 598 quo
2620 535 2806 583 tamen
2862 525 3158 596 Ephraim,
3210 526 3262 581 id
3309 534 3393 582 est
3437 527 3715 583 voluntas

211 632 238 661 υ
278 620 330 667 et
377 610 557 666 Iudas
612 609 913 665 vinculum
973 624 1167 677 suum,
1218 617 1273 666 et
1319 610 1460 666 abiit
1513 611 1791 680 Ephraim
1834 613 1906 667 ad

210 719 240 751 ι
279 699 480 764 Assur,
533 703 588 752 et
640 696 792 751 misit
841 696 912 751 ad
964 710 1153 765 regem
1200 696 1462 763 ultorem,
1514 704 1570 752 et
1620 698 1738 768 ipse
1789 711 1905 754 non

212 808 240 836 ι
283 787 488 856 poterit
539 798 746 840 sanare
807 797 922 846 vos,
977 797 1080 838 nec
1125 783 1346 838 solvere
1399 784 1607 852 poterit
1660 798 1695 840 a
1743 785 1907 840 vobis

212 894 241 926 ιο
284 874 600 929 vinculum.
641 893 660 918 ι
705 872 970 941 Ephraim
1019 873 1334 938 languorem
1379 887 1540 926 suum
1568 872 1739 938 videt,
1771 886 1903 929 cum

215 962 598 1030 impotentiam
630 967 814 1014 status
849 960 960 1024 sui,
997 959 1146 1014 intra
1177 959 1510 1014 fluctuantis
1544 961 1906 1015 conscientias

213 1047 404 1102 sinum
438 1046 608 1112 fovet,
656 1060 761 1100 nec
793 1047 958 1100 reniti
997 1045 1303 1116 praevalet;
1338 1052 1389 1100 et
1423 1047 1598 1101 Iudas
1627 1049 1906 1101 vinculum

215 1150 375 1189 suum
410 1133 629 1202 aspicit,
681 1132 820 1188 dum
854 1132 978 1202 ipsa
1024 1134 1168 1188 ratio
1199 1135 1426 1202 penitus
1455 1135 1729 1205 obligata,
1771 1142 1826 1190 et
1873 1147 1907 1188 a

215 1236 320 1278 suo
381 1220 512 1292 jure
571 1221 864 1285 distracta,
933 1220 1081 1275 vires
1143 1221 1471 1277 nullomodo
1537 1223 1908 1278 confessionis

213 1308 414 1366 exerit.
459 1308 644 1364 Assur
689 1307 1102 1376 interpretatur
1148 1309 1301 1375 aula,
1351 1317 1405 1363 et
1461 1309 1605 1379 quid
1648 1323 1750 1379 per
1793 1321 1907 1364 au-

215 1398 352 1463 lam,
388 1396 497 1451 nisi
547 1395 820 1464 strepitus
870 1395 1195 1464 temporalis
1243 1395 1489 1451 lasciviae
1539 1397 1908 1467 designatur?

214 1483 372 1538 Talia
416 1482 570 1538 enim
631 1481 690 1536 in
745 1480 896 1536 aulis
944 1481 1271 1550 spectacula
1336 1481 1575 1538 fervent.
1644 1483 1906 1552 Ephraim

215 1583 352 1640 ergo
391 1568 466 1623 ad
512 1568 698 1621 aulam
747 1567 884 1632 abit,
917 1580 1050 1621 cum
1093 1566 1472 1622 saecularibus
1502 1568 1845 1624 intendenda
1875 1583 1909 1624 a

216 1655 304 1708 sui
336 1666 478 1708 cura
503 1667 562 1708 se
593 1652 814 1708 dividit.
854 1653 1020 1708 Mittit
1039 1653 1114 1705 ad
1151 1668 1329 1719 regem
1349 1654 1600 1715 ultorem,
1627 1669 1758 1710 cum
1788 1669 1909 1724 pes-

218 1739 346 1794 simi
395 1740 831 1795 destinationem
881 1739 1146 1794 desiderii
1200 1741 1272 1794 ad
1338 1741 1636 1797 diabolum
1687 1743 1904 1812 dirigit,

221 1828 388 1898 plane
417 1826 879 1882 crudelissimum
915 1827 1092 1897 hujus
1119 1840 1240 1882 sua!
1271 1827 1605 1884 desertionis
1643 1829 1906 1896 ultorem,

221 1913 362 1982 prob
414 1913 602 1968 dolor!
657 1912 746 1968 Ad
810 1913 1000 1982 ipsum
1059 1921 1265 1969 nostrae
1315 1915 1648 1971 intentionis
1704 1916 1910 1984 legatio

219 1999 487 2064 mittitur,
520 1999 622 2069 qui
671 1999 776 2054 hoc
813 1999 1003 2069 ipsum
1051 2015 1226 2070 super
1253 2014 1386 2056 eum
1417 2002 1518 2071 qui
1571 2002 1737 2057 mittit
1770 2001 1909 2058 ulci-

221 2088 417 2142 scitur.
449 2087 520 2139 Et
549 2090 664 2155 ipse
711 2101 818 2139 non
858 2088 1064 2154 poterit
1104 2102 1303 2140 sanare
1336 2101 1458 2153 nos,
1489 2089 1581 2142 cui
1612 2089 1909 2158 proprium

220 2183 304 2230 est
369 2174 541 2230 etiam
591 2173 660 2228 de
714 2173 871 2228 sanis
933 2175 1169 2230 reddere
1221 2175 1470 2230 saucios.
1548 2178 1652 2231 Nec
1708 2178 1912 2230 solvere

224 2267 403 2331 potest
448 2275 482 2316 a
529 2259 696 2315 nobis
743 2261 1040 2327 vinculum,
1095 2260 1190 2315 cui
1235 2260 1340 2316 soli
1381 2263 1665 2331 competit,
1715 2263 1760 2318 si
1805 2263 1910 2318 sibi

224 2352 408 2416 liceat,
441 2349 725 2404 neminem
773 2347 1058 2403 dimittere
1089 2363 1201 2404 non
1234 2349 1504 2419 ligatum;
1538 2351 1692 2420 quod
1733 2359 1909 2406 totum

222 2445 325 2504 est,
367 2438 441 2493 ab
480 2451 546 2492 eo
571 2435 890 2491 remedium
917 2436 1217 2504 qumritur,
1249 2448 1284 2489 a
1315 2449 1430 2504 quo
1459 2438 1665 2502 omnis,
1709 2439 1810 2507 qui
1841 2439 1912 2494 ad

220 2538 353 2579 eum
383 2521 727 2592 confugerit,
759 2520 1100 2576 trucidatur.
1131 2520 1425 2590 Sequitur.

294 2611 466 2667 Vens.
499 2609 584 2664 l4.
616 2639 684 2648 —
715 2630 736 2657 ι
763 2608 1045 2674 Quoniam
1074 2622 1182 2677 ego
1210 2609 1376 2678 quasi
1399 2609 1580 2666 leaena
1611 2611 1910 2681 Ephraim,

228 2721 250 2748 ι
293 2707 348 2755 et
393 2697 562 2768 quasi
607 2698 836 2754 catulus
891 2696 1068 2752 leonis
1125 2697 1321 2752 domui
1375 2698 1546 2753 Juda.
1610 2720 1632 2748 ι
1696 2700 1916 2769 Saepius

223 2783 482 2840 dixerat:
515 2785 636 2854 Ego
679 2788 838 2849 quasi
888 2787 1034 2836 tinea
1066 2783 1347 2852 Ephraim,
1399 2788 1449 2836 et
1494 2789 1652 2850 quasi
1675 2787 1914 2854 putredo

223 2872 408 2926 domui
429 2872 594 2933 Iuda,
631 2873 796 2928 modo
833 2871 1062 2943 subjicit
1092 2885 1150 2927 se
1177 2874 1344 2942 quasi
1372 2871 1610 2928 leaenam
1642 2874 1911 2943 Ephraim

222 2959 488 3016 futurum
514 2967 570 3015 et
614 2959 798 3014 domui
837 2960 992 3014 Iudae
1033 2964 1191 3025 quasi
1237 2960 1404 3014 leonis
1432 2961 1716 3017 catulum.
1755 2961 1913 3018 Nulli

223 3047 468 3103 dubium
495 3048 649 3118 quod
701 3051 864 3109 tinea,
895 3055 950 3103 et
971 3047 1208 3116 putredo
1240 3055 1440 3113 vestes,
1488 3055 1544 3104 et
1593 3049 1754 3120 ligna
1791 3052 1915 3106 sine

223 3137 414 3190 sonitu
469 3135 710 3190 latenter
757 3135 1094 3201 absumunt,
1159 3135 1326 3189 leaena
1368 3143 1584 3204 autem,
1636 3145 1692 3192 et
1747 3138 1913 3192 leonis

225 3225 438 3278 catulus
467 3223 762 3279 evidenter
804 3223 1079 3290 insiliunt,
1129 3231 1184 3279 et
1231 3232 1426 3292 aperte
1466 3224 1702 3292 laedunt,
1755 3225 1911 3294 quod

224 3325 340 3366 non
393 3320 477 3368 est
529 3312 685 3368 aliud
741 3311 851 3366 nisi
901 3311 1042 3382 quia
1092 3325 1240 3382 quos
1297 3312 1452 3367 Deus
1495 3326 1596 3382 per
1623 3311 1911 3369 occultam

225 3402 591 3456 tentationem
639 3401 776 3455 sinit
823 3399 1088 3465 interimi,
1144 3412 1246 3468 per
1297 3408 1497 3468 aperta
1550 3401 1915 3470 postmodum

225 3489 364 3543 vitia
395 3488 666 3558 permittit
706 3487 958 3544 lacerari.
993 3487 1093 3542 Est
1125 3494 1318 3542 autem
1351 3499 1420 3542 ea
1447 3487 1732 3543 distinctio
1764 3488 1914 3543 inter

229 3587 534 3645 utramque
589 3575 978 3641 tentationem,
1017 3582 1082 3630 ut
1108 3575 1267 3630 aliud
1314 3575 1490 3644 possit
1534 3576 1774 3647 intelligi
1818 3589 1918 3645 per

227 3664 461 3730 tineam,
510 3661 670 3717 aliud
727 3676 828 3730 per
879 3662 1262 3730 putredinem,
1313 3661 1469 3718 aliud
1521 3661 1771 3732 denique
1816 3660 1918 3730 per

225 3752 485 3814 lemnam,
541 3749 698 3804 aliud
749 3763 852 3818 per
893 3749 1068 3804 leonis
1113 3749 1411 3818 catulum;
1463 3749 1615 3805 tinea
1664 3763 1917 3819 namque

226 3838 388 3902 vivit,
422 3845 476 3904 et
512 3850 586 3892 ex
615 3850 682 3892 eo
713 3836 834 3905 ipso
877 3837 1134 3892 nascitur
1163 3837 1320 3906 quod
1350 3844 1700 3906 corrumpat.
1740 3837 1918 3892 Tinea

225 3939 362 3996 ergo
391 3932 472 3980 est
513 3923 808 3994 quodlibet
851 3924 1056 3979 mentis
1088 3924 1312 3992 vitium,
1347 3925 1500 3994 quod
1549 3939 1665 3978 non
1713 3931 1797 3980 est
1842 3937 1915 3979 ex

228 4014 492 4069 forastica
537 4026 732 4084 causa,
770 4013 868 4068 sed
916 4014 1158 4068 interius
1182 4027 1256 4068 ex
1289 4015 1408 4082 ipso
1439 4020 1594 4068 statu
1623 4026 1730 4068 suo
1760 4012 1914 4067 acci-

226 4102 308 4171 pit
337 4101 730 4166 seminarium,
763 4108 828 4156 ut
869 4107 954 4155 est
984 4099 1219 4168 accidia,
1248 4101 1586 4167 cenodoxia,
1619 4099 1910 4169 superbia,

225 4197 279 4246 et
309 4190 354 4244 si
386 4190 540 4260 quod
569 4197 652 4244 est
681 4187 838 4243 aliud
871 4187 1162 4242 intimum.
1196 4188 1444 4244 Putredo
1475 4202 1610 4244 vero
1645 4189 1725 4243 nil
1756 4189 1910 4244 aliud

227 4291 405 4348 quam
453 4286 646 4345 torpor
691 4284 773 4330 est
815 4283 870 4330 et
914 4275 1116 4342 otium,
1172 4275 1322 4331 unde
1367 4275 1577 4332 sensim
1623 4278 1914 4346 corruptio

229 4364 405 4421 menti
450 4363 666 4428 incidit,
715 4376 781 4416 ac
826 4363 874 4416 si
919 4363 1242 4432 putredinis
1289 4363 1523 4419 malum.
1560 4362 1729 4429 Quasi
1777 4378 1913 4435 ergo
1952 4387 1996 4442 D
2099 4363 2266 4418 Vnus.
2306 4365 2354 4417 l.
2405 4391 2466 4402 —
2508 4383 2529 4408 ι

225 4453 426 4509 vitalia
453 4458 589 4507 sunt
631 4450 902 4520 praedicta
929 4450 1038 4506 tria
1076 4451 1246 4518 mala,
1301 4459 1357 4508 et
1407 4452 1563 4508 velut
1595 4453 1746 4508 intra
1779 4455 1912 4507 ani—

229 4553 387 4596 mum
443 4547 630 4594 motus
685 4538 971 4604 habentia,
1030 4545 1114 4594 est
1181 4553 1319 4594 vero
1379 4539 1546 4609 quasi
1598 4539 1914 4595 inanimata

225 4627 458 4683 desidia.

294 4715 440 4782 Quid
489 4728 624 4785 ergo
668 4728 770 4784 per
819 4713 1080 4780 leaenam,
1139 4713 1251 4769 nisi
1304 4714 1614 4784 cujuslibet
1657 4714 1916 4770 criminis

227 4803 586 4860 manifestata
615 4802 915 4872 nequitia?
961 4801 1108 4868 Quid
1139 4816 1243 4872 per
1266 4803 1524 4858 catulum
1573 4803 1772 4872 leonis,
1801 4804 1907 4860 nisi

225 4890 364 4947 levis
407 4891 745 4960 noviterque
789 4891 1110 4957 suboriens,
1160 4898 1216 4945 et
1263 4905 1394 4959 qua
1427 4891 1590 4946 facile
1629 4891 1772 4946 flecti
1807 4905 1912 4962 po-

225 4986 352 5044 test,
399 4977 790 5048 negligentia?
842 4977 1002 5044 Quod
1048 4986 1134 5033 est
1188 4977 1411 5034 dicere:
1469 4979 1597 5034 Post
1643 4979 1911 5034 latentem

225 5063 401 5119 animi
461 5071 691 5132 pestem,
743 5077 861 5132 qua
925 5064 1109 5132 primo
1157 5065 1294 5120 vitio
1347 5065 1604 5134 quolibet
1652 5064 1912 5134 pulsante

223 5140 562 5215 corroditur,
612 5150 876 5218 sequitur
917 5149 1240 5206 animorum
1285 5151 1531 5218 incuria,
1566 5165 1685 5221 qua
1713 5160 1912 5222 sponte

223 5235 645 5304 corrumpitur;
675 5235 773 5290 sed
805 5243 1108 5304 postquam
1140 5249 1174 5290 a
1205 5235 1316 5291 Deo
1342 5238 1651 5293 recondens
1681 5240 1912 5296 animus

223 5323 296 5379 ad
329 5323 669 5392 legationem
727 5323 878 5392 regis
908 5323 1112 5378 ultoris
1158 5324 1483 5392 invertitur,
1533 5325 1791 5381 exterius
1837 5325 1910 5380 ad

221 5425 449 5468 omnem
495 5411 840 5466 evidentiam
891 5411 1229 5468 atrocissimi
1279 5413 1590 5484 cujuslibet
1628 5413 1906 5481 criminis,

222 5513 290 5556 ac
317 5499 366 5555 si
396 5499 586 5554 leaenae
620 5496 1004 5555 incursatione
1051 5499 1334 5569 pulsatur,
1368 5499 1546 5556 leaena
1571 5500 1725 5556 enim
1757 5514 1910 5571 prae-

222 5587 416 5644 sertim
473 5601 604 5642 cum
639 5587 788 5644 fetus
837 5586 938 5643 alit
985 5585 1146 5644 leone
1172 5587 1371 5644 fortior
1397 5594 1451 5642 et
1502 5586 1745 5644 ferocior
1790 5601 1911 5644 esse

2013 625 2207 672 nostra
2265 617 2654 686 undecunque
2705 616 3072 684 discerpitur.
3123 615 3287 670 ludas
3344 617 3709 685 postmodum

2012 703 2242 758 catulus
2271 703 2449 758 leonis
2477 703 2748 770 occurrit,
2800 703 2938 772 quia
2981 703 3170 758 tenuis
3213 703 3378 758 valde
3417 711 3501 759 est
3549 718 3712 760 vere-

2013 791 2224 846 cundia
2255 804 2386 861 quae
2417 791 2660 862 gratiam
2693 791 3065 845 confessionis
3107 790 3464 861 exstinguit;
3517 791 3715 846 tenuis

2014 878 2201 947 plane,
2234 878 2375 948 quia
2420 891 2549 932 mox
2587 885 2649 933 ut
2685 878 3069 946 prercordialis
3101 878 3157 932 in
3201 879 3393 933 animo
3431 879 3714 948 poeniten-

2015 965 2106 1020 tize
2148 965 2395 1020 scintilla
2429 965 2711 1032 micuerit,
2757 967 2941 1035 prima
2974 967 3123 1022 illico
3153 969 3462 1023 confitendi
3496 968 3715 1024 volun-

2013 1061 2101 1108 tas
2146 1053 2294 1108 ultro
2349 1067 2406 1108 se
2464 1052 2702 1122 ingerit;
2751 1055 2901 1108 sicut
2943 1055 3094 1108 enim
3149 1054 3299 1124 ignis
3350 1055 3471 1110 sine
3520 1055 3713 1110 calore

2013 1155 2133 1196 esse
2166 1155 2278 1194 non
2325 1147 2525 1208 potest,
2584 1139 2664 1194 ita
2706 1139 3002 1208 pmnitudo
3045 1141 3268 1194 sincera
3322 1140 3444 1195 sine
3492 1138 3712 1196 confes-

2011 1227 2187 1282 sionis
2218 1226 2496 1282 desiderio
2527 1240 2639 1280 non
2675 1235 2778 1280 est.

2086 1333 2113 1363 α
2156 1314 2298 1369 Ecce
2326 1328 2430 1383 ego
2474 1315 2692 1382 capiam
2748 1321 2802 1368 et
2834 1313 3066 1382 vadam,
3117 1313 3310 1369 tollam
3361 1321 3416 1369 et
3462 1328 3576 1369 non
3624 1323 3711 1369 est

2020 1421 2040 1447 ι
2086 1402 2185 1470 qui
2241 1409 2426 1456 eruat.
2489 1423 2508 1448 ι
2573 1401 2723 1455 Deus
2777 1401 2928 1470 capit
2989 1416 3120 1456 cum
3156 1409 3402 1457 mentem
3443 1415 3476 1456 a
3522 1402 3713 1472 seipsa

2013 1496 2356 1557 evagantem
2420 1495 2605 1542 metus
2659 1501 2907 1556 superne
2954 1487 3325 1543 districtionis
3391 1489 3711 1558 intercipit;

2014 1576 2172 1631 vadit
2230 1591 2363 1632 cum
2423 1589 2456 1630 a
2506 1576 2678 1631 veteri
2738 1589 2931 1630 errore
2983 1575 3142 1631 abire
3201 1591 3304 1631 nos
3357 1576 3507 1632 facit.
3563 1577 3712 1632 Ecce

2015 1671 2205 1719 autem
2285 1671 2555 1718 eventum
2625 1663 2933 1731 repentina;
2995 1663 3356 1732 aspirationis
3430 1665 3708 1720 insinuat.

2016 1749 2180 1803 Tales
2210 1755 2344 1803 sunt
2378 1749 2544 1818 plane
2576 1749 2846 1804 humanm
2877 1748 3081 1804 mentis
3111 1763 3300 1816 casus,
3335 1758 3396 1805 ut
3427 1751 3529 1820 qui
3558 1758 3714 1806 stare

1951 1813 1989 1866 Β
2021 1850 2180 1890 nunc
2225 1835 2478 1904 cmperit,
2514 1835 2862 1889 conscientia
2893 1834 3200 1904 languente
3253 1843 3374 1904 post
3405 1813 3710 1905 paululum

2018 1930 2120 1978 aut
2157 1921 2296 1977 vitio
2337 1921 2600 1976 titillante
2647 1922 3005 1988 succumbat,
3066 1938 3169 1976 nec
3221 1923 3324 1977 hoc
3371 1923 3562 1989 semel,
3613 1925 3712 1976 sed

2021 2009 2185 2064 multi
2248 2007 2414 2063 modo
2480 2021 2719 2064 recursu
2783 2009 3113 2078 proveniat:
3174 2010 3281 2065 hoc
3337 2012 3488 2066 enim
3541 2011 3716 2066 modo

2025 2116 2046 2142 ι
2093 2094 2298 2163 septies
2325 2095 2478 2149 cadit
2501 2096 2695 2165 justus
2730 2103 2784 2150 et
2816 2097 3064 2165 resurgit
3097 2097 3288 2166 (Prov.
3324 2111 3482 2164 xxw,
3523 2097 3644 2166 l6);
3689 2119 3708 2144 ι

2018 2192 2073 2239 et
2125 2197 2257 2238 cum
2327 2181 2589 2238 ceciderit
2643 2197 2756 2238 non
2823 2183 3129 2250 colliditur,
3187 2185 3326 2254 quia
3379 2184 3584 2250 taliter,
3648 2191 3715 2239 ut

2020 2272 2206 2327 dicere
2237 2271 2532 2341 cmpimus,
2583 2293 2602 2318 ι
2637 2271 2907 2341 supponit
2941 2272 3216 2327 Dominus
3262 2287 3494 2328 manum
3543 2286 3712 2327 suam

2021 2362 2184 2428 (Psal.
2218 2373 2424 2425 xxxvr,
2457 2359 2568 2430 24).
2604 2377 2634 2410 υ
2674 2365 2815 2415 I98
2849 2359 3033 2426 Tollit,
3069 2373 3200 2415 cum
3229 2374 3263 2414 a
3299 2361 3715 2430 cupiditatibus

2022 2448 2274 2502 animam
2327 2447 2502 2517 hujus
2563 2447 2690 2502 vitas
2743 2447 2996 2502 mortalis
3045 2448 3266 2503 attollit.
3316 2450 3434 2504 Non
3483 2453 3562 2502 est
3615 2453 3714 2513 qui

2022 2541 2196 2596 eruat,
2247 2535 2384 2605 quia
2427 2549 2542 2590 non
2601 2543 2683 2590 est
2724 2535 2920 2604 aliqua
2977 2535 3211 2591 tentatio
3262 2535 3546 2590 intantum
3613 2550 3716 2591 cor

2023 2624 2318 2692 impetens,
2367 2638 2498 2694 quae
2540 2624 2651 2679 Deo
2698 2623 2987 2679 hominem
3035 2625 3199 2693 plene
3249 2624 3552 2693 possidenti
3591 2625 3716 2680 ulla

2021 2711 2226 2767 fraude
2253 2711 2556 2780 subripiat,

2093 2798 2262 2855 Vnus.
2313 2797 2402 2852 15.
2444 2828 2512 2837 -
2559 2819 2578 2844 ι
2637 2798 2860 2855 Vadens
2912 2807 3165 2854 revertar
3189 2799 3259 2854 ad
3291 2799 3477 2854 locum
3516 2812 3713 2854 meum

2029 2911 2050 2935 ιν
2095 2887 2273 2942 donec
2298 2885 2574 2942 deficiatis
2615 2893 2669 2940 et
2702 2887 2974 2955 quaeratis
3021 2885 3219 2942 faciem
3256 2900 3459 2942 meam.
3499 2908 3520 2935 ι
3560 2887 3717 2942 Deus

2024 2975 2230 3030 iterum
2261 2973 2420 3029 vadit
2449 2987 2602 3039 cum,
2654 2983 2872 3042 recepta
2914 2975 3118 3044 gratia,
3154 2981 3217 3030 ut
3243 2990 3346 3029 nos
3375 2973 3538 3030 nobis
3569 2973 3712 3044 quid

2024 3063 2206 3118 simus
2276 3075 2349 3117 ex
2410 3061 2574 3116 nobis
2633 3062 2912 3128 ostendat,
2973 3061 3394 3131 aliquantisper
3456 3076 3489 3117 a
3549 3062 3716 3116 nobis

2022 3150 2406 3220 dispensative
2448 3148 2676 3216 recedit,
2729 3163 2844 3204 non
2899 3164 3002 3204 nos
3049 3157 3238 3204 tamen
3287 3164 3715 3220 usquequaque

2022 3239 2316 3308 relinquit.
2371 3237 2586 3292 Vadens
2628 3251 2764 3307 ergo
2822 3237 2896 3291 ad
2954 3237 3124 3292 locum
3177 3253 3335 3291 suum
3383 3239 3709 3304 revertitur,

2023 3341 2155 3383 cum
2191 3325 2592 3391 humilitatem,
2650 3340 2782 3395 quae
2823 3335 3017 3380 nostra
3067 3326 3120 3381 in
3168 3327 3430 3396 prmsenti
3480 3326 3715 3396 proprie

2023 3415 2184 3470 sedes
2228 3421 2332 3480 est,
2377 3413 2579 3468 crebro
2613 3421 2865 3482 repetere
2910 3413 2983 3468 ab
3027 3413 3146 3482 ipso
3197 3422 3472 3484 tanquam
3514 3415 3714 3482 inopes

2024 3512 2078 3558 et
2125 3501 2330 3557 deserti
2367 3500 2662 3571 jubemur.
2697 3501 2767 3556 Et
2796 3509 2946 3556 certe
2974 3515 3107 3556 cum
3145 3501 3225 3556 sic
3271 3501 3610 3568 deserimur,
3657 3503 3711 3556 ei

2023 3589 2316 3646 salubrius
2360 3589 2754 3655 admovemur,
2800 3597 2855 3644 et
2904 3589 3010 3644 hoc
3050 3588 3110 3644 fit
3143 3589 3320 3644 donec
3353 3588 3709 3650 deficiamus.

2025 3685 2348 3747 peccatores
2369 3677 2525 3732 enim
2569 3690 2603 3731 a
2649 3684 2802 3732 terra
2847 3677 3106 3744 deﬁcere,
3151 3683 3206 3732 et
3239 3677 3486 3746 iniquos,
3540 3676 3619 3732 ita
3647 3684 3715 3733 ut

2023 3781 2140 3821 non
2192 3766 2324 3832 sint,
2381 3765 2516 3820 dicit
2585 3765 2842 3834 psalmus
2887 3766 3056 3832 (Psal.
3127 3779 3242 3830 cm,
3295 3764 3404 3834 35).
3466 3765 3514 3819 A
3562 3772 3714 3820 terra

2023 3853 2174 3909 enim
2219 3852 2407 3909 deficit
2450 3853 2717 3922 quisquis
2773 3859 3012 3908 terrenze
3058 3853 3329 3908 vanitatis
3374 3867 3578 3922 expers
3628 3851 3709 3919 fit,

2023 3950 2087 3997 ut
2132 3941 2286 4012 quod
2338 3941 2630 4010 quondam
2690 3939 2898 4005 fuerat,
2956 3953 3070 3994 non
3131 3940 3222 3994 sit.
3275 3967 3347 3981 —-
3407 3940 3523 3994 Iloc
3574 3954 3713 4010 ergo

2025 4030 2190 4085 modo
2222 4027 2422 4084 defecti
2469 4027 2666 4084 faciem
2709 4029 2836 4099 ejus
2885 4028 3222 4097 quaerimus,
3271 4042 3403 4082 cum
3453 4027 3708 4084 interiori

2021 4131 2146 4173 eam
2185 4117 2370 4186 inopia
2392 4123 2646 4186 cogente,
2677 4124 2822 4172 testu
2850 4117 3068 4172 acriore
3097 4116 3424 4184 repetimus.

2683 4248 2915 4306 CAPUT
2955 4247 3049 4306 VI.

2586 4362 2651 4417 In
2697 4361 3065 4418 tribulatione
3109 4376 3215 4418 sua
3248 4376 3416 4419 mane
3456 4377 3694 4419 consur-

2024 4472 2052 4500 »
2085 4457 2220 4520 gent
2247 4450 2316 4505 ad
2363 4464 2470 4506 me.
2519 4471 2538 4497 ι
2578 4449 2916 4506 Sanctorum
2959 4449 3218 4507 virorum
3248 4451 3548 4520 specialior
3590 4467 3704 4508 non

2019 4546 2103 4594 est
2145 4537 2440 4594 tribulatio
2482 4551 2656 4608 quam
2706 4537 2884 4607 hujus
2929 4537 3250 4594 dulcedinis
3304 4539 3544 4594 internae
3590 4541 3706 4609 pri-

2019 4627 2189 4682 vatio.
2228 4628 2292 4680 In
2322 4626 2422 4680 hac
2465 4626 2816 4680 tribulatione
2852 4641 3010 4680 mane
3047 4628 3440 4699 consurgitur,
3471 4642 3602 4684 cum
3633 4630 3705 4684 ad

2018 4715 2146 4786 ejus
2183 4713 2564 4784 recipiendam
2611 4714 2876 4784 gratiam,
2927 4723 3040 4771 tota
3071 4715 3370 4772 sedulitate
3409 4718 3704 4774 concurri-

2020 4811 2144 4868 tur;
2177 4818 2337 4856 mane
2359 4803 2535 4870 enim,
2587 4816 2687 4871 pro
2715 4817 2780 4858 eo
2823 4803 2978 4872 quod
3009 4811 3094 4859 est
3132 4803 3349 4871 sedulo,
3392 4805 3478 4858 vel
3512 4812 3707 4860 matu-

2019 4905 2102 4955 re,
2137 4891 2440 4960 aliquoties
2469 4891 2722 4960 ponitur,
2770 4898 2832 4947 ut
2863 4895 3002 4946 sunt
3033 4891 3129 4946 illa
3170 4893 3225 4946 in
3261 4891 3534 4961 psalmis:
3573 4915 3599 4938 ιι
3640 4893 3712 4947 Εῑ

2019 4978 2320 5050 castigatio
2371 4991 2514 5046 mea,
2565 4977 2778 5048 inquit,
2838 4979 2895 5033 in
2939 4979 3239 5034 matutinis
3301 4980 3467 5048 (Psal.
3527 4992 3708 5046 Lxxn,

2013 5067 2123 5134 14).
2166 5087 2186 5114 ι
2225 5066 2324 5122 Ει;
2371 5087 2400 5115 ‹‹
2440 5066 2503 5121 In
2530 5066 2811 5122 matutino
2836 5066 3245 5123 interflciebam
3270 5055 3468 5122 omnes
3498 5081 3710 5138 pecca-

2020 5177 2048 5203 »
2091 5163 2239 5211 tores
2267 5161 2430 5210 terrae
2462 5154 2630 5224 (Psal.
2661 5169 2715 5220 c,
2745 5153 2819 5222 8).
2855 5173 2882 5207 »

2092 5243 2261 5298 Vnus.
2297 5244 2348 5296 ‘2.
2387 5273 2455 5282 -
2501 5264 2522 5291 ε
2559 5242 2760 5300 Venite
2789 5249 2845 5298 et
2883 5251 3246 5300 revertamur
3278 5243 3346 5299 ad
3378 5243 3709 5311 Dominum,

2024 5349 2045 5375 ι
2091 5327 2230 5398 quia
2260 5327 2378 5398 ipse
2417 5329 2564 5398 cepit
2593 5336 2647 5384 et
2673 5329 2900 5384 sanabit
2926 5343 3050 5397 nos,
3083 5329 3361 5400 percutiet
3389 5338 3444 5386 et
3466 5330 3713 5386 lcurabit

2024 5435 2047 5462 ι
2091 5429 2215 5470 nos.
2248 5437 2270 5463 ι
2303 5415 2427 5472 Vox
2453 5425 2536 5471 est
2563 5429 2762 5472 eorum
2804 5418 2903 5486 qui
2936 5416 3005 5472 de
3037 5417 3403 5474 tribulatione
3432 5419 3502 5472 ad
3528 5417 3709 5474 Deum

2017 5517 2175 5556 mane
2204 5510 2582 5574 consurgunt.
2641 5505 2846 5567 Venite,
2882 5505 3174 5575 inquiunt,
3211 5506 3265 5561 id
3311 5513 3394 5560 est
3425 5513 3710 5576 quotquot

2017 5589 2214 5646 eodem
2247 5605 2362 5661 quo
2392 5606 2495 5646 nos
2535 5606 2726 5648 errore
2761 5593 3048 5658 tenemini,
3083 5593 3170 5648 vel
3203 5601 3486 5664 quotquot
3516 5601 3708 5650 motus
