3950 6416
224 376 341 428 369

952 375 1403 433 τΒοΡοιοςιιε
1446 376 1508 433 [Ν
1549 380 1756 441 OSEE,
1798 379 1934 435 AMO

2146 379 2301 436 JER.
2347 410 2406 419 --
2436 379 2567 435 LIB.
2609 382 2684 437 II.
2736 383 2801 436 IN
2839 381 3036 439 OSEE.

3650 390 3751 441 370

227 508 539 567 interiores
592 510 664 566 ad
716 512 898 567 Assur
942 511 1160 573 abistis,
1211 521 1568 582 quotquotve
1612 515 1684 570 ad
1741 528 1933 585 regem
1972 514 2195 570 Aenim
2226 530 2341 571 non
2387 516 2457 571 ad
2488 516 2745 572 subitum
2791 532 3030 587 prorsus
3076 521 3347 591 erumpit.
3398 523 3494 577 sed
3539 524 3751 580 sensim

229 598 475 654 misistis
516 598 780 663 ultorem,
807 600 876 654 de
908 614 975 654 ea
1006 614 1121 669 qua
1155 600 1265 655 fusi
1294 601 1428 656 estis
1461 617 1562 658 nos
1592 602 1937 672 dispersione

226 686 507 756 colligite,
563 694 618 742 et
664 687 736 742 ad
790 702 944 750 eum,
1006 689 1098 743 cui
1157 704 1290 743 cum
1350 691 1585 758 praefato
1639 691 1938 761 Benjamin

229 782 399 845 terga
438 775 799 840 dederamus,
835 776 1251 831 sensatioribus
1284 777 1404 846 jam
1436 779 1644 833 animis
1674 793 1775 834 ora
1807 793 1941 834 ver-

231 871 447 918 tamus.
495 864 617 933 Ipse
654 867 797 917 enim
844 880 938 918 nos
976 868 1135 933 cepit,
1172 864 1343 920 illatae
1394 865 1651 921 videlicet
1696 866 1936 922 tribula-

229 951 409 1006 tionis
439 950 597 1006 freno
636 965 670 1006 a
717 951 946 1007 licentia
978 966 1080 1006 nos
1126 967 1305 1021 prava
1342 954 1621 1015 cohibuit,
1671 954 1940 1023 superius

226 1040 429 1095 enim:
479 1041 608 1093 Ecce
659 1055 753 1107 ego
806 1042 1038 1108 capiam,
1083 1040 1293 1110 inquit,
1345 1041 1550 1095 deinde
1600 1056 1703 1097 nos
1750 1049 1935 1107 sanat,

227 1129 391 1199 quod
426 1126 534 1183 nisi
564 1127 824 1183 coercitis
854 1137 906 1184 et
959 1128 1334 1185 redeuntibus
1382 1129 1569 1185 facere
1610 1145 1725 1185 nou
1780 1138 1937 1200 pote-

230 1223 346 1272 rat.
383 1216 643 1285 Denique
674 1232 770 1270 nos
802 1217 1050 1285 percutit
1082 1224 1184 1272 aut
1219 1231 1318 1286 per
1347 1218 1590 1272 adversa
1621 1233 1752 1288 qua;
1782 1217 1939 1273 elTre-

231 1304 412 1360 nibus
452 1304 631 1367 nobis.
681 1312 735 1359 et
765 1305 919 1359 omni
972 1305 1295 1361 vanitatum
1343 1314 1517 1361 vento
1563 1306 1933 1373 circumlatis,

228 1392 521 1460 obtendit;
585 1400 685 1447 aut
752 1393 920 1448 etiam
986 1393 1251 1462 percutit,
1326 1408 1459 1448 cum
1530 1402 1631 1449 aut
1694 1395 1938 1464 peccatis

229 1479 484 1546 saucios,
544 1487 645 1535 aut
696 1480 819 1550 ipsa
867 1495 1099 1551 quoque
1150 1481 1521 1549 passibilitate
1576 1489 1629 1536 et
1675 1481 1936 1537 mortali-

230 1576 352 1624 tate
396 1582 695 1638 percussos
724 1569 1007 1625 ostendit:
1054 1573 1205 1634 Quas
1235 1570 1467 1639 quidem
1514 1571 1593 1625 sic
1638 1570 1931 1640 deplorat:

237 1679 262 1704 ε
306 1654 612 1722 Quoniam,
666 1656 877 1727 inquit,
928 1657 1150 1726 sagittae
1197 1666 1311 1713 tuae
1373 1657 1564 1713 infixae
1609 1666 1744 1713 sunt
1796 1658 1934 1713 mihi

230 1746 404 1811 (Psal.
472 1759 689 1815 xxxv",
745 1746 820 1814 3).
886 1766 907 1792 ι
968 1746 1145 1801 Curat
1213 1761 1331 1812 nos,
1400 1752 1503 1800 aut
1558 1745 1934 1801 adversitates

228 1833 519 1898 leniendo,
582 1841 684 1888 aut
753 1840 984 1903 peccata
1039 1833 1326 1896 donando,
1396 1841 1498 1889 aut
1572 1834 1934 1889 necessitates

230 1922 532 1977 naturales
582 1929 856 1992 perpetua
898 1921 1438 1990 incorruptibilitate
1486 1921 1783 1977 mutando.
1816 1923 1935 1977 Cu—

226 2017 323 2065 rat
379 2011 571 2078 etiam,
606 2025 738 2067 cum
771 2024 871 2081 per
913 2010 1239 2066 interiorem
1287 2010 1664 2080 diligentiam,
1710 2017 1764 2064 et
1807 2010 1936 2065 diu-

230 2106 470 2155 turnam
520 2099 910 2169 subjectorum
961 2105 1222 2153 motuum
1274 2097 1615 2165 custodiam,
1672 2097 1934 2167 perducit

230 2202 337 2242 nos
363 2189 538 2243 totius
568 2186 909 2258 integritatis
940 2186 1011 2241 ad
1042 2186 1325 2257 regulam.

305 2276 476 2331 Vens.
509 2275 563 2329 3.
608 2304 666 2314 —
705 2298 725 2323 ι
762 2273 1089 2330 Viviticabit
1119 2287 1222 2329 nos
1253 2280 1377 2343 post
1405 2273 1552 2329 duos
1582 2272 1723 2339 dies,
1754 2272 1814 2327 in
1844 2272 1934 2327 die

234 2388 263 2411 ιι
304 2364 473 2420 tertia
530 2363 827 2419 suscitabit
887 2376 1011 2429 nos,
1067 2369 1122 2418 et
1182 2362 1449 2417 vivemus
1502 2361 1561 2416 in
1626 2368 1932 2429 conspectu

237 2474 263 2500 ο
305 2454 451 2523 ejus,
485 2452 752 2519 sciemus,
782 2464 1213 2521 sequemurque
1264 2457 1326 2505 ut
1356 2463 1771 2520 cognoscamus
1818 2450 1934 2504 D0-

240 2564 261 2588 -
307 2541 553 2595 minum.
607 2561 627 2587 ι
682 2541 810 2594 Post
847 2538 982 2592 duos
1026 2539 1142 2593 dies
1187 2553 1282 2592 nos
1327 2542 1587 2607 viviﬁcat,
1629 2552 1761 2593 cum
1813 2544 1934 2606 post

230 2628 625 2684 conversionis
681 2627 925 2696 gratiam
996 2626 1069 2682 ad
1126 2626 1579 2695 prosecutionem
1646 2626 1930 2681 virtutum

236 2732 338 2772 nos
385 2717 623 2771 animat.
662 2716 725 2770 In
766 2716 854 2769 die
894 2719 1057 2769 tertia
1099 2731 1195 2769 nos
1241 2714 1500 2781 suscitat,
1534 2728 1667 2769 cum
1721 2714 1790 2768 ad
1823 2729 1929 2768 cu-

232 2804 459 2861 mulum
494 2804 853 2874 perfectionis
900 2804 991 2858 vel
1037 2802 1226 2873 potius
1261 2802 1530 2858 bravium
1562 2802 1787 2858 caeleste
1834 2816 1936 2856 uos

228 2892 515 2949 sublevat.
577 2892 644 2947 Hi
689 2892 814 2960 {tres
867 2899 1053 2946 status
1109 2891 1216 2947 sub
1268 2890 1445 2945 trium
1514 2891 1622 2947 Job
1677 2890 1929 2945 tiliarutn

231 2981 614 3051 designantur
675 2979 1027 3046 nominibus,
1079 2979 1216 3033 dum
1284 2991 1399 3033 una
1457 2978 1606 3043 Dies,
1678 2977 1933 3033 secunda

2048 603 2301 659 tenebris
2349 604 2742 661 fatiscentibus
2784 620 3010 662 aurorae
3044 608 3223 677 jubar
3252 609 3520 666 admittit.
3558 614 3751 679 Egres-

2046 707 2140 745 sus
2187 706 2324 761 ergo
2381 692 2562 747 instar
2616 693 2856 748 diluculi
2907 703 3292 764 praeparatur,
3347 712 3478 753 cum
3525 699 3749 771 integu-

2048 788 2306 835 mentum
2398 781 2606 837 veteris
2689 782 3051 851 ignorantiae,
3134 783 3331 840 multis
3417 786 3747 855 pmnitentia

2045 869 2347 924 ornatibus
2415 870 2723 939 praemissis
2779 870 3086 942 retegitur;
3133 872 3204 926 ad
3276 872 3456 942 hujus
3505 874 3745 931 diluculi

2046 965 2389 1025 apparatum
2443 957 2497 1011 in
2530 958 2953 1014 crediturorum
3002 959 3211 1016 animis
3259 961 3507 1017 Joannes
3556 962 3743 1032 Bapti-

2046 1053 2133 1098 sta
2202 1045 2599 1113 prtemittitur;
2674 1050 2835 1112 quasi
2907 1048 3077 1101 imber
3144 1053 3521 1117 temporaneus
3593 1051 3745 1103 nobis

2047 1133 2221 1197 venit,
2253 1146 2385 1187 cum
2432 1133 2683 1203 qualiter
2715 1134 2773 1188 in
2823 1139 3260 1204 praesentiarum
3297 1146 3506 1193 nostra}
3538 1138 3747 1192 mentis

2046 1220 2309 1275 habitum
2352 1234 2616 1276 exercere
2657 1221 2989 1289 debeamus,
3026 1238 3129 1278 nos
3176 1224 3403 1280 imbuit.
3450 1227 3745 1295 Tempora-

2044 1321 2177 1359 neus
2220 1308 2391 1361 imber
2431 1308 2661 1375 dicitur,
2695 1324 2828 1365 cum
2874 1310 3202 1379 praedicatio
3246 1325 3377 1382 qua)
3423 1315 3681 1368 exterius
3712 1328 3745 1367 a

2044 1395 2334 1465 magistris
2383 1406 2748 1467 prorogatur,
2799 1397 2888 1453 vel
2934 1399 3157 1455 interna
3206 1400 3418 1465 unctio,
3469 1415 3601 1470 quae
3647 1414 3746 1470 per

2043 1482 2308 1552 spiritum
2344 1484 2441 1539 Dei
2486 1485 2857 1555 inspergitur,
2909 1486 2979 1541 ad
3024 1487 3362 1544 interiorum
3410 1488 3743 1557 passionum

2042 1570 2343 1635 medelam,
2397 1586 2544 1641 quas
2611 1574 3000 1641 temporaliter
3074 1576 3344 1644 patimur,
3410 1575 3739 1631 adhibetur.

2043 1656 2325 1710 Serotinus
2372 1658 2542 1711 imber
2586 1663 2741 1713 terra
2783 1667 2885 1727 est,
2935 1661 3170 1730 quando
3216 1660 3285 1717 de
3316 1660 3566 1728 internis,
3610 1675 3743 1731 qua;

2040 1744 2251 1800 saeculo
2326 1754 2753 1816 vesperascente
2823 1756 3271 1818 exspectantur;
3348 1753 3491 1803 nos
3554 1763 3740 1805 sermo

2040 1840 2144 1899 est,
2195 1848 2327 1904 quae
2361 1841 2512 1890 terra
2541 1835 2839 1900 dicuntur,
2873 1836 3013 1906 quia
3042 1836 3229 1906 major
3275 1851 3452 1907 quam
3485 1835 3562 1892 ibi
3596 1838 3739 1891 soli-

2039 1920 2189 1977 ditas
2235 1936 2356 1977 esse
2405 1938 2519 1979 non
2574 1930 2775 1993 potest,
2826 1923 3091 1979 stabilius
3118 1924 3270 1980 enim
3307 1933 3458 1980 terra
3484 1924 3738 1980 elemen-

2042 2016 2163 2064 tum
2212 2010 2440 2066 nullum
2482 2018 2587 2078 est,
2645 2011 2797 2067 unde
2846 2011 3098 2081 legitur:
3162 2034 3183 2060 ι
3219 2013 3397 2068 Terra
3445 2020 3638 2068 autem
3683 2012 3740 2068 in

2040 2104 2318 2152 aeternum
2348 2105 2459 2153 stat
2490 2100 2707 2167 (Eccles.
2735 2113 2772 2164 ι,
2801 2100 2879 2165 4).
2918 2121 2938 2146 ι

2112 2184 2282 2241 Vens.
2313 2185 2367 2239 4.
2407 2214 2478 2225 —
2507 2208 2527 2234 ι
2563 2185 2709 2251 Quid
2740 2186 2942 2241 faciam
2977 2186 3098 2251 tibi,
3134 2185 3451 2256 Ephraim?
3481 2187 3621 2257 quid
3653 2187 3743 2242 ta-

2047 2296 2066 2317 η
2112 2272 2258 2328 ciam
2293 2272 2412 2338 tibi,
2458 2273 2652 2328 Juda?
2697 2272 3089 2330 misericordia
3119 2282 3309 2330 vestra
3343 2276 3512 2345 quasi
3556 2275 3745 2331 nubes

2042 2381 2069 2412 ν
2112 2362 2416 2427 matutina,
2454 2369 2507 2416 et
2537 2362 2705 2431 quasi
2737 2375 2831 2417 ros
2862 2375 3028 2419 mane
3058 2363 3473 2432 pertransiens.
3510 2383 3539 2415 ιι
3571 2365 3653 2419 Ac
3695 2365 3740 2419 si

2041 2449 2287 2505 diceret:
2337 2449 2494 2515 Quod
2528 2450 2828 2519 praemium
2860 2452 3292 2520 praestolamini,
3325 2466 3358 2507 o
3389 2452 3660 2508 voluntas
3687 2460 3743 2507 et

2042 2537 2206 2605 ratio,
2251 2551 2353 2607 pro
2387 2538 2494 2593 hoc
2528 2538 2646 2606 ipso
2694 2546 2878 2593 vestro
2923 2539 2997 2594 ad
3030 2540 3211 2595 Deum
3248 2539 3477 2595 reditu?
3520 2541 3740 2593 Miseri-

2040 2625 2246 2687 cordia,
2316 2639 2491 2695 quam
2549 2626 2709 2680 vobis
2766 2627 3084 2682 secundum
3148 2627 3454 2683 animalem
3522 2636 3741 2684 motum

2044 2712 2293 2781 impendi
2327 2713 2680 2780 desideratis,
2714 2715 2827 2768 scio
2868 2714 3009 2784 quia
3041 2714 3111 2769 ad
3168 2714 3403 2770 modum
3443 2715 3741 2770 matutina;

2042 2800 2233 2867 nubis,
2296 2800 2687 2870 perfunctoria
2753 2811 2858 2866 est,
2919 2802 3058 2857 dum
3117 2816 3217 2871 pro
3275 2802 3532 2858 interiori
3590 2802 3740 2858 bono

2039 2889 2341 2944 commoda
2394 2890 2682 2945 exteriora
2730 2889 3081 2959 perquiritis,
3130 2898 3185 2946 et
3232 2890 3373 2946 dum
3425 2904 3528 2960 pro
3574 2899 3738 2946 aeter-

2042 2977 2132 3031 nis
2172 2976 2436 3032 laborare
2483 2978 2789 3047 putamini,
2840 2978 2897 3032 in
2945 2977 3210 3047 praesenti
3257 2978 3468 3047 cupitis
3517 2992 3742 3048 prospe-

229 3069 444 3136 Cassia,
518 3067 868 3125 Cornustibii
925 3067 1094 3123 tertia
1162 3067 1465 3123 vocitatur.
1537 3066 1706 3122 Initia
1776 3065 1931 3121 enim
1972 3107 2014 3162 Ο
2042 3064 2178 3120 rari.
2232 3066 2507 3118 Matutina
2536 3066 2690 3119 enim
2730 3065 2897 3119 nubes
2940 3072 3265 3135 emergente
3312 3079 3527 3121 aurora
3573 3065 3740 3136 disji-

233 3156 637 3227 promotiones,
668 3163 723 3212 et
765 3155 903 3211 ﬁnes
952 3155 1012 3211 in
1064 3168 1438 3225 quorumque
1488 3153 1935 3209 conversationi-

233 3246 343 3301 bus
372 3245 773 3311 attenduntur,
808 3243 963 3314 quod
995 3250 1078 3299 est
1107 3242 1299 3313 egredi
1331 3256 1403 3299 ex
1434 3243 1701 3313 Egypto,
1729 3254 1930 3311 perva-

233 3333 358 3404 gari
410 3333 468 3388 in
517 3332 760 3397 deserto,
810 3339 1020 3388 terram
1079 3330 1472 3401 promissionis
1517 3330 1766 3398 intrare;
1812 3329 1931 3399 ipse

232 3435 469 3491 quoque
535 3420 810 3476 Dominus
864 3434 938 3475 ex
982 3419 1338 3489 Evangelio:
1388 3438 1415 3469 α
1468 3419 1662 3486 Hodie,
1718 3418 1927 3489 inquit,

232 3506 519 3563 daemonia
563 3506 749 3576 ejicio.
782 3520 910 3563 cras
954 3506 1230 3561 sanitates
1269 3506 1515 3575 perﬁcio,
1546 3515 1599 3561 et
1641 3506 1808 3561 tertia
1839 3505 1931 3561 die

232 3608 601 3650 consummor
628 3594 778 3663 (Luc.
821 3608 948 3657 xui,
981 3596 1092 3660 32).
1140 3614 1161 3641 ι
1208 3593 1271 3648 ln
1303 3601 1609 3662 conspectu
1637 3592 1764 3663 ejus
1794 3601 1931 3648 tunc

231 3683 505 3749 vivimus,
558 3697 690 3738 cum
740 3690 843 3738 aut
902 3681 1030 3752 ejus
1078 3681 1296 3737 intuitu
1341 3680 1519 3752 digna
1574 3680 1928 3752 peragimus,

232 3772 385 3842 quod
432 3771 585 3826 enim
632 3769 793 3826 nobis
861 3770 1043 3840 placet
1098 3776 1394 3840 gratanter
1440 3767 1776 3837 aspicimus,
1828 3775 1932 3824 aut

232 3868 446 3916 aeterna
474 3860 601 3929 ejus
642 3859 861 3914 visione
905 3857 1217 3913 reﬁcimur.
1274 3856 1345 3912 Et
1389 3864 1537 3912 recte
1568 3856 1817 3926 positum
1846 3864 1930 3912 est

233 3952 492 4013 vivemus,
540 3946 680 4017 quia
722 3947 778 4002 in
828 3945 1096 4016 praesenti
1126 3945 1468 4014 quicunque
1498 3943 1731 4000 habitus
1768 3943 1930 3999 nobis

236 4036 387 4103 insit,
439 4049 743 4106 nunquam
788 4034 845 4091 in
876 4035 1073 4091 eodem
1104 4040 1258 4091 statu
1292 4040 1709 4103 permanentes,
1756 4040 1819 4088 ut
1849 4032 1931 4088 sic

235 4124 499 4191 dixerim,
550 4138 775 4194 semper
811 4124 1112 4180 morimur.
1163 4124 1404 4178 Sciemus
1452 4125 1642 4177 autem
1689 4135 1822 4177 cum
1866 4121 1929 4177 in

239 4214 360 4285 ipsa
400 4221 595 4268 nostra
640 4212 963 4268 reversione
996 4211 1068 4266 ad
1108 4211 1443 4274 Dominum,
1475 4209 1788 4278 plenariam
1820 4210 1929 4265 ob-

238 4302 546 4358 tinebimus
601 4301 996 4357 discretionem
1053 4299 1387 4369 spirituum,
1450 4297 1602 4353 illius
1648 4299 1929 4353 sermonis

237 4391 424 4459 adepti
456 4389 773 4455 scientiam,
822 4389 925 4459 qui
957 4388 1228 4459 pertingit
1276 4387 1348 4442 ad
1389 4386 1727 4441 divisionem
1766 4387 1928 4458 cogi-

236 4478 518 4534 tationum
566 4485 621 4532 et
680 4477 1087 4532 intentionum.
1151 4476 1365 4531 Deinde
1426 4490 1731 4540 sequemur,
1794 4489 1928 4531 cum

236 4566 472 4622 scientia
523 4566 680 4621 verbi
727 4566 906 4635 ipsius
950 4573 1228 4635 tanquam
1262 4563 1498 4619 lucerna
1548 4564 1793 4633 punierit
1825 4579 1928 4633 pe-

236 4656 405 4711 dibus
433 4655 642 4709 nostris
680 4654 848 4722 (Psat.
884 4668 1083 4717 cxvm,
1131 4651 1271 4720 l05).
1324 4652 1603 4721 Tuncque
1645 4654 1929 4706 Dominum

236 4757 662 4814 cognoscemus,
692 4757 824 4797 cum
864 4742 937 4797 ad
969 4743 1096 4810 ejus
1128 4740 1396 4796 intimum
1429 4740 1644 4795 amoris
1682 4739 1930 4795 cubicu-

235 4834 374 4901 lum,
410 4833 564 4903 quod
605 4840 687 4889 est
736 4846 873 4887 vera
921 4831 1144 4897 notitia,
1196 4831 1331 4893 imo,
1387 4840 1448 4885 ut
1496 4830 1614 4899 ipse
1667 4837 1925 4896 testatur,

236 4923 348 4977 vita
399 4929 615 4977 mterna
685 4922 863 4991 (Joan.
923 4934 985 4986 x,
1049 4919 1167 4990 28),
1222 4918 1606 4989 attigerimus.
1664 4940 1684 4965 ‹
1752 4918 1928 4984 Quasi

241 5032 261 5057 ι
303 5009 627 5065 diluculum
673 5016 1031 5079 praeparatus
1068 5011 1153 5063 est
1180 5020 1447 5078 egressus
1475 5006 1621 5076 ejus,
1655 5012 1711 5061 et
1743 5006 1930 5061 veniet

242 5120 261 5145 ι
302 5098 471 5169 quasi
551 5097 733 5152 imber
805 5098 971 5153 nobis
1031 5104 1438 5165 temporaneus
1510 5100 1566 5149 et
1644 5095 1931 5150 serotinus

241 5208 260 5234 ι
302 5194 488 5243 terrae.
551 5205 579 5237 ιο
632 5185 882 5255 Exponit
953 5183 1345 5255 particulatim
1397 5181 1690 5252 quomodo
1745 5190 1926 5249 sanet,

235 5290 406 5347 quam
459 5288 662 5331 curam
711 5274 991 5330 Dominus
1042 5272 1509 5342 percussionibus
1557 5270 1768 5325 nostris
1820 5272 1929 5326 im-

236 5365 457 5435 pendat.
513 5364 664 5418 Deus
707 5362 1005 5429 egreditur
1048 5376 1179 5417 cum
1225 5359 1399 5415 menti
1435 5358 1649 5413 divinze
1703 5360 1929 5428 aspira-

236 5452 398 5509 tionis
426 5464 617 5507 novus
659 5450 895 5519 quidam
943 5449 1139 5504 radius
1195 5446 1511 5503 suboritur.
1567 5445 1621 5500 ls
1663 5460 1930 5516 egressus

233 5556 293 5597 ac
340 5540 387 5598 si
446 5538 770 5594 diluculum
836 5544 1213 5607 praeparatur,
1285 5549 1416 5590 cum
1478 5534 1816 5603 pedetentim
1875 5545 1928 5592 et

231 5626 602 5686 coalescentis
674 5625 800 5681 tidei
850 5623 1212 5705 processibus
1265 5622 1557 5685 dilatatur,
1605 5620 1928 5680 diluculum

2041 3153 2213 3219 citur,
2289 3160 2343 3208 et
2409 3170 2497 3207 ros
2561 3154 2936 3209 incalescente
2993 3153 3356 3223 decoquitur.
3417 3152 3581 3219 Quod
3657 3162 3741 3209 est

2040 3241 2265 3297 dicere:
2320 3241 2432 3298 Vos
2482 3255 2595 3295 non
2643 3240 2933 3296 inclinatis
2989 3240 3329 3296 intentiones
3379 3248 3615 3306 vestras,
3668 3242 3738 3295 ad

2041 3329 2332 3386 faciendas
2399 3330 2837 3400 justiticationes
2908 3342 3065 3384 meas
3125 3337 3358 3399 propter
3406 3328 3739 3385 retributio-

2041 3433 2193 3486 nem,
2228 3432 2359 3488 qute
2398 3420 2457 3473 tit
2515 3418 2573 3472 in
2625 3426 2937 3486 aaternum;
2971 3417 3067 3473 sed
3122 3416 3422 3472 mstimatis
3469 3417 3737 3487 pietatem

2041 3514 2349 3577 quzestum.
2414 3506 2852 3562 Misericordiam
2914 3513 3105 3561 autem
3161 3505 3349 3572 istam,
3401 3519 3515 3561 non
3564 3504 3737 3560 aliam

2041 3596 2293 3666 intellige
2338 3608 2517 3665 quam
2561 3595 2630 3650 de
2669 3608 2788 3664 qua
2817 3594 3066 3649 dicitur:
3107 3616 3126 3641 α
3181 3593 3455 3663 Recepisti
3497 3593 3647 3649 bona
3678 3594 3736 3648 in
3808 3586 3819 3595 “

2038 3684 2160 3740 vita
2190 3691 2291 3739 tua
2322 3684 2474 3754 (Luc.
2510 3697 2628 3749 xvr,
2662 3683 2771 3752 25).
2820 3704 2838 3730 ι

2114 3771 2282 3827 VERS.
2336 3772 2391 3825 5.
2440 3798 2513 3811 —
2566 3792 2586 3818 ι
2654 3769 2890 3839 Propter
2935 3770 3040 3825 hoc
3083 3768 3273 3825 dolavi
3326 3769 3381 3824 in
3428 3769 3732 3840 prophetis,

2039 3879 2067 3911 η
2109 3859 2288 3916 occidi
2348 3872 2443 3915 eos
2500 3858 2557 3913 in
2618 3859 2809 3913 verbis
2855 3858 2971 3913 oris
3017 3857 3153 3922 mei;
3215 3864 3271 3912 et
3326 3856 3546 3927 judicia
3611 3872 3735 3912 mea

2045 3969 2065 3996 ι
2110 3947 2415 4019 quasi-lux
2466 3946 2852 4017 egredientur.
2907 3967 2928 3993 ι
2970 3948 3199 4014 Propter
3228 3945 3325 3999 hoc
3372 3948 3428 3998 in
3452 3944 3734 4014 prophetis

2038 4036 2212 4103 dolat,
2249 4036 2389 4106 quia
2436 4049 2509 4091 ne
2552 4034 2886 4105 temporalia
2932 4034 3100 4104 quasi
3153 4048 3255 4103 pro
3287 4032 3473 4089 meriti
3504 4033 3735 4102 praemio

2037 4132 2423 4194 aucupentur,
2474 4122 2696 4192 ineptas
2726 4122 3008 4193 quasdam
3050 4121 3169 4191 spei
3203 4120 3392 4176 inanis
3422 4121 3734 4191 providen-

2038 4214 2145 4270 tias
2187 4214 2242 4268 in
2294 4212 2457 4268 nobis
2492 4211 2700 4281 partim
2751 4211 2982 4277 excidit,
3036 4209 3243 4280 partim
3294 4215 3520 4273 servat;
3570 4208 3735 4264 dola-

2040 4303 2141 4359 bro
2195 4302 2350 4357 enim
2410 4307 2699 4356 resecatur
2755 4300 3061 4364 nodositas,
3126 4305 3188 4354 ut
3241 4297 3467 4368 lignum
3518 4297 3732 4352 idoneae

1969 4390 2375 4457 nrectitudini
2437 4395 2810 4459 praeparetur.
2870 4388 3181 4457 Prophetas
3252 4401 3286 4441 a
3353 4385 3731 4456 prophetando

2037 4480 2236 4545 dictos,
2286 4479 2383 4547 qui
2433 4477 2605 4532 etiam
2646 4476 2887 4529 videntes
2926 4476 3059 4531 olim
3104 4477 3176 4532 ob
3224 4474 3598 4531 subtilitatem
3657 4473 3735 4528 in-

2037 4566 2367 4637 telligentize
2413 4564 2754 4620 dicebantur
2795 4578 2962 4619 nemo
3010 4564 3112 4632 qui
3163 4562 3437 4633 ambigat.
3486 4563 3551 4616 In
3587 4561 3730 4633 [pro-

2030 4655 2213 4725 phetis
2241 4667 2377 4723 ergo
2407 4652 2579 4716 dolat,
2613 4665 2744 4707 cum
2792 4651 2848 4706 in
2890 4650 3212 4720 prudentiis
3262 4650 3471 4705 nostris
3509 4658 3736 4704 terrena

2036 4742 2297 4807 succidit,
2330 4750 2385 4797 et
2415 4750 2649 4805 (eterna,
2684 4753 2815 4808 qua:
2843 4739 2962 4792 sola
2998 4738 3205 4793 debent
3233 4737 3471 4807 sperari,
3504 4750 3731 4793 conser-

2036 4837 2159 4885 vat.
2206 4830 2267 4883 In
2300 4828 2477 4882 verbis
2520 4832 2630 4881 oris
2659 4826 2749 4882 sui
2781 4842 2865 4879 eos
2892 4825 3116 4890 occidit,
3166 4840 3298 4881 cum
3348 4824 3537 4879 verbis
3581 4838 3734 4895 prae-

2036 4917 2382 4983 dicatorum,
2417 4916 2517 4986 qui
2559 4930 2656 4969 ora
2684 4921 2739 4969 et
2770 4914 2918 4967 labia
2944 4915 3043 4967 Dei
3084 4912 3139 4967 in
3190 4912 3503 4983 Scripturis
3542 4912 3733 4982 appel-

2037 5006 2252 5071 lantur,
2306 5003 2495 5074 inepta
2540 5002 2828 5072 cupiditas
2879 5001 3292 5057 addemnatur.
3347 5002 3567 5056 Judicia
3611 5002 3738 5071 ejus

2038 5098 2199 5159 quasi
2251 5096 2349 5147 tua:
2395 5091 2794 5163 egrediuntur,
2841 5104 2972 5145 cum
3004 5089 3373 5146 discretiones
3421 5089 3657 5145 rationis
3705 5103 3738 5144 a

2039 5184 2152 5239 Deo
2203 5181 2503 5236 illustratae
2556 5179 2629 5236 ad
2678 5192 2852 5249 opera
2895 5178 3060 5245 lucis,
3094 5193 3226 5249 quas
3260 5177 3549 5248 proximos
3595 5178 3739 5234 tedi-

2038 5272 2228 5337 ﬁcent,
2259 5270 2624 5325 emittuntur.

2110 5359 2279 5416 Vens.
2312 5359 2366 5413 6.
2397 5385 2470 5398 —
2504 5380 2523 5406 ι
2557 5356 2703 5424 Quia
2729 5355 3176 5412 misericordiam
3212 5355 3365 5411 volui
3396 5362 3451 5410 et
3481 5369 3597 5410 non
3641 5369 3739 5409 sa-

2043 5469 2065 5497 »
2108 5446 2414 5511 criticium,
2447 5453 2502 5501 et
2523 5446 2817 5502 scientiam
2852 5444 2952 5500 Dei
2980 5444 3287 5515 plusquam
3321 5443 3672 5500 holocausta.
3714 5467 3733 5489 ι

2043 5535 2471 5591 Misericordiam
2529 5534 2657 5590 vult
2712 5535 2863 5590 Deus
2914 5538 2966 5587 et
3020 5549 3126 5588 non
3192 5536 3538 5603 sacriﬁcium,
3600 5533 3741 5587 dum

2042 5625 2292 5695 primum
2326 5631 2391 5679 ut
2442 5623 2533 5680 sui
2571 5623 2740 5679 homo
2770 5623 3131 5688 misereatur,
3163 5627 3219 5680 et
3261 5622 3624 5693 postmodum
3680 5630 3742 5677 ut
