3950 6488
202 384 298 436 371
1103 379 1170 431 ν.
1219 377 1554 433 GUIBEBTI
1592 377 1886 432 ABBATIS
1923 376 1977 430 S.
2014 375 2252 430 ΗΔΒΙῶ
2292 375 2383 430 DE
2423 374 2812 430 NOVIGENTO

3583 374 3702 426 372

199 511 397 566 eadem
445 510 835 567 misericordia
880 508 950 564 ad
1001 509 1292 579 proximos
1337 508 1699 574 extendatur,
1759 520 1887 562 ma-
1924 508 1970 560 Α
2002 524 2085 560 ces
2127 511 2366 560 virorum
2420 508 2690 559 latronum
2721 513 2824 572 est,
2867 505 3006 560 dum
3054 505 3212 575 quod
3239 504 3548 561 crudeliter
3588 505 3702 559 im—

201 601 289 668 gis
343 598 570 654 affectat
617 612 794 668 quam
844 597 1103 653 victimas
1158 597 1497 652 animalium
1562 596 1883 651 brutorum.

201 684 424 740 Dicitur
466 683 657 739 enim:
717 707 737 732 ι
797 684 1055 739 Miserere
1095 685 1303 739 animas
1347 692 1460 739 tute
1501 683 1730 753 placens
1775 683 1889 738 Deo

204 772 392 840 (Eccli.
423 783 569 835 xxx,
593 769 704 839 24).
742 790 762 817 ι
801 771 928 826 Haec
956 785 1094 841 ergo
1127 771 1514 826 misericordia
1551 785 1666 826 non
1697 769 1890 826 minus

203 857 276 912 ad
303 871 362 912 se
416 869 593 926 quam
631 856 704 912 ad
735 856 1062 926 proximum
1109 858 1392 925 acceptior
1433 865 1515 911 est
1547 857 1678 923 Deo,
1711 871 1890 926 quam

203 944 428 1000 externi
477 943 733 1013 corporis
791 944 1168 998 carniﬁcium.
1243 943 1344 999 Ubi
1403 951 1595 998 tamen
1652 944 1892 1013 quaestio

204 1034 411 1096 oritur,
460 1047 590 1102 quae
619 1032 787 1087 etiam
837 1046 871 1086 a
921 1031 1208 1102 plerisque
1256 1032 1558 1101 obiicitur:
1621 1053 1640 1079 ι
1698 1031 1894 1086 Melior

204 1129 306 1186 est,
363 1119 546 1187 aiunt,
604 1119 923 1175 obedientia
983 1134 1161 1190 quam
1211 1119 1455 1174 victimae
1512 1121 1562 1184 (Ι
1607 1121 1735 1186 Reg.
1789 1133 1889 1185 xv,

206 1209 315 1277 2'2).
369 1228 396 1257 ιο
451 1207 740 1274 Quaeritur
785 1221 921 1276 ergo
979 1215 1175 1262 utrum
1221 1207 1564 1262 sacriﬁcium
1615 1207 1892 1262 Dominici

205 1297 455 1365 corporis
529 1295 921 1365 praeponderet
988 1295 1341 1360 obcdientite,
1417 1295 1505 1349 vel
1572 1295 1894 1350 obedientia

206 1383 599 1453 praeponderet
643 1383 936 1438 sacriﬁcio.
984 1382 1088 1439 Cui
1132 1397 1254 1448 nos,
1288 1383 1384 1437 sed
1412 1383 1533 1438 sine
1562 1383 1894 1452 prmjudicio

205 1472 454 1527 melioris
552 1471 845 1527 sententiae
931 1471 1361 1540 respondemus.
1445 1472 1892 1527 Inobedientiam

207 1567 439 1629 peccato
486 1559 766 1615 ariolandi
813 1567 1202 1627 comparatam
1260 1573 1372 1612 non
1419 1558 1664 1628 profecto
1720 1559 1897 1614 nesci-

205 1662 356 1715 mus,
408 1647 852 1704 inobedientiam
899 1661 1035 1702 vero
1080 1661 1196 1702 non
1246 1660 1357 1711 res,
1390 1647 1487 1701 sed
1533 1661 1710 1702 causa
1741 1647 1895 1702 facit.

207 1733 260 1788 Si
301 1734 455 1789 enim
499 1733 560 1788 in
603 1747 664 1788 re
695 1733 913 1798 fuisset,
962 1746 1077 1787 non
1126 1731 1309 1787 Adam
1359 1746 1460 1800 pro
1505 1746 1701 1801 promo
1747 1733 1898 1787 vilis-

207 1821 374 1886 simo,
407 1835 523 1876 non
554 1820 688 1875 Saul
721 1834 820 1889 pro
865 1820 1039 1875 mutis
1066 1819 1416 1875 animalibus
1449 1835 1643 1889 prrnas
1674 1821 1891 1876 luisset.

211 1909 362 1972 Fecit
405 1922 544 1978 ergo
591 1921 786 1973 causa,
839 1908 977 1978 quia
1019 1907 1114 1964 Dei
1168 1916 1591 1977 postponuntur
1639 1909 1898 1978 imperia,

209 1997 305 2052 sed
346 1995 500 2066 quod
550 1997 646 2051 Dei
693 2004 796 2063 est,
850 1997 1258 2067 magistrorum
1309 1996 1573 2051 Ecclesiaa
1608 1996 1900 2066 dignosci-

210 2090 309 2139 tur
379 2084 691 2152 suscepisse
749 2097 1024 2153 persona;
1098 2084 1200 2154 qui
1264 2097 1402 2152 ergo
1469 2085 1552 2139 eis
1629 2084 1898 2150 inobedit,

211 2171 495 2242 quidquid
551 2179 636 2227 est
701 2171 842 2227 illud
900 2171 1056 2242 quod
1105 2171 1381 2237 immolat,
1447 2186 1686 2227 securus
1749 2173 1896 2238 dico,

213 2259 314 2328 qui
368 2258 511 2314 nihil
556 2258 663 2314 sibi
710 2258 927 2315 confert
977 2258 1078 2328 qui
1124 2259 1262 2314 illud
1309 2259 1636 2314 inobediens
1668 2267 1897 2326 mactat,

211 2355 266 2402 et
312 2346 518 2402 melius
558 2355 699 2403 esset
746 2346 874 2414 sibi,
924 2346 1115 2402 nescio
1162 2347 1207 2400 si
1251 2346 1396 2413 aliis,
1450 2347 1572 2402 sine
1617 2348 1773 2402 omni
1817 2361 1903 2402 sa-

212 2434 426 2490 crificio
473 2434 702 2490 obedire
761 2448 936 2504 quam
1005 2433 1380 2490 inobediendo
1429 2435 1771 2490 sacrilicare.
1823 2437 1902 2490 De

213 2522 536 2578 substantia
600 2522 878 2578 Dominici
946 2523 1198 2591 corporis
1254 2526 1450 2578 utrum
1495 2536 1594 2591 per
1655 2523 1794 2578 tales
1847 2531 1902 2578 et

214 2611 514 2666 damnatos
578 2609 863 2681 quoslibet
910 2609 1050 2664 alios
1105 2610 1464 2673 conﬁciatur,
1533 2610 1672 2665 mihi
1737 2611 1903 2667 modo

215 2705 461 2754 tractare
495 2713 608 2752 non
655 2697 876 2767 adjacet
921 2698 1058 2767 (15),
1109 2697 1295 2752 dicam
1329 2705 1516 2752 tamen
1559 2699 1700 2768 quia
1748 2699 1901 2768 quod

217 2784 602 2840 inobedientes
651 2785 907 2852 fecerint,
951 2785 1025 2840 ab
1060 2785 1308 2841 utilitate
1351 2800 1457 2840 sua
1501 2791 1682 2842 totum
1719 2795 1901 2842 vacet.

291 2872 459 2927 Vsus.
490 2877 544 2925 7.
587 2899 660 2913 —
708 2893 728 2920 ε
785 2873 895 2941 Ipsi
936 2883 1126 2928 autem
1159 2877 1308 2928 sicut
1354 2874 1531 2928 Adam
1566 2875 1902 2942 transgressi

221 2981 242 3007 ι
287 2967 423 3015 sunt
454 2967 704 3030 pactum,
740 2959 812 3015 ibi
849 2961 1201 3030 przevaricati
1249 2969 1384 3016 sunt
1417 2963 1470 3015 in
1511 2976 1619 3016 me.
1659 2983 1680 3009 ι
1719 2962 1902 3030 Supe-

2001 595 2413 665 potentioribus
2445 595 2676 664 abripit,
2723 593 3030 649 insatiabili
3076 594 3347 649 aviditate
3396 593 3700 662 transglu-

2002 684 2102 738 tit:
2159 683 2224 737 In
2272 698 2387 752 quo
2433 683 2548 738 duo
2597 682 3011 737 consideranda
3066 689 3221 748 sunt,
3270 683 3325 736 in
3365 681 3702 735 latronibus

2000 771 2300 840 diripiendi
2332 770 2620 834 atrocitas;
2673 771 2726 824 in
2773 758 3055 832 faucibus,
3089 777 3255 838 rapta
3301 767 3700 839 abliguriendi

2003 858 2298 929 gulositas.

2078 969 2098 995 ι
2144 946 2428 1014 Particeps
2459 943 2817 998 sacerdotum
2863 945 2918 998 in
2951 944 3044 998 via
3095 942 3559 999 interﬁcientium
3593 956 3704 1011 per

2005 1058 2031 1084 ι)
2075 1044 2268 1103 gentes
2318 1034 2385 1088 de
2416 1033 2657 1095 Sichem,
2709 1033 2847 1102 quia
2875 1033 3061 1087 scelus
3087 1032 3300 1102 operati
3334 1039 3488 1086 sunt.
3531 1050 3559 1080 ιι
3597 1031 3696 1086 Ci-

2002 1129 2143 1177 vitas
2191 1123 2310 1177 huic
2335 1127 2608 1191 particeps
2652 1122 2989 1174 sacerdotum
3019 1129 3122 1186 est,
3156 1121 3258 1190 qui
3283 1136 3385 1189 per
3411 1125 3594 1187 gentes
3625 1119 3698 1172 de

2003 1212 2208 1267 Sichem
2257 1215 2312 1262 in
2355 1215 2445 1262 cia
2489 1210 2857 1274 interﬁciunt,
2898 1223 3032 1264 cum
3074 1222 3388 1277 pravorum
3428 1217 3691 1262 motuum

2006 1300 2292 1361 versutiaa,
2334 1299 2457 1367 qui,
2491 1297 2656 1366 quasi
2687 1297 2925 1366 quidam
2955 1297 3103 1350 sacri
3135 1297 3327 1361 duces,
3361 1309 3536 1365 super
3572 1309 3692 1349 sce-

2004 1389 2186 1445 lerum
2237 1400 2473 1441 suorum
2521 1385 2864 1452 levigatione
2897 1385 3315 1440 ratiocinantur
3346 1385 3602 1447 interius,
3637 1390 3695 1438 et

2003 1491 2100 1532 eas
2145 1474 2517 1545 cogitationes
2582 1488 2712 1542 qua:
2776 1472 2989 1527 divinis
3046 1473 3276 1527 obedire
3335 1472 3697 1527 sermonibus

2005 1571 2155 1620 που
2185 1564 2454 1635 gestiunt,
2504 1575 2610 1616 sua
2640 1562 3038 1616 retractatione
3085 1561 3394 1624 trucidant,
3435 1568 3490 1614 et
3516 1559 3694 1614 veluti

2007 1658 2063 1706 in
2135 1657 2244 1718 via,
2295 1665 2402 1705 sua
2475 1650 2694 1704 actione
2765 1649 3130 1714 mortiﬁcant,
3193 1649 3270 1703 illi
3333 1647 3696 1704 conscientiae

2007 1747 2436 1810 comparantur,
2466 1753 2597 1808 quin
2630 1745 2986 1792 terrenarum
3031 1737 3348 1807 imaginum
3383 1736 3696 1806 phantasiis

2009 1837 2340 1892 delectatur.
2387 1833 2607 1887 Sichem
2650 1832 2804 1886 enim
2851 1832 3109 1885 humerus
3161 1832 3588 1901 interpretatur,
3637 1831 3697 1885 in

2009 1938 2126 1994 quo
2190 1921 2526 1977 obedientize
2575 1919 2919 1974 sustinentia
2977 1919 3303 1975 denotatur.
3364 1922 3440 1973 De
3490 1919 3701 1974 Sichem

2008 2026 2144 2082 ergo
2191 2016 2513 2079 pergentes,
2557 2011 2615 2059 in
2660 2012 2750 2059 via
2799 2008 3185 2076 perimuntur,
3217 2023 3350 2063 cum
3382 2007 3439 2062 hi
3484 2014 3696 2072 motus,

2007 2099 2107 2168 qui
2168 2099 2282 2152 Deo
2335 2103 2390 2151 et
2446 2095 2734 2164 magistris
2785 2108 2886 2164 per
2940 2095 3322 2151 obedientiam
3357 2110 3414 2151 se
3453 2095 3704 2150 subdere

2007 2186 2230 2250 volunt,
2261 2192 2315 2239 et
2359 2198 2430 2239 ex
2485 2183 2590 2237 hoc
2644 2183 2916 2251 proﬁcere
2967 2183 3311 2248 desiderant,
3363 2197 3464 2252 per
3493 2181 3702 2236 mentis

2011 2274 2302 2329 insolentis
2347 2273 2637 2341 strepitus,
2680 2279 2736 2327 et
2768 2273 3020 2327 visorum
3056 2273 3232 2326 fmdas
3278 2271 3704 2327 recordationes

2009 2361 2317 2416 intereunt.
2366 2359 2561 2414 Scelus
2599 2373 2736 2427 ergo
2780 2359 2856 2413 ibi
2903 2359 3052 2414 idem
3083 2359 3446 2414 civitatenses
3483 2357 3702 2413 Galaad

2009 2455 2342 2518 operantur,
2373 2447 2510 2501 dum
2543 2445 2866 2500 voluntates
2893 2445 3108 2514 quibus
3133 2445 3262 2500 boni
3293 2445 3512 2514 aliquid
3544 2444 3700 2514 adji—

2008 2543 2116 2602 cet,
2159 2533 2411 2589 interiori
2460 2533 2841 2601 praepediente
2878 2532 3214 2599 tumultum,
3268 2533 3534 2602 perﬁcere
3582 2545 3702 2586 non

2010 2625 2299 2679 sinuntur.

2082 2710 2252 2764 Vens.
2289 2708 2373 2761 10.
2406 2736 2473 2747 —
2520 2728 2548 2755 «ι
2597 2707 2662 2762 In
2720 2706 2887 2762 domo
2939 2707 3109 2761 Israel
3160 2707 3276 2762 vidi
3321 2707 3699 2774 horrendum,

2017 2819 2038 2845 ι
2085 2796 2162 2851 ibi
2195 2793 2596 2850 fornicationes
2639 2793 2937 2862 Ephraim.
2977 2815 2998 2840 ο
3035 2793 3160 2848 Non
3209 2797 3418 2850 mirum
3457 2801 3559 2859 est,
3605 2795 3706 2848 in-

2013 2885 2161 2955 quit,
2193 2883 2239 2937 si
2287 2882 2570 2952 quidquid
2621 2881 3028 2936 benevolentize
3076 2883 3231 2936 cordi
3281 2882 3446 2948 inest,
3489 2895 3707 2936 eneca-

2013 2979 2130 3037 tur,
2161 2987 2292 3027 cum
2341 2972 2604 3026 horrores
2637 2970 2902 3024 vitiorum
2956 2971 3012 3024 in
3046 2971 3273 3035 allecto,
3305 2971 3460 3040 quod
3504 2978 3588 3026 est
3615 2971 3711 3025 Is-

217 3047 340 3102 rius
387 3047 612 3102 dixerat
667 3062 726 3102 se
783 3049 1228 3103 misericordiam
1288 3057 1342 3104 et
1396 3064 1508 3104 non
1559 3050 1905 3105 sacriﬁcium
1941 3053 1982 3108 C
2016 3061 2154 3126 mel,
2183 3059 2284 3129 qui
2311 3059 2431 3113 sine
2472 3060 2587 3113 Deo
2615 3057 3044 3112 exsecrabiliter
3073 3058 3454 3127 principatur,
3497 3073 3709 3114 rem“-

217 3134 381 3200 velle,
413 3142 477 3190 ut
527 3134 737 3190 scilicet
774 3150 892 3190 suae
936 3136 1414 3206 contemplatione
1462 3137 1720 3203 miseriae,
1771 3152 1904 3193 cum

217 3223 387 3279 homo
432 3223 541 3278 sibi
570 3223 930 3279 miserescere
983 3224 1228 3294 cogitur,
1281 3225 1352 3280 ad
1394 3225 1716 3280 alienorum
1749 3239 1908 3294 appe-

218 3311 452 3366 tentiam
490 3325 604 3366 non
654 3313 934 3381 erigatur,
991 3320 1140 3368 recte
1181 3313 1525 3382 subjicitur:
1573 3315 1688 3382 Ipsi
1725 3319 1905 3367 autem

221 3403 547 3466 transgressi
588 3404 716 3453 sunt
748 3403 993 3468 pactum,
1040 3413 1106 3454 ac
1151 3400 1196 3454 si
1236 3400 1482 3454 diceret:
1531 3402 1674 3455 Cum
1707 3401 1907 3455 horta-

217 3500 312 3542 rer
339 3501 435 3542 eos
471 3486 543 3542 ad
574 3487 664 3543 sui
713 3487 1141 3556 respectionem,
1187 3486 1294 3555 ipsi
1341 3487 1760 3556 cogitaverunt,
1801 3489 1906 3542 sic-

222 3579 284 3629 ut
329 3575 533 3636 Adam,
576 3574 833 3629 avaritiae
865 3574 1396 3644 transgressionem,
1451 3575 1566 3641 cui,
1614 3576 1752 3630 dum
1795 3575 1908 3630 dei-

221 3669 308 3718 tas
348 3661 665 3730 appetenda
702 3661 950 3727 videtur,
1001 3669 1228 3730 repente
1263 3663 1359 3716 vix
1394 3663 1561 3717 homo
1606 3664 1906 3731 reperitur.

220 3750 323 3810 Ibi,
369 3749 578 3818 inquit,
618 3751 976 3818 praevaricati
1029 3753 1158 3804 sunt
1197 3754 1253 3802 in
1290 3766 1391 3811 me,
1440 3751 1580 3819 quia
1633 3750 1691 3804 in
1732 3751 1911 3821 hujus

220 3837 606 3908 suggestionis
633 3838 956 3908 acceptione
985 3838 1126 3894 meis
1154 3838 1383 3893 monitis
1410 3838 1695 3894 obstitere.

295 3924 465 3980 Vsus.
493 3929 548 3990 8,
581 3925 634 3980 9.
670 3955 739 3965 —
784 3947 804 3973 ι
861 3925 1074 3982 Galaad
1121 3926 1323 3980 civitas
1373 3927 1736 3994 operantium
1785 3926 1912 3981 ido-

227 4033 249 4060 ι
293 4012 415 4068 lum
458 4012 828 4083 supplantata
872 4013 1176 4084 sanguine.
1228 4015 1298 4069 Et
1329 4013 1494 4084 quasi
1531 4013 1722 4069 fauces
1751 4014 1910 4069 viro-

228 4122 248 4149 ι
293 4114 425 4158 rum
472 4099 782 4158 latronum.
821 4123 841 4150 ι
884 4101 1100 4158 Galaad
1134 4101 1543 4170 interpretatur
1571 4117 1792 4156 acervus
1835 4107 1910 4155 te-

223 4193 483 4244 stimonii.
561 4189 775 4244 Galaad
833 4193 1024 4243 civitas
1085 4189 1448 4258 operantium
1529 4189 1744 4245 idolum
1805 4198 1908 4256 est,

223 4277 460 4348 quando
505 4291 668 4332 mens
729 4277 963 4333 acclinis
1025 4277 1098 4332 ad
1164 4285 1417 4333 terrenas
1475 4277 1912 4348 imaginationes

223 4373 327 4422 est.
384 4365 597 4419 Idolum
654 4372 846 4420 autem
906 4365 1152 4420 formula
1215 4366 1442 4421 dicitur.
1504 4367 1572 4422 Et
1609 4367 1771 4436 ,quid
1827 4375 1912 4422 est

225 4453 512 4509 recordari
554 4465 925 4522 quarumque
969 4452 1305 4519 formarum,
1356 4454 1464 4509 nisi
1507 4455 1775 4524 quaedam
1813 4469 1912 4510 co-

223 4555 351 4597 ram
389 4555 448 4596 se
485 4539 696 4596 creatio
743 4540 1065 4596 idolorum?
1105 4541 1320 4596 Galaad
1363 4556 1499 4613 ergo
1543 4557 1785 4598 acervus
1827 4551 1913 4598 est

231 4628 552 4696 .estimonii,
607 4627 748 4699 quia
795 4629 1044 4698 profecto
1093 4628 1152 4684 in
1209 4629 1578 4686 inferioribus
1619 4630 1912 4696 dilatatur,

225 4720 283 4774 in
310 4717 706 4790 superioribus
733 4725 1104 4789 angustatur,
1145 4727 1200 4774 et
1225 4718 1534 4774 adhibetur
1562 4719 1681 4774 loco
1709 4718 1913 4789 cujus-

223 4807 357 4863 dam
405 4807 732 4873 testimonii,
790 4807 946 4878 quod
992 4807 1206 4863 scilicet
1254 4807 1356 4876 qui
1412 4807 1528 4862 lata
1568 4815 1622 4862 et
1669 4808 1914 4876 spatiosa

225 4895 403 4967 hujus
431 4895 632 4952 mundi
665 4897 1056 4966 prosequitur,
1099 4897 1156 4950 in
1198 4896 1290 4950 Dei
1323 4894 1601 4950 charitate
1637 4903 1911 4965 angusta-

225 4990 340 5050 tur,
394 4997 500 5038 nec
569 4985 749 5039 instar
795 4983 1041 5039 civitatis
1085 4983 1208 5039 sine
1255 4983 1497 5052 strepitu
1543 4989 1722 5052 potest
1769 4997 1910 5048 esse,

225 5078 328 5126 aut
372 5071 758 5128 materialium
805 5070 1194 5140 quorumlibet
1244 5070 1477 5126 mentali
1529 5078 1916 5140 repraesenta-

224 5159 378 5215 tione
417 5172 632 5224 carere,
676 5159 778 5228 qui
823 5173 882 5214 se
921 5157 1344 5228 aliquantisper
1374 5171 1408 5212 a
1460 5172 1602 5214 cura
1641 5159 1916 5214 mundia-

223 5251 368 5308 lium
397 5266 513 5308 non
559 5265 619 5307 se
664 5249 986 5306 meminerit
1017 5249 1337 5304 absentare.
1373 5249 1504 5304 Haec
1543 5253 1734 5302 civitas
1777 5264 1914 5302 san-

222 5345 388 5409 guine
424 5339 851 5410 supplantatur.
898 5338 1040 5408 quia
1080 5336 1421 5393 creberrime
1452 5351 1552 5406 per
1583 5337 1913 5408 hujusmodi

223 5429 550 5486 affectiones
595 5426 790 5484 lethali
846 5433 1078 5497 peccato
1126 5425 1506 5482 subvertitur.
1558 5425 1727 5491 Quasi
1777 5427 1913 5491 fau-

293 5586 399 5656 (15)
435 5585 514 5642 De
542 5585 610 5642 iis
637 5582 756 5655 agit
782 5582 879 5640 lib.
904 5599 942 5638 ιι
972 5583 1052 5640 De
1080 5581 1420 5654 pignoribus
1445 5587 1627 5637 sanet.

2014 3151 2112 3205 diti
2145 3149 2475 3212 videantur,
2522 3146 2676 3201 unde
2723 3145 2780 3199 in
2824 3145 3117 3214 Ephraim.
3171 3147 3223 3201 id
3273 3155 3357 3202 est
3409 3147 3711 3202 voluntate

2015 3236 2186 3305 culpa
2225 3233 2638 3300 fornicationis,
2667 3231 2722 3286 id
2753 3240 2837 3286 est
2867 3233 3104 3287 internae
3139 3247 3174 3288 a
3203 3233 3312 3289 Deo
3345 3233 3714 3290 alienationis

2014 3322 2295 3379 oboritur.

2086 3409 2256 3465 Vsus.
2315 3411 2399 3462 it.
2447 3435 2520 3449 —
2577 3429 2598 3455 ι
2647 3405 3084 3463 Contaminatus
3121 3413 3205 3461 est
3253 3406 3448 3462 Israel.
3499 3406 3604 3462 Sed
3651 3415 3715 3463 et

2021 3520 2042 3546 ι
2084 3498 2252 3562 Iuda,
2303 3509 2446 3565 pone
2493 3509 2728 3550 messem
2763 3495 2886 3560 tibi,
2921 3508 3054 3549 cum
3096 3507 3432 3551 convertero
3463 3495 3710 3564 captivi-

2019 3605 2046 3638 »
2088 3594 2260 3641 talem
2311 3583 2500 3654 populi
2540 3583 2668 3638 mei.
2705 3603 2726 3630 ι
2773 3581 2934 3648 Quod
2976 3591 3056 3638 est
3088 3584 3312 3639 dicere:
3358 3585 3531 3638 Israel
3578 3585 3717 3654 qui-

2017 3674 2146 3729 dem
2198 3673 2255 3728 in
2314 3671 2644 3741 hujusmodi
2697 3671 2892 3738 lapsus
2941 3678 3024 3725 est
3081 3672 3419 3741 spurcitias;
3475 3673 3586 3734 sed,
3646 3678 3712 3727 tu

2014 3761 2182 3826 Iuda,
2249 3757 2544 3814 rationalis
2611 3757 2872 3812 videlicet
2937 3757 3232 3824 confessio,
3286 3775 3428 3828 pone
3485 3775 3712 3814 messem

1947 3863 1955 3873 ·
2019 3849 2136 3910 tibi,
2171 3847 2227 3903 id
2255 3854 2360 3913 est,
2402 3845 2698 3902 lectionem
2729 3844 2828 3901 tibi
2861 3860 3110 3915 propone
3146 3847 3294 3902 sacri
3325 3847 3568 3917 eloquii;
3604 3847 3718 3905 hoc

2022 3945 2211 3993 tamen
2261 3934 2363 3990 tibi
2416 3933 2657 3989 faciendi
2706 3933 2951 3990 facultas
3002 3935 3163 3990 nulla
3214 3937 3480 4005 suppetit,
3529 3937 3716 3991 donec

2019 4027 2325 4080 conve‘rtero
2359 4025 2729 4092 captivitatem
2767 4024 2964 4092 populi
3009 4027 3132 4076 mei.
3174 4023 3486 4092 Captivitas
3513 4026 3714 4094 populi

2018 4120 2159 4169 tunc
2196 4125 2326 4166 vere
2369 4109 2742 4176 convertitur,
2803 4124 2933 4165 cum
2984 4110 3050 4176 is,
3095 4099 3200 4180 qui
3239 4119 3436 4180 captos
3483 4111 3716 4168 tenebat

2019 4202 2092 4258 ab
2125 4215 2190 4257 eo
2247 4200 2348 4270 qui
2401 4199 2619 4268 pridem
2666 4207 2870 4268 captus
2913 4207 2994 4254 est
3041 4199 3402 4268 captivatur;
3459 4207 3514 4256 et
3559 4199 3713 4255 intra

2021 4302 2124 4344 nos
2151 4285 2526 4352 convertitur,
2561 4299 2694 4342 cum
2723 4285 2928 4341 mentis
2954 4295 3139 4342 status
3167 4287 3240 4342 ab
3273 4301 3339 4342 eo
3370 4287 3524 4358 quod
3559 4287 3712 4343 male

2021 4375 2238 4430 steterit
2266 4373 2628 4430 immutatur.

2668 4444 2897 4501 CAPUT
2935 4445 3058 4500 VII.

2091 4550 2262 4606 Vsus.
2300 4553 2348 4604 l.
2380 4578 2451 4592 —
2501 4571 2522 4598 ι
2565 4549 2706 4607 Cum
2755 4565 2960 4606 sanare
2991 4551 3188 4606 vellem
3223 4551 3418 4615 Israel,
3461 4551 3714 4607 revelata

2026 4659 2047 4686 ι
2089 4645 2175 4693 est
2215 4637 2490 4708 iniquitas
2536 4637 2829 4707 Ephraim,
2874 4645 2928 4694 et
2972 4637 3190 4693 malitia
3229 4637 3521 4703 Samarite,
3571 4637 3714 4707 quia

2025 4746 2046 4774 ι
2090 4724 2304 4793 operati
2335 4731 2471 4779 sunt
2500 4723 2884 4779 mendacium.
2921 4745 2942 4771 ι
2983 4724 3124 4780 Cum
3158 4724 3308 4778 Deus
3347 4739 3545 4777 sanare
3585 4723 3714 4779 vult

2019 4811 2210 4870 Israel,
2245 4811 2512 4875 iniquitas
2553 4811 2816 4879 Ephraim
2868 4811 3175 4877 revelalur,
3223 4811 3363 4880 quia
3406 4825 3539 4866 cum
3579 4823 3713 4866 car-

2020 4899 2170 4954 nalis
2213 4896 2452 4954 atl‘ectus
2492 4898 2564 4953 ad
2596 4898 2856 4968 regulam
2889 4897 3132 4953 rationis
3162 4897 3491 4967 corrigitur,
3522 4904 3576 4953 et
3606 4897 3712 4952 ali-

2022 5002 2139 5057 quo
2172 4987 2336 5042 modo
2360 4985 2457 5041 Dei
2484 4985 2702 5056 judicio
2731 4993 3113 5050 conterretur,
3146 4985 3433 5050 voluntas,
3481 4999 3612 5055 quae
3639 5000 3710 5040 ex

2022 5073 2278 5143 antiqua
2324 5072 2757 5128 consuetudinis
2801 5087 2911 5128 usu
2961 5072 3338 5141 proniﬁcatur
3380 5073 3451 5126 ad
3494 5072 3713 5128 malum

2021 5160 2210 5216 subito
2239 5159 2547 5215 revelatur.
2580 5159 2727 5214 Nam
2751 5173 2884 5214 cum
2915 5159 3165 5229 cogitare
3197 5159 3425 5214 insolita
3462 5159 3712 5230 cogitur,

2020 5255 2076 5305 et
2104 5249 2176 5304 ab
2205 5263 2271 5304 eo
2301 5249 2454 5318 quod
2475 5249 2715 5304 delectat
2746 5257 3094 5313 removetur,
3124 5247 3492 5316 impatientia:
3521 5247 3712 5302 animo

2021 5335 2260 5390 morbus
2291 5335 2564 5390 inuritur.
2613 5334 2720 5392 Cui
2763 5335 2960 5390 morbo
3005 5336 3219 5388 malitia
3249 5336 3512 5390 Samaria:
3557 5333 3711 5390 mul-

2021 5429 2146 5479 tum
2189 5422 2488 5489 adnititur,
2519 5421 2734 5478 scilicet
2771 5422 3002 5478 illorum
3033 5422 3413 5490 sacerdotum,
3443 5421 3548 5492 qui
3579 5435 3712 5492 pes-
