3950 6414
102 358 207 408 373

828 348 1292 409 TROPOLOGLE
1333 350 1402 404 IN
1443 349 1635 411 OSEE,
1682 349 1863 406 AMOS
1901 350 1986 404 ET
2022 350 2165 406 JEB.
2200 378 2267 389 —
2293 350 2421 405 LIB.
2465 350 2539 405 II.
2586 351 2655 405 ΙΝ
2694 349 2893 405 OSEE.

3518 351 3620 403 374

101 486 233 540 simi
262 485 628 540 consultores
667 481 908 537 interius
953 481 1025 536 ad
1071 481 1432 536 excusandas
1473 478 1804 535 exeusatio—
1842 483 1888 536 Α
1920 480 2166 545 mulieri,
2201 480 2349 535 male
2383 482 2811 552 principantur,
2865 481 3248 543 exhilarando
3282 495 3356 536 ex
3387 481 3622 536 honoris

104 588 210 628 nes
246 574 306 628 in
359 573 608 642 peccatis
652 576 959 640 emergunt
1000 571 1164 639 (Psal.
1213 584 1340 627 cxc.
1402 568 1477 637 4),
1530 581 1664 623 cum
1715 568 1818 638 qui

109 660 390 730 praesules
421 659 480 715 in
512 660 705 714 animo
736 658 806 713 ad
844 657 1151 727 leviganda
1196 657 1335 710 vitia
1376 655 1562 710 videri
1594 655 1817 718 volunt,

110 749 493 804 imitationem
557 746 775 801 veterni
843 753 1028 799 status
1093 742 1307 798 differri
1376 743 1601 808 debere,
1651 743 1819 813 quasi

109 836 539 900 concionantes,
591 834 919 890 ostendunt.
990 833 1203 899 Somer,
1259 832 1428 901 plane
1460 846 1493 886 a
1541 846 1658 902 quo
1712 831 1819 887 Sa—

112 924 319 991 maria,
382 926 797 993 interpretatur
866 926 1064 975 custos.
1149 920 1331 975 Prava
1401 920 1553 974 enim
1609 920 1822 975 astutia

115 1013 295 1068 menti
326 1012 604 1068 mentitur
641 1009 985 1074 custodiam,
1036 1008 1175 1063 dum
1220 1023 1333 1063 non
1362 1008 1435 1062 ad
1486 1008 1686 1071 Deum,
1722 1007 1820 1062 sed

115 1102 185 1156 ad
221 1101 496 1157 saeclum
530 1099 667 1155 solet
714 1098 996 1167 spondere
1045 1096 1349 1155 cautelam.
1405 1104 1614 1150 etnon
1665 1096 1819 1165 apud

118 1191 321 1253 Deum,
355 1188 451 1242 sed
484 1202 657 1257 penes
685 1186 965 1241 saeculum
995 1191 1230 1240 veretur
1261 1183 1577 1239 infamiam.
1613 1184 1683 1238 Et
1716 1184 1822 1239 hoc

121 1278 201 1344 fit,
255 1277 397 1347 quia
442 1276 785 1330 mendacium
842 1280 1177 1342 operantur,
1231 1272 1516 1341 hypocrisi
1562 1272 1823 1327 videlicet

119 1372 531 1434 conteguntur.
580 1362 727 1430 Quid
766 1362 918 1417 enim
969 1360 1297 1415 mendosius
1345 1374 1521 1430 quam
1570 1367 1632 1415 ut
1679 1359 1823 1422 velis

120 1453 305 1508 videri
331 1452 485 1523 quod
517 1466 629 1508 non
660 1449 768 1505 es?
814 1471 834 1497 ε
888 1450 956 1504 Et
994 1449 1088 1504 fur
1139 1450 1433 1519 ingressus
1461 1458 1545 1506 est
1573 1450 1824 1520 spolians

122 1539 494 1595 latrunculus
537 1539 694 1595 foris.
741 1557 769 1588 ιι
822 1538 901 1593 Ac
945 1537 991 1592 si
1041 1537 1287 1593 diceret:
1341 1538 1411 1592 Et
1465 1549 1616 1593 cer'e
1655 1552 1821 1608 qua:-

120 1642 356 1698 cunque
383 1627 706 1684 extrinseca
741 1626 1090 1681 adhibeatur
1126 1624 1450 1695 vigilantia,
1505 1627 1603 1692 fur
1632 1632 1822 1680 tamen

123 1717 503 1787 ingredietur,
540 1715 596 1770 id
624 1722 708 1771 est
752 1712 997 1783 proditio
1044 1712 1292 1778 interna,
1346 1704 1477 1783 quae
1526 1711 1825 1768 diabolum

121 1804 588 1874 depopulatorem
622 1802 892 1869 admittit,
926 1801 1079 1856 intro
1107 1800 1579 1867 debacchabitur,
1621 1808 1674 1856 et
1722 1800 1826 1855 ho-

122 1894 277 1948 mine
335 1891 716 1947 familiaribus
780 1889 975 1959 spoliis
1043 1896 1396 1955 exenterato,
1480 1889 1824 1942 latrunculus

121 1982 280 2046 foris.
315 1980 416 2051 qui
449 1979 522 2034 ab
557 1977 829 2034 exteriori
877 1977 1171 2031 honestate
1218 1975 1514 2045 despoliet,
1562 1988 1699 2031 mox
1730 1975 1825 2030 in-

123 2067 333 2138 surgit,
368 2066 573 2122 arbore
615 2065 768 2121 enim
817 2071 1090 2133 corrupta
1120 2062 1455 2118 medullitus
1484 2069 1602 2118 tota
1643 2076 1827 2118 ramo-

124 2170 254 2210 rum
278 2154 611 2224 superticies
653 2153 903 2208 arefacta
942 2150 1280 2207 destruitur.
1325 2150 1471 2205 Nota
1503 2149 1827 2206 distinctio-

125 2258 257 2300 nem
306 2243 452 2300 furis
498 2250 553 2300 et
600 2242 859 2298 latronis.
915 2241 1032 2296 Fur
1070 2246 1154 2294 est
1203 2237 1619 2304 clandestinus,
1680 2239 1827 2294 latro

127 2348 228 2403 per
261 2332 500 2387 insidias
536 2331 630 2386 sed
662 2337 914 2399 apertus.
956 2328 1118 2385 Unde
1156 2327 1473 2383 Dominus:
1516 2350 1536 2376 ι
1574 2327 1694 2394 Ille,
1732 2328 1827 2381 in-

127 2420 276 2490 quit,
309 2419 406 2475 fur
450 2426 553 2486 est,
606 2424 661 2473 et
705 2417 851 2473 latro
896 2416 1074 2488 (Joan.
1108 2430 1167 2481 χ,
1218 2415 1294 2481 1).
1346 2436 1367 2463 ι
1425 2415 1543 2471 Fur
1593 2414 1827 2471 aliunde

127 2506 510 2574 ascendendo,
553 2506 696 2561 latro
744 2512 869 2576 post
911 2504 1237 2575 ingressum
1267 2503 1327 2558 in
1374 2502 1695 2559 domesticis
1723 2517 1828 2558 sae-

126 2596 356 2651 viendo.

196 2683 373 2740 Vsns.
402 2683 455 2735 2.
483 2712 550 2721 —
597 2704 616 2729 ι
667 2681 737 2736 Et
771 2693 842 2735 ne
873 2679 1015 2735 forte
1066 2678 1261 2734 dicant
1299 2678 1357 2733 in
1388 2677 1661 2734 cordibus
1710 2676 1831 2732 suis

134 2794 153 2818 ι
188 2785 420 2826 omnem
469 2769 747 2825 malitiam
804 2781 1006 2823 eorum
1068 2781 1157 2822 me
1227 2766 1610 2831 recordatum,
1672 2778 1831 2820 nunc

135 2881 153 2907 ι
190 2857 699 2915 circumdederunt
779 2870 874 2911 eos
951 2855 1388 2911 adinventiones
1454 2868 1594 2917 suae,
1636 2866 1831 2908 coram

135 2971 153 2995 ι
193 2948 339 3003 facie
392 2961 516 3002 mea
557 2946 717 3001 factae
762 2951 918 3000 sunt.
971 2965 991 2991 ι
1046 2945 1128 2998 Ac
1176 2943 1222 2998 si
1271 2942 1521 2998 diceret:
1570 2942 1833 2996 Fortasse

131 3036 337 3099 dicent,
374 3034 511 3089 dum
542 3034 610 3089 de
646 3047 765 3088 suae
794 3031 998 3087 mentis
1034 3045 1301 3101 processu
1332 3039 1433 3086 aut
1461 3030 1697 3085 decessu
1736 3042 1832 3084 re-

131 3120 404 3191 cogitant,
452 3120 607 3191 quod
650 3119 818 3191 quasi
869 3121 938 3174 ad
994 3119 1162 3175 tinem
1196 3118 1473 3174 ultorium
1512 3131 1710 3173 omnes
1738 3130 1832 3171 eo-

133 3221 261 3264 rum
296 3208 544 3263 malitias
588 3207 908 3275 glomerare
963 3206 1272 3271 voluerim,
1304 3206 1471 3276 plane
1525 3204 1830 3271 falluntur,

132 3297 228 3352 sed
262 3310 441 3362 nunc,
492 3294 548 3351 id
579 3303 681 3362 est,
715 3295 775 3349 in
822 3295 930 3349 hoc
973 3301 1125 3349 statu
1160 3293 1495 3363 hypocrisis,
1551 3307 1671 3362 quo
1717 3306 1836 3348 sen-

134 3399 231 3441 sus
268 3398 470 3439 eorum
511 3383 791 3439 conclusit
842 3382 1194 3452 improbitas,
1236 3380 1674 3436 adinventiones
1714 3394 1835 3436 sua;

135 3487 226 3529 eos
275 3471 800 3538 circumdederunt,
873 3470 927 3525 id
988 3477 1072 3526 est
1112 3470 1319 3526 dolosae
1384 3468 1837 3525 conversationis

136 3567 457 3616 commenta
494 3560 550 3614 in
601 3559 780 3629 hujus
838 3556 1152 3628 labyrinthi
1182 3558 1407 3613 foveam
1435 3556 1832 3612 detruserunt.

140 3650 585 3709 Adinventiones,
620 3662 750 3717 quae
779 3661 879 3717 per
924 3646 1273 3716 hypocrisim
1306 3644 1472 3711 fiunt,
1508 3644 1710 3700 merito
1739 3644 1832 3699 di-

142 3745 373 3802 cuntur,
404 3737 544 3806 quia
573 3736 674 3791 vix
704 3736 826 3792 ulla
848 3735 1107 3790 veritatis
1131 3748 1306 3804 opera
1329 3740 1490 3789 tanto
1523 3733 1650 3789 fuco
1681 3745 1837 3788 coor-

144 3833 374 3881 nantur.
411 3824 572 3882 Unde
601 3831 655 3879 et
685 3839 866 3878 coram
892 3825 1035 3890 facie
1064 3836 1170 3878 sua
1197 3822 1376 3878 factas
1398 3835 1496 3877 eas
1521 3820 1674 3877 Deus
1704 3834 1839 3890 per-

147 3913 312 3980 hibet,
365 3915 503 3984 quia
559 3911 703 3967 nihil
757 3918 842 3967 est
894 3911 1050 3981 quod
1108 3918 1406 3980 tantopere
1458 3909 1557 3965 Dei
1589 3908 1839 3964 offendat

149 4010 431 4073 aspectum
462 4008 751 4071 quantum
784 3999 883 4056 illa
924 4014 1057 4071 quae
1106 4013 1208 4069 pro
1240 4000 1352 4055 Deo
1382 3998 1501 4067 geri
1533 4005 1835 4068 putantur,

150 4096 199 4145 et
256 4103 331 4146 ex
392 4090 500 4145 hoc
575 4088 695 4158 ipso
761 4086 905 4143 nihil
984 4086 1140 4143 aliud
1215 4093 1437 4143 actores
1495 4099 1673 4155 quam
1740 4099 1841 4140 sae-

152 4179 367 4234 culares
415 4176 629 4249 glorias
679 4183 1072 4245 aucupantur.
1132 4174 1250 4231 Sibi
1298 4174 1451 4230 enim
1512 4173 1667 4243 quod
1725 4173 1839 4228 Deo

156 4265 497 4337 impenditur
529 4264 672 4320 velle
704 4262 934 4331 ascribi,
967 4261 1250 4318 nefarium
1296 4260 1630 4317 idololatriae
1658 4274 1843 4331 genus

154 4360 247 4408 est.

218 4441 386 4496 Vens.
422 4442 473 4495 3.
516 4469 585 4478 —
650 4461 669 4488 ι
728 4438 794 4494 In
850 4436 1070 4493 malitia
1119 4451 1225 4493 sua
1277 4436 1717 4493 laetiﬁcaverunt
1748 4450 1845 4492 re-

160 4549 179 4574 ι
212 4543 378 4599 gem;
409 4535 464 4584 et
506 4527 563 4583 in
624 4526 933 4583 mendaciis
985 4526 1107 4582 suis
1159 4525 1469 4596 principes.
1507 4546 1527 4573 ι
1583 4525 1638 4581 Si
1671 4541 1847 4593 regem

160 4616 395 4673 velimus
444 4616 756 4687 intelligere
807 4614 1120 4676 diabolum,
1174 4621 1323 4682 stat;
1382 4614 1502 4684 ipse
1560 4613 1714 4670 enim
1763 4620 1849 4669 est

158 4717 248 4760 rex
301 4718 479 4774 super
505 4718 704 4759 omnes
754 4702 898 4759 filios
952 4702 1234 4772 superbiae
1288 4702 1427 4768 (Job.
1485 4717 1597 4768 xu,
1637 4701 1767 4773 25);
1799 4702 1848 4757 si

161 4792 438 4863 principes
472 4790 765 4847 ministros
805 4790 931 4861 ejus
973 4791 1280 4856 daemones,
1336 4797 1635 4861 utcunque
1660 4790 1847 4846 consi-

162 4879 263 4935 stit.
293 4881 402 4938 Sed
434 4894 524 4935 res
560 4878 709 4934 intra
739 4893 845 4934 nos
874 4877 1326 4950 constringatur.
1354 4879 1419 4932 In
1464 4881 1683 4933 malitia
1710 4891 1850 4950 ergo

164 4982 253 5021 sua
280 4985 457 5038 regem
487 4967 802 5036 lzetilicant,
851 4981 988 5024 cum
1042 4970 1195 5023 mala
1227 4966 1449 5023 occulte
1499 4973 1849 5037 perpetrata,

166 5070 257 5112 nec
279 5057 611 5114 forasticum
647 5055 901 5126 judicem
946 5055 1261 5111 metuentia
1302 5055 1559 5110 studium
1610 5055 1852 5111 rationis

166 5142 309 5201 elatae
338 5145 644 5201 delectant.
683 5142 814 5198 Ideo
841 5145 996 5199 enim
1028 5157 1130 5199 rex
1160 5142 1504 5213 appellatur,
1538 5142 1679 5212 quia
1705 5156 1849 5213 gau-

167 5229 251 5287 dio
277 5235 502 5304 privato
553 5231 872 5300 extollitur,
902 5233 1003 5303 qui
1038 5246 1136 5302 per
1168 5231 1515 5302 hypocrisim
1558 5238 1849 5300 operatur,

168 5317 218 5374 in
245 5322 394 5379 omni
445 5319 698 5392 profecto
738 5320 962 5376 actione
1018 5334 1127 5376 sua
1167 5320 1466 5376 mentitur.
1522 5320 1586 5373 In
1633 5319 1855 5373 menda-

166 5411 251 5461 ciis
298 5425 436 5482 ergo
493 5411 611 5463 suis
681 5410 961 5478 principes
1016 5408 1329 5475 laniﬁcam,
1378 5423 1512 5464 cum
1547 5407 1855 5464 fallacibus

108 5544 115 5551 ,
167 5499 417 5563 operibus
447 5495 668 5568 quibus
693 5495 946 5566 ineptum
972 5496 1186 5567 vulgus
1212 5495 1280 5551 ad
1306 5495 1397 5551 sui
1425 5493 1853 5551 venerationem

171 5589 494 5650 pertrahunt
528 5597 732 5639 sensus
767 5598 920 5653 suos,
957 5585 1056 5655 qui
1111 5584 1241 5649 sibi,
1291 5584 1439 5638 sicut
1478 5582 1853 5638 Samaritana;

1927 570 2210 625 delatione
2260 569 2576 626 ludiﬁcant.
2622 570 2691 625 Hi
2735 578 2871 626 sunt
2913 570 3198 639 principes
3224 568 3328 639 qui
3353 583 3458 625 nos
3493 582 3619 637 per-

1928 665 2259 727 sequuntur
2287 660 2466 727 gratis
2494 660 2663 728 (Psal.
2704 674 2900 725 cxvm,
2940 659 3084 725 161).

2000 746 2170 802 Vens.
2200 749 2252 800 4.
2292 777 2360 786 -
2399 770 2418 796 ι
2451 747 2662 803 Omnes
2694 747 3100 812 adulterantes,
3135 746 3301 816 quasi
3359 745 3623 801 clibanus

1935 857 1955 881 ι
1995 849 2308 890 succensus
2334 849 2367 890 a
2410 843 2711 905 roquente.
2752 858 2772 883 ι
2814 837 2880 891 Hi
2923 840 3205 905 principes
3240 850 3419 889 omnes
3450 834 3623 889 adul-

1930 930 2139 985 terant,
2172 924 2308 979 dum
2373 925 2703 980 videntibus
2740 924 2984 993 speciem
3032 938 3135 994 pro
3178 924 3292 979 Deo
3345 929 3623 991 susceptae

1932 1011 2275 1067 humilitatis
2327 1020 2638 1078 ostentant,
2698 1014 2791 1068 sed
2852 1013 2945 1068 alii
3006 1026 3183 1083 quam
3247 1013 3362 1067 Deo
3415 1010 3625 1067 exinde

1931 1100 2154 1170 placere
2201 1100 2549 1157 desiderant.
2601 1102 2769 1167 Quasi
2830 1102 3077 1155 clibanus
3132 1116 3420 1155 succensus
3448 1116 3483 1153 a
3529 1116 3623 1153 co-

1933 1194 2127 1254 quente
2156 1196 2311 1249 sunt.
2346 1189 2484 1244 dum
2544 1191 2653 1245 sub
2713 1190 2965 1261 benigna
3029 1189 3168 1244 facie
3220 1187 3625 1243 ferventissimi

1931 1277 2084 1332 intra
2114 1277 2373 1333 animum
2405 1278 2695 1347 appetitus
2720 1278 2984 1333 incendia
3012 1278 3209 1333 clausa
3238 1275 3450 1332 ferunt.
3475 1280 3617 1329 eo:

1930 1366 2206 1422 Clibanus
2234 1366 2386 1421 enim
2429 1367 2668 1422 interius
2709 1367 2888 1434 ardet,
2937 1366 3034 1437 qui
3070 1380 3185 1436 quo
3233 1372 3317 1421 est
3362 1377 3627 1419 camera-

1931 1456 2042 1511 tior
2096 1469 2161 1509 eo
2218 1455 2534 1510 aestuosior.
2594 1456 2755 1511 Unde
2807 1456 2997 1525 inquit
3045 1456 3216 1509 Poeta
3261 1453 3439 1521 (Ovid.
3495 1454 3621 1505 Met.

1935 1557 2009 1609 tv,
2044 1542 2130 1611 64)
2158 1557 2169 1595 :

2018 1630 2241 1695 Quoque
2268 1634 2444 1697 magis
2481 1634 2701 1697 tegitur,
2734 1633 2901 1683 tectus
2932 1634 3105 1697 magis
3134 1633 3331 1683 zstuat
3355 1627 3540 1681 ardor.

2003 1719 2267 1789 Coquens
2296 1726 2488 1774 autem
2521 1733 2634 1774 non
2677 1717 2825 1774 alius
2867 1725 3156 1788 estquam
3201 1716 3303 1787 qui
3344 1714 3475 1770 talis
3499 1727 3628 1768 am-

1934 1805 2167 1863 bitionis
2209 1806 2313 1862 sibi
2346 1806 2449 1877 ipsi
2511 1806 2768 1862 incentor
2814 1813 2917 1861 est.
2956 1827 2976 1854 ι
3040 1804 3269 1872 Quievit
3324 1802 3629 1873 paululum

1939 1916 1960 1941 ι
1998 1894 2258 1950 civitasa
2315 1894 2707 1950 commistione
2767 1892 3049 1957 fermenti,
3106 1892 3285 1947 donec
3332 1890 3632 1945 fermenta-

1941 2004 1961 2031 ι
1994 1990 2153 2039 retur
2201 1991 2404 2040 totum.
2440 2005 2461 2032 ι
2523 1983 2821 2037 Paululum
2861 1986 3052 2036 civitas
3099 1979 3359 2051 quiescit,
3407 1991 3538 2033 cum
3571 1976 3631 2032 in

1936 2070 2097 2126 initio
2119 2080 2317 2141 coeptae
2346 2070 2667 2142 hypocrisis
2704 2085 2821 2126 non
2869 2070 3045 2125 nimia
3093 2069 3181 2123 vis
3220 2067 3400 2137 ipsius
3448 2066 3632 2121 inter-

1935 2173 2024 2215 nze
2051 2160 2406 2231 cupiditatis,
2458 2174 2563 2215 nec
2608 2158 2929 2229 frequentia
2980 2156 3228 2213 civitatis
3271 2160 3631 2223 perstrepere

1935 2255 2165 2319 sinitur,
2201 2249 2341 2321 quia
2384 2262 2419 2304 a
2464 2246 2915 2303 consideratione
2958 2242 3408 2301 fermentationis
3460 2239 3631 2295 novi-

1935 2344 2028 2401 tize
2070 2348 2347 2398 cessatur.
2408 2338 2750 2390 Fementum
2797 2335 2938 2405 quid
2995 2332 3273 2404 signiticet
3329 2345 3364 2386 a
3405 2329 3633 2386 nemine

1935 2430 2259 2489 dubitatur.
2321 2425 2453 2481 Haec
2531 2424 2700 2494 pestis
2751 2422 2934 2492 primo
2996 2427 3243 2478 mentem
3290 2419 3397 2475 sub
3445 2417 3631 2488 specie

1938 2515 2261 2573 sanctitatis
2285 2511 2642 2583 aggreditur.
2679 2518 2735 2567 at
2764 2517 3068 2580 postquam
3114 2506 3349 2563 sinistra
3395 2504 3633 2561 intentio

1934 2612 2131 2676 pectus
2159 2598 2550 2669 occupaverit,
2583 2602 2754 2652 totum
2780 2597 3187 2653 fermentatum
3217 2593 3449 2649 dicitur.

2010 2693 2184 2748 Vens.
2219 2693 2270 2743 5.
2309 2718 2376 2726 -
2413 2709 2432 2735 α
2470 2686 2602 2741 Dies
2657 2686 2808 2756 regis
2861 2683 3061 2739 nostri.
3102 2704 3123 2729 ι
3177 2682 3434 2751 Deceptzc
3490 2677 3640 2749 cogi-

1938 2779 2173 2836 tationis
2202 2790 2317 2831 vox
2347 2782 2451 2831 est.
2483 2774 2695 2845 Regem
2740 2773 3009 2843 superius
3060 2770 3317 2827 diximus
3356 2767 3637 2823 rationem

1939 2868 2167 2939 plenam
2201 2864 2402 2920 fastus.
2439 2862 2483 2919 Ο
2515 2862 2725 2931 inquit,
2782 2862 2897 2914 dies
2928 2864 3071 2928 regis
3100 2860 3276 2913 nostri
3296 2876 3314 2919 .-
3336 2872 3402 2913 ac
3422 2856 3634 2912 sidice—

1940 2965 2059 3014 ret:
2094 2958 2236 3012 Ecce
2277 2967 2379 3008 rex
2426 2958 2619 3007 noster
2646 2950 2796 3005 diem
2843 2949 3029 3012 habet,
3072 2947 3211 3019 quia
3248 2945 3486 3014 spiritus
3529 2957 3637 2998 no-

1871 3067 1911 3122 C
1942 3053 2058 3101 ster
2090 3044 2147 3098 in
2176 3041 2263 3096 sui
2316 3037 2693 3108 prosperitate
2739 3035 2953 3090 favoris
2999 3034 3332 3090 luculentus
3373 3036 3633 3122 apparet.

1947 3154 1968 3181 ι
2003 3131 2312 3199 Coeperunt
2384 3122 2669 3193 principes
2716 3122 2905 3177 furere
2953 3136 2987 3175 a
3034 3120 3190 3175 vino.
3245 3141 3266 3167 υ
3321 3118 3523 3173 Animo
3571 3115 3641 3170 de

1940 3218 2063 3275 suis
2092 3214 2376 3288 gloriante
2435 3210 2729 3274 laudibus,
2785 3223 2987 3265 sensus
3038 3206 3219 3262 nostri
3266 3203 3578 3260 exteriores
3606 3217 3641 3255 a

1940 3310 2065 3359 vino
2099 3304 2323 3364 furunt,
2358 3300 2496 3355 dum
2525 3298 2613 3354 sui
2638 3297 3038 3367 cogitationem
3088 3293 3276 3365 gratia
3324 3290 3495 3346 alieni
3526 3289 3642 3343 oris

1942 3392 2236 3449 amittunt.
2296 3388 2669 3444 Furiosorum
2722 3392 2823 3445 est.
2881 3399 2987 3439 nec
3037 3398 3114 3449 se,
3164 3396 3268 3437 nec
3306 3378 3639 3450 quempiam

1943 3492 2272 3552 agnoscere,
2307 3483 2409 3532 aut
2454 3474 2659 3541 vereri,
2715 3489 2819 3530 nec
2865 3473 3003 3543 quid
3053 3471 3348 3542 patiantur
3400 3466 3564 3523 scire.
3588 3466 3635 3519 Α

1941 3573 2067 3623 vino
2099 3580 2235 3637 ergo
2285 3562 2491 3620 furunt
2544 3562 2647 3633 qui
2701 3561 2955 3618 externis
3012 3556 3446 3615 adulationibus
3475 3552 3637 3612 ebrii.

1943 3670 2060 3712 non
2091 3652 2292 3724 quales
2321 3651 2453 3717 sint,
2479 3651 2575 3707 sed
2607 3651 2856 3721 qualiter
2886 3649 3215 3713 laudentur,
3242 3642 3567 3701 attendunt.

2014 3742 2189 3797 Vsus.
2222 3742 2275 3793 6.
2306 3769 2372 3777 —
2407 3760 2428 3787 ι
2467 3739 2743 3794 Extendit
2776 3752 3012 3793 manum
3062 3748 3230 3791 suam
3278 3744 3412 3786 cum
3440 3728 3641 3783 illuso-

1950 3852 1972 3879 ι
2009 3830 2191 3892 ribus,
2224 3827 2363 3898 quia
2393 3825 2983 3896 applicueruntquasi
3006 3824 3299 3880 clibanum
3324 3831 3423 3873 cor
3448 3827 3642 3875 suum.

1952 3938 1972 3965 ι
2008 3929 2140 3972 cum
2194 3913 2569 3969 insidiaretur
2620 3912 2719 3968 eis.
2780 3934 2799 3959 ι
2863 3911 2995 3967 Cum
3053 3907 3372 3964 illusoribus
3420 3917 3645 3958 manum

1946 4023 2102 4065 suam
2132 4020 2237 4062 rex
2266 4002 2524 4062 extendit
2574 4016 2706 4058 cum
2756 4000 2828 4055 ad
2875 3999 3233 4055 voluntatem
3273 3993 3644 4050 adulatorum

1948 4106 2190 4149 suorum
2222 4091 2310 4147 vel
2358 4090 2548 4161 potius
2588 4089 2887 4145 illusorum
2937 4085 3297 4156 operationes
3352 4092 3488 4135 suas
3544 4090 3646 4146 pro

1947 4180 2165 4252 quibus
2195 4179 2381 4251 magis
2408 4177 2739 4242 extollatur,
2764 4174 3116 4245 amplificare
3144 4168 3453 4227 contendit.
3488 4166 3646 4222 Fim—

1949 4269 2106 4326 brias
2134 4281 2288 4332 suas,
2329 4268 2505 4338 juxta
2533 4263 2936 4333 Evangelium,
2998 4260 3233 4331 spiritus
3281 4264 3473 4313 noster
3516 4265 3646 4311 ma-

1880 4366 1925 4420 1)
1957 4354 2191 4428 gnificat
2236 4354 2433 4423 (Matii.
2478 4366 2648 4416 xxnt,
2700 4354 2771 4416 5),
2824 4364 2955 4406 cum
3002 4364 3108 4405 sua
3150 4344 3423 4417 quaelibet
3451 4352 3644 4412 opera,

1952 4442 2223 4515 quamvis
2241 4449 2518 4508 extrema,
2538 4439 2890 4511 percelebrat
2912 4434 3317 4508 ;phylacteria,
3334 4445 3466 4503 quae
3480 4428 3648 4493 collo,

1953 4531 2047 4601 vel
2095 4529 2303 4600 pectori
2388 4528 2632 4599 appendi
2707 4527 2906 4590 solent,
2980 4524 3179 4580 dilatat
3244 4517 3454 4591 (Ibid.),
3516 4526 3649 4571 cum

1954 4617 2249 4675 scientiam
2278 4616 2366 4671 vel
2416 4615 2737 4672 doctrinam
2771 4611 2937 4683 quasi
2978 4607 3416 4667 obaudientium
3460 4608 3653 4658 custo-

1954 4707 2106 4764 diam
2141 4705 2478 4762 tonantibus
2508 4704 2705 4761 buccis
2739 4708 3005 4758 ostentat.
3057 4698 3197 4765 Quia
3243 4693 3649 4765 applicuerunt,

1957 4795 2114 4852 haud
2191 4793 2435 4850 dubium
2487 4805 2661 4863 quem
2712 4790 2975 4846 illusores
3028 4789 3189 4853 quasi
3237 4783 3512 4837 clibanum
3562 4792 3652 4831 cor

1955 4899 2135 4950 suum,
2169 4896 2299 4939 cum
2331 4880 2707 4951 cogitationes
2739 4892 2797 4934 se
2847 4876 3048 4933 merito
3101 4869 3327 4928 laudari
3371 4865 3655 4923 aestiman-

1957 4980 2059 5039 tes,
2091 4979 2146 5028 et
2189 4970 2296 5026 sibi
2350 4967 2753 5024 miserabiliter
2815 4964 3141 5027 illudentes,
3187 4966 3242 5016 et
3270 4954 3655 5013 exterioribus

1958 5060 2196 5130 pejores,
2222 5074 2313 5111 cor
2334 5072 2514 5121 suum,
2548 5055 2605 5111 id
2634 5061 2718 5110 est
2751 5051 3031 5108 rationem
3068 5061 3232 5105 suam
3284 5044 3394 5101 sub
3444 5042 3656 5099 talibus

1959 5144 2252 5203 blanditiis
2296 5150 2637 5200 aestuantem
2682 5151 3110 5211 usquequaque
3152 5135 3457 5197 inclinant,
3513 5139 3567 5186 et
3599 5144 3657 5185 se

1957 5234 2039 5291 eis
2088 5231 2259 5303 quasi
2311 5228 2772 5301 gratulabundos
2856 5224 3187 5282 humiliant.
3250 5222 3387 5288 Hoc,
3443 5218 3653 5289 inquit,

1961 5318 2335 5391 cogitationes
2363 5317 2603 5382 faciunt,
2656 5329 2790 5371 cum
2827 5326 2929 5369 rex
2977 5311 3112 5382 ipse,
3166 5309 3531 5363 insidiaretur

1961 5421 2094 5463 cum
2138 5405 2349 5461 scilicet
2382 5403 2621 5475 spiritus
2652 5403 2790 5473 ipse,
2838 5404 3009 5473 cujus
3050 5398 3223 5456 officii
3265 5404 3389 5454 erat
3430 5409 3527 5451 eas
3564 5409 3660 5450 re-

1963 5509 2115 5567 gere,
2149 5492 2453 5563 praesentia
2484 5492 2697 5564 gaudia
2727 5497 3143 5561 aucuparetur,
3176 5487 3259 5544 eis
3287 5486 3360 5542 ad
3402 5483 3660 5540 interne-

1964 5581 2184 5638 cionem
2214 5593 2417 5637 earum
2439 5592 2587 5650 quas
2614 5578 2839 5634 salvare
2886 5576 3164 5632 debuerat
3192 5588 3251 5630 se
3297 5571 3657 5629 submittens.
