3950 6442
313 407 416 459 375

1216 405 1276 458 ν.
1317 405 1649 460 GUIBEBTI
1685 403 1974 459 ABBATIS
2011 402 2066 456 S.
2107 401 2345 457 MARI/E
2383 402 2476 458 DE
2517 400 2923 460 NOVIGENTO

3711 407 3826 460 376

314 558 340 579 »
372 531 512 588 Tota
540 541 702 587 nocte
755 531 1026 589 dormivit
1065 548 1318 604 coquens
1376 547 1492 595 eos.
1549 547 1716 588 mane
1749 531 1860 602 ipse
1883 546 2008 587 suc-
2044 535 2087 586 Α
2119 531 2172 585 in
2206 547 2270 586 eo
2303 533 2405 601 piae
2447 533 2715 589 novitatis
2741 542 2824 589 est
2859 534 3142 603 dealbata,
3193 535 3443 604 quadam
3486 536 3827 606 hypocrisis

315 641 342 673 ιι
375 635 582 676 census
607 621 772 690 quasi
812 621 961 690 ignis
1008 621 1272 677 ﬂamma}.
1314 643 1333 669 ι
1382 623 1515 675 Tota
1573 626 1724 674 nocte
1775 636 2004 685 coqurns

313 719 400 760 eos
431 706 659 772 dormit,
689 721 822 762 cum
859 709 1186 763 omnimoda
1225 709 1474 763 czecitate
1522 708 1592 763 ad
1645 709 2002 762 internorum

313 802 603 861 motuum,
637 795 738 866 qui
769 809 975 852 sanum
1025 810 1222 866 sapere
1270 805 1550 866 poterant,
1585 797 2004 852 demolitionem

313 891 596 952 tanquam
626 883 1010 939 excoctionem
1060 899 1117 938 se
1163 884 1378 953 sepelit.
1435 885 1592 937 Mane
1625 889 1739 952 ipse
1777 897 2008 938 succen-

316 971 493 1038 ditur,
522 985 675 1038 cum,
717 972 1076 1026 illucescente
1095 972 1202 1026 sibi
1223 971 1472 1040 alicujus
1497 972 1888 1040 prosperitatis
1913 984 2009 1025 au-

317 1071 469 1125 rora,
506 1059 795 1114 nimietate
825 1060 1156 1129 cupiditatis
1191 1060 1430 1130 ignitur.
1465 1059 1624 1117 Unde
1670 1060 1777 1115 sub
1824 1060 2008 1128 specie

317 1144 622 1214 cujusdam
653 1145 778 1199 avis
813 1145 869 1200 in
906 1145 1011 1201 Job
1044 1147 1290 1201 dicitur:
1328 1166 1353 1196 α
1386 1150 1528 1201 Cum
1580 1155 1803 1215 tempus
1856 1149 2009 1202 inve-

317 1233 484 1293 nerit,
521 1232 577 1288 in
599 1234 779 1289 altum
806 1233 928 1288 alas
952 1235 1120 1304 erigit
1176 1235 1308 1302 (Job.
1344 1248 1556 1295 XXXIX,
1607 1238 1712 1299 18).
1757 1255 1776 1280 ι
1838 1233 2007 1298 Quasi

316 1324 462 1386 ignis
490 1322 719 1388 ﬂammae
769 1328 872 1384 est,
905 1320 1045 1375 dum
1101 1335 1245 1390 quos
1274 1320 1530 1375 exterius
1578 1319 1831 1373 docendo
1885 1332 2007 1387 pro-

317 1407 517 1463 lambit
573 1416 628 1463 et
672 1407 958 1463 illustrare
1016 1409 1326 1474 contendit,
1385 1407 1584 1462 eadem
1664 1421 1783 1476 qua
1829 1407 2009 1462 fervet

319 1503 469 1564 peste
500 1495 836 1560 succendit;
881 1495 970 1549 vel
1027 1495 1196 1550 etiam
1243 1499 1384 1560 ignis
1431 1498 1658 1562 ﬂamma
1710 1501 1811 1560 est,
1868 1493 2004 1549 dum

315 1597 479 1638 mens
507 1598 638 1653 quae
669 1583 725 1637 in
772 1581 980 1637 allectu
1034 1582 1304 1652 peccandi
1365 1581 1605 1636 latenter
1660 1581 1916 1651 ignescit,
1951 1579 2008 1635 in

315 1670 648 1740 exemplum
678 1670 924 1726 aliorum
958 1684 1060 1739 pro
1085 1669 1257 1738 paulo
1285 1669 1670 1724 excandescit.

390 1757 563 1814 Vsus.
596 1758 652 1811 ’7.
686 1786 754 1796 -
816 1780 834 1804 ε
891 1757 1100 1813 Omnes
1129 1757 1381 1812 calefacti
1411 1765 1546 1811 sunt
1610 1757 1775 1825 quasi
1829 1756 2003 1811 cliba-

2113 627 2395 675 vetustate
2444 628 2724 676 mutatur.
2774 621 2914 677 Cani
2961 622 3115 678 enim
3159 621 3273 678 albi
3325 631 3481 688 sunt,
3526 632 3583 679 et
3634 633 3823 679 vetu-

2113 714 2313 761 statem
2345 706 2690 775 signiticant.
2724 710 2895 764 Albor
2939 723 3074 780 ergo
3103 710 3173 764 ad
3203 711 3258 764 id
3298 711 3453 780 quod
3499 712 3818 781 praetendi-

2114 803 2230 859 tur,
2263 802 2520 850 vetustas
2545 810 2680 850 vero
2716 809 2790 850 att
2825 807 2907 849 ιιοι
2959 799 3028 852 ad
3079 798 3132 853 id
3164 798 3320 868 quod
3372 812 3508 854 vera
3555 801 3821 854 novitate

2115 885 2394 952 privatur.
2431 884 2667 938 Vetusta
2688 886 2841 940 enim
2874 887 3172 955 praesentia
3204 894 3358 948 sunt.
3383 901 3554 954 nova,
3581 887 3814 943 futura.

2113 970 2184 1025 Et
2224 970 2345 1024 haec
2392 972 2668 1040 Ephraim
2718 973 2966 1042 ignorat,
3011 977 3150 1043 quia
3194 982 3406 1029 statum
3454 976 3512 1029 in
3560 990 3680 1045 quo
3733 987 3820 1030 est

2115 1064 2312 1111 utrum
2350 1069 2651 1126 priesentia
2697 1059 3092 1126 obliviscatur,
3133 1068 3188 1116 et
3226 1060 3296 1114 ad
3328 1062 3617 1116 anteriora
3664 1075 3818 1116 con-

2118 1144 2336 1208 tendat,
2367 1145 2526 1200 nullo
2557 1146 2725 1200 modo
2757 1156 2972 1216 pensat.

2187 1231 2359 1286 Vnus.
2397 1234 2480 1286 l0.
2513 1263 2581 1274 —
2616 1255 2636 1281 ι
2674 1235 2743 1290 Et
2795 1235 3198 1292 humiliabitur
3227 1236 3497 1304 superbia
3541 1236 3717 1292 Israel
3758 1239 3814 1291 in

2119 1341 2146 1366 ››
2181 1319 2324 1373 facie
2361 1320 2508 1389 ejus,
2559 1336 2663 1376 nec
2709 1325 2922 1379 reversi
2971 1332 3106 1380 sunt
3153 1324 3224 1379 ad
3274 1325 3580 1379 Dominum
3623 1325 3814 1379 Deum

2119 1429 2146 1455 ››
2178 1417 2449 1474 suum,et
2486 1424 2598 1464 non
2653 1414 3008 1480 quresierunt
3051 1427 3182 1468 eum
3215 1412 3272 1466 in
3317 1413 3585 1468 omnibus
3631 1412 3738 1467 his.
3785 1435 3812 1456 »-

2117 1496 2387 1563 superbia
2425 1498 2596 1551 Israel
2641 1504 2696 1552 in
2747 1501 2888 1565 facie
2937 1502 3054 1568 ejus
3095 1500 3454 1564 humiliatur,
3503 1514 3635 1555 cum
3672 1500 3812 1554 alie-

2117 1583 2243 1628 ctus
2274 1584 2480 1642 noster,
2510 1578 2744 1646 quando
2773 1579 2895 1635 sine
2937 1581 3048 1635 Deo
3081 1580 3459 1650 principatur,
3494 1594 3591 1648 per
3621 1579 3812 1650 aperti

2117 1661 2374 1716 criminis
2436 1677 2632 1718 casum
2679 1680 2738 1720 se
2799 1666 3010 1722 sciente
3077 1667 3324 1734 dicitur;
3381 1669 3438 1720 in
3497 1668 3637 1732 facie
3687 1667 3813 1733 ejus

2117 1747 2288 1801 Israel
2328 1748 2686 1817 humiliatur,
2719 1765 2850 1808 cum
2887 1754 3176 1822 appetitus
3220 1753 3396 1808 nostri
3442 1761 3654 1820 tumor,
3702 1754 3812 1823 qui

324 1866 344 1890 ι
374 1857 504 1910 nus,
537 1851 592 1898 et
635 1843 1057 1898 devoraverunt
1084 1843 1308 1912 judices
1357 1857 1510 1897 suos.
1540 1864 1562 1889 ο
1625 1820 1814 1897 Omnes
1848 1846 2006 1908 quasi
2046 1820 2086 1874 Β
2117 1834 2186 1890 de
2219 1850 2324 1890 sua
2369 1837 2625 1894 castitate
2668 1854 2802 1895 cum
2851 1820 3036 1910 turpis
3077 1850 3218 1897 esset
3255 1849 3542 1906 erexerat,
3589 1820 3813 1910 peccati

318 1931 564 1983 clibanus
618 1929 911 1994 calefiunt,
963 1929 1099 1983 dum
1155 1929 1318 1994 ratio,
1351 1929 1618 1984 voluntas
1667 1937 1721 1985 et
1770 1929 2007 1985 afl‘ectus

319 2031 451 2072 cum
479 2017 751 2086 subjectis
777 2016 1026 2071 motibus
1062 2015 1249 2070 studio
1284 2015 1489 2084 inepta;
1519 2016 1803 2085 cupidinis
1837 2016 2002 2072 eﬂer-

317 2114 576 2160 vescunt.
623 2105 840 2158 Judices
883 2119 1006 2157 suos
1050 2103 1347 2168 devorant,
1399 2101 1537 2157 dum
1571 2103 1870 2158 universos
1897 2103 2002 2158 im-

316 2200 481 2260 petus
509 2191 744 2260 spiritus
771 2191 1041 2246 vitiorum
1084 2189 1317 2244 ardores
1363 2188 1705 2244 adnihilant.
1740 2189 1808 2244 Hi
1852 2190 2004 2244 enim

316 2287 452 2335 sunt
478 2279 719 2350 judices,
751 2280 891 2350 quia
917 2293 989 2334 ex
1020 2278 1108 2334 his
1138 2279 1421 2348 prodeunt
1450 2280 1622 2333 totius
1653 2278 2006 2334 interiorita-

319 2369 390 2422 tis
421 2375 627 2422 nostra:
655 2381 915 2424 censuras
941 2375 995 2423 et
1028 2367 1463 2422 moderationes.
1504 2389 1521 2414 ι
1583 2366 1793 2422 Omnes
1845 2379 2007 2435 reges

322 2475 342 2501 ι
376 2467 576 2510 eorum
606 2453 972 2519 ceciderunt:
1031 2469 1145 2509 non
1187 2460 1271 2508 est
1310 2453 1413 2523 qui
1467 2452 1675 2506 clamet
1711 2453 1766 2505 iu
1815 2451 1898 2505 eis
1932 2452 2005 2506 ad

323 2562 343 2588 ι
377 2556 480 2596 me.
517 2563 538 2588 ι
571 2541 910 2597 Interiorum
963 2550 1287 2596 nostrorum
1342 2553 1502 2609 reges
1546 2547 1700 2604 sunt,
1751 2539 2005 2608 quicun-

316 2643 430 2698 que
455 2627 634 2683 animi
669 2628 898 2683 habitus
923 2627 992 2682 de
1020 2628 1134 2682 Deo
1169 2627 1458 2680 hominem
1507 2625 1818 2695 recogitare
1847 2640 2006 2680 com-

318 2716 557 2786 pellunt.
587 2715 747 2770 Unde
787 2714 1079 2784 psalmus:
1116 2735 1137 2762 ι
1190 2713 1315 2770 Non
1359 2720 1443 2766 est
1475 2712 1746 2778 creditus,
1796 2712 2003 2782 inquit,

315 2818 450 2858 cum
480 2803 596 2857 Deo
646 2801 882 2872 spiritus
911 2801 1039 2870 ejus
1067 2801 1264 2870 ((Psal.
1298 2813 1518 2864 Lxxvii,
1548 2799 1624 2867 8).
1666 2821 1686 2847 ι
1743 2801 1809 2856 Hi
1857 2817 2006 2869 reges

317 2890 552 2957 cadunt,
593 2904 723 2946 cum
771 2903 830 2944 se
868 2888 942 2943 ad
990 2887 1310 2957 appetenda
1361 2894 1586 2942 terrena
1636 2887 2000 2956 provolvunt.

317 2979 434 3033 Non
463 2981 542 3031 est
569 2980 629 3031 in
660 2979 735 3032 eis
765 2981 862 3043 qui
897 2978 1089 3031 clamet
1131 2976 1202 3031 ad
1238 2975 1438 3035 Deum.
1489 2989 1604 3029 non
1635 2983 1718 3030 est
1746 2975 2006 3031 videlicet

315 3065 418 3136 qui
445 3073 569 3136 post
606 3063 1013 3130 delectationis,
1045 3071 1146 3121 aut
1175 3077 1484 3118 consensus
1511 3063 1742 3128 damna,
1797 3062 1868 3117 ad
1915 3062 2008 3118 ali-

315 3153 484 3223 cujus
526 3152 899 3223 paenitudinis
946 3152 1172 3207 studeat
1222 3150 1405 3207 redire
1447 3151 1819 3220 propositum.
1868 3149 2008 3217 Quis

313 3238 462 3294 enim
499 3239 884 3294 miserabilius
929 3239 1138 3294 clamat
1181 3252 1360 3308 quam
1391 3238 1490 3308 qui
1543 3253 1662 3294 suae
1694 3239 2006 3294 calamitati

317 3326 712 3396 illacrymatur
729 3328 760 3380 ?

387 3415 560 3470 Vnus.
589 3417 642 3468 8.
673 3444 742 3455 —
777 3436 798 3463 α
835 3414 1110 3484 Ephraim
1143 3414 1198 3469 in
1243 3414 1468 3483 populis
1517 3415 1632 3484 ipse
1678 3416 2004 3472 commisce-

322 3521 342 3548 ι
381 3501 570 3556 batur.
636 3523 657 3549 ι
713 3501 978 3571 Ephraim
1027 3506 1085 3554 in
1133 3502 1358 3570 populis
1411 3505 1526 3570 ipse
1585 3503 2004 3571 commiscetur,

317 3603 449 3643 cum
481 3589 750 3643 voluntas
779 3602 911 3658 qua;
943 3588 1104 3643 ferax
1161 3587 1508 3657 frugalitatis
1537 3605 1658 3644 esse
1710 3591 2007 3657 debuerat,

317 3673 730 3744 cogitationum
763 3673 1126 3729 insolentium
1177 3675 1352 3744 vulgo
1389 3676 1754 3747 dispergitur.
1791 3676 1860 3732 Et
1901 3693 2009 3733 no-

319 3764 559 3819 tandum
589 3763 744 3834 quod
799 3763 1109 3834 vigilanter
1153 3778 1488 3832 pronomen,
1529 3767 1682 3835 quod
1737 3774 1821 3822 est
1871 3773 2006 3837 ipse,

317 3851 680 3923 adjungitur,
715 3866 782 3908 ac
813 3853 856 3907 si
889 3851 1215 3907 diceretur:
1271 3853 1387 3921 ipse
1438 3854 1711 3923 Ephraim
1761 3856 1860 3925 qui
1893 3871 2006 3912 non

318 3946 399 3995 est
424 3939 581 3996 aliud
609 3953 787 4010 quam
819 3939 1106 4004 voluntas,
1150 3954 1282 4009 quze
1325 3939 1530 3996 rationi
1581 3943 1764 4008 magis
1802 3957 2007 3998 conve-

319 4028 443 4085 nire
471 4027 766 4097 debuerat,
798 4027 1176 4098 popularibus
1215 4029 1624 4098 cogitationum
1658 4044 1776 4084 sese
1826 4031 2010 4086 turbis

321 4117 620 4180 indiderat.
677 4124 732 4172 et
785 4116 879 4172 cui
935 4124 1160 4172 tantum
1217 4117 1578 4181 credebatur,
1632 4119 1771 4187 proh
1810 4119 2003 4176 dolor!

319 4223 391 4263 ex
451 4205 689 4262 rationis
769 4205 1061 4260 vicinitate
1138 4205 1350 4260 debens
1431 4213 1601 4273 stare,
1677 4207 2010 4265 difﬂuxerat

326 4315 349 4340 υ
380 4293 654 4362 Ephraim
686 4293 870 4349 lactus
894 4301 977 4348 est
1031 4294 1448 4351 subcinericius
1501 4295 1603 4366 qui
1657 4311 1770 4351 non
1813 4312 2010 4353 rever-

2113 1921 2200 1977 sui
2263 1923 2616 1991 experientia
2672 1933 2726 1980 et
2784 1927 2998 1995 pudore
3059 1927 3316 1983 reflatur.
3375 1928 3468 1981 Ad
3514 1930 3808 1982 Dominum

2113 2015 2283 2067 Deum
2323 2026 2482 2065 suum
2520 2028 2626 2065 non
2676 2023 3068 2085 revertuntur,
3111 2029 3244 2071 cum
3294 2023 3484 2070 motus
3530 2014 3806 2070 aﬂectua-

2115 2098 2194 2153 les
2222 2113 2326 2154 nec
2359 2098 2707 2168 ﬂagitiorum
2740 2115 2978 2156 suorum
3022 2100 3483 2156 consternatione
3511 2100 3810 2166 ‘deterriit,

2115 2195 2178 2242 ut
2204 2187 2470 2257 deinceps
2501 2189 2679 2243 Deum
2725 2190 2952 2257 sapiant
2983 2196 3412 2257 retorquentur,
3455 2188 3518 2240 In
3557 2187 3812 2241 omnibus

2113 2276 2198 2328 his
2227 2292 2333 2328 non
2377 2293 2494 2329 cum
2539 2283 2813 2345 querunt,
2854 2290 2987 2330 cum
3037 2289 3140 2329 nec
3174 2275 3225 2328 in
3276 2273 3526 2329 evidenti
3583 2271 3815 2328 revolu-

2112 2357 2264 2413 tione
2294 2354 2613 2412 facinorum
2655 2357 2726 2412 ad
2765 2359 3016 2415 divinam
3049 2361 3390 2417 munditiam
3423 2359 3816 2430 resipiscendo

2116 2452 2446 2512 resurgunt.

2189 2533 2357 2588 Vens.
2395 2536 2477 2587 lt.
2530 2564 2597 2572 —
2631 2555 2651 2580 ι
2707 2534 2778 2588 Ει
2819 2533 3004 2589 factus
3042 2542 3125 2590 est
3169 2534 3443 2604 Ephraim
3493 2533 3664 2604 quasi
3705 2551 3813 2589 co-

2120 2645 2142 2672 ι
2177 2624 2374 2679 lumba
2415 2625 2648 2678 seducta
2693 2637 2810 2678 non
2864 2623 3080 2679 habens
3111 2637 3226 2678 cor.
3271 2647 3297 2670 ››
3343 2623 3513 2688 Quasi
3559 2625 3812 2678 columba

2115 2713 2336 2766 seducta
2372 2716 2434 2781 ﬁt
2477 2712 2759 2782 Ephraim,
2791 2711 2931 2766 dum
2963 2713 3030 2766 de
3073 2725 3307 2780 operum
3357 2726 3595 2767 suorum
3644 2726 3711 2766 ac
3763 2713 3811 2766 si

2116 2801 2339 2856 fetuum
2385 2801 2756 2870 corruptione
2823 2814 2936 2854 non
3003 2799 3260 2869 ingemit.
3309 2799 3589 2854 Columba
3650 2799 3810 2854 enim

2117 2899 2322 2960 praeter
2351 2890 2597 2944 aliarum
2629 2889 2826 2944 avium
2870 2901 3085 2943 morem
3117 2888 3185 2940 de
3230 2886 3520 2955 pullorum
3563 2901 3808 2941 suorum

2115 2978 2504 3034 subtractione
2555 2993 2670 3033 non
2717 2977 3036 3047 perstrepit.
3107 2975 3361 3031 Columba
3406 2988 3542 3044 ergo
3593 2975 3810 3030 dicitur

2115 3068 2353 3130 seducta,
2413 3068 2580 3138 quasi
2635 3066 2707 3122 ad
2786 3063 3275 3120 insensibilitatem
3356 3063 3604 3118 redacta.
3656 3061 3806 3128 Quid

2113 3156 2268 3212 enim
2291 3155 2388 3211 illa
2419 3155 2712 3210 voluntate
2746 3152 3153 3217 insensibilius,
3195 3166 3328 3223 quae
3379 3151 3500 3206 suis
3553 3151 3811 3206 indolere

2115 3245 2292 3300 nescit
2350 3243 2601 3314 indignis
2655 3239 2974 3312 operibus?
3031 3240 3175 3296 Cum
3227 3239 3297 3295 de
3341 3239 3469 3294 aliis
3526 3239 3811 3295 columbis
3903 3267 3913 3314 It

2114 3331 2341 3387 dicatur
2367 3331 2521 3400 quod
2566 3344 2680 3386 non
2729 3329 2974 3384 habeant
3007 3328 3098 3394 fel,
3145 3327 3214 3382 de
3247 3326 3354 3382 hac
3399 3327 3612 3382 dicitur
3649 3328 3809 3397 quod

2117 3435 2222 3471 non
2253 3417 2459 3473 habeat
2501 3433 2609 3485 cor,
2647 3424 2710 3473 ut
2751 3431 2955 3472 sensus
2998 3416 3225 3485 reprobi
3259 3416 3585 3471 immanitas
3627 3424 3810 3471 osten-

2116 3504 2307 3572 datur,
2340 3505 2482 3576 quia
2511 3505 2795 3560 malorum
2839 3518 3080 3559 suorum
3117 3502 3479 3558 miseratione
3509 3517 3624 3558 non
3656 3503 3812 3558 duci-

2115 3600 2230 3649 tur.
2265 3617 2286 3643 ι
2320 3594 2635 3664 Egyptum
2665 3593 3037 3659 invocabant,
3061 3592 3133 3647 ad
3166 3593 3428 3661 Assyrios
3452 3591 3743 3648 abierunt.
3785 3613 3804 3638 ι

2117 3682 2400 3752 {Egyptus
2430 3683 2842 3753 interpretatur
2873 3681 3155 3735 tribulatio
3203 3679 3293 3735 vel
3331 3680 3592 3742 tenebrae;
3641 3682 3811 3748 Assy-

2117 3772 2186 3826 rii
2229 3785 2362 3826 vero
2391 3773 2558 3826 aulici
2615 3771 2701 3826 vel
2755 3771 3073 3837 dirigentes.
3126 3771 3422 3836 Egyptum
3473 3783 3610 3838 ergo
3643 3768 3807 3823 invo-

2117 3865 2267 3922 cant,
2291 3859 2392 3928 qui
2421 3866 2542 3927 post
2575 3858 3051 3928 perpetrationem
3103 3855 3317 3926 peccati
3346 3856 3607 3910 animum
3635 3870 3807 3912 suum

2118 3945 2531 4000 rationabiliter
2581 3946 2653 4000 ad
2722 3946 2983 4001 tenebras
3035 3941 3293 3999 mieroris
3354 3943 3807 3999 tribulationem-

2117 4047 2232 4103 que
2258 4032 2616 4100 compellant.
2659 4032 2999 4102 Appetentia
3037 4031 3190 4086 enim
3225 4031 3608 4100 voluptatum,
3636 4030 3808 4099 juxta

2117 4119 2453 4174 Boetianum
2484 4117 2646 4186 illud,
2698 4133 2832 4174 cum
2883 4118 2954 4174 sit
2984 4119 3149 4188 plena
3205 4116 3529 4182 anxietatis,
3578 4115 3810 4172 satietas

2118 4215 2308 4264 tamen
2358 4214 2441 4262 est
2487 4208 2830 4276 paenitentia:
2884 4211 2980 4276 (De
3020 4207 3218 4260 consol.
3278 4206 3502 4274 Philip.,
3567 4204 3663 4258 lib.
3722 4219 3800 4266 ιιι.

2119 4308 2268 4364 pros.
2300 4295 2374 4360 7).
2407 4295 2702 4362 Egyptum
2746 4293 2940 4363 itaque
2993 4294 3339 4356 invocantes,
3391 4293 3447 4346 id
3475 4299 3558 4346 est
3589 4291 3657 4347 de
3687 4306 3803 4362 pce-

325 4403 348 4429 ι
383 4388 564 4436 satur.
605 4402 628 4429 ι
663 4381 1064 4436 Subcinericius
1115 4382 1379 4451 Ephraim
1439 4383 1520 4448 fit,
1577 4398 1710 4439 cum
1743 4385 2006 4441 voluntas

2188 4380 2400 4437 tudinis
2445 4380 2728 4448 acredine,
2779 4395 2910 4451 qua
2953 4387 3180 4450 peccato
3227 4379 3511 4450 congruit,
3561 4379 3621 4434 in
3663 4395 3804 4436 con-

320 4483 393 4524 ex
425 4466 702 4524 memoria
739 4469 1160 4537 praateritorum
1187 4469 1496 4525 criminum
1554 4470 1817 4526 refricata
1857 4472 2012 4529 cale—

321 4555 446 4612 scit.
472 4553 588 4612 Nec
634 4555 934 4623 immerito,
996 4556 1135 4626 quia
1189 4571 1320 4612 cum
1369 4558 1788 4628 przeteritorum
1846 4560 2014 4616 malo-

322 4658 454 4700 rum
485 4642 538 4698 ei
567 4642 914 4700 incumbunt
951 4644 1250 4716 imagines,
1298 4659 1428 4714 quae
1475 4645 1707 4702 crebras
1751 4645 1802 4702 ei
1847 4646 2008 4703 inno-

321 4739 462 4786 vant
507 4730 576 4786 de
649 4739 886 4802 experta
958 4732 1400 4802 intemperantia
1481 4734 1823 4804 voluptates,
1903 4752 2010 4790 non

323 4823 650 4882 reversatur,
683 4819 823 4890 quia
878 4820 1032 4891 quod
1087 4821 1259 4877 semel
1317 4829 1654 4891 conceptum
1708 4829 1811 4889 est,
1856 4836 2012 4878 nun-

323 4921 500 4978 quam
531 4922 566 4962 a
594 4915 784 4964 mente
813 4909 1116 4965 recutitur.

394 4994 561 5051 Vsus.
587 4998 640 5050 9.
675 5025 744 5034 —
794 5017 814 5044 ι
869 4995 1253 5052 Comederunt
1321 4996 1491 5052 alieni
1553 4997 1733 5054 robur
1777 4998 1923 5069 ejus,
1956 5005 2012 5054 et

328 5105 350 5133 ι
387 5082 504 5152 ipse
527 5081 783 5148 nescivit,
813 5082 912 5137 sed
941 5091 995 5138 et
1033 5083 1164 5140 cani
1193 5083 1359 5140 effusi
1405 5093 1541 5141 sunt
1573 5086 1629 5141 in
1675 5100 1761 5152 eo,
1805 5093 1861 5141 et
1891 5085 2011 5156 ipse

327 5189 354 5224 ι
385 5169 692 5242 ignoravit.
725 5190 752 5217 »
778 5171 965 5224 Alieni
1003 5171 1172 5225 robur
1207 5171 1324 5238 ejus
1354 5172 1677 5236 comedunt,
1729 5187 1860 5229 cum
1889 5172 2010 5230 daa-

323 5271 521 5314 mones
563 5262 617 5311 et
674 5255 864 5311 carnis
914 5255 1180 5326 impetus,
1243 5257 1456 5328 quibus
1489 5273 1523 5315 a
1573 5268 1770 5316 nostra
1827 5260 2011 5317 salute

324 5342 466 5399 nihil
494 5340 678 5412 magis
705 5350 788 5397 est
841 5351 1126 5410 extorum,
1183 5345 1468 5415 quidquid
1533 5347 1592 5403 in
1644 5355 1835 5404 nostro
1868 5348 2010 5404 velle

265 5440 280 5448 °
323 5427 556 5485 virtutis
605 5435 845 5494 constat,
897 5429 1170 5486 erodunt.
1223 5433 1289 5485 Et
1333 5437 1450 5504 ipse
1501 5435 1699 5502 nescit,
1741 5435 1879 5491 dum
1912 5449 2011 5505 per

325 5518 440 5573 vim
471 5515 828 5572 discretionis
858 5517 998 5588 quid
1031 5518 1372 5576 incommodi
1406 5521 1658 5589 patiatur
1679 5521 2011 5577 nullatenus

323 5603 524 5660 noscit.
559 5603 693 5658 Cani
719 5607 777 5658 in
807 5621 864 5660 eo
907 5611 1060 5660 που
1103 5605 1506 5672 eliunduntur,
1548 5607 1689 5662 dum
1721 5607 2008 5677 quidquid

2121 4469 2358 4527 scientia
2381 4469 2817 4534 succlamantes,
2852 4483 2965 4523 vox
3002 4467 3156 4523 enim
3186 4467 3488 4537 sanguinis
3517 4467 3805 4522 moraliter

2121 4559 2328 4615 clamat
2358 4557 2430 4612 ad
2493 4558 2694 4624 Deum,
2751 4571 2888 4613 mox
2945 4556 3020 4610 ad
3069 4557 3327 4623 Assyrios
3382 4556 3616 4622 abeunt,
3669 4557 3804 4626 quia

2121 4645 2509 4715 cogitationes,
2541 4659 2670 4716 quae
2702 4653 2928 4715 peccata
2957 4653 3237 4700 excusant
3265 4652 3320 4700 et
3346 4643 3615 4714 levigant,
3655 4653 3806 4701 metu

2121 4733 2326 4803 rejecto
2364 4733 2549 4802 potius
2578 4733 2888 4788 consulunt
2918 4740 2972 4788 ct
3008 4745 3105 4801 per
3133 4746 3228 4787 eas
3266 4747 3325 4787 se
3365 4732 3536 4801 dirigi
3582 4739 3804 4802 putant,

2121 4821 2260 4876 dum
2310 4818 2568 4874 criminis
2616 4819 2925 4875 fceditatem
2972 4818 3218 4874 aulicam
3282 4819 3660 4875 curialitatem
3713 4834 3804 4890 ap-

2120 4907 2355 4978 pellant.
2391 4906 2502 4962 Has
2531 4906 2684 4962 enim
2732 4907 3034 4960 sacerdotes
3083 4913 3136 4960 et
3161 4912 3490 4975 protectores
3543 4907 3807 4976 superius

2119 4995 2364 5058 dixerat,
2411 5009 2480 5051 ea
2523 4994 2799 5051 abusione
2847 5009 2964 5064 qua
3007 5001 3061 5050 et
3105 4995 3403 5063 prophetas
3451 4995 3707 5051 Ezechiel
3752 5005 3805 5052 et

2119 5083 2394 5138 Jeremias
2421 5090 2604 5138 vocat.

2189 5169 2357 5226 Vnus.
2396 5171 2476 5223 t0.
2531 5199 2598 5209 —
2631 5191 2658 5216 ι‹
2715 5170 2782 5224 Et
2838 5183 2971 5225 cum
3031 5167 3262 5238 proiecti
3315 5168 3550 5234 fuerint,
3599 5182 3806 5237 expan-

2121 5277 2150 5311 »
2179 5257 2311 5312 dam
2357 5272 2530 5326 super
2571 5272 2665 5313 eos
2711 5265 2829 5312 rete
2877 5271 3088 5324 meum,
3141 5257 3306 5326 quasi
3351 5257 3638 5312 volucrem
3683 5257 3802 5314 caeli

2121 5365 2149 5397 ιν
2180 5346 2478 5401 detraham
2509 5360 2623 5402 eos.
2680 5367 2701 5392 ι
2760 5345 3212 5401 Proliciscuntur
3251 5359 3384 5400 cum
3416 5359 3450 5398 a
3479 5343 3803 5400 considera-

2119 5433 2273 5490 tione
2330 5441 2666 5504 perpetratae
2753 5434 3026 5504 nequitia:
3116 5441 3463 5503 evagantur.
3529 5434 3656 5488 Rete
3708 5432 3798 5489 Dei

2119 5537 2284 5589 super
2343 5537 2428 5576 eos
2483 5521 2854 5591 expanditur,
2917 5535 3049 5577 cum
3081 5534 3282 5576 eorum
3331 5519 3580 5574 lascivia:
3618 5519 3803 5576 divino

2113 5607 2330 5678 judicio
2381 5608 2785 5677 impedimenta
2817 5607 3191 5677 objiciuntur,
3232 5606 3444 5678 quibus
3498 5621 3696 5663 eorum
3735 5608 3802 5665 le-
