3950 6422
54 410 152 461 377
798 405 1251 463 TROPOLOGIE
1289 407 1355 461 IN
1394 405 1595 476 OSEE,
1634 407 1819 463 AMOS
1859 409 1945 465 ET
1982 409 2129 465 JER.
2159 439 2220 451 —
2255 411 2391 468 LIB.
2438 411 2508 468 II.
2554 414 2624 470 IN
2665 413 2858 470 OSEE.

3482 422 3589 475 378

54 543 258 599 vitatis
311 544 563 613 impetus
619 542 810 598 subito
866 542 1214 598 retardatur.
1278 541 1447 607 Quasi
1518 542 1770 598 volucris
1806 548 1853 599 Α
1884 544 1984 614 qui
2037 545 2247 616 dogma
2304 547 2772 614 ecclesiasticum,
2845 550 3001 620 quod
3067 551 3237 607 semel
3292 551 3589 607 combibe-

56 633 175 685 cmli
204 631 623 692 detrahuntur,
677 644 810 685 cum
839 643 1041 684 eorum
1074 629 1348 699 superbia
1379 628 1435 685 in
1483 630 1769 686 mirabili-

59 719 172 774 bus
197 731 376 786 super
406 731 465 773 se
494 717 801 773 ambulans
830 716 996 786 lapsu
1024 717 1317 787 repentino
1348 717 1672 773 subruitur.
1705 719 1768 773 In

57 806 302 861 volucre
357 805 511 860 enim
558 805 777 869 levitas,
812 805 867 859 in
899 804 1041 860 cmlo
1090 806 1360 875 superbia
1409 804 1766 875 designatur,

58 902 127 949 ut
151 902 284 949 est:
329 916 350 941 ι
410 892 702 959 Volucres,
756 892 965 962 inquit,
1021 892 1143 947 caeli
1204 893 1574 949 comederunt
1629 893 1771 949 illud

61 982 259 1049 (Marc.
293 995 369 1045 tv,
419 982 493 1049 4).
530 1000 557 1031 1)
607 980 832 1036 Credam
882 994 978 1035 eos
1027 980 1346 1036 secundum
1416 980 1769 1037 auditionem

67 1091 87 1117 ι
121 1078 307 1125 metus
356 1083 587 1124 eoreum
645 1090 667 1116 ι
731 1069 879 1123 Deus
936 1084 1022 1123 eos
1072 1068 1257 1133 caedit,
1317 1082 1449 1124 cum
1502 1068 1772 1137 periculis

59 1158 496 1228 ingruentibus,
586 1158 706 1212 sive
760 1157 1170 1227 cogitationum
1247 1157 1607 1222 tortionibus,
1666 1172 1770 1214 seu

59 1244 282 1299 morbis
350 1244 743 1314 corporalibus
800 1244 997 1299 vexari
1047 1244 1341 1312 permittit.
1402 1244 1539 1310 Quae
1604 1244 1769 1300 casio

60 1333 387 1388 secundum
434 1333 784 1388 auditionem
824 1341 1005 1388 6161118
1049 1346 1249 1387 66111111
1284 1332 1366 1396 fit,
1399 1334 1539 1388 dum
1586 1348 1770 1404 usque

60 1420 134 1474 ad
188 1420 623 1489 intelligentiam
671 1435 870 1477 eorum
910 1421 1171 1478 omnium
1227 1421 1434 1476 mentis
1481 1428 1766 1490 motuum,

61 1507 203 1578 quid
239 1507 311 1561 ad
343 1509 600 1576 Assyrios
636 1509 714 1564 ire
751 1517 1072 1575 suaserant,
1105 1509 1362 1564 verberis
1405 1518 1458 1565 et
1506 1510 1769 1566 dolorum

60 1595 321 1650 vindicta
367 1596 650 1664 procedit;
713 1597 877 1653 aliter
937 1596 1091 1651 enim
1156 1596 1323 1651 caesio
1396 1610 1769 1667 nequaquam

62 1682 384 1754 proficeret,
422 1682 530 1738 nisi
573 1684 639 1749 is,
685 1685 786 1754 qui
832 1684 1091 1752 caeditur,
1124 1698 1226 1754 pro
1267 1699 1385 1754 quo
1432 1685 1765 1752 caederetur,

62 1778 418 1841 agnosceret.
480 1770 638 1827 Unde
696 1771 840 1826 alias
880 1770 1201 1827 scribitur:
1268 1792 1289 1820 ι
1350 1772 1479 1827 Sola
1535 1774 1766 1829 vexatio

62 1858 223 1913 dabit
262 1858 612 1914 intellectum
644 1859 870 1915 auditui
894 1860 1047 1929 (Isai.
1079 1874 1289 1928 xxvm,
1336 1860 1439 1930 19).

133 1947 309 2003 Vens.
375 1950 457 2003 13.
520 1976 594 1989 —
624 1971 644 1997 ε
710 1948 807 2003 Va:
855 1950 938 2004 eis
991 1948 1093 2019 qui
1126 1957 1484 2004 recesserunt
1535 1963 1570 2004 a
1599 1963 1704 2004 me.
1743 1970 1763 1997 ι

72 2039 163 2093 Va:
192 2052 331 2108 ergo
372 2042 469 2105 eis,
520 2038 793 2108 quoniam
832 2052 865 2093 a
916 2039 1025 2093 Deo
1066 2038 1361 2105 recedunt,
1414 2038 1553 2094 dum
1600 2046 1770 2093 aeter-

66 2138 198 2180 nam
262 2124 551 2180 miseriam
608 2124 715 2180 sibi
766 2124 1063 2180 imminere
1128 2139 1230 2194 pro
1296 2139 1402 2181 sua
1455 2125 1771 2181 desertione

66 2212 468 2281 perpendunt;
501 2228 580 2266 v2
625 2212 779 2267 enim
810 2214 866 2268 in
910 2211 1175 2282 praesenti
1205 2212 1438 2279 habent,
1488 2212 1587 2282 qui
1627 2212 1770 2268 illud

66 2300 173 2356 sibi
228 2300 505 2368 debitum,
564 2300 670 2355 nisi
704 2315 762 2355 se
792 2300 1169 2366 correxerint,
1214 2299 1427 2355 timent
1480 2322 1500 2348 ι
1562 2299 1770 2355 Vasta-

65 2388 309 2454 buntur,
337 2389 478 2458 quia
516 2388 875 2457 prmvaricati
910 2397 1047 2445 sunt
1074 2388 1131 2442 in
1164 2402 1271 2443 me.
1307 2409 1327 2436 ι
1362 2388 1426 2443 Hi
1460 2388 1561 2458 qui
1604 2388 1771 2443 vide-

69 2468 289 2525 bantur
321 2467 495 2523 aulici
528 2475 850 2534 vastantur,
879 2468 980 2538 qui
1012 2467 1392 2537 afrequentia
1413 2469 1773 2523 circumstre-

66 2555 323 2625 pentium
356 2554 661 2610 libidinum
691 2555 920 2625 penitus
954 2554 1320 2619 ;desolantur.
1353 2554 1460 2621 Qui
1509 2556 1661 2611 enim
1715 2557 1770 2611 in

68 2644 248 2699 Deum
275 2642 705 2713 prrevaricatur,
744 2643 797 2699 id
826 2651 909 2698 est
943 2650 1150 2713 praeter
1191 2643 1419 2699 divinas
1467 2644 1771 2700 rectitudi-

70 2747 160 2788 nes
213 2733 536 2799 derivatur,
591 2732 746 2789 unde
802 2732 1115 2802 voluptatis
1178 2732 1529 2788 incrementa
1578 2747 1770 2802 reper-

71 2825 267 2875 turum
292 2833 352 2875 se
371 2819 633 2886 aestimat,
658 2819 791 2875 inde
820 2820 1204 2875 consumitur.

132 2907 429 2962 11611814.
460 2938 529 2947 -
579 2929 599 2956 ε
635 2908 704 2963 Ε1
734 2922 839 2977 ego
896 2907 1108 2962 redemi
1164 2921 1281 2972 eos,
1335 2914 1389 2961 et
1433 2905 1540 2975 ipsi
1598 2906 1770 2964 locuti

76 3013 93 3039 ι
126 3001 266 3050 811111
307 3003 512 3050 6611113
544 3009 630 3050 1116
663 2994 978 3051 mendacia.
1015 2996 1082 3050 Et
1112 3009 1228 3050 non
1264 2994 1664 3050 clamaverunt
1699 2996 1770 3050 ad

77 3104 95 3129 -
128 3099 217 3140 me
249 3083 307 3139 in
340 3085 508 3140 corde
562 3100 684 3152 suo,
720 3086 815 3141 sed
856 3085 1161 3142 ululabant
1201 3085 1258 3139 in
1302 3083 1595 3140 cubilibus
1652 3085 1772 3142 suis

78 3193 95 3217 ιι
128 3184 305 3240 super
334 3169 608 3237 triticum,
637 3180 692 3228 et
734 3173 936 3228 vinum
979 3173 1374 3251 ruminabant.
1411 3194 1430 3221 ι
1488 3173 1643 3228 Deus
1683 3188 1769 3228 eos

77 3259 314 3319 redimit.
364 3273 497 3314 eum
539 3260 611 3315 ab
658 3260 935 3316 aerumnis
976 3276 1108 3331 quae
1163 3260 1502 3331 ingruerant
1545 3261 1767 3317 eximit.

15 3330 21 3345 ³
75 3347 137 3399 Ε1
164 3351 276 3416 ipsi
305 3351 495 3400 contra
521 3350 689 3401 Deum
714 3330 1361 3418 mendacialoquuntur,
1395 3348 1534 3404 dum
1584 3348 1771 3418 potius

76 3434 387 3503 ereptiones
440 3448 577 3489 suas
622 3449 741 3491 suae
780 3433 1092 3504 provisioni
1122 3441 1223 3490 aut
1262 3434 1497 3490 fortuito
1535 3436 1770 3491 eventui

78 3523 453 3591 ascribendas,
490 3538 666 3594 quam
700 3524 911 3579 divinis
959 3523 1339 3579 concursibus
1386 3522 1768 3579 arbitrantur.

80 3607 168 3664 Vel
193 3618 400 3667 contra
439 3612 617 3666 Deum
672 3611 843 3667 etiam
892 3611 1216 3681 loquuntur
1271 3611 1574 3673 mendacia,
1631 3610 1770 3666 dum

83 3695 251 3753 Deum
298 3712 413 3753 non
462 3698 750 3755 aestimant
797 3713 901 3755 sua
945 3700 1086 3755 adeo
1129 3699 1462 3755 exacerbari
1521 3714 1624 3769 per
1654 3699 1772 3755 cri-

86 3783 248 3851 mina,
290 3792 355 3840 ut
410 3799 512 3855 pro
575 3785 663 3840 his
719 3785 856 3842 velit
886 3787 1039 3842 Deus
1077 3785 1279 3857 gravia
1342 3784 1399 3840 in
1429 3800 1487 3841 se
1515 3786 1771 3841 exerceri

83 3867 304 3938 judicia,
338 3886 471 3929 cum
502 3879 697 3928 autem
735 3871 1006 3928 accidunt
1057 3886 1168 3926 non
1225 3885 1347 3927 esse
1399 3871 1558 3927 aliud
1592 3887 1770 3942 quam

87 3961 326 4015 casualia
369 3961 700 4017 infortunia.
746 3963 815 4017 Et
856 3961 965 4017 hoc
1013 3968 1428 4031 argumentum
1486 3960 1764 4028 inferunt,

16 4044 19 4053 '
91 4047 225 4113 quod
260 4047 424 4102 multi
455 4056 579 4118 post
609 4047 894 4103 horrenda
928 4046 1146 4117 ﬂagitia
1171 4047 1402 4117 impune
1436 4047 1768 4117 persistunt,

91 4135 229 4201 quod
288 4135 451 4191 facile
480 4136 672 4191 miseri
722 4135 1063 4203 refellerent,
1094 4135 1137 4192 si
1171 4148 1378 4192 causas
1402 4135 1606 4206 judicii
1642 4140 1770 4192 uni-

92 4222 313 4277 versalis
342 4223 720 4285 attenderem,
764 4231 819 4278 et
858 4223 1134 4292 recepisse
1193 4222 1344 4278 bona
1396 4225 1452 4277 in
1500 4223 1620 4277 vita
1666 4237 1772 4279 sua

92 4303 307 4364 divitem
355 4308 745 4365 meminissent
794 4310 947 4377 (Luc.
1007 4324 1120 4376 xw,
1167 4310 1277 4377 25).
1334 4308 1422 4365 Ad
1474 4309 1655 4364 Deum
1714 4314 1773 4363 in

1879 636 2016 699 rint,
2054 632 2339 689 discutere
2376 642 2431 689 et
2458 636 2797 692 examinare
2828 646 3211 706 prmsumunt,
3245 647 3300 694 et
3344 639 3590 696 difﬁnita

1880 732 1914 773 a
1946 719 2056 774 Deo
2104 727 2159 775 et
2202 720 2467 775 Patribus
2518 736 2585 777 ac
2615 723 2660 777 si
2710 737 2863 777 nova
2931 724 3127 795 aliqua
3187 740 3457 782 revocare
3516 728 3586 783 ad

1881 806 2155 862 medium.
2226 810 2488 863 Triticum
2538 824 2640 880 pro
2699 812 2951 867 doctrina
3023 814 3153 883 poni
3206 814 3586 885 Evangelium

1879 900 2018 950 teste
2055 903 2157 961 est,
2213 896 2282 951 de
2325 898 2633 966 praebenda
2683 899 2740 955 in
2790 907 3045 969 tempore
3095 915 3367 957 mensura
3415 901 3585 957 tritici

1882 980 2032 1049 (Luc.
2066 996 2170 1050 xn,
2215 984 2329 1055 42).
2388 986 2599 1041 Vinum
2631 997 2824 1044 autem
2856 987 2974 1043 vim
3029 988 3347 1058 spirituaiis
3397 989 3588 1044 scien-

1881 1067 1992 1135 tiae,
2026 1069 2175 1126 sicut
2214 1070 2303 1127 lac
2354 1072 2647 1129 lenitatem
2697 1074 2971 1144 simplicis
3019 1074 3334 1144 disciplinae
3364 1074 3589 1145 signiti-

1879 1164 1988 1212 cat.
2052 1180 2073 1206 ι
2131 1158 2332 1225 Ε111116,
2409 1161 2619 1232 inquit,
2681 1163 2897 1233 absque
2955 1163 3075 1219 ulla
3141 1162 3589 1218 commutatione

1879 1245 2082 1300 vinum
2112 1254 2166 1302 et
2206 1247 2294 1303 lac
2346 1249 2495 1319 (Isai.
2532 1265 2620 1316 LV,
2661 1249 2732 1321 1).
2761 1272 2781 1300 ι
2829 1250 2990 1314 Quod
3024 1251 3306 1320 hodieque
3348 1251 3403 1305 in
3435 1263 3587 1320 quo-

1877 1335 2144 1390 rumdam
2177 1338 2685 1406 grammaticorum
2732 1341 3141 1396 controversiis
3197 1338 3583 1408 pervidemus,

1879 1422 1980 1491 qui
2057 1437 2173 1479 non
2227 1424 2412 1480 solum
2483 1426 2542 1481 in
2590 1427 2785 1483 divino
2835 1427 3082 1497 eloquio,
3143 1426 3238 1481 sed
3293 1427 3465 1481 etiam
3526 1426 3585 1480 in

1879 1510 2136 1581 quolibet
2186 1511 2396 1567 caelesti
2456 1516 2743 1583 mysterio,
2811 1516 2974 1571 caecis
3036 1515 3218 1571 oculis
3273 1513 3585 1570 scintillare

1878 1599 2252 1654 contendunt.

1949 1686 2118 1743 Vens.
2148 1691 2232 1755 l5,
2270 1690 2353 1744 16.
2388 1718 2457 1729 -
2494 1712 2513 1738 ι
2548 1691 2920 1747 Recesserunt
2958 1706 2991 1747 a
3038 1706 3148 1755 me,
3201 1700 3255 1746 et
3300 1705 3404 1760 ego
3445 1704 3587 1746 6111-

1884 1796 1905 1823 ι
1949 1775 2069 1830 divi
2096 1789 2211 1841 eos,
2268 1784 2323 1832 et
2378 1777 2696 1833 confortavi
2754 1779 2991 1835 brachia
3040 1793 3238 1835 eorum
3294 1787 3350 1835 et
3390 1777 3450 1833 in
3498 1791 3587 1833 me

1884 1883 1904 1910 ι
1948 1864 2346 1933 cogitaverunt
2369 1853 2665 1923 malitiam.
2698 1869 2927 1924 Reversi
2959 1877 3095 1925 sunt
3137 1875 3197 1923 ut
3227 1874 3413 1923 essent
3452 1866 3587 1922 abs-

1882 1970 1903 1996 ι
1948 1963 2061 2019 que
2083 1951 2264 2021 jugo;
2314 1951 2446 2008 facti
2472 1963 2609 2011 sunt
2640 1956 2803 2026 quasi
2854 1970 3025 2012 arcus
3070 1955 3321 2011 dolosus.
3368 1976 3389 2002 ι
3426 1955 3508 2010 Ac
3540 1956 3586 2011 si

1877 2037 2123 2094 diceret:
2159 2040 2304 2096 Cum
2335 2058 2420 2097 eos
2471 2044 2805 2108 erndierim,
2836 2053 2892 2102 et
2922 2060 3121 2101 eorum
3157 2044 3395 2101 brachia
3444 2058 3586 2100 con-

1877 2125 2228 2194 fortaverim,
2288 2139 2683 2187 recesserunta
2736 2150 2837 2188 me.
2897 2135 3049 2190 Deus
3100 2149 3186 2188 eos
3234 2132 3424 2188 erudit
3453 2146 3585 2188 cum

1876 2215 2158 2284 sapientia
2204 2217 2444 2275 salutari
2476 2235 2570 2276 eos
2599 2221 2824 2279 imbuit.
2859 2222 3092 2277 Brachia
3140 2238 3325 2276 eorum
3364 2220 3588 2275 confor-

1877 2308 1980 2368 tat,
2025 2318 2156 2359 eum
2210 2307 2494 2362 naturalis
2527 2309 2739 2379 ingenii
2772 2309 2968 2375 robur,
3023 2308 3108 2363 vel
3151 2307 3328 2377 ipsam
3387 2319 3588 2361 eorum

1877 2390 2267 2457 operationem
2318 2395 2649 2450 consolidat.
2689 2398 2757 2449 Et
2801 2400 2858 2449 in
2914 2411 3016 2457 me,
3052 2394 3261 2465 inquit,
3318 2393 3589 2446 malitiam

1881 2481 2276 2546 cogitaverunt,
2310 2496 2444 2536 eum
2502 2481 2572 2537 de
2610 2496 2716 2538 sua
2768 2480 3111 2546 eruditione,
3168 2487 3222 2535 et
3264 2478 3438 2548 impia
3480 2475 3589 2530 ad-

1880 2580 2083 2621 versus
2132 2570 2464 2637 zequitatem
2509 2569 2842 2626 valetudine
2884 2571 2938 2623 in
2972 2583 3061 2623 me
3111 2566 3451 2622 militarunt.
3489 2565 3589 2619 Re-

1880 2663 2190 2711 vertuntur
2217 2661 2281 2710 ut
2304 2658 2508 2723 absque
2527 2658 2666 2727 jugo
2716 2657 2848 2723 sint,
2881 2672 3010 2711 cum
3045 2655 3195 2717 caesi,
3220 2662 3275 2710 et
3318 2654 3387 2708 de
3419 2651 3589 2723 11111111-

1878 2742 2059 2797 tentia
2101 2747 2430 2801 commoniti
2460 2760 2494 2801 a
2534 2747 2731 2802 divina
2782 2746 3158 2815 inspiratione
3215 2740 3584 2810 desipiseunt,

1878 2838 1933 2886 et
1966 2831 2037 2886 ad
2091 2834 2388 2902 praeteritae
2412 2836 2681 2891 vanitatis
2712 2835 3088 2890 deliramenta
3137 2837 3467 2896 recurrunt,
3524 2836 3589 2883 ut

1879 2920 2202 2977 dominium
2232 2923 2556 2993 cujuspiam
2592 2923 3011 2987 rationalitatis,
3048 2936 3162 2976 non
3190 2919 3439 2975 habeant
3472 2930 3588 2986 quo

1879 3008 1949 3063 ad
1982 3011 2409 3080 prosequendas
2449 3012 2753 3068 saeculares
2797 3011 3053 3067 licentias
3082 3008 3396 3065 timidiores
3426 3004 3583 3059 fiant.

1809 3132 1850 3189 ο
1882 3096 2013 3152 Haec
2038 3097 2293 3165 vincula,
2325 3106 2380 3154 et
2412 3099 2518 3154 hoc
2557 3100 2767 3169 jugum
2811 3112 2869 3153 se
2904 3097 3248 3165 direpturos.
3292 3101 3347 3149 et
3396 3091 3588 3189 proje:

1879 3191 2073 3239 cturos
2102 3184 2341 3255 quidam
2394 3186 2454 3241 in
2496 3186 2715 3257 psalmo
2765 3201 2824 3240 se
2873 3185 3154 3254 spondent
3202 3182 3367 3252 (Psal.
3418 3194 3475 3245 11,
3529 3176 3588 3247 3)

1880 3277 2040 3338 quasi
2068 3290 2227 3328 arcus
2278 3275 2494 3329 dolosus
2536 3277 2673 3342 facti
2697 3279 2844 3335 sunt,
2881 3274 2981 3344 qui
3012 3272 3202 3342 ipsum
3251 3282 3441 3353 aquo
3494 3267 3587 3322 in-

1879 3362 2202 3418 tenduntur
2269 3364 2620 3433 percutiunt.
2685 3364 2855 3419 Plane
2904 3377 2937 3417 a
2990 3363 3102 3417 Deo
3183 3359 3585 3422 intenduntur,

1880 3463 2013 3504 cum
2046 3451 2275 3520 gemina
2305 3452 2544 3508 scientia
2573 3466 2639 3507 ac
2690 3452 2735 3506 si
2784 3465 2955 3506 arcus
3004 3449 3177 3504 corda
3224 3452 3583 3503 coercentur.

1877 3536 2019 3593 Inde
2050 3538 2263 3609 ingenii
2296 3539 2505 3610 sagitta
2533 3539 2810 3610 exigitur,
2841 3554 2972 3609 quae
3000 3551 3132 3593 cum
3161 3535 3329 3591 ferire
3369 3533 3587 3588 hostem

1879 3625 2080 3682 debeat
2112 3628 2390 3698 usquead
2419 3628 2738 3683 divinitatis
2786 3627 3130 3697 plerumque
3187 3621 3431 3695 injurias
3476 3619 3587 3674 im-

1880 3724 2164 3784 DOrtatur.
2208 3717 2389 3772 Arcus
2446 3718 2659 3787 quippe
2693 3717 2912 3771 dolosas
2940 3723 3042 3782 est,
3102 3713 3201 3784 qui
3248 3712 3436 3783 ipsum
3459 3708 3590 3765 ferit

1880 3817 1915 3858 a
1947 3819 2063 3874 quo
2096 3805 2430 3861 intenditur.

1953 3912 1981 3944 ιο
2021 3892 2237 3949 Cadent
2284 3893 2341 3947 in
2374 3892 2565 3963 gladio
2596 3892 2878 3962 principes
2905 3904 3108 3946 eorum
3154 3901 3189 3943 a
3237 3887 3430 3943 furore
3478 3883 3588 3939 lin-

1886 4002 1908 4028 »
1939 3996 2068 4052 guae
2092 3996 2234 4037 suae.
2268 4001 2296 4030 »
2333 3982 2610 4049 Principes
2641 3996 2825 4034 eorum
2878 3983 2935 4032 in
2964 3976 3151 4046 gladio
3201 3975 3419 4030 cadunt
3454 3984 3587 4026 cum

1880 4083 2084 4125 sensus
2115 4083 2312 4125 eorum
2335 4084 2455 4125 sese
2506 4068 2812 4125 lethalibus
2842 4067 3008 4122 malis
3042 4063 3306 4121 illiciunt.
3353 4058 3591 4116 Gladius

1879 4157 2030 4214 enim
2114 4172 2216 4229 pro
2259 4158 2490 4228 capitali
2546 4165 2777 4227 peccato
2826 4157 3080 4226 ponitur,
3136 4158 3200 4207 ut
3247 4157 3383 4205 est:
3438 4169 3458 4194 α
3512 4146 3591 4200 De

1881 4242 2071 4313 gladio
2125 4242 2375 4313 maligno
2403 4241 2559 4312 eripe
2590 4257 2681 4298 me
2704 4242 2883 4311 (Psal.
2934 4253 3120 4305 chm,
3184 4239 3290 4303 10.)
3326 4256 3347 4282 ι
3379 4232 3451 4287 Et
3485 4231 3591 4286 hoc

1881 4345 1917 4383 α
1942 4331 2133 4397 furore
2174 4331 2375 4399 linguae
2420 4346 2531 4384 suae
2576 4330 2658 4384 eis
2703 4329 2915 4396 evenit,
2956 4326 3096 4399 quia
3136 4337 3337 4381 eorum
3390 4332 3589 4376 vecors

95 4395 235 4487 corde
304 4412 400 4450 suo
449 4413 557 4487 uon
616 4397 885 4487 clamant,
937 4398 1095 4487 dum,
1134 4398 1408 4487 supernis
1478 4398 1768 4455 beneﬁciis
1811 4416 1853 4470 D
1881 4395 2228 4471 conscientia
2255 4395 2404 4486 vplus
2436 4415 2691 4472 interiori
2723 4431 2900 4487 quam
2947 4395 3216 4471 exteriori
3251 4407 3591 4467 verbositaie

95 4481 266 4539 nullas
315 4485 635 4555 gratiarum
688 4486 936 4542 actiones
981 4486 1303 4541 redhibent.
1359 4485 1503 4542 Nam
1555 4487 1772 4559 clama;-

18 4640 19 4647 γ
95 4579 207 4626 16111
256 4573 303 4629 si
359 4573 726 4643 respirarent.
787 4575 896 4630 Sed
933 4579 991 4629 in
1036 4575 1305 4629 cubilibus
1356 4579 1472 4631 suis
1524 4575 1771 4642 ululant,

97 4668 197 4712 cun
246 4659 396 4715 intra
457 4660 682 4717 funesta
710 4661 1020 4730 praecordia
1051 4667 1200 4715 :03
1260 4661 1541 4718 feralitate
1583 4665 1775 4718 omni-

97 4744 245 4799 moda
290 4745 522 4801 malitiae
575 4755 629 4804 et
683 4746 1010 4815 rapacitatis
1075 4747 1352 4804 defurunt
1396 4757 1452 4804 et
1502 4756 1771 4805 aestuant.

100 4831 308 4890 Ululare
336 4834 490 4891 enim
522 4835 794 4905 luporum
822 4844 876 4892 et
896 4849 1111 4893 canum
1145 4845 1248 4893 est.
1280 4838 1494 4893 Cubilia
1524 4838 1584 4894 in‘
1611 4853 1777 4895 sacra

104 4921 286 4990 pagina
335 4938 435 4993 pro
493 4924 747 4979 cordibus
804 4924 935 4995 poni
987 4926 1189 4993 solent,
1239 4935 1304 4982 ut
1360 4937 1490 4983 est:
1550 4950 1573 4977 ι
1629 4930 1773 4985 Cum

102 5013 326 5067 oraveris
360 5014 509 5067 intra
530 5012 587 5067 in
618 5013 954 5069 cubiculum
984 5014 1201 5081 (Matth.
1229 5030 1303 5081 v1,
1322 5017 1396 5085 6).
1428 5036 1449 5063 ι
1485 5017 1550 5071 In
1581 5017 1773 5072 cubili-

105 5093 189 5149 bus
221 5110 349 5171 ergo
380 5100 627 5167 ululant,
655 5101 778 5170 qui,
839 5102 998 5173 quod
1043 5103 1240 5159 minus
1293 5118 1529 5173 peccare
1559 5105 1668 5161 sibi
1702 5105 1775 5160 li-

106 5193 227 5247 ceat.
253 5187 303 5243 in
355 5188 630 5245 cordibus
669 5190 791 5246 suis
816 5190 1030 5247 dolent.
1064 5213 1085 5239 ι
1131 5190 1250 5247 Sub
1305 5191 1528 5263 lingua,
1561 5192 1773 5263 inquit,

105 5280 275 5329 eorum
331 5276 495 5331 labor
550 5283 605 5331 et
650 5275 811 5332 dolor
858 5279 1023 5343 (Psal.
1082 5293 1315 5338 LXXXIX.
1381 5282 1537 5347 10).»
1600 5280 1779 5349 Super

108 5360 313 5419 triticum
363 5370 416 5419 et
461 5368 648 5419 vinum
702 5367 999 5423 ruminant
1074 5368 1214 5423 dum
1269 5381 1440 5436 super
1514 5368 1779 5424 doctrina

106 5455 285 5515 caelesti
324 5470 380 5518 et
441 5462 726 5530 spirituali
764 5463 1005 5520 scientia
1056 5463 1405 5532 disputando
1446 5470 1775 5520 retractant.

106 5538 384 5607 Ruminare
418 5551 575 5605 enim
629 5560 712 5606 est
746 5573 766 5600 ι
824 5552 1018 5608 61116111
1050 5552 1541 5608 66111111381163111111
1571 5553 1644 5608 ab
1677 5566 1778 5607 ora

108 5631 340 5695 raducere
410 5639 606 5694 denuo
679 5640 1144 5696 commolendun.
1201 5660 1222 5685 ι
1284 5639 1437 5710 Ergo
1479 5639 1778 5696 ruminant

1884 4503 2085 4550 contra
2132 4504 2343 4552 sanctae
2383 4496 2648 4552 Ecclesiae
2708 4496 2980 4565 mysteria
3034 4496 3191 4551 furit.
3241 4493 3393 4548 Raro
3433 4487 3590 4544 enim

1884 4583 2142 4640 invenies
2173 4585 2504 4641 haereticutn
2546 4599 2719 4655 quem
2750 4599 2863 4639 non
2897 4589 3282 4654 prosequatur
3315 4585 3414 4635 aut
3444 4591 3588 4647 prae-

1884 4664 2048 4730 cedat
2088 4680 2256 4742 turpe
2300 4672 2595 4743 quodlibet
2646 4672 2871 4728 facinus
2916 4679 3016 4727 aut
3068 4669 3371 4738 ﬂagitium.
3416 4688 3433 4711 -
3478 4665 3591 4719 Ista

1889 4784 1911 4811 ι
1955 4762 2332 4819 subsannatio
2374 4776 2573 4818 eorum
2634 4760 2693 4816 in
2740 4767 2892 4816 terra
2937 4758 3189 4831 ngypti.
3234 4779 3253 4804 -
3306 4757 3421 4809 Ista
3468 4751 3591 4806 sub-

1884 4855 2139 4907 sannatio
2185 4868 2369 4907 eorum
2408 4855 2464 4906 in
2508 4856 2654 4906 terra
2683 4852 2909 4919 Ερμιπὶ
2938 4856 3039 4914 681,
3084 4860 3217 4902 611111
3252 4857 3451 4899 66111111
3486 4838 3589 4910 qui

1884 4940 1953 4995 de
1983 4940 2095 4995 Deo
2127 4939 2184 4994 in
2218 4940 2468 4996 bonitate
2489 4954 2604 4995 non
2633 4938 2889 4994 sentiunt
2920 4938 2939 5005 (
2972 4939 3101 5007 Sap.
3140 4950 3176 4997 l,
3214 4933 3287 4997 1),
3332 4929 3590 4988 irrisione

1884 5027 2063 5099 digna
2117 5029 2474 5085 conversatio
2529 5027 2702 5083 etiam
2757 5026 2910 5096 apud
2954 5033 3180 5080 exteros
3231 5027 3331 5077 est.
3380 5016 3589 5088 Sequi-

1888 5122 1982 5170 llll‘
2014 5129 2027 5169 Σ

2523 5185 2753 5243 CAPUT
2783 5184 2934 5241 VIII.

1956 5291 2124 5347 Vens.
2164 5293 2212 5345 1.
2247 5321 2314 5331 -
2348 5313 2371 5340 «ι
2404 5292 2465 5346 111
2498 5298 2735 5363 gutture
2782 5298 2879 5346 tuo
2910 5288 2982 5345 sit
3012 5288 3153 5344 tuba
3195 5284 3361 5357 quasi
3393 5281 3591 5352 aquila

1887 5400 1914 5432 11
1949 5392 2124 5449 super
2151 5378 2389 5436 domum
2438 5380 2685 5436 Domini.
2724 5401 2745 5427 ι
2781 5379 2901 5435 Vox
2933 5378 3031 5433 Dei
3055 5382 3141 5431 est
3177 5373 3247 5429 ad
3280 5372 3462 5441 ipsam
3491 5382 3591 5425 ra-

1886 5467 2115 5522 tionem.
2151 5466 2256 5521 Per
2294 5474 2515 5536 guttur,
2543 5481 2615 5522 ex
2647 5482 2764 5537 quo
2805 5466 3105 5530 emittitur,
3148 5463 3331 5532 ipsam
3374 5455 3590 5525 accipi-

1889 5567 2016 5608 tnus
2047 5553 2407 5608 locutionem.
2442 5554 2605 5608 Tuba
2637 5567 2769 5609 vero
2799 5554 3033 5609 evidens
3061 5564 3237 5606 sonus
3289 5555 3391 5602 est.
3440 5544 3592 5599 Licet

1887 5648 1941 5697 et
1971 5655 2069 5711 per
2097 5648 2318 5712 guttur,
2355 5642 2509 5712 quod
2540 5641 2688 5697 infra
2718 5641 2978 5712 linguam
3012 5646 3116 5704 est,
3168 5638 3290 5708 ipsa
3326 5632 3594 5704 cogitatio
