3950 6418
1661 283 1691 319 ι

373 374 474 426 379

1257 366 1298 417 V
1375 363 1712 420 GUIBERTI
1751 361 2043 417 ABBATIS
2082 361 2138 415 S.
2185 359 2421 415 ΜΑΗΙᾸΞ
2459 358 2550 412 DE
2593 353 2978 412 NOVIGENTO

3789 349 3902 399 380

371 507 544 571 queat
576 497 812 568 intelligi
845 511 857 550 :
891 496 1038 552 sicut
1065 503 1120 551 et
1149 509 1247 551 eos
1274 509 1376 565 pro
1415 502 1600 550 mente
1631 494 1768 548 solet
1808 493 1960 563 poni,
1993 500 2056 548 ut
2092 494 2139 546 Α
2169 491 2315 543 idola
2345 487 2610 559 quisquis
2637 485 2815 541 divini
2847 483 3061 555 eloquii
3092 481 3404 571 scientiam,
3429 487 3530 536 aut
3560 493 3719 571 eam,
3753 492 3905 548 qua

369 595 482 644 est:
527 607 555 638 α
599 587 673 643 Os
704 586 848 656 justi
879 585 1249 640 meditabitur
1280 583 1616 654 sapientiam
1651 583 1814 652 (Psal.
1861 596 2060 646 xxxvr,

371 675 480 744 30).
517 696 536 721 ι
573 674 731 742 Quod
775 682 858 728 est
905 687 972 729 ac
999 673 1044 728 si
1095 673 1349 728 diceret:
1401 671 1599 727 Cordis
1630 670 1711 726 tui
1769 670 2060 740 cogitatio,

371 763 459 816 vel
488 761 603 817 oris
628 760 712 816 tui
769 760 996 826 locutio,
1047 767 1204 814 tanto
1249 758 1548 813 libramine
1607 758 1935 814 moderetur
2001 765 2066 813 ut

371 847 524 918 quod
573 848 912 916 cogitaveris
936 846 1022 904 vel
1064 846 1281 900 dixeris
1335 845 1634 914 praedicari
1679 845 1894 914 ubique
1941 845 2065 899 sine

372 943 470 990 tuo
502 935 716 1004 pudore
767 935 976 989 valeat.
1010 933 1170 988 Multi
1223 933 1376 988 enim
1425 934 1701 988 hareseos
1744 933 2065 988 conditores

374 1020 430 1076 in
458 1022 688 1092 angulis
718 1023 1118 1091 dogmatizant,
1149 1021 1216 1076 de
1258 1022 1474 1091 quibus
1513 1022 1570 1075 in
1605 1021 1904 1090 propatulo
1936 1037 2064 1077 mu-

373 1108 477 1164 tire
507 1123 617 1164 non
645 1109 912 1165 audeant.
940 1111 1002 1162 In
1022 1114 1244 1176 gutture
1271 1123 1406 1178 ergo
1421 1113 1510 1161 tuo
1531 1113 1602 1161 sit
1633 1109 1783 1174 tuba,
1816 1116 1880 1164 ut
1909 1108 2063 1178 quod

372 1203 558 1252 mente
585 1195 735 1250 fideli
770 1197 1083 1251 intenderis
1114 1197 1170 1252 in
1201 1196 1473 1252 conflictu
1510 1195 1924 1252 diabolicorum
1965 1209 2062 1251 sa-

373 1281 614 1338 tellitum
658 1297 858 1338 securo
904 1284 1152 1339 clamore
1209 1283 1420 1348 edicas,
1488 1285 1740 1338 existens
1803 1282 2065 1338 videlicet

371 1377 529 1436 quasi
575 1375 764 1438 aquila
801 1389 966 1443 super
997 1373 1214 1426 domum
1271 1373 1385 1431 Dei,
1441 1371 1493 1426 id
1543 1379 1624 1426 est
1666 1378 1730 1426 ut
1778 1370 2065 1440 palpebris

371 1460 738 1518 consiliorum
811 1461 1211 1530 pracedantur
1269 1474 1500 1528 gressus
1559 1459 1662 1514 tui.
1715 1462 1916 1513 Domus
1967 1462 2064 1512 Dei

369 1547 714 1603 conscientia
735 1549 882 1603 bona
910 1555 1012 1602 est.
1064 1549 1241 1615 Super
1285 1548 1432 1602 hanc
1463 1548 1622 1611 quasi
1650 1547 1838 1610 aquila
1866 1547 2061 1600 existi-

370 1646 521 1698 mus,
565 1633 704 1688 dum
759 1647 1036 1702 quorsum
1081 1632 1276 1687 tendat
1313 1640 1509 1687 nostra
1541 1632 1850 1687 credulitas
1879 1633 2060 1688 subti-

370 1717 586 1774 lissimo
632 1719 898 1774 acumine
948 1720 1314 1776 ventilamus.
1380 1719 1654 1790 Aquilino
1716 1721 1868 1776 enim
1941 1722 2061 1776 acie

371 1814 576 1876 prater
596 1807 770 1862 linces
800 1807 878 1862 nil
909 1807 1141 1863 clarius.

439 1894 615 1950 Vens.
638 1896 690 1950 2.
717 1925 783 1934 —
826 1915 854 1943 ‹‹
895 1895 1002 1950 Pro
1029 1909 1096 1950 eo
1136 1895 1291 1965 quod
1321 1895 1635 1965 trangressi
1689 1903 1844 1963 sunt,
1882 1896 2066 1951 fadus

377 2000 400 2028 ι
440 1995 653 2048 meum,
676 1989 732 2037 et
770 1982 947 2052 legem
988 1997 1170 2038 meam
1201 1982 1559 2052 pravaricati
1583 1991 1718 2039 sunt
1760 1997 1850 2038 me
1899 1984 2066 2037 invo-

375 2088 396 2115 ι
439 2067 680 2122 cabunt:
715 2067 865 2124 Deus
887 2083 1070 2132 meus,
1093 2069 1470 2138 cognovimus
1492 2077 1544 2125 te
1571 2069 1765 2124 Israel.
1802 2090 1822 2117 s
1861 2069 2068 2124 Foedus

369 2153 466 2209 Dei
506 2163 608 2220 est,
643 2154 797 2225 quod
819 2157 868 2210 ei
897 2171 1000 2224 per
1029 2157 1197 2212 ﬁdem
1237 2157 1294 2212 in
1317 2157 1596 2226 baptismo
1633 2157 2063 2226 spopondimus,

368 2239 461 2296 lex
485 2254 637 2304 vero,
669 2241 954 2312 quidquid
982 2257 1080 2313 per
1098 2231 1296 2298 divina
1313 2244 1545 2312 eloquia
1567 2257 1640 2299 ex
1668 2244 1808 2299 bene
1838 2243 2065 2299 vivendi

369 2327 641 2382 mandato
670 2329 1003 2398 accipimus.
1038 2331 1230 2385 Padus
1258 2345 1396 2401 ergo
1432 2332 1854 2403 transgreditur
1900 2332 2067 2402 quis-

369 2416 502 2485 quis
530 2429 565 2469 a
605 2416 734 2471 fidei
776 2417 979 2487 regula
1029 2431 1208 2488 quam
1267 2419 1555 2488 professus
1619 2426 1702 2474 est
1743 2417 2066 2474 exorbitare

371 2505 664 2575 probatur.
713 2507 875 2577 Legis
918 2508 1325 2577 pravaricator
1351 2516 1435 2564 est
1469 2508 1736 2578 quisquis
1779 2509 1851 2564 ab
1901 2509 2066 2565 insti-

371 2595 492 2646 tuto
546 2591 701 2662 quod
763 2594 1012 2661 suscepit
1053 2601 1404 2663 spontaneus
1465 2595 1667 2665 refuga
1724 2603 1828 2651 est.
1871 2597 2070 2650 Trans-

368 2683 542 2746 gressi
570 2693 708 2749 ergo
728 2679 906 2745 fadus
937 2685 988 2733 et
1023 2686 1374 2751 pravaricati
1416 2684 1582 2750 legem
1609 2698 1693 2736 me
1717 2683 2063 2750 invocabant,

367 2767 617 2822 dicentes
650 2783 662 2821 :
691 2771 835 2822 Deus
865 2785 1032 2832 meus,
1069 2771 1125 2826 id
1157 2779 1240 2827 est
1275 2786 1406 2827 cum
1461 2772 1569 2826 fide
1617 2778 1672 2827 et
1700 2771 1819 2826 vita
1853 2786 1943 2827 me
1987 2771 2065 2828 fe-

369 2853 612 2908 fellerint
658 2855 906 2924 profecto
969 2865 1024 2914 et
1058 2858 1164 2928 ipsi
1221 2859 1514 2927 fallentur,
1564 2859 1611 2914 si
1666 2859 1734 2914 de
1773 2873 1862 2914 me
1913 2873 1980 2914 ac
2019 2860 2066 2914 si

366 2941 478 2997 Deo
506 2956 610 2997 suo
641 2943 696 2997 in
728 2943 925 3014 aliqua
951 2946 1279 3001 necessitate
1315 2947 1548 3017 gloriari
1603 2946 1913 3003 voluerint.
1954 2947 2068 3002 Nos

2171 577 2242 632 ad
2279 577 2374 632 Dei
2408 575 2666 630 notitiam
2695 573 2939 644 pertinet
2977 569 3338 640 sapientiam,
3368 568 3644 637 expendit
3671 567 3908 622 inten-

2170 666 2322 720 tione
2361 678 2646 734 perversa.
2678 662 2824 728 Quid
2853 662 3004 717 enim
3040 659 3194 714 aliud
3229 671 3402 727 quam
3429 656 3643 712 idolum
3675 663 3910 710 strue—

2171 767 2232 809 re
2261 761 2363 819 est,
2419 765 2551 807 cum
2580 751 2710 820 quis
2741 751 2828 804 his
2873 748 3214 804 muneribus
3242 760 3356 800 non
3407 745 3610 806 Deum,
3666 742 3786 799 sed
3843 756 3908 796 se

2171 841 2452 896 desiderat
2505 839 2796 902 honorari,
2843 851 2946 891 nec
2979 836 3092 890 Deo
3136 833 3345 888 referre
3375 833 3526 902 quod
3577 831 3652 886 ab
3681 845 3765 885 eo
3800 843 3905 884 ac-

2171 931 2400 1000 ceperit,
2435 929 2529 984 scd
2577 943 2635 982 se
2676 926 2864 996 potius
2893 924 3056 994 quasi
3103 922 3478 976 simulacrum
3549 917 3904 972 ostentari?

2171 1019 2311 1086 Qua
2345 1031 2518 1072 causa
2571 1016 2780 1070 multos
2807 1013 2942 1068 olim
2975 1011 3176 1082 genuit
3219 1009 3501 1077 hodieque
3534 1003 3732 1076 gignit
3771 1005 3902 1058 ha-

2171 1106 2393 1170 reticos,
2426 1105 2563 1159 dum
2596 1103 2698 1172 qui
2725 1116 2827 1170 pro
2859 1099 3206 1155 obscuritate
3255 1095 3480 1163 generis
3519 1101 3575 1148 et
3605 1094 3752 1146 vita»:
3787 1092 3906 1145 de-

2173 1193 2456 1258 litescunt,
2491 1206 2592 1260 pro
2625 1204 2906 1245 novorum
2948 1189 3285 1258 dogmatum
3347 1181 3759 1239 moliminibus
3793 1195 3903 1234 ce—

2169 1278 2374 1333 lebrari
2404 1285 2697 1346 appetunt.
2733 1277 2800 1330 Et
2845 1277 2964 1330 hac
3011 1275 3228 1329 faciunt
3261 1280 3323 1327 ut
3373 1272 3674 1334 intereant,
3741 1268 3904 1336 quia

2166 1365 2336 1434 juxta
2366 1365 2462 1419 Dei
2514 1376 2759 1418 censura
2787 1361 3067 1431 contingit
3101 1367 3183 1422 ut,
3230 1359 3366 1414 dum
3398 1356 3606 1426 passim
3658 1355 3901 1424 pradi-

2169 1451 2289 1506 cari
2322 1464 2389 1506 ac
2416 1450 2723 1505 enitescere
2751 1455 2968 1518 optant,
3009 1447 3081 1502 ad
3128 1445 3370 1501 extremi
3420 1456 3656 1499 occasus
3705 1441 3902 1512 igno-

2170 1539 2376 1594 minias
2406 1553 2463 1592 se
2491 1538 2796 1593 subruant.

2241 1627 2412 1682 Vens.
2443 1628 2497 1682 5.
2524 1655 2591 1666 —
2628 1647 2648 1674 ι
2683 1625 2974 1694 Projectus
3011 1632 3094 1678 est
3124 1622 3344 1678 vitulus
3393 1630 3545 1692 tuus,
3567 1623 3902 1695 lSamaria,

2174 1733 2196 1760 ι
2229 1712 2410 1767 iratus
2435 1720 2521 1768 est
2545 1711 2705 1767 furor
2731 1724 2888 1765 meus
2910 1709 2968 1765 in
2999 1723 3113 1764 eos.
3151 1731 3170 1757 ι
3207 1707 3486 1775 Samaria,
3534 1719 3596 1766 ut
3650 1711 3902 1767 dictum

2105 1785 2143 1839 Β
2171 1805 2274 1862 est,
2324 1798 2731 1868 interpretatur
2779 1797 3045 1850 custodia.
3077 1797 3145 1852 Et
3193 1812 3324 1867 qua
3353 1807 3436 1853 est
3468 1797 3587 1853 hac
3624 1800 3905 1852 custodia

2171 1883 2280 1938 nisi
2315 1885 2410 1940 illa
2439 1899 2570 1954 qua
2602 1886 2963 1954 componitur
3002 1898 3102 1953 pro
3137 1899 3376 1940 suorum
3408 1886 3711 1940 nominum
3749 1900 3902 1956 pro-

2175 1974 2476 2043 pagatione
2505 1973 2777 2029 cautela?
2806 1973 2993 2044 Hujus
3010 1973 3280 2028 Samaria
3308 1975 3513 2028 vitulus
3549 1973 3896 2044 projicitur,

2173 2075 2303 2116 cum
2365 2062 2460 2117 illa
2509 2062 2568 2116 in
2618 2076 2736 2131 qua
2813 2061 3077 2116 lascivire
3128 2061 3482 2130 concupiscit
3533 2061 3704 2116 fama
3767 2075 3899 2116 sua

2175 2148 2378 2218 gloria,
2410 2164 2524 2204 non
2567 2149 2752 2205 solum
2797 2149 3197 2206 addemnatur.
3244 2149 3340 2203 sed
3365 2149 3536 2204 etiam
3565 2163 3666 2218 pro
3710 2150 3899 2205 sorde

2172 2236 2483 2305 respuitur.
2519 2237 2838 2292 Notandum
2868 2237 3020 2306 quod
3055 2251 3168 2291 non
3199 2236 3412 2291 dicitur
3439 2236 3627 2292 furere
3666 2237 3896 2302 Deum,

2173 2325 2270 2380 sed
2298 2324 2465 2380 irasci
2506 2326 2596 2380 Dei
2630 2324 2880 2380 furorem
2911 2330 2967 2378 in
3026 2340 3130 2377 eos.
3179 2323 3434 2379 Primum
3487 2323 3653 2390 iram,
3724 2333 3894 2394 post-

2173 2413 2408 2468 modum
2436 2413 2686 2469 furorem
2726 2413 2905 2482 ponit,
2955 2420 3019 2468 ut
3051 2411 3310 2467 ostendat
3351 2413 3531 2468 Deum
3563 2413 3762 2481 primo
3813 2413 3901 2468 eis

2171 2515 2245 2556 ex
2270 2515 2471 2556 eorum
2502 2502 2784 2570 pravitate
2830 2500 3284 2556 conversationis
3330 2499 3579 2568 iratum;
3629 2508 3896 2568 postmo-

2172 2588 2338 2655 dum,
2366 2589 2506 2658 quia
2534 2603 2606 2644 ex
2649 2589 2743 2643 Dei
2791 2587 3148 2657 blasphemia
3193 2587 3302 2642 sibi
3342 2601 3550 2642 nomen
3597 2601 3897 2658 arrogare

2174 2676 2505 2744 voluerunt,
2533 2677 2702 2746 cujus
2750 2676 2831 2731 rei
2882 2676 2967 2731 vel
3027 2675 3351 2730 meminisse
3382 2675 3538 2730 nefas
3576 2683 3730 2739 erat,
3771 2690 3895 2730 me-

2177 2763 2282 2818 rito
2312 2765 2379 2817 ad
2399 2764 2818 2819 subvertendos
2837 2778 2932 2818 eos
2963 2763 3018 2818 in
3043 2764 3292 2819 furorem
3323 2777 3575 2818 versum.
3615 2784 3637 2810 α
3666 2763 3898 2834 Usque-

2176 2866 2295 2922 quo
2319 2866 2431 2906 non
2464 2859 2729 2920 poterunt
2753 2851 3052 2907 emundari
3075 2852 3104 2904 ?
3139 2872 3158 2898 »

2249 2939 2415 2993 Vens.
2450 2937 2505 2991 6.
2537 2967 2606 2976 —
2634 2957 2660 2989 α
2693 2937 2838 3004 Quia
2880 2953 2951 2992 ex
2996 2937 3188 2998 Israel,
3215 2939 3272 2991 et
3311 2936 3427 3006 ipse
3469 2943 3554 2992 est
3587 2935 3837 2992 artifex.
3869 2958 3889 2982 ι

367 3030 466 3100 qui
507 3045 709 3087 sumus
735 3033 910 3086 Israel
935 3038 983 3088 te
1009 3040 1373 3102 cognovimus.
1409 3035 1606 3100 Israel,
1657 3042 1721 3091 ut
1751 3033 1942 3105 [supra
1971 3036 2063 3091 di-
2101 3059 2143 3115 ρ
2178 3027 2256 3082 Ac
2277 3026 2320 3081 si
2352 3026 2606 3082 diceret:
2646 3025 2916 3092 Quandiu
2973 3025 3094 3080 haec
3143 3038 3342 3115 eorum
3401 3023 3760 3094 perversitas
3805 3025 3892 3079 in-

366 3123 523 3172 ctum
544 3126 647 3185 est,
677 3118 914 3173 directus
959 3123 1078 3188 Dei,
1112 3122 1200 3176 vel
1222 3127 1480 3191 princeps
1536 3138 1656 3176 cum
1679 3123 1791 3178 Deo
1831 3123 2059 3179 dicitur.

363 3204 604 3272 Quidam
635 3207 787 3261 enim
818 3221 889 3262 ex
920 3207 1215 3264 diuturnis
1247 3209 1586 3265 criminibus
1627 3223 1832 3265 sensus
1863 3223 2064 3280 repro-

366 3292 538 3349 bitate
585 3293 828 3357 confusi,
862 3309 974 3350 non
1033 3303 1268 3351 veterna
1322 3309 1430 3352 sua
1481 3296 1714 3361 scelera,
1744 3297 1800 3350 in
1849 3296 2066 3366 quibus

363 3381 541 3436 vitam
594 3395 737 3451 pene
767 3389 1193 3453 transegerunt,
1251 3385 1348 3440 sed
1381 3392 1835 3440 momentaneam
1881 3383 2064 3452 respi-

363 3470 664 3536 rationem,
698 3483 816 3538 qua
837 3469 907 3524 ad
942 3471 1120 3526 Deum
1160 3485 1262 3540 pro
1294 3473 1503 3541 quavis
1544 3470 1886 3525 adversitate
1917 3475 2065 3524 204

363 3563 690 3622 recurrunt,
745 3556 1100 3611 attendentes
1148 3571 1206 3611 se
1261 3557 1522 3622 directos,
1558 3555 1730 3612 sesui
1775 3571 1907 3612 cum
1952 3557 2065 3612 Deo

361 3640 666 3712 principes,
699 3655 757 3696 se
776 3641 896 3711 jam
931 3642 1109 3698 Deum
1143 3657 1306 3698 nosse
1337 3643 1611 3710 fatentur,
1638 3651 1692 3699 et
1732 3643 2065 3712 perfuncto-

364 3728 508 3783 riam
564 3727 674 3782 diei
720 3728 982 3796 pietatem
1035 3743 1168 3785 cum
1227 3729 1398 3786 totius
1460 3732 1567 3786 avi
1621 3731 1711 3786 sui
1759 3730 2068 3786 sceleribus

365 3813 686 3869 metiuntur
715 3815 842 3882 (Tit.
877 3829 914 3880 I,
947 3815 1047 3884 l6).

434 3900 585 3956 VERS
611 3903 661 3955 3.
695 3931 762 3940 -—
795 3923 816 3949 ι
851 3902 1090 3974 Projecit
1118 3905 1290 3960 Israel
1325 3905 1564 3971 bonum,
1626 3905 1892 3960 inimicus
1931 3919 2065 3975 pro-

369 4010 388 4035 ι
433 3997 709 4060 sequetur
735 4005 889 4046 eum.
929 3994 1194 4046 «Bonum
1241 3994 1416 4048 Israel
1465 3993 1689 4064 projicit
1718 3994 1893 4064 quod,
1931 4007 2064 4050 cum

363 4083 604 4147 urgente
631 4077 883 4146 periculo
923 4079 1278 4149 aggreditur,
1340 4080 1574 4136 fortuna
1623 4081 1896 4137 redeunte
1926 4080 2065 4152 reji-

359 4161 530 4220 citur.
559 4165 685 4220 Ideo
711 4181 832 4218 eum
860 4169 1112 4219 inimicus
1143 4167 1526 4237 persequitur,
1554 4167 1651 4224 ubi
1683 4169 1856 4224 totius
1901 4168 2066 4224 bona

360 4251 688 4306 intentionis
737 4253 1038 4308 deficiente
1071 4252 1298 4320 affectu,
1348 4254 1509 4311 nulla
1560 4256 1705 4312 hosti
1744 4256 2067 4312 constantia

359 4337 594 4393 virtutis
623 4337 864 4394 interna
891 4339 1193 4396 resistitur.

428 4424 602 4480 Vnus.
633 4425 688 4478 4.
718 4453 792 4466 —
820 4447 840 4474 ι
873 4426 987 4495 Ipsi
1009 4437 1415 4499 regnaverunt,
1435 4439 1490 4486 et
1510 4445 1625 4487 non
1652 4446 1727 4487 ex
1755 4446 1876 4499 me;
1907 4431 2063 4502 prin-

365 4534 386 4559 ι
430 4511 583 4580 cipes
637 4514 999 4582 exstiterunt,
1051 4523 1248 4572 etnon
1287 4519 1550 4589 cognovi.
1597 4540 1618 4567 ι
1674 4520 1914 4590 Regnat,
1964 4521 2061 4576 sed

358 4614 432 4656 ex
465 4601 576 4656 Deo
609 4614 721 4656 non
771 4610 993 4671 regnat,
1046 4604 1312 4675 quisquis
1348 4606 1634 4677 angustiis
1675 4608 2065 4676 prementibus

362 4689 556 4759 pravis
580 4691 700 4744 suis
731 4691 988 4748 moribus
1012 4692 1270 4763 imperat,
1305 4703 1646 4751 cumtamen
1672 4696 1732 4751 in
1770 4697 2062 4752 conscien-

359 4779 450 4834 tia
475 4777 705 4849 angulis
742 4778 1035 4850 affectum,
1085 4781 1132 4837 si
1165 4783 1397 4840 libertas
1456 4784 1722 4850 arrideat,
1755 4784 1828 4839 ad
1877 4785 2065 4840 vomi—

359 4871 482 4922 tum
539 4866 815 4922 redeundi
870 4879 1171 4926 conservat
1203 4871 1282 4941 (II
1335 4873 1492 4940 Petr,
1522 4889 1582 4926 ιι.
1634 4874 1746 4936 22),
1793 4874 2064 4942 Principes

359 4953 636 5017 existunt,
665 4968 764 5009 seu
797 4956 947 5012 Deus
969 4973 1083 5014 non
1113 4959 1404 5030 cognoscit
1439 4975 1452 5013 :
1479 4973 1613 5016 cum
1659 4974 1860 5016 sensus
1898 4969 2064 5017 exte-

362 5040 537 5096 riores
565 5040 637 5095 ad
685 5041 885 5098 horam
937 5046 1046 5102 sub
1099 5047 1260 5118 regia
1301 5047 1539 5103 rationis
1581 5047 1797 5103 ditione
1839 5049 2064 5105 sibimet

365 5128 784 5198 principantur,
851 5135 944 5188 sed
1001 5135 1150 5191 Deus
1197 5137 1375 5205 hujus
1416 5136 1788 5192 restrictionis
1837 5151 2060 5202 causas,

364 5217 503 5287 quia
529 5230 644 5272 non
677 5223 978 5290 approbat,
1011 5223 1206 5278 nescit.
1241 5222 1424 5294 Super
1450 5223 1604 5280 enim
1643 5225 1854 5281 horum
1906 5225 2062 5281 simi-

365 5301 512 5358 libus
537 5303 790 5376 legitur:
827 5328 848 5356 ι
882 5307 1028 5362 Cum
1067 5307 1347 5362 occideret
1387 5322 1482 5362 eos
1523 5309 1862 5379 quarebant
1907 5324 2061 5372 eum,

366 5408 394 5440 ι)
433 5399 487 5448 et
511 5397 950 5453 revertebantur
999 5396 1162 5452 (Psat.
1219 5409 1428 5462 Lxxvu,
1464 5399 1570 5463 3t).
1610 5418 1631 5444 ι
1683 5419 1702 5444 ε
1744 5398 2065 5468 Argentum

373 5499 393 5525 ι
437 5494 607 5538 suum
642 5492 696 5539 et
740 5499 955 5540 aurum
983 5497 1154 5538 suum
1191 5483 1448 5540 fecerunt
1471 5485 1578 5540 sibi
1604 5485 1754 5541 idola
1781 5493 1844 5541 ut
1885 5488 2065 5542 inter-

372 5587 393 5614 ι
441 5567 606 5628 irent.
639 5593 665 5621 ››
696 5573 1004 5640 Argentum
1050 5585 1210 5624 suum
1241 5576 1291 5625 et
1337 5589 1535 5627 aurum
1586 5589 1747 5627 suum
1789 5574 1896 5628 sibi
1937 5573 2068 5629 facit

2173 3121 2426 3170 correcta
2484 3114 2787 3168 manebit?
2846 3114 2927 3168 Ac
2977 3113 3023 3167 si
3077 3111 3558 3182 responderetur:
3620 3112 3891 3168 Profecto

2172 3202 2293 3268 diu,
2328 3203 2467 3272 quia
2492 3217 2560 3255 ea:
2587 3203 2760 3255 Israel
2781 3208 2865 3256 est
2895 3206 2946 3254 et
2971 3205 3085 3270 ipse
3115 3201 3340 3266 artifex.
3393 3199 3586 3266 Israel,
3621 3207 3690 3255 ut
3734 3214 3890 3270 pree-

2178 3269 2421 3346 libatum
2479 3297 2582 3354 est,
2633 3289 2955 3344 secundum
3002 3288 3282 3359 quosdam
3349 3288 3522 3343 etiam
3578 3269 3930 3358 antiquos,i

2172 3383 2258 3431 vir
2283 3379 2472 3431 videns
2517 3380 2685 3431 Deum
2721 3376 3168 3445 interpretatur;
3203 3376 3326 3431 ideo
3377 3389 3514 3444 ergo
3543 3389 3662 3430 non
3721 3375 3892 3431 facile

2171 3465 2582 3532 emundantur,
2632 3465 2773 3534 quia
2805 3464 2933 3520 talis
2981 3463 3314 3520 idololatria
3359 3463 3605 3518 artifices
3658 3477 3741 3519 ex
3807 3463 3890 3518 bis

2171 3553 2527 3623 potissimum
2577 3567 2698 3608 esse
2754 3552 2954 3618 solent,
3003 3552 3105 3622 qui
3131 3551 3201 3607 de
3242 3551 3338 3606 Dei
3395 3565 3496 3620 per
3550 3551 3892 3622 Scripturas

2172 3639 2496 3709 cognitione
2549 3653 2666 3708 pra
2713 3639 2934 3694 cateris
2981 3637 3325 3709 gloriantur,
3379 3646 3433 3694 et
3471 3653 3540 3693 ex
3580 3653 3648 3694 eo
3699 3647 3886 3695 sexta

2173 3741 2293 3782 sua
2338 3727 2598 3782 tenacius
2636 3727 2855 3782 harent
2896 3742 3012 3797 quo
3057 3740 3280 3782 sacram
3332 3727 3601 3796 paginam
3636 3741 3752 3798 pro
3787 3739 3892 3782 sua

2173 3815 2408 3874 libidine
2437 3817 2604 3887 quasi
2652 3815 2880 3872 acutius
2929 3815 3283 3886 intorquent,
3318 3815 3576 3885 aliosque
3615 3816 3892 3872 securius

2173 3905 2280 3961 sibi
2312 3904 2594 3970 alliciunt,
2626 3919 2743 3975 quo
2781 3904 3223 3974 perspicaciores
3251 3918 3310 3959 se
3337 3903 3396 3958 in
3425 3903 3622 3959 divino
3647 3903 3890 3975 eloquio

2173 3993 2286 4049 dici
2335 3993 2601 4050 audiunt.
2637 3995 2724 4046 Ea.-
2755 3993 2926 4046 Israel
2955 4005 3090 4063 ergo
3118 3996 3169 4046 et
3199 3997 3316 4061 ipse
3339 3997 3418 4045 est
3473 3993 3706 4058 artifex,
3744 3991 3889 4064 quia

2173 4096 2288 4137 non
2328 4081 2438 4137 nisi
2485 4095 2558 4137 ex
2588 4094 2798 4152 magna
2839 4080 3054 4152 ingenii
3101 4079 3417 4136 acrimonia
3455 4079 3716 4150 praditis
3747 4081 3888 4135 solet

2177 4169 2292 4226 fieri
2321 4169 2522 4225 talium
2545 4168 2873 4226 fabularum
2903 4168 3091 4224 index.

2245 4257 2414 4314 Vens.
2445 4257 2498 4310 7.
2533 4287 2601 4296 —
2635 4277 2656 4304 ι
2701 4255 2854 4310 Fecit
2885 4254 3048 4311 illum
3094 4261 3151 4310 et
3192 4269 3307 4310 non
3363 4261 3448 4310 est
3487 4254 3662 4320 Deus,
3728 4268 3884 4325 quo-

2094 4347 2136 4401 D
2173 4367 2194 4393 ι
2237 4345 2393 4400 niam
2448 4345 2507 4399 in
2560 4357 2906 4400 aranearum
2963 4342 3104 4398 telas
3155 4341 3265 4398 erit
3302 4341 3522 4398 vitulus
3576 4341 3880 4398 Samaria.

2178 4454 2198 4479 ι
2241 4432 2386 4499 Quia
2435 4439 2675 4488 ventum
2715 4429 3103 4497 scminabunt,
3135 4437 3192 4486 et
3236 4431 3527 4487 turbinem
3569 4437 3812 4487 metent.
3855 4449 3875 4474 ι

2172 4519 2352 4574 Deum
2385 4519 2535 4583 facit,
2563 4519 2660 4575 sed
2705 4522 2848 4574 Deus
2897 4535 3006 4572 non
3053 4523 3151 4580 est,
3185 4519 3455 4588 quisquis
3479 4533 3580 4588 pro
3609 4525 3790 4587 captu
3821 4521 3876 4570 et

2173 4606 2580 4677 imaginatione
2632 4620 2740 4662 sua
2787 4607 2970 4662 Deum
3024 4605 3464 4673 circumscribit,
3501 4612 3566 4661 ut
3625 4606 3700 4662 ad
3754 4605 3880 4674 ejus

2173 4701 2397 4750 natura
2448 4692 2841 4749 dissertionem
2903 4693 3184 4763 attingere
3225 4693 3452 4761 nititur,
3511 4693 3665 4763 quod
3719 4691 3881 4748 nullo

2175 4784 2338 4839 modo
2363 4782 2581 4839 homini
2611 4781 3143 4852 comprehensibile,
3186 4788 3288 4837 aut
3314 4781 3466 4837 Deus
3489 4795 3610 4837 esse
3643 4785 3830 4851 potest
3863 4790 3877 4828 :

2173 4871 2466 4941 Quidquid
2513 4870 2666 4926 enim
2739 4870 3058 4940 pervideas,
3103 4869 3244 4926 falso
3322 4871 3504 4926 Deum
3557 4869 3876 4926 existimas.

2176 4983 2199 5010 ι
2242 4959 2519 5026 Quoniam
2539 4958 2596 5013 in
2622 4971 2964 5014 arenearum
2985 4957 3124 5014 telas
3150 4959 3260 5013 erit
3278 4957 3498 5013 vitulus
3535 4957 3832 5022 Samaria,
3855 4977 3874 5002 ι

2173 5050 2313 5119 quia
2342 5046 2554 5103 scilicet
2614 5045 2930 5116 petulantia
2989 5060 3120 5116 qua
3144 5045 3404 5116 subjacet
3447 5044 3524 5100 illi
3559 5043 3879 5099 forinsecus

2174 5136 2451 5194 dealbata
2510 5133 2803 5199 custodia,
2861 5142 2928 5190 ut
2971 5134 3157 5206 magis
3211 5134 3366 5190 enim
3415 5133 3638 5200 fallant,
3694 5130 3879 5187 multa

2174 5231 2356 5293 agunt
2407 5223 2516 5278 sub
2570 5222 2885 5292 hypocrisis
2935 5223 3140 5292 specie,
3192 5221 3611 5278 adnihilabitur
3650 5228 3706 5276 et
3741 5231 3873 5274 eva-
3927 5229 3930 5242 τ

2175 5317 2365 5366 nescet
2413 5323 2483 5366 ac
2519 5310 2566 5364 si
2613 5323 2964 5366 aranearum
3013 5310 3155 5367 tela.
3209 5311 3345 5376 Quae
3388 5309 3538 5365 enim
3583 5305 3875 5365 insulsior.

2173 5404 2226 5453 et
2261 5399 2427 5468 quasi
2457 5399 2704 5455 vitulina
2732 5397 2950 5466 levitas,
2986 5412 3159 5469 quem
3180 5398 3356 5454 libros
3376 5405 3697 5463 contexere,
3730 5404 3874 5464 quos

2175 5487 2446 5556 explodat
2472 5495 2527 5544 et
2569 5487 2832 5543 exsibilet
2899 5487 3071 5543 totius
3127 5485 3578 5544 Christianitatis
3622 5480 3873 5542 auctori-

2177 5574 2304 5630 tas?
2327 5573 2432 5640 Qui
2491 5575 2614 5631 tela
2661 5587 3004 5631 aranearum
3054 5582 3210 5642 sunt,
3271 5577 3413 5644 quia
3461 5587 3660 5630 eorum
3687 5568 3871 5628 studio
