3950 6420
4 355 71 405 81
692 348 1149 407 TROPOLOGUE
1184 352 1259 407 IN
1298 351 1504 420 OSEE,
1547 352 1727 410 AMOS
1768 355 1857 411 ET
1897 353 2041 410 JBR.
2085 382 2148 396 -
2193 356 2326 411 LIB.
2370 357 2439 411 II.
2482 356 2551 412 IN
2589 356 2784 414 OSEE.

3393 359 3497 412 382

14 495 149 554 unt,
185 488 291 558 qui
330 487 530 542 intima
579 500 685 541 sua
728 486 786 540 in
842 485 962 541 vita
999 499 1105 541 sua
1156 486 1486 557 projiciunt,
1535 495 1590 544 et
1628 488 1687 543 in
1726 493 1767 544 A
1801 490 2045 545 mantias
2074 488 2398 553 addiscunt,
2432 504 2535 561 per
2564 504 2711 562 quas
2766 490 2838 545 ad
2896 489 3232 559 mysterium
3276 487 3497 558 iniqui-

11 580 138 631 revi
166 576 585 641 eventilantur,
617 575 757 645 quia
804 589 917 630 non
966 576 1131 629 aliter
1162 589 1337 644 quam
1371 576 1590 644 spuria,
1628 584 1688 633 ut

1 667 217 734 agitur,
250 664 596 720 vitulamina
646 664 982 719 radicantur
1011 663 1161 733 (Sap.
1206 679 1279 730 tv,
1343 666 1421 733 3).
1462 665 1692 720 Aranea

2 753 134 808 nim
180 767 317 809 cum
358 753 431 808 sit
461 760 805 807 venenatum
842 752 1077 818 animal,
1109 766 1178 807 ex
1216 752 1422 808 virosis
1451 753 1690 808 visceri—

1 858 93 897 ius
117 856 263 911 opus
282 855 541 911 egerens,
564 840 641 895 nil
672 839 829 895 aliud
850 840 1119 910 explicat.
1150 840 1257 896 nisi
1288 841 1440 910 quod
1471 840 1693 913 [studiis

1 930 261 985 nauibus
309 929 546 998 seipsam
601 935 898 983 extenuat.
953 930 1175 982 Ventum
1218 928 1371 984 enim
1407 928 1692 986 seminant

2 1019 87 1073 'ui
118 1018 331 1074 erroris
361 1017 600 1072 nebulas
628 1025 682 1072 et
722 1016 941 1072 nanias
969 1032 1364 1087 supervacuas
1423 1032 1690 1088 spargere

2 1106 171 1161 iluris
198 1112 423 1175 putant.
464 1106 748 1159 Turbinem
779 1112 1022 1169 metunt,
1055 1120 1190 1161 cum
1228 1107 1434 1162 mentis
1463 1106 1691 1162 cacita—

1 1210 96 1249 9m
132 1202 184 1249 et
204 1201 424 1249 motum
471 1200 723 1248 externa
764 1192 1129 1248 adversitatis
1185 1194 1514 1250 incurrunt.
1572 1195 1691 1250 Hoc

6 1284 143 1337 nim
182 1282 481 1353 proprium
507 1281 756 1337 haretici
803 1282 1034 1347 habent,
1068 1291 1131 1337 ut
1183 1298 1314 1338 cum
1359 1283 1541 1338 facere
1581 1284 1688 1339 sibi

1 1386 199 1426 nomen
228 1385 301 1426 ex
332 1369 615 1440 dogmatis
653 1370 979 1425 diversitate
1009 1371 1273 1440 gestiant,
1327 1372 1692 1441 vilipensioni

1 1466 26 1527 ι
59 1460 197 1515 odio
226 1460 487 1515 omnium
522 1473 654 1513 mox
682 1466 929 1528 pateant.

54 1567 83 1597 α
131 1548 368 1603 Culmus
414 1556 572 1602 stans
604 1561 717 1602 non
759 1553 843 1601 est
870 1546 925 1601 in
956 1561 1040 1613 eo,
1085 1561 1316 1617 germen
1358 1562 1473 1603 non
1527 1547 1687 1603 faciet

2 1666 4 1677 ι
53 1636 330 1691 farinam.
367 1658 388 1684 ι
424 1636 650 1689 Culmus
682 1642 791 1689 stat
819 1649 953 1690 cum
982 1636 1142 1691 verbi
1174 1636 1354 1691 fastus
1383 1636 1687 1705 exuberat;

2 1723 565 1780 onsuetudinarium
585 1724 737 1779 enim
768 1723 849 1779 eis
886 1731 989 1787 est,
1022 1732 1086 1779 ut
1115 1725 1421 1780 verborum
1471 1738 1691 1793 pompa

1 1811 337 1873 leserviant,
373 1817 429 1866 et
456 1810 767 1865 dialecticis
796 1809 1239 1879 allegationibus
1268 1811 1541 1867 universa
1572 1824 1691 1881 per-

1 1910 254 1957 ractent.
305 1902 371 1957 In
410 1901 599 1957 culmo
645 1914 781 1969 ergo
841 1901 1123 1963 vacuitas,
1170 1900 1227 1955 in
1261 1908 1415 1957 statu
1463 1899 1689 1955 dicendi

2 1991 290 2046 rivacitas.
351 1990 459 2045 Sed
503 1989 561 2043 in
600 1989 701 2053 eis,
740 2003 871 2057 qua
903 2002 1003 2057 per
1031 1988 1260 2045 culmen
1292 1989 1505 2044 scilicet
1536 1990 1691 2058 ligu-

1 2087 219 2145 tantur,
242 2078 434 2134 verbis
465 2093 677 2145 germen
716 2085 953 2144 nonest,
986 2077 1126 2146 quia
1170 2077 1228 2132 in
1278 2078 1473 2147 vapidi
1505 2076 1692 2131 cordis

1 2166 352 2224 ermonibus
385 2166 547 2222 nulla
576 2164 907 2219 vivificandi
937 2164 1077 2219 alios
1099 2164 1355 2220 efficacia
1383 2173 1485 2221 est.
1530 2168 1687 2220 Fari-

1 2271 112 2307 iam
145 2269 252 2307 non
273 2252 425 2315 facit,
455 2252 587 2322 quis
616 2250 834 2307 nullam
869 2249 1105 2305 interna
1149 2251 1519 2322 pinguedinis
1560 2251 1691 2306 dul-

1 2343 247 2397 tedinem
297 2353 482 2396 sermo
538 2339 744 2410 gignit.
802 2338 964 2405 Quod
1019 2339 1172 2393 enim
1215 2353 1316 2408 pro
1365 2339 1483 2395 solo
1530 2340 1689 2411 vulgi

1 2444 181 2485 avere
205 2435 355 2484 205
387 2428 507 2483 fieri
554 2427 913 2498 intelligitur,
958 2426 1060 2481 vix
1100 2434 1203 2483 aut
1251 2442 1559 2498 nunquam
1618 2429 1691 2484 ab

1 2519 187 2573 mimo
233 2516 594 2572 audientium
641 2522 936 2586 gratanter
999 2514 1310 2584 excipitur.
1370 2517 1487 2571 Aut
1541 2525 1691 2572 certe

1 2609 240 2659 'arinam
270 2620 377 2658 non
407 2604 557 2671 facit,
590 2604 731 2659 dum
772 2603 854 2658 nil
897 2602 1259 2659 fructuosum
1295 2603 1404 2658 nisi
1437 2604 1591 2673 quod
1618 2605 1691 2659 ad

2 2696 222 2750 andem
240 2706 407 2749 suam
444 2691 780 2761 reciprocari
812 2691 1001 2747 valeat
1041 2691 1333 2761 exprimit.
1373 2713 1394 2740 ι
1450 2694 1610 2757 Quod
1637 2701 1693 2748 et

1 2785 87 2838 isi
121 2782 343 2847 fecerit,
379 2802 407 2829 ››
460 2781 515 2836 id
568 2789 650 2836 est
696 2781 741 2835 si
794 2780 936 2851 quid
978 2780 1117 2835 utile
1166 2778 1473 2845 dixerit,»
1522 2781 1689 2837 alieni

2 2873 453 2929 romedenteam,
484 2889 512 2920 ιι
552 2868 829 2924 diabolico
883 2868 1092 2923 scilicet
1132 2869 1342 2938 pastui,
1392 2869 1490 2938 qui
1546 2883 1692 2939 pra-

2 2963 152 3029 -ipue
212 2958 486 3028 superbia
553 2965 747 3012 nostra
812 2957 1090 3023 nutritur,
1140 2960 1423 3013 reservari
1472 2965 1695 3014 constat

2 3048 401 3119 'loquentiam.
454 3047 612 3102 Unde
656 3044 925 3100 Salomon

1 3138 154 3192 tlieni
189 3135 501 3205 participes
531 3134 614 3189 tui
648 3135 817 3199 (Prov.
855 3148 910 3196 v,
949 3133 1057 3203 l7).
1096 3153 1118 3181 ι

52 3225 230 3280 Vens.
268 3225 323 3288 8,
356 3225 406 3277 9.
448 3252 516 3262 -
563 3244 583 3270 ι
621 3222 938 3276 Devoratus
964 3232 1047 3276 est
1067 3221 1277 3287 Israel;
1318 3235 1477 3277 nunc
1506 3220 1691 3276 factus

3 3340 13 3363 ι
56 3323 137 3369 est
168 3313 229 3367 in
262 3310 596 3367 nationibus
615 3309 781 3379 quasi
831 3323 935 3364 vas
967 3308 1354 3365 immundum.
1386 3309 1533 3377 Quia
1584 3310 1689 3379 ipsi

4 3400 449 3457 ~ascenderuut
521 3398 593 3453 ad
672 3397 871 3464 Assur,
924 3411 1141 3466 onager
1226 3398 1521 3453 solitarius
1578 3396 1685 3453 sibi

3 3512 15 3536 ι
57 3489 360 3559 Ephraim.
402 3508 423 3534 ι
454 3488 627 3541 Israel
658 3486 988 3552 devoratur,
1023 3500 1156 3540 cum
1189 3486 1268 3553 hi,
1319 3486 1423 3556 qui
1471 3500 1543 3541 ex
1589 3486 1687 3541 Dei

4 3578 321 3647 :ognitione
370 3576 614 3630 directos
678 3589 737 3629 se
789 3575 1094 3641 astimant,
1146 3575 1411 3645 exigente
1460 3582 1691 3645 peccato

3 3668 62 3721 ad
92 3664 485 3722 omnimodam
531 3663 853 3719 intellectus
910 3663 1311 3719 hebetudinem
1364 3663 1691 3719 devolvun-

3 3760 102 3809 tur.
133 3754 242 3820 Qui
268 3752 418 3809 enim
450 3752 686 3807 scientia
716 3765 751 3807 a
805 3753 913 3806 Deo
953 3751 1088 3806 data
1134 3751 1416 3818 abutitur,
1464 3766 1691 3806 necesse

3 3849 169 3897 estut
226 3840 499 3912 longioris
554 3855 663 3896 usu
725 3839 999 3909 nequitia
1057 3854 1283 3909 semper
1304 3840 1360 3894 in
1409 3840 1692 3895 deteriora

3 3937 272 3985 mutetur.
314 3930 483 3994 Nunc,
541 3927 598 3983 id
626 3934 710 3983 est
761 3941 835 3983 ex
865 3940 1060 3982 amore
1093 3927 1460 3997 prasentium
1507 3927 1693 3983 factus

5 4026 78 4074 cst
101 4018 159 4072 in
190 4016 522 4072 nationibus
565 4016 729 4087 quasi
758 4029 862 4071 vas
908 4015 1296 4082 immundum,
1355 4016 1495 4071 dum
1544 4016 1694 4073 inter

5 4106 330 4173 peregrinas
382 4106 653 4160 vitiorum
720 4118 1212 4175 quorumcunque
1295 4105 1565 4175 origines,
1633 4119 1692 4161 se

5 4195 252 4248 omnium
312 4193 560 4263 receptui
618 4199 847 4263 prastat
907 4199 1193 4262 apertum.
1251 4194 1381 4259 Vas,
1439 4193 1588 4249 enim
1634 4194 1691 4250 in

5 4282 173 4335 veteri
224 4281 347 4351 lege
399 4281 549 4351 quod
613 4295 729 4336 non
782 4280 1029 4337 habebat
1070 4280 1429 4350 operculum,
1492 4282 1689 4337 haberi

1800 578 1930 633 tatis
2002 578 2346 634 efficaciores
2417 580 2583 635 fiunt.
2641 579 2750 633 Sed
2818 581 2868 632 ei
2940 578 3179 632 mercede
3254 582 3497 632 nationes

1800 666 2151 735 conducunt,
2179 668 2317 723 dum
2346 669 2610 738 quadam
2665 668 2883 723 faciunt
2916 681 3048 737 qua
3080 665 3351 721 vitiorum
3389 664 3495 720 sibi

1798 755 2087 811 incentiva
2133 764 2291 819 sunt,
2323 758 2479 811 verbi
2532 758 2742 827 gratia,
2806 770 2941 812 cum
2989 756 3101 810 sint
3133 755 3232 824 qui
3282 754 3416 808 allia
3443 760 3499 808 et

1799 843 2160 900 ferventioris
2188 852 2413 901 natura
2454 844 2746 916 pigmenta
2797 844 3250 908 commasticant,
3284 841 3499 912 quibus

1800 932 1871 987 ad
1901 932 2269 1002 petulentiam
2328 934 2575 989 acriores
2623 935 2789 989 fiunt.
2836 934 2907 989 Et
2964 932 3032 987 de
3080 931 3297 986 cateris
3343 929 3498 984 vitiis

1800 1019 1945 1075 idem
1977 1019 2242 1091 intelligo.
2283 1043 2303 1069 ι
2347 1021 2514 1077 Nunc
2560 1022 2921 1093 congregabo
2958 1036 3071 1080 eos.
3103 1028 3158 1075 et
3205 1019 3499 1089 quiescent

1804 1129 1825 1156 ι
1875 1109 2166 1178 paulisper
2213 1110 2283 1166 ab
2327 1125 2499 1166 onere
2546 1112 2695 1181 regis
2746 1119 2800 1166 et
2840 1109 3186 1180 principum.
3252 1129 3271 1153 ι
3344 1106 3498 1162 Con-

1800 1204 2001 1267 gregat
2037 1200 2183 1253 Deus
2238 1214 2347 1265 eos,
2380 1213 2512 1253 cum
2566 1199 2715 1253 inter
2772 1199 3079 1254 innumera
3134 1196 3379 1252 crimina
3426 1194 3496 1249 ad

1797 1286 2304 1342 considerationem
2358 1287 2449 1340 sui
2483 1287 2737 1355 ipsorum
2774 1286 3054 1356 recolligit
3098 1282 3494 1354 vagabundos.

1798 1374 1869 1429 Et
1925 1375 2031 1429 hoc
2068 1389 2227 1429 nunc
2283 1374 2364 1440 fit,
2409 1376 2547 1445 quia
2597 1382 2711 1430 tota
2758 1376 2854 1430 illa
2902 1373 3232 1442 recogitatio
3290 1386 3325 1427 a
3368 1384 3500 1426 con-

1798 1472 1995 1532 spectu
2090 1462 2349 1529 rationis,
2439 1465 2607 1533 quasi
2677 1464 2954 1534 quiddam
3018 1460 3495 1532 perfunctorium,

1803 1549 2022 1605 transit.
2086 1549 2248 1616 Quod
2297 1566 2412 1606 non
2469 1552 2590 1606 sine
2646 1559 2798 1605 certo
2867 1564 3067 1606 eorum
3122 1548 3340 1618 judicio
3391 1552 3495 1608 est,

1799 1638 1940 1707 quia
1988 1638 2226 1707 spiritus
2295 1652 2517 1707 eorum,
2577 1652 2709 1693 cum
2760 1638 2873 1693 Deo
2920 1636 3189 1701 sentiens,
3248 1633 3499 1689 creditus

1799 1726 1872 1781 ab
1910 1726 1993 1781 eis
2024 1740 2139 1782 non
2168 1733 2251 1782 est
2296 1727 2480 1795 (Psal.
2527 1739 2739 1791 Lxxvu,
2772 1726 2846 1792 8).
2899 1723 3197 1792 Paulisper
3250 1721 3319 1775 ab
3346 1734 3502 1774 onere

1796 1816 1945 1883 regis
1974 1820 2026 1868 et
2054 1817 2366 1883 principum
2389 1814 2715 1884 quiescunt,
2763 1828 2895 1868 cum
2929 1826 2963 1867 a
3011 1812 3162 1867 fastu
3193 1808 3497 1878 superbia,

1799 1904 1899 1973 qui
1939 1917 2108 1958 omne
2166 1902 2489 1959 sublimiter
2549 1902 2709 1968 vidit,
2775 1901 2941 1957 vela
2996 1898 3215 1956 carnali
3270 1896 3499 1960 alfectu,

1798 2000 1852 2047 et
1900 1991 2250 2048 exteriorum
2308 2005 2582 2047 sensuum
2639 2004 2800 2045 mens
2866 1989 2939 2044 ad
2988 1996 3215 2057 tempus
3281 1985 3502 2054 disper-

1799 2080 1954 2135 sione
1988 2080 2075 2135 vel
2118 2080 2501 2149 oppressione,
2551 2080 2744 2134 animo
2774 2078 2848 2133 ad
2884 2092 2942 2133 se
2994 2077 3292 2141 redeunte,
3336 2073 3499 2128 laxa-

1802 2176 1916 2223 tur.

1872 2256 2045 2312 Vens.
2075 2260 2159 2310 ll.
2195 2286 2256 2296 —
2292 2279 2311 2304 ι
2355 2255 2500 2323 Quia
2547 2254 2953 2324 multiplicavit
2978 2251 3256 2322 Ephraim
3295 2248 3505 2305 altaria

1808 2364 1827 2391 ι
1862 2345 1933 2399 ad
1964 2345 2341 2414 peccandum,
2389 2344 2550 2400 facta
2586 2352 2723 2399 sunt
2775 2343 2828 2398 ei
2876 2356 2991 2397 ara
3039 2342 3098 2396 in
3145 2339 3439 2396 delictum.
3475 2357 3497 2383 ι

1799 2433 2078 2501 Ephraim
2106 2432 2316 2487 altaria
2354 2432 2429 2486 ad
2474 2432 2807 2502 peccandum
2850 2429 3210 2499 multiplicat,
3243 2441 3376 2483 cum
3406 2438 3506 2495 per

1800 2521 2008 2576 mentis
2038 2520 2459 2577 vicissitudines
2518 2520 2826 2576 innumera
2884 2518 3171 2574 malorum
3216 2514 3507 2585 proposita

1801 2609 2053 2665 seriatim
2078 2609 2418 2666 alternando
2433 2609 2781 2679 frequentat.
2805 2607 3133 2663 Secundum
3152 2605 3306 2661 enim
3328 2616 3506 2659 emer-

1801 2706 2000 2769 gentes
2040 2698 2217 2753 varia
2239 2697 2655 2767 conspersionis
2705 2695 2962 2761 habitus,
2994 2708 3152 2751 nunc
3195 2695 3298 2758 ira,
3349 2703 3507 2746 nunc

1803 2788 1996 2846 libido.
2021 2788 2479 2856 nuncsuperbia,
2504 2801 2664 2842 nunc
2683 2786 2939 2849 ambitio,
2963 2792 3017 2840 et
3033 2791 3236 2839 catera
3256 2794 3506 2852 quaque

1804 2875 2150 2931 intrinsecus
2179 2890 2238 2931 se
2266 2882 2643 2931 commutant.
2678 2875 2781 2929 Tot
2808 2888 2945 2944 ergo
2977 2873 3109 2927 colit
3154 2871 3378 2936 altaria,
3433 2869 3504 2925 ad

1802 2972 1944 3035 quot
2009 2964 2280 3034 peccandi
2341 2977 2400 3018 se
2451 2962 2661 3033 ingerit
2713 2970 2863 3017 vota.
2919 2962 3156 3030 Propter
3204 2959 3312 3014 hoc
3359 2958 3507 3013 fiunt

979 3060 992 3099 :
1042 3066 1064 3093 ι
1098 3044 1224 3101 Non
1282 3047 1415 3113 sint,
1478 3046 1688 3115 inquit.
1730 3078 1769 3133 ο
1801 3057 1853 3108 ei
1905 3068 2017 3107 ora
2046 3056 2105 3106 in
2154 3052 2427 3117 delictum,
2461 3059 2527 3107 ut
2574 3052 2758 3121 ipsum
2792 3051 2963 3105 etiam
2992 3055 3319 3117 respuatur,
3350 3045 3503 3115 quod

1796 3156 1870 3199 ex
1922 3141 2169 3197 scintilla
2225 3140 2465 3196 rationis
2524 3140 2846 3195 innascitur
2915 3138 3020 3207 pia
3081 3133 3507 3205 recogitationis

1798 3231 2037 3287 bonum.
2072 3229 2351 3285 Delictum
2375 3229 2526 3283 enim
2558 3242 2593 3283 a
2629 3225 3052 3297 derelinqume
3095 3223 3328 3285 dicitur,
3371 3233 3505 3276 cum

1797 3319 2008 3375 scilicet
2061 3318 2275 3373 bonum
2309 3316 2464 3387 quod
2524 3316 2645 3373 ﬁeri
2676 3317 2863 3380 debet,
2917 3314 3220 3369 deseritur.
3273 3311 3505 3365 Peccato

1797 3418 1934 3476 ergo
1979 3406 2233 3460 succedit
2281 3404 2576 3471 delictum,
2634 3418 2768 3459 cum
2813 3418 2886 3458 ex
2939 3415 3108 3473 poena
3163 3400 3291 3470 ejus
3343 3398 3505 3453 bona

1799 3509 2031 3565 quoque
2079 3493 2394 3549 voluntatis
2433 3491 2730 3548 suboritur
2787 3492 3129 3562 plerumque
3173 3485 3501 3556 repudium.

1870 3582 2038 3638 Vens.
2062 3582 2241 3636 1'1—
2262 3603 2282 3629 ι
2310 3581 2565 3637 Scribam
2581 3581 2629 3636 ei
2657 3580 3160 3649 multiplicesleges
3178 3590 3349 3639 meas,
3374 3588 3505 3644 qua

1804 3693 1823 3719 ι
1852 3670 2229 3726 velutaliena
2245 3678 2589 3740 computata
2608 3676 2763 3725 sunt.
2798 3691 2817 3716 ι
2842 3668 3169 3737 Multiplices
3205 3666 3342 3729 leges
3372 3674 3507 3717 suas

1798 3762 1847 3814 ei
1878 3760 2028 3815 Deus
2055 3758 2274 3826 scribit,
2319 3772 2453 3814 cum
2504 3766 2559 3813 et
2590 3758 2771 3828 legem
2815 3755 3161 3817 naturalem,
3207 3753 3507 3822 legemque

1798 3847 2183 3916 conscriptam
2215 3847 2342 3916 ejus
2382 3846 2451 3902 ad
2492 3846 2781 3915 integrum
2835 3844 3124 3899 memoria
3166 3841 3385 3906 inserit,
3444 3844 3508 3894 ut

1797 3934 2100 4004 eojustius
2136 3934 2447 3990 damnetur
2502 3948 2619 4004 quo
2676 3944 3047 4002 nequaquam
3105 3942 3275 3998 penes
3322 3927 3506 3981 Deum

1798 4023 1869 4078 de
1930 4014 2261 4091 ignorantia
2313 4022 2614 4091 levigatur.
2662 4023 2789 4087 Qua
2863 4027 3054 4075 tamen
3112 4018 3258 4070 velut
3313 4014 3508 4067 aliena

1797 4119 2229 4182 computantur,
2265 4126 2396 4168 cum
2444 4112 2517 4168 ab
2559 4110 2685 4181 ejus
2718 4110 2912 4165 animo
2951 4108 3064 4162 imo
3109 4119 3145 4161 a
3185 4103 3502 4167 voluntate,

1799 4214 1932 4270 qua
1963 4199 2230 4270 signatur
2286 4213 2386 4268 per
2413 4198 2705 4267 prraim,
2742 4196 2908 4266 quasi
2940 4209 3044 4250 nec
3074 4194 3227 4249 scita
3253 4205 3357 4247 nec
3394 4204 3505 4245 au-

1799 4290 1932 4346 dita
1955 4297 2215 4345 extorres
2237 4288 2549 4343 habentur.
3534 4288 3537 4293 '

5 4369 309 4436 jubebatur
337 4368 697 4435 immundum,
729 4375 784 4425 et
828 4383 989 4425 mens
1032 4368 1281 4424 hominis
1321 4384 1453 4440 qua
1490 4384 1689 4425 casum
1731 4376 1774 4431 D
1877 4377 2047 4432 Vens.
2080 4378 2164 4430 l3.
2194 4404 2267 4417 -
2292 4392 2323 4427 α
2352 4375 2577 4430 Hostias
2623 4372 2864 4428 afferent
2906 4372 3026 4442 [al.,
3076 4366 3358 4440 offerent],
3393 4367 3506 4421 im-

5 4467 34 4507 a
55 4469 110 4509 se
135 4471 248 4512 non
274 4458 523 4513 dimovet
548 4458 822 4514 irruentis
850 4458 1129 4525 criminis,
1174 4459 1376 4514 merito
1422 4459 1696 4529 arguitur

5 4542 361 4627 impuritatis.
406 4549 547 4616 Quia
584 4549 697 4616 ipsi
745 4547 1103 4600 ascenderunt
1141 4546 1216 4600 ad
1274 4548 1475 4615 Assur,
1524 4547 1576 4602 id
1608 4554 1693 4603 est

5 4630 227 4686 malitia
272 4633 547 4703 gradibus
587 4633 1092 4705 apprehenderunt
1149 4634 1457 4705 gurgustia
1496 4634 1692 4691 libidi-

7 4730 140 4772 num
171 4720 354 4776 aulas.
384 4722 655 4789 Ephraim
687 4735 821 4776 mox
853 4720 1038 4777 factus
1063 4729 1147 4778 est
1176 4737 1378 4790 onager
1417 4722 1525 4775 sibi
1570 4724 1694 4776 soli-

8 4805 199 4870 tarius,
228 4807 367 4864 dum
418 4809 731 4865 voluntatis
780 4809 1074 4865 habitatus
1121 4810 1288 4865 exsul
1340 4823 1375 4864 a
1414 4810 1530 4866 Deo
1586 4810 1691 4867 sibi

7 4892 123 4955 soli,
169 4894 223 4949 id
254 4904 337 4951 est
378 4897 594 4953 carnali
641 4897 911 4962 lascivia,
944 4912 1077 4967 qua
1115 4898 1381 4968 signatur
1434 4912 1535 4969 per
1581 4913 1694 4954 ona

8 4992 187 5047 grum,
220 4990 441 5040 constat
474 4985 747 5041 intentus.
785 5008 807 5035 ι
862 4986 1104 5042 Munera
1144 4986 1429 5043 dederunt
1472 4995 1691 5043 amato-

13 5085 31 5109 ι
97 5070 273 5125 ribus.
323 5074 518 5141 (Vens.
575 5073 684 5145 lO.)
726 5073 831 5130 Sed
875 5082 930 5129 et
979 5076 1238 5131 mercede
1284 5076 1692 5132 conduxerunt

8 5173 34 5199 νδ
94 5158 362 5216 nationes.
415 5184 436 5210 ι
490 5164 723 5217 Munera
786 5164 1127 5217 amatoribus
1171 5165 1331 5229 dant,
1399 5179 1533 5220 cum
1584 5163 1691 5219 im-

7 5232 253 5307 pendunt
281 5257 333 5305 et
376 5250 969 5320 superimpenduntur
1017 5252 1398 5316 damonibus,
1446 5251 1534 5309 vel
1564 5266 1691 5308 ma-

11 5327 171 5397 lignis
196 5333 542 5405 hominibus,
572 5338 674 5408 qui
698 5338 807 5395 sibi
838 5347 940 5394 aut
966 5340 1315 5408 rapacitatis.
1349 5344 1460 5396 ‘aut
1503 5341 1693 5396 obsce-

11 5428 91 5470 na
120 5422 438 5493 Voluptatis,
472 5428 665 5496 copias
709 5428 1166 5483 subministrent.
1205 5429 1349 5485 Hinc
1394 5436 1479 5486 est
1534 5428 1690 5499 quod

10 5502 203 5564 findere
258 5526 387 5571 cum
452 5515 719 5586 malignis
777 5523 939 5586 pacto
992 5516 1308 5586 spiritibus,
1359 5518 1431 5573 ad
1487 5532 1688 5573 eorum

14 5591 294 5663 aliquoties
326 5602 576 5659 hominis
603 5618 663 5658 se
706 5603 1074 5671 submittunt,
1125 5611 1180 5660 et
1226 5605 1299 5659 ab
1346 5603 1427 5660 eis
1482 5618 1688 5660 necro-

9 5834 23 5861 ι

1806 4486 1826 4511 ι
1871 4464 2175 4520 molabunt
2222 4477 2426 4518 carnes
2475 4470 2531 4518 et
2591 4461 2909 4527 comedent,
2956 4467 3011 4515 et
3057 4459 3337 4513 Dominus
3390 4468 3504 4510 non

1805 4574 1825 4601 ι
1870 4553 2140 4623 suscipiet
2179 4566 2293 4607 eas.
2334 4572 2354 4594 ο
2402 4552 2623 4606 Hostias
2681 4548 2955 4613 aderunt,
3009 4546 3111 4617 qui
3148 4542 3507 4614 panitentias

1800 4639 2104 4710 aliquoties
2154 4638 2415 4708 publicas
2451 4644 2505 4693 et
2556 4643 2789 4692 cateras
2824 4634 3217 4691 ecclesiastica
3270 4630 3505 4686 institu-

1798 4726 1973 4783 tionis
2001 4725 2373 4790 ceremonias,
2408 4724 2536 4795 plus
2584 4738 2658 4779 ex
2688 4723 2811 4778 sola
2850 4720 3105 4793 generali
3134 4716 3504 4775 consuetudi-

1799 4829 1870 4871 ne
1934 4828 2111 4885 quam
2166 4827 2237 4870 ex
2308 4810 2603 4883 religionis
2652 4811 2858 4881 pietate
2912 4813 3259 4879 proponunt.
3305 4807 3504 4862 Comes

1801 4903 2116 4969 immolant,
2164 4916 2297 4957 cum
2354 4906 2584 4971 peccata
2642 4898 2902 4954 carnalia
2951 4894 3283 4951 detestando
3341 4890 3505 4948 factis

1798 4989 2251 5047 confessionibus
2300 4990 2471 5059 quasi
2538 4994 2812 5043 mactant.
2871 4985 2975 5040 Sed
3030 4991 3221 5039 tamen
3277 4995 3373 5037 eos
3409 4994 3503 5034 co-

1800 5081 2058 5145 medunt,
2088 5079 2229 5149 quia
2274 5092 2475 5133 eorum
2519 5091 2631 5132 usu
2659 5090 2781 5131 sese
2810 5073 3171 5146 ingurgitare
3204 5084 3317 5125 non
3356 5068 3501 5125 desi-

1798 5175 1966 5224 nunt.
1993 5167 2107 5222 Has
2132 5181 2268 5236 ergo
2301 5166 2512 5221 hostias
2546 5165 2697 5220 Deus
2723 5178 2837 5219 non
2872 5160 3128 5231 suscipit,
3159 5159 3301 5229 quia
3342 5156 3503 5213 nullo

1798 5256 1965 5311 modo
1997 5254 2206 5321 officia,
2266 5268 2397 5324 qua
2428 5252 2788 5309 extrinsecus
2839 5250 3341 5313 administrantur,
3392 5245 3500 5300 nisi

1796 5358 1868 5400 ex
1901 5343 2101 5399 intimo
2156 5342 2545 5412 proferantur,
2590 5340 2851 5395 attendit.
2900 5361 2920 5386 ε
2956 5339 3122 5395 Nunc
3168 5334 3502 5391 recordabi-

1802 5452 1823 5477 ι
1868 5439 1963 5487 tur
1993 5430 2324 5499 iniquitates
2352 5442 2574 5495 eorum,
2607 5435 2661 5483 et
2684 5427 2939 5483 visitabit
2984 5432 3213 5497 peccata
3258 5436 3500 5491 eorum;

1802 5540 1822 5565 ι
1869 5518 1974 5587 ipsi
2042 5518 2099 5572 in
2154 5517 2470 5587 ngyptum
2524 5518 2954 5571 convertentur.
3008 5536 3026 5559 ι
3070 5515 3242 5575 Nunc,
3294 5511 3349 5566 id
3396 5517 3498 5576 est,

1797 5607 1853 5661 in
1888 5608 1993 5661 hoc
2022 5604 2117 5661 tali
2148 5619 2351 5660 eorum
2390 5610 2565 5669 statu,
2620 5618 2805 5656 eorum
2855 5601 3171 5671 iniquitates
3229 5597 3501 5655 recorda-
