3950 6426
433 383 536 437 383

1314 382 1379 435 v.
1429 380 1757 437 GUIBERTI
1798 380 2088 437 ABBA‘I‘IS
2127 380 2182 434 s.
2230 377 2480 433 ultam:
2521 377 2610 432 ms
2651 374 3040 432 uovmsuro
3863 357 3914 426 α

434 525 551 581 tur,
582 531 714 574 cum
749 531 847 587 per
874 517 1181 586 cujuslibet
1216 517 1521 573 illationem
1581 516 1788 586 flagelli
1837 517 2128 572 diuturnae
2165 516 2206 569 Δ
2236 533 2264 564 ιι
2304 526 2480 580 super
2501 526 2700 566 omnes
2725 523 2889 565 areas
2916 507 3104 564 tritici.
3146 531 3163 554 ι
3211 505 3502 561 Mercedem
3554 519 3747 574 super
3780 515 3914 557 om:

437 604 692 674 ipsorum
737 605 1011 676 nequitiae
1065 605 1388 660 meminisse
1441 604 1685 660 videtur.
1747 604 1920 670 Quasi
1975 603 2127 658 enim

442 698 682 760 putatur
720 693 872 748 Deus
900 691 1158 747 oblivisci
1227 706 1473 762 quorum
1519 691 1843 746 dissimulat
1903 689 2130 746 interim

439 793 662 834 errores
693 779 910 834 ulcisci.
966 779 1194 832 Peccata
1244 795 1425 832 eorum
1468 779 1678 836 visitat.
1719 793 1851 833 cum
1902 792 2003 847 per
2031 778 2130 833 ad-

441 881 740 922 versorum
771 867 1296 937 congeminationes
1325 867 1524 922 crebro
1553 872 1703 920 too
1733 879 1799 922 ea
1837 881 1896 921 se
1927 867 2134 922 vidisse

439 957 810 1010 demonstrat.
843 955 1095 1010 Verbum
1133 955 1282 1009 enim
1318 954 1826 1022 frequentativum,
1867 954 2021 1023 quod
2051 961 2136 1009 est

439 1042 651 1108 visitat,
728 1043 1117 1098 assiduitatem
1227 1043 1460 1097 visionis
1542 1041 1846 1112 signiﬁcat.
1903 1043 2023 1110 Ipsi
2075 1045 2133 1096 in

443 1131 733 1198 Egyptum
783 1134 1165 1183 convertuntur
1233 1143 1364 1184 cum
1421 1143 1523 1198 pro
1595 1129 1957 1184 correctionis
2011 1129 2135 1184 luce

439 1214 836 1270 obstinationis
869 1216 1134 1281 tenebris,
1169 1217 1324 1285 quod
1355 1217 1638 1286 {Egyptus
1683 1215 1894 1280 innuit,
1932 1215 2135 1270 obvol-

443 1309 684 1358 vuntur.

507 1376 676 1445 Vsus.
718 1392 798 1443 li.
848 1420 917 1430 -
969 1409 995 1440 α
1049 1390 1116 1445 Et
1139 1389 1352 1445 oblitus
1379 1399 1460 1445 est
1510 1390 1682 1446 Israel
1717 1390 1966 1445 Factoris
2023 1389 2134 1457 sui,

447 1497 467 1522 ι
509 1484 564 1531 et
593 1475 898 1531 aediﬁcavit
927 1476 1186 1538 delubra,
1213 1477 1466 1532 etJudas
1511 1476 1911 1545 multiplicavit
1965 1476 2138 1531 urbes

447 1585 467 1611 ι
513 1564 782 1618 munitas.
824 1586 844 1611 ι
881 1564 1050 1619 Israel
1083 1577 1117 1618 a
1143 1565 1256 1619 Deo
1310 1565 1388 1630 lit,
1429 1578 1562 1619 cum
1604 1577 1702 1634 per
1732 1563 1830 1619 Dei
1879 1564 2136 1620 timorem

441 1663 475 1705 a
501 1663 608 1705 sua
640 1664 737 1718 per
765 1650 1048 1706 vanitates
1067 1650 1456 1705 exinanitione
1491 1650 1563 1705 ad
1610 1663 1806 1705 veram
1833 1650 2138 1705 essentiam

443 1747 674 1794 creatur
695 1745 751 1794 et
804 1737 1078 1793 subsistit.
1135 1737 1307 1804 Quasi
1350 1737 1505 1794 enim
1549 1752 1663 1793 non
1693 1745 1796 1804 est,
1848 1737 1951 1807 qui
1999 1737 2135 1793 sub-

444 1825 714 1880 stantiam
761 1827 911 1880 vivas
962 1824 1292 1880 intentionis
1343 1825 1571 1888 amittit,
1622 1839 1802 1894 quam
1865 1825 2142 1895 prodigus

449 1911 601 1966 ﬁlius
668 1911 725 1966 in
783 1913 1106 1967 meretrices
1179 1911 1469 1982 expendit.
1520 1911 1680 1967 Unde
1734 1919 1791 1966 et
1830 1911 2142 1980 Apostolus

443 1997 752 2055 Corinthiis
784 1998 1071 2054 scribens:
1115 2021 1136 2047 ι
1201 1999 1501 2062 Omnibus,
1535 2000 1634 2064 ait,
1678 2000 1779 2070 qui
1818 2007 1955 2054 sunt
1994 1999 2142 2054 inter

443 2101 547 2141 vos
595 2087 779 2155 (Rom.
844 2101 942 2153 xu,
1009 2087 1086 2157 3),
1145 2109 1165 2134 ι
1228 2094 1422 2156 aperte
1487 2086 1738 2141 innuens
1781 2086 1921 2156 quia
1959 2084 2142 2154 aliqui

446 2174 594 2229 inter
638 2188 734 2229 eos
781 2182 964 2239 erant,
1015 2174 1114 2244 qui
1141 2173 1460 2229 secundum
1509 2173 1614 2228 hoc
1644 2187 1762 2228 esse
1805 2186 1917 2227 non
1959 2179 2140 2227 erant.

446 2260 772 2316 Secundum
823 2261 929 2316 hoc
972 2260 1146 2315 Israel
1187 2260 1370 2314 factus
1421 2267 1523 2324 est,
1571 2274 1704 2314 cum
1776 2273 1877 2330 per
1913 2273 2144 2316 sensum

447 2349 736 2404 interioris
789 2349 987 2420 gratia:
1027 2349 1097 2403 ad
1155 2348 1398 2403 solidum
1468 2355 1772 2403 concretus
1811 2352 1913 2403 est.
1965 2349 2145 2404 Juxta

449 2435 604 2504 quod
629 2436 828 2491 etiam:
858 2458 878 2484 ι
898 2435 1120 2492 laetetur
1141 2435 1311 2490 Israel
1332 2434 1388 2488 in
1413 2449 1477 2489 eo
1494 2435 1594 2504 qui
1617 2435 1745 2490 fecit
1769 2450 1902 2491 eum
1931 2458 1950 2483 ι
1971 2436 2141 2504 (Psat.

450 2537 638 2589 cxux,
672 2524 747 2593 2).
781 2525 968 2594 Hujus
1003 2526 1244 2578 Factoris
1291 2525 1379 2577 sui
1406 2523 1573 2577 Israel
1601 2523 1978 2582 obliviscitur.
2011 2539 2144 2580 cum

449 2623 606 2675 eum,
652 2609 751 2678 qui
783 2624 841 2665 se
872 2609 1102 2664 reﬁcere
1130 2609 1199 2663 de
1249 2623 1354 2664 sua
1384 2608 1796 2665 annihilatione
1857 2616 2142 2680 potuerat,

451 2705 773 2752 aversatur.
857 2696 1089 2750 Delubra
1153 2696 1419 2762 aediﬁcat,
1494 2711 1628 2753 cum
1689 2697 1780 2766 pio
1847 2697 2145 2753 recedente

455 2784 692 2838 Domino
746 2785 1174 2851 conscientiam,
1215 2799 1282 2841 ac
1316 2785 1362 2840 si
1401 2784 1597 2840 fanum
1641 2785 1962 2856 proprium,
1997 2784 2147 2840 illico

449 2871 842 2941 nequissimus
874 2873 1047 2928 hostis
1079 2873 1282 2938 intrat;
1337 2873 1457 2928 sine
1507 2873 1784 2930 alterutro
1833 2875 1986 2929 enim
2041 2874 2142 2928 ho-

453 2957 594 3025 spite
629 2971 786 3014 mens
818 2974 930 3016 non
960 2968 1164 3016 exstat.
1215 2961 1398 3017 ludas
1446 2960 1648 3016 deinde
1699 2960 1857 3015 urbes
1908 2963 2148 3015 munitas

453 3045 814 3117 multiplicat,
847 3063 979 3104 cum
1009 3049 1305 3104 rationalis
1334 3050 1575 3110 devotio.
1605 3063 1738 3118 quae
1771 3063 1873 3103 nos
1919 3048 1992 3103 ad
2037 3047 2149 3102 Deo

456 3134 845 3191 conﬁtendum
880 3135 984 3192 rite
1016 3136 1300 3202 sollicitat,
1348 3137 1506 3206 lapsa
1547 3137 1601 3191 in
1655 3150 1988 3205 perversum
2019 3149 2152 3190 con-

455 3230 543 3279 tra
605 3224 864 3293 pietatem
913 3223 1300 3291 confessionis,
1361 3240 1463 3281 seu
1499 3224 1743 3290 incuria,
1788 3239 1889 3280 seu
1931 3223 2150 3294 pudore

453 3323 511 3364 se
532 3309 777 3366 obstruit
805 3319 859 3366 et
889 3312 1174 3368 obﬁrmat.
1213 3315 1376 3368 Urbes
1432 3315 1672 3366 munitas
1697 3313 1962 3376 aediﬁcat,
2015 3325 2148 3367 cum

454 3398 526 3452 ad
557 3413 809 3469 quaeque
841 3399 1092 3455 facinora
1117 3415 1251 3470 quae
1277 3400 1532 3470 gesserit,
1572 3399 1914 3469 repagulum
1975 3399 2150 3455 obsti-

452 3484 703 3540 nationis
761 3484 1023 3554 objectat,
1081 3492 1137 3541 et
1184 3499 1419 3541 murum
1467 3486 1687 3542 vitiosae
1739 3484 2154 3554 (velsuperbaa)

453 3570 838 3627 conclusionis
865 3571 1100 3626 exaltat.
1140 3592 1166 3618 ‹‹
1206 3571 1275 3626 Ει
1306 3573 1526 3627 mittam
1578 3573 1768 3642 ignem
1802 3572 1861 3626 in
1895 3572 2154 3626 civitates

459 3676 480 3703 ι
523 3656 668 3726 ejus,
703 3663 756 3712 et
813 3656 1110 3712 devorabit
1154 3657 1303 3712 aedes
1362 3658 1528 3714 illius.
1569 3680 1588 3705 ι
1626 3660 1690 3713 In
1734 3659 1982 3712 civitates
2037 3657 2156 3726 ejus

456 3739 607 3809 ignis
636 3741 906 3808 mittitur,
942 3756 1075 3796 cum
1134 3739 1192 3795 in
1248 3742 1400 3797 illius
1439 3743 1636 3798 arcani
1685 3741 1970 3806 vecordia,
2021 3756 2156 3810 quae

457 3827 679 3883 nullius
703 3828 863 3883 bonae
889 3829 1194 3898 apertionis
1223 3830 1512 3900 spiramen
1569 3830 1836 3896 admittit,
1892 3829 2156 3898 concupi-

457 3916 689 3972 scentiae
715 3917 949 3987 gravior
975 3932 1048 3974 ex
1079 3932 1184 3974 sua
1213 3918 1590 3974 occultatione
1623 3918 1772 3989 ignis
1803 3919 1908 3985 (vel
1941 3917 2154 3985 fervor)

460 4001 746 4059 inaestuat.
782 4004 940 4059 Edes
969 4005 1119 4059 illius
1149 4005 1404 4071 devorat,
1437 4019 1568 4060 cum
1591 4005 1764 4060 ardor
1809 4004 2157 4060 intrinsecus

459 4105 560 4160 per
596 4091 1068 4148 incontinentiam
1116 4107 1237 4146 sese
1272 4093 1329 4146 in
1377 4091 1727 4147 exhibitione
1767 4091 2157 4146 membrorum

457 4182 711 4249 corporis
757 4179 1103 4235 manifestat.
1159 4179 1273 4234 Nec
1311 4179 1464 4234 enim
1520 4179 1706 4235 caveri
1765 4185 1964 4248 potest,
2011 4177 2156 4248 quin

460 4267 614 4337 quod
653 4267 756 4322 diu
790 4269 938 4322 intro
967 4267 1302 4336 concipitur,
1329 4282 1426 4336 per
1457 4267 1771 4336 quemlibet
1812 4266 2152 4322 sensualita-

463 4353 535 4408 tis
552 4353 834 4421 habiturn,
867 4352 1062 4423 aliqua
1087 4354 1502 4424 signiﬁcatione
1528 4370 1641 4410 non
1677 4354 1910 4424 prodeat

1120 4459 1350 4516 CAPUT
1389 4459 1486 4516 IX.

537 4564 706 4620 Vens.
738 4568 782 4618 l.
823 4596 886 4604 —
921 4587 940 4612 ε
967 4565 1091 4620 Noli
1117 4565 1316 4630 laetari,
1343 4565 1537 4630 Israel,
1558 4565 1672 4621 noli
1699 4566 1984 4621 exsultare
2011 4565 2163 4620 sicut

472 4675 493 4700 ι
539 4655 752 4724 populi,
786 4654 925 4724 quia
990 4655 1303 4710 fornicatus
1332 4669 1391 4710 es
1422 4669 1456 4709 a
1495 4655 1611 4710 Deo
1658 4661 1775 4707 tuo.
1809 4672 1830 4699 ι
1864 4651 2036 4706 Israel
2073 4651 2162 4706 lae-

465 4742 573 4798 tari
602 4743 957 4812 prohibetur,
987 4757 1120 4798 cum
1161 4742 1301 4812 quia
1325 4741 1577 4798 exsultat
1615 4740 1684 4795 de
1709 4752 1828 4794 suae
1881 4747 2164 4808 proventu

465 4830 884 4897 saecularitatis,
923 4829 986 4895 is,
1043 4829 1141 4900 qui
1201 4829 1494 4898 quondam
1541 4828 1610 4883 de
1638 4823 1747 4882 Dei'
1781 4827 1995 4881 visione
2033 4839 2167 4892 gau-

463 4917 598 4974 dere
623 4919 862 4985 solebat,
899 4918 1188 4988 arguitur.
1215 4916 1358 4981 Noli,
1385 4914 1593 4985 inquit,
1617 4915 1890 4968 emutare
1915 4917 2053 4967 sicut
2077 4927 2167 4982 po-

461 5007 672 5078 puli,id
687 5013 768 5062 est
784 5005 1326 5074 neeorumineptam
1354 5003 1628 5070 laetitiam,
1654 5002 1754 5072 qui
1781 5002 1850 5057 de
1881 5003 1993 5057 Deo
2023 4999 2167 5056 nihil

465 5107 726 5164 unquam
760 5107 1023 5164 sapuere,
1055 5092 1401 5156 consideres,
1436 5105 1548 5146 non
1587 5089 1874 5146 licentiam
1905 5089 2164 5156 imiteris,

467 5196 570 5238 nec
598 5189 650 5237 te
674 5195 874 5239 eorum
932 5179 1265 5251 vulgaritati
1293 5179 1630 5244 conformes,
1663 5179 1802 5249 quia
1852 5178 2019 5248 longe
2053 5177 2169 5232 mi-

466 5269 809 5327 sericordias
852 5268 1138 5340 judicium
1164 5266 1477 5322 sortientur
1525 5268 1626 5337 qui
1660 5267 1810 5323 bona
1838 5282 1942 5321 nec
1980 5280 2170 5336 cmpe-

467 5365 606 5414 runt
655 5371 830 5428 quam
877 5365 939 5412 tu
984 5355 1086 5426 qui
1145 5354 1257 5408 Deo
1305 5355 1424 5426 jam
1470 5354 1790 5425 cognitione
1833 5353 2062 5418 haesisti,
2115 5359 2173 5406 et

469 5444 637 5501 modo
690 5444 1009 5500 fornicatus
1070 5457 1146 5498 es.
1212 5440 1355 5497 Nota
1419 5442 1573 5512 quod
1658 5442 1839 5498 laetari
1908 5441 2172 5506 interius,

467 5532 721 5588 exterius
752 5531 1046 5586 exsultare
1076 5529 1337 5598 pertinet.
1361 5528 1506 5595 Quia
1529 5543 1666 5600 ergo
1709 5528 1899 5598 impiis
1924 5526 2175 5598 gaudere

465 5634 580 5676 non
610 5626 715 5686 est,
747 5617 1055 5686 utrobique
1081 5615 1324 5674 vetitum
1347 5621 1450 5672 est.
1498 5639 1518 5664 ι
1560 5616 1815 5672 Dilexisti
1859 5613 2175 5672 mercedem

2237 615 2392 655 areas
2420 600 2593 653 tritici
2621 598 2828 668 diligit,
2883 595 3093 650 scilicet
3147 593 3302 648 illam
3334 605 3454 662 qua
3506 591 3812 660 superius
3843 601 3914 643 co

2238 690 2485 744 duxerat
2517 687 2772 742 nationes
2802 685 3108 755 plusquam
3161 697 3360 736 omnes
3406 694 3584 736 sacrae
3628 678 3916 747 Scriptul

2240 776 2501 847 paginas,
2533 789 2663 845 quae
2685 771 3190 829 distribuunturin
3224 771 3417 835 libros,
3447 776 3503 824 et
3534 768 3590 824 hi
3614 775 3916 824 suntaret

2239 881 2308 922 ac
2343 867 2389 921 si
2445 864 2712 935 quaedam
2762 861 3184 932 particulariter
3235 859 3440 915 excisae
3485 865 3798 912 terrarum
3837 869 3916 924 po;

2240 955 2435 1010 tiones.
2491 955 2652 1008 Arcae
2689 966 2826 1020 ergo
2884 949 3055 1004 tritici
3106 947 3237 1003 libri
3291 953 3426 1001 sunt
3473 943 3658 998 divini
3709 940 3918 1010 eloqui

2239 1056 2386 1112 quas
2416 1042 2660 1110 quisque
2679 1047 2893 1108 quanto
2915 1037 3042 1106 plus
3071 1035 3294 1100 excolit,
3326 1048 3393 1088 eo
3421 1031 3724 1088 uberiores
3767 1043 3918 1098 supe

2242 1143 2330 1184 nze
2386 1126 2770 1194 intelligentiae
2834 1125 3057 1180 fructus
3124 1121 3438 1176 adinvenit.
3491 1118 3791 1174 Triticum
3865 1129 3918 1170 es

2243 1230 2358 1286 quo
2383 1216 2554 1284 juxta
2581 1211 2881 1281 psalmum,
2913 1209 3088 1263 valles
3109 1207 3409 1262 abundant
3441 1206 3609 1271 (Psal.
3643 1218 3824 1269 LXIV,
3868 1205 3920 1258 l4

2242 1310 2297 1357 et
2330 1303 2498 1370 cujus
2537 1301 2698 1368 adipe
2731 1297 2829 1352 lilii
2872 1297 3003 1351 Sion
3065 1295 3352 1350 satiantur
3386 1294 3556 1362 (Psal.
3605 1303 3800 1355 Lxxx,
3866 1287 3920 1341 l1

2243 1390 2422 1456 Super
2442 1401 2616 1440 omnes
2647 1398 2782 1453 ergo
2811 1398 2975 1436 areas
3027 1385 3199 1436 tritici
3237 1395 3455 1438 merces
3491 1377 3796 1446 diligitur,
3835 1389 3916 1429 cu

2242 1490 2414 1546 super
2441 1488 2610 1529 omne
2637 1473 2788 1543 quod
2821 1473 2877 1526 in
2914 1471 3222 1540 Scripturis
3251 1469 3536 1538 reperitur
3583 1463 3921 1521 adulationi

2241 1563 2547 1633 sortilegia,
2577 1563 2789 1632 quibus
2820 1560 2889 1614 ad
2922 1559 3137 1630 ﬁagitia
3187 1558 3372 1628 major
3418 1555 3610 1611 aditus
3637 1566 3702 1607 se
3746 1550 3922 1620 aperi

2246 1651 2431 1719 magis
2469 1664 2644 1720 quam
2673 1649 2827 1704 verbi
2859 1646 2954 1702 Dei
2986 1645 3259 1701 exercitia
3281 1650 3651 1714 appetuntur.
3686 1639 3781 1693 Ea
3809 1638 3923 1692 eni.

2251 1753 2382 1810 quae
2421 1743 2521 1793 aut
2575 1752 2686 1793 usu
2722 1745 2824 1792 aut
2869 1734 3195 1791 curiositate
3225 1733 3528 1796 delectant,
3563 1727 3696 1783 ﬁdei
3747 1733 3924 1780 nostr

2251 1827 2567 1895 sacrilegiis
2599 1826 2939 1894 plerumque
2968 1829 3262 1878 emuntur.

2321 1915 2470 1970 Vens
2500 1917 2555 1978 2,
2581 1912 2634 1967 3.
2665 1941 2737 1953 —
2779 1935 2798 1960 ι
2850 1913 2998 1966 Area
3052 1918 3107 1965 et
3140 1909 3391 1964 torcular
3448 1922 3559 1962 non
3620 1916 3833 1977 pascet
3877 1923 3926 1962 et

2254 2027 2273 2053 ι
2305 2012 2359 2060 et
2392 2004 2590 2057 vinum
2632 2001 2939 2056 mentietur
2964 2000 3065 2054 eis.
3096 1998 3220 2054 Non
3286 1996 3632 2052 habitabant
3681 1997 3744 2051 in
3813 2005 3926 2050 terr

2295 2091 2540 2148 Domini.
2582 2112 2599 2136 ι
2654 2091 2798 2143 Areu
2855 2095 2991 2143 sunt
3052 2086 3253 2140 divina
3313 2083 3635 2150 volumina,
3695 2097 3926 2154 quorui

2249 2181 2412 2237 cultu
2488 2177 2844 2246 multiplices.
2905 2184 2959 2230 ct
3015 2173 3336 2244 exquisitas
3394 2172 3852 2242 allegoriarum,
3919 2190 3928 2224 l

2251 2266 2580 2337 tropologiae
2629 2264 2824 2333 fruges
2857 2262 3137 2317 elicimus.
3201 2257 3365 2326 Quod
3401 2259 3457 2314 in
3509 2259 3884 2328 propheticis
3921 2273 3928 2309 t

2251 2355 2572 2426 apostolicis
2643 2352 2845 2408 litteris
2911 2351 3124 2420 saepius
3198 2349 3546 2416 experimur.
3607 2347 3928 2402 Torculari

2251 2453 2386 2502 sunt
2418 2443 2519 2514 qui
2547 2440 3110 2502 intellectualitatem,
3163 2451 3338 2506 quam
3402 2449 3674 2490 vocamus
3730 2449 3930 2502 anagc

2252 2548 2386 2603 gen,
2421 2544 2551 2600 quae
2579 2529 2649 2582 ad
2684 2527 2780 2582 Dei
2835 2523 3370 2593 contemplationem
3423 2523 3688 2592 pertinet,
3729 2536 3761 2575 e
3812 2521 3930 2575 Scri

2254 2619 2439 2691 pturis
2466 2616 2787 2686 exprimere
2819 2621 3053 2669 norunt.
3090 2614 3162 2666 De
3190 2612 3406 2682 quibus
3434 2625 3569 2680 ergo
3600 2609 3875 2669 elicitur,
3910 2623 3930 2661 t

2251 2714 2336 2763 est
2383 2719 2538 2772 area,
2599 2711 2654 2759 et
2705 2704 2806 2772 qui
2855 2701 3114 2766 eliciunt,
3163 2709 3224 2755 ut
3265 2707 3348 2754 est
3389 2699 3660 2763 torcular,
3713 2713 3811 2750 eos
3867 2714 3932 2749 ne

2259 2795 2435 2866 pascit
2468 2795 2606 2848 dum
2634 2792 2702 2846 de
2725 2804 2858 2844 area
2904 2788 3136 2843 moralis
3183 2789 3433 2842 scientiae
3461 2793 3744 2842 tractatus
3784 2785 3932 2856 igne

2256 2891 2406 2948 rant,
2439 2890 2494 2936 et
2519 2881 2586 2934 de
2637 2877 2902 2934 torculari
2937 2876 3258 2946 quidquam
3309 2874 3551 2930 crelestis
3579 2885 3700 2943 qua
3748 2874 3830 2928 de
3860 2873 3932 2927 De

2257 2972 2606 3028 imbuuntur
2657 2965 2946 3036 sapientiae
3021 2963 3367 3019 elaborando
3433 2971 3788 3031 extorquere
3853 2977 3927 3015 no

2185 3065 2484 3132 ccurant.
2546 3055 2694 3123 Quid
2750 3054 2904 3109 enim
2945 3051 3170 3108 beatius
3225 3065 3403 3121 quam
3452 3051 3690 3106 interna!
3751 3049 3934 3104 vinut

2260 3144 2581 3203 dulcedinis
2631 3143 2701 3198 de
2756 3140 3062 3210 Scripturis
3124 3139 3376 3208 exigere,
3409 3145 3462 3193 et
3519 3149 3775 3192 amorem
3821 3151 3934 3206 prze

2258 3235 2504 3291 seutium
2539 3245 2638 3302 per
2659 3244 2860 3286 earum
2892 3229 3164 3283 haustum
3192 3240 3226 3282 a
3261 3240 3367 3282 suo
3395 3239 3565 3280 sensu
3597 3223 3935 3304 obliterare,

2261 3327 2329 3378 Et
2358 3325 2542 3376 vinum
2586 3324 2660 3373 eis
2693 3316 2988 3382 mentitur,
3049 3315 3189 3386 quia
3233 3328 3432 3370 eorum
3464 3327 3624 3368 mens
3649 3313 3725 3368 ab
3761 3311 3936 3367 ueteri

2259 3407 2612 3466 condimenti
2659 3419 2861 3476 sapore
2918 3413 2972 3460 et
3015 3403 3203 3458 calore
3270 3402 3594 3457 fraudatur.
3632 3399 3822 3455 Terra
3858 3401 3936 3454 Do

2262 3501 2398 3552 mini
2425 3505 2509 3550 est
2529 3508 2756 3565 corpus,
2785 3491 2940 3562 quod
2969 3489 3169 3546 evictis
3229 3489 3590 3560 passionibus
3627 3487 3843 3542 ditioni
3889 3501 3936 3542 ra

2262 3586 2432 3643 tionis
2474 3585 2586 3639 Deo
2629 3581 2900 3651 subjectae
2941 3579 3266 3649 subjectum
3297 3586 3402 3633 est.
3435 3579 3500 3632 In
3537 3576 3646 3632 hac
3674 3581 3836 3629 terra
3867 3593 3935 3629 no

2264 3676 2525 3732 habitant
2555 3672 2693 3743 quia
2721 3671 2874 3726 enim
2908 3668 3068 3723 mites
3092 3681 3206 3722 non
3251 3672 3406 3733 sunt,
3438 3673 3493 3720 et
3542 3666 3717 3720 Deum
3781 3663 3936 3719 inses

2261 3777 2445 3821 sorem
2495 3776 2610 3818 non
2660 3759 2909 3823 habent,
2960 3769 3066 3811 sua
3126 3755 3382 3824 ipsorum
3429 3764 3668 3822 corpora
3714 3751 3936 3805 habitat

2263 3852 2420 3922 quod
2473 3857 2557 3905 est
2616 3845 2912 3918 possidere,
2975 3857 3088 3898 non
3153 3841 3485 3912 praevalent.
3541 3838 3764 3908 Corpus
3814 3840 3936 3894 enit

2265 3954 2459 4002 suum,
2484 3936 2640 4008 quod
2688 3933 2868 3990 Adam
2925 3929 3193 3985 nbediens
3224 3927 3572 3994 obtinuerat,
3629 3925 3936 3982 inobedien

2268 4032 2506 4087 ﬁcorum
2563 4026 2710 4083 foliis
2758 4021 3020 4079 obnubit.
3062 4042 3082 4068 ι
3131 4019 3394 4089 Spiritus,
3432 4018 3533 4083 ait,
3590 4023 3728 4071 tuus
3777 4015 3936 4071 hom

2267 4119 2506 4175 deducet
2558 4129 2647 4170 me
2693 4113 2754 4169 in
2803 4119 3013 4166 terram
3065 4111 3210 4162 ,ου
3271 4114 3485 4161 rectam
3550 4103 3715 4174 (Psat.
3792 4119 3932 4160 chi

2272 4207 2402 4272 10):
2444 4226 2464 4252 ι
2501 4216 2632 4274 quae
2693 4201 2815 4255 ideo
2867 4205 3022 4253 recta
3058 4203 3159 4258 est,
3215 4195 3354 4263 quia
3408 4194 3625 4248 Domini
3667 4197 3772 4244 est.
3814 4212 3839 4238 ι
3883 4193 3936 4248 Β.

2277 4318 2295 4342 .
2342 4305 2543 4346 versus
2595 4295 2678 4344 est
2725 4283 3000 4355 prraim
3037 4283 3096 4338 in
3161 4283 3495 4352 Egyptum,
3523 4287 3579 4335 et
3614 4279 3671 4333 in
3717 4283 3924 4348 Assyri

2199 4389 2240 4444 υ
2276 4406 2294 4430 ι
2341 4379 2623 4450 pollutum
2653 4373 2913 4430 comedit.
2955 4395 2974 4419 ι
3009 4371 3276 4440 Ephraim
3309 4371 3382 4430 in
3412 4368 3720 4435 .lz'ggptum
3769 4379 3936 4423 revet

2273 4468 2432 4533 titur,
2454 4479 2588 4521 cum
2619 4462 2886 4518 voluntas
2933 4465 3146 4524 nostra,
3192 4469 3322 4525 quae
3366 4455 3530 4524 panis
3558 4451 3752 4509 aeterni
3795 4452 3936 4525 frug

2273 4553 2522 4625 gaudere
2570 4549 2868 4613 debuerat,
2908 4544 2979 4599 ad
3011 4544 3324 4613 zEgyptum
3384 4539 3638 4596 maeroris
3683 4545 3736 4594 et
3781 4553 3934 4612 angi

2273 4643 2412 4706 stiaa,
2463 4637 2657 4694 saeculi
2715 4633 2970 4689 videlicet
3021 4629 3452 4696 sollicitudines,
3513 4636 3567 4684 et
3625 4627 3853 4683 labores
3917 4645 3936 4685 ε

2272 4729 2662 4796 undecunque
2743 4721 3010 4777 declinat.
3085 4719 3244 4774 Unde
3303 4716 3652 4788 quibusdam
3702 4714 3928 4773 dicitur

2279 4841 2299 4866 ι
2346 4817 2545 4874 Venite
2602 4813 2672 4868 ad
2728 4825 2837 4876 me,
2891 4822 3089 4864 omnes
3139 4806 3242 4876 qui
3319 4805 3592 4862 laboratis
3639 4810 3694 4858 et
3745 4819 3933 4861 onera

2273 4907 2408 4963 estis
2457 4901 2674 4974 (Matth.
2735 4915 2792 4964 ιι,
2853 4901 2960 4963 28).
3029 4918 3049 4943 ι
3123 4897 3185 4950 1η
3259 4896 3508 4963 Assyriis
3562 4891 3828 4963 pollutum
3882 4910 3936 4948 ς(

2276 4995 2469 5059 incdit,
2515 4993 2655 5048 dum
2695 5003 2826 5044 cum
2871 4987 2974 5049 his,
3009 4985 3112 5056 qui
3159 4985 3217 5040 in
3244 4984 3511 5040 domibus
3558 4995 3758 5052 regum
3809 4997 3930 5039 sun

2276 5093 2330 5142 et
2352 5099 2465 5139 non
2488 5087 2737 5150 augusta
2762 5085 3042 5133 sectantes
3063 5072 3673 5130 mollibusinduuntur
3693 5068 3879 5136 (ibid.,
3904 5076 3936 5125 8

2279 5173 2514 5242 etjuxta
2539 5169 2663 5234 Job,
2686 5167 2942 5223 suaviter
2978 5163 3207 5228 vivunt,
3254 5161 3313 5215 in
3365 5159 3581 5230 quibus
3609 5169 3720 5211 non
3758 5169 3935 5227 reper

2281 5241 2376 5315 tur
2405 5252 2846 5327 sapientianb,
2887 5265 3080 5317 xxvui,
3115 5248 3220 5318 t3),
3251 5245 3510 5303 obscenis
3537 5241 3786 5300 obsoniis
3834 5259 3935 5303 cor

2279 5344 2765 5416 cupiscentiarum
2828 5354 2887 5395 se
2953 5337 3312 5408 ingurgitare
3356 5348 3470 5390 non
3525 5332 3748 5388 desinit.
3795 5332 3935 5391 Assx

2283 5435 2434 5490 enim
2460 5433 2672 5488 dicitur
2695 5429 2843 5492 aula,
2877 5441 3008 5497 quae
3039 5425 3176 5481 solet
3204 5438 3327 5480 esse
3351 5422 3530 5493 regia.

2359 5522 2527 5577 Vnus.
2561 5526 2686 5575 4—
2715 5541 2735 5565 ι
2782 5516 2907 5572 Non
2939 5513 3205 5570 libabunt
3239 5511 3481 5568 Domino
3533 5509 3750 5577 vinum,
3773 5518 3826 5566 et
3863 5529 3936 5570 no

2293 5633 2312 5657 ι
2359 5609 2665 5680 placebunt
2692 5607 2764 5662 ei.
2816 5626 2837 5653 ι
2877 5606 3072 5660 Vinum
3105 5603 3335 5656 Domino
3376 5613 3484 5654 non
3509 5597 3672 5662 libat,
3712 5599 3932 5673 quisqu
