3950 6428
7 397 97 451 985
274 384 287 393 ’
606 438 611 441 .
699 390 1163 449 TROPOLOGLE
1203 390 1269 445 IN
1309 384 1512 455 OSEE,
1556 387 1740 444 AMOS
1781 387 1863 442 ET
1901 380 2046 443 JER.
2085 418 2154 428 —
2197 386 2326 443 LIB.
2373 389 2442 442 II.
2484 389 2556 446 IN
2597 388 2787 446 OSEE.

3396 395 3498 448 386

0 535 172 591 divini
202 533 414 590 amoris
460 546 631 603 penes
677 531 860 587 Deum
890 527 1210 595 dulcedine,
1262 533 1314 582 et
1346 526 1535 582 calore
1566 538 1681 581 non
1721 526 1767 579 Α
1796 524 1865 579 Ει
1897 541 2011 579 ecce
2046 542 2080 579 α
2122 530 2380 580 vastitate
2410 526 2876 597 proficiscuntur,
2930 526 2984 583 id
3016 534 3100 583 est
3128 529 3494 585 correctionis

4 628 213 676 estuat.
248 620 408 677 Unde
446 634 549 674 nec
591 620 639 673 ei
676 618 896 688 placere
935 623 1195 686 possunt,
1226 614 1377 684 quia‘
1416 612 1685 683 quisquis

0 720 62 765 3x
95 706 205 761 Deo
234 706 301 759 ad
334 706 449 759 Deo
471 703 916 772 supplicandum
948 716 1060 756 non
1094 701 1347 767 ducitur,
1374 698 1625 769 profecto
1650 711 1685 753 a

0 794 152 858 Filio,
200 795 297 864 qui
348 793 582 849 indubie
623 792 776 847 Deus
804 799 907 854 est,
960 790 1099 860 quia
1140 802 1275 844 eum
1322 788 1475 842 Deus
1520 787 1687 841 Pater

0 890 106 938 bon
152 882 345 948 traxit,
391 894 763 951 nequaquam
804 877 1158 949 agnoscitur,
1203 877 1413 932 nedum
1462 875 1686 945 placere

0 977 228 1039 putetur
252 971 442 1035 (Joan.
480 983 557 1033 γι,
597 968 711 1035 lii).
754 987 780 1017 ‹‹
814 966 1104 1022 Sacrificia
1133 977 1353 1031 eorum,
1383 964 1548 1033 quasi
1587 976 1685 1032 pa-

0 1078 21 1104 »
64 1059 154 1112 nis
198 1057 540 1128 lugentium.
596 1078 616 1103 ι
670 1057 731 1111 In
770 1055 947 1110 veteri
982 1054 1102 1123 lege
1141 1053 1240 1123 qui
1287 1051 1355 1107 de
1407 1050 1688 1105 sacrificio

0 1159 95 1213 pro
126 1145 366 1201 mortuis
396 1144 751 1210 vescebatur,
806 1151 863 1198 et
912 1141 1249 1198 immundus
1296 1140 1413 1208 ipse
1442 1147 1584 1205 erat,
1634 1145 1688 1193 et

0 1246 153 1286 :assa
196 1232 408 1287 oblatio
445 1232 778 1301 putabatur.
812 1230 981 1295 Quasi
1012 1230 1177 1296 panis
1216 1240 1352 1297 ergo
1387 1228 1688 1294 lugentium

1 1324 261 1390 mcriﬁcia
305 1336 489 1373 eorum
532 1330 687 1381 sunt,
738 1319 877 1388 quia
918 1316 1310 1386 quodcunque
1356 1315 1428 1371 ab
1472 1314 1554 1370 eis
1598 1314 1690 1369 vel

0 1409 231 1473 orando,
272 1407 361 1463 vel
408 1407 810 1463 eleemosinam
864 1405 1182 1475 largiendo,
1234 1403 1351 1459 Deo
1398 1403 1687 1469 defertur;

0 1480 123 1560 ﬁta:
150 1509 371 1562 eorum,
405 1509 537 1565 quae
576 1494 739 1550 nulla
769 1494 1082 1548 imitatione
1112 1491 1290 1561 digna
1318 1498 1421 1557 est,
1453 1502 1691 1559 compa—

0 1593 194 1649 ratur,
250 1583 350 1653 qui
406 1582 635 1638 nullum
694 1582 1013 1651 attigerunt
1068 1591 1328 1648 saporem
1375 1576 1692 1633 cmlestium

0 1672 363 1743 gaudiorum,
386 1680 441 1726 et
462 1684 713 1740 quorum
739 1668 933 1724 studia
956 1668 1034 1723 nil
1057 1668 1262 1723 melius
1289 1666 1398 1721 dici
1430 1673 1690 1736 possunt,

0 1772 171 1828 quam
219 1757 486 1812 materies
534 1756 946 1824 lacrymarum.
1005 1753 1179 1807 Panis
1233 1751 1384 1808 enim
1437 1766 1534 1821 pro
1578 1756 1693 1804 vita

1 1848 251 1914 ponitur,
300 1852 363 1899 ut
395 1851 480 1898 est
514 1858 526 1896 :
579 1866 597 1891 ι
654 1843 949 1898 Mittamus
984 1840 1207 1912 lignum
1240 1841 1295 1894 in
1328 1853 1533 1909 panem
1566 1839 1693 1908 ejus

0 1935 135 2004 μεν.
171 1947 227 1997 ιι,
267 1931 377 2001 19).
429 1951 455 1979 »ι
487 1930 697 1986 Omnes
727 1931 829 1999 qui
873 1929 1179 1984 comedunt
1213 1940 1368 1993 eum,
1411 1928 1694 1980 contami—

0 2044 27 2088 »ι
66 2021 397 2086 nabuntur,
432 2019 573 2088 quia
606 2018 768 2088 panis
798 2030 1002 2072 eorum
1031 2006 1240 2070 animae
1271 2016 1548 2083 ipsorum,
1581 2026 1697 2068 non

0 2082 27 2157 ἔ
68 2105 303 2162 intrabit
354 2082 411 2160 in
450 2082 699 2160 domum
744 2104 991 2159 Domini.
1054 2122 1078 2153 η
1137 2102 1241 2167 Qui
1275 2082 1482 2171 panem
1531 2099 1695 2155 illum

0 2196 282 2249 comedunt
306 2193 797 2259 contaminantur,
832 2191 973 2262 quia
1002 2191 1106 2261 qui
1130 2203 1332 2247 eorum
1360 2188 1466 2244 sibi
1495 2203 1698 2244 exem-

0 2284 93 2354 pla
129 2282 495 2348 inviscerant,
544 2281 742 2336 eadem
793 2294 912 2349 qua
966 2280 1047 2334 illi
1080 2279 1328 2334 foeditate
1358 2278 1491 2333 vitae
1533 2277 1693 2331 dam-

0 2380 237 2426 nantur.
287 2371 440 2425 idem
475 2370 761 2440 significat
792 2368 946 2438 quod
980 2366 1347 2423 morticinum
1386 2365 1543 2435 tangi
1578 2366 1698 2434 lege

0 2467 230 2515 vetatur
269 2460 414 2529 (Leo.
464 2472 545 2524 χι,
594 2456 709 2526 24).
751 2456 893 2520 Quia
929 2458 1097 2524 panis
1148 2468 1351 2514 eorum,
1395 2452 1696 2518 subaudis,

0 2557 78 2603 est
115 2551 311 2601 animae
363 2551 633 2615 ipsorum,
688 2544 743 2599 id
796 2551 879 2598 est
928 2543 1059 2597 vitae
1106 2555 1304 2596 eorum
1359 2540 1694 2606 fomentum,

0 2636 153 2723 guod
197 2642 279 2691 est
324 2636 493 2705 quasi
523 2633 816 2704 quoddam
854 2632 1063 2686 animae
1101 2644 1300 2685 eorum
1333 2628 1692 2684 alimentum.

0 2716 157 2780 Sicut
201 2726 355 2779 enim
400 2720 712 2778 virulentia
745 2720 860 2776 vita
909 2717 1159 2788 serpenti
1189 2725 1290 2784 est,
1340 2717 1418 2773 ita
1464 2716 1699 2772 cuilibet

0 2814 202 2882 iniquo
235 2811 513 2881 pabulum
546 2823 652 2865 sua
699 2808 978 2878 nequitia.
1018 2806 1172 2861 Unde
1209 2814 1263 2861 et
1311 2806 1379 2860 de
1410 2806 1699 2860 detracto—

0 2902 165 2957 ribus
213 2899 477 2954 Salomon
537 2912 549 2951 :
604 2916 631 2947 «ι
690 2896 921 2961 Carnes,
958 2894 1172 2963 inquit,
1226 2893 1298 2948 ad
1349 2893 1698 2948 vescendum

0 3011 22 3036 ››
68 2987 377 3043 conferunt
410 2985 596 3050 (Prov.
630 2998 796 3050 χχιιι,
842 2985 951 3053 20).
986 3002 1013 3034 ι)
1046 2981 1170 3047 Quo
1201 2988 1401 3036 contra
1435 2981 1651 3035 sanctis
1683 2994 1695 3033 :

1795 614 2182 683 impatientes,
2212 630 2318 671 nec
2350 630 2510 671 mora
2550 630 2583 671 a
2613 617 2814 686 seipsis
2838 616 3185 672 alienantur.
3218 620 3491 687 Egyptus

1796 718 1882 756 cos
1915 710 2247 773 congregat,
2300 717 2434 761 cum
2477 705 2751 761 szeculare
2798 704 3053 761 studium
3106 706 3213 761 sibi
3264 721 3361 762 eos
3391 722 3492 762 co-

1795 791 2034 846 adunat.
2069 790 2229 857 Quod
2277 801 2361 848 est
2390 793 2578 848 dicere
2614 808 2625 846 :
2661 794 2805 848 Cum
2837 807 2871 848 a
2899 807 3004 848 sua
3044 795 3262 849 ratione
3291 795 3489 865 dispa-

1796 887 2044 947 rantur,
2104 880 2213 935 sub
2275 894 2415 935 cura
2478 887 2666 934 tamen
2733 880 3004 949 Egyptia
3062 879 3482 949 glomerantur.

1797 968 2077 1036 Memphis
2116 966 2527 1036 interpretatur
2575 967 2641 1021 de
2692 982 2782 1019 ore
2836 982 3040 1020 eorum.
3100 965 3488 1036 Sepeliuntur,

1797 1069 1926 1110 cum
2006 1053 2079 1109 ab
2135 1053 2288 1108 omni
2358 1062 2556 1109 sancta
2625 1052 2926 1107 vivacitate
2999 1066 3198 1108 eorum
3262 1053 3493 1125 ingenia

1798 1143 2152 1198 obruuntur.
2190 1141 2261 1196 Et
2302 1142 2410 1196 hoc
2439 1142 2521 1196 eis
2553 1141 2621 1197 de
2649 1155 2746 1196 ore
2775 1154 2975 1195 eorum
3006 1142 3216 1206 evenit,
3251 1141 3391 1197 dum
3423 1141 3494 1196 de

1798 1246 1968 1302 prena
2012 1232 2249 1301 peccati,
2304 1245 2420 1300 quo
2475 1230 2617 1286 alios
2657 1230 2727 1285 ad
2777 1230 2924 1284 male
2974 1229 3264 1298 agendum
3312 1242 3493 1298 prava

1803 1319 2085 1373 locutione
2116 1317 2429 1387 decipiunt,
2457 1318 2538 1372 eis
2568 1317 2861 1387 contingit.

1871 1426 1895 1449 α
1941 1404 2321 1461 Desiderabile
2359 1412 2663 1475 argentum
2709 1418 2909 1459 eorum
2957 1405 3142 1460 urtica
3192 1403 3491 1459 haredita-

1808 1514 1827 1538 ι
1873 1492 1990 1554 bit.
2044 1492 2214 1562 lappa
2267 1492 2323 1547 in
2382 1492 2769 1548 tabernaculis
2822 1506 3044 1548 eorum.
3112 1512 3138 1541 ι
3191 1492 3496 1546 Desirabilc

1802 1580 2027 1649 argenti
2070 1596 2251 1634 eorum
2301 1585 2480 1634 urtica
2526 1579 2847 1642 haereditat,
2887 1594 3017 1635 cum
3052 1580 3105 1635 id
3136 1580 3287 1650 quod
3318 1579 3498 1649 potis-

1801 1666 2013 1722 simum
2058 1667 2211 1736 apud
2266 1666 2552 1736 improbos
2582 1666 2886 1736 gloriosius
2912 1665 3251 1733 aestimatur,
3286 1666 3497 1722 scilicet

1802 1761 1867 1810 ut
1897 1755 2105 1810 divina:
2157 1755 2466 1825 Scriptura;
2513 1754 2806 1810 scientiam
2859 1754 3068 1809 clarior
3097 1763 3271 1823 atque
3302 1755 3499 1825 copio-

1804 1846 1918 1899 sior
1977 1829 2629 1909 facundia'comitetur,
2689 1841 2760 1896 ad
2817 1842 2991 1897 totius
3044 1841 3280 1896 vilitatis
3323 1848 3501 1911 atque

1804 1932 2077 2002 nequitiae
2118 1941 2378 1988 extrema
2406 1932 2730 1987 descendat.
2782 1930 2975 1987 Urtica
3008 1944 3261 2000 namque
3305 1930 3498 1999 despi-

1803 2018 2005 2075 cabilis
2051 2019 2361 2074 admodum
2411 2027 2465 2074 et
2517 2018 2685 2088 ignea
2742 2018 2921 2073 herba
2973 2026 3076 2073 est.
3130 2018 3501 2072 Desiderabile

1805 2121 1941 2176 ergo
1987 2106 2208 2175 argenti
2256 2121 2441 2160 eorum
2488 2110 2666 2159 urtica
2711 2105 3029 2171 haereditat,
3075 2120 3207 2160 cum
3240 2105 3499 2161 votivum

1808 2195 1949 2251 illud
2003 2193 2280 2249 affectata:
2322 2193 2666 2263 eloquentiae
2714 2194 2985 2263 pretium,
3030 2208 3145 2248 non
3193 2193 3379 2248 solum
3428 2193 3500 2248 ob

1806 2283 2226 2352 turpitudinem
2284 2283 2415 2337 vitae
2477 2282 2912 2348 contemnitur,
2969 2282 3060 2335 sed
3130 2282 3301 2337 etiam
3363 2281 3504 2336 alios

1806 2370 2096 2437 versutiis,
2143 2369 2309 2433 dolis,
2340 2377 2394 2424 et
2442 2369 2687 2424 obscena
2718 2369 3090 2424 mordacitate
3136 2369 3402 2440 decoquit
3448 2377 3505 2425 et

1806 2458 2054 2513 infestat.
2102 2458 2330 2513 Dictum
2382 2466 2466 2513 est
2517 2464 2711 2513 autem
2763 2457 3061 2513 haareilitat
3112 2459 3268 2527 quod
3316 2472 3505 2514 mores

1806 2560 2004 2602 eorum
2045 2545 2255 2601 misera
2303 2546 2685 2615 perpetuitate
2729 2545 3039 2609 contineat,
3078 2552 3177 2601 aut
3209 2546 3349 2616 quia
3378 2547 3503 2602 haz-

1808 2648 1896 2690 res
1926 2642 2216 2702 superstes
2244 2640 2325 2688 est
2366 2634 2493 2703 ejus
2534 2633 2626 2688 cui
2655 2633 2937 2701 succedit;
2981 2633 3051 2688 ad
3087 2633 3400 2701 haarcticos,
3434 2634 3504 2691 de

1807 2723 2021 2794 quibus
2065 2736 2242 2792 supra
2271 2722 2490 2777 dictum
2536 2729 2639 2789 est,
2671 2728 2727 2777 et
2755 2736 2912 2777 nunc
2940 2720 3109 2777 etiam
3160 2721 3375 2793 agitur,
3409 2738 3502 2779 re-

1808 2813 2045 2877 feratur,
2089 2825 2338 2880 quorum
2372 2810 2581 2880 scripta
2617 2825 2732 2866 non
2782 2810 2948 2866 tnodo
2978 2825 3080 2880 pro
3123 2811 3210 2867 sui
3242 2819 3503 2868 contem—

1807 2899 2110 2970 ptibilitate
2143 2941 2156 2965 ,
2212 2898 2309 2953 sed
2370 2898 2541 2953 etiam
2605 2912 2706 2968 pro
2776 2899 3031 2969 ingenita
3088 2908 3287 2956 contra
3333 2913 3503 2956 omne

1808 2987 1964 3057 quod
1996 2986 2120 3041 fidei
2168 2986 2438 3055 congruit
2486 2987 2792 3041 acerbitate
2835 2987 3207 3043 damnantur.
3249 2988 3321 3042 Et
3364 2987 3506 3058 quia

0 3101 18 3126 ι
67 3075 330 3139 Gustate,
379 3075 478 3137 ait,
512 3079 567 3127 et
609 3071 792 3126 videte
823 3071 1099 3160 quoniam
1138 3068 1338 3125 suavis
1384 3079 1468 3124 est
1501 3067 1701 3160 Do-mi-
1741 3107 1781 3160 Ο
1810 3075 2153 3144 plerumque
2199 3088 2295 3129 eos
2333 3074 2709 3129 excluserunt
2751 3079 2898 3127 208
2940 3074 3042 3144 qui
3089 3073 3311 3143 probati
3342 3082 3509 3131 erant

0 3179 115 3220 nus
158 3162 341 3230 (Psal.
392 3174 601 3227 xxxiii,
652 3160 725 3230 9).
776 3180 797 3206 ι
849 3159 1062 3215 Morale
1106 3166 1189 3213 est
1230 3160 1404 3212 etiam
1445 3165 1508 3212 ut
1537 3156 1702 3211 dica-

0 3260 100 3346 lur
126 3249 444 3346 quispasci
490 3249 547 3302 in
585 3262 654 3303 eo
701 3245 856 3315 quod
886 3259 945 3300 se
976 3246 1235 3346 delectat.
1283 3245 1383 3342 Est
1423 3258 1561 3314 ergo
1609 3244 1698 3298 di-

0 3332 129 3396 Eere
180 3354 193 3393 :
248 3338 415 3393 Panis
459 3350 593 3392 cum
640 3348 881 3404 corpora
925 3334 1179 3399 nutriat,
1234 3332 1444 3387 animai
1500 3344 1701 3386 eorum

0 3428 235 3494 dicitur,
293 3426 435 3496 quia
486 3438 560 3480 ex
611 3439 676 3479 eo
730 3422 885 3494 quod
949 3422 1234 3492 significat
1277 3419 1703 3489 iucunditatem

0 3516 419 3585 temporalem,
483 3512 827 3568 animalitati
887 3510 1284 3580 improborum
1353 3509 1518 3564 cibus
1581 3522 1704 3564 esse

0 3605 382 3675 dignoscitur.
420 3601 476 3657 Is
520 3617 628 3655 non
669 3604 846 3655 intrat
888 3603 947 3653 in
993 3599 1212 3652 domum
1255 3599 1511 3659 Domini,
1564 3599 1705 3666 quia

3 3692 341 3761 hujusmodi
370 3691 652 3761 gaudium
678 3690 751 3744 ab
780 3689 938 3743 omni
968 3687 1138 3743 corde
1168 3686 1324 3757 quod
1355 3686 1507 3742 Deus
1538 3686 1702 3740 inha-

3 3782 151 3837 bitat
204 3779 563 3836 severissime
610 3785 834 3833 constat
883 3776 1137 3832 excludi.
1199 3775 1360 3831 Unde
1420 3784 1504 3829 est
1560 3774 1704 3829 illud

0 3871 110 3928 Job
141 3884 154 3922 :
189 3892 209 3917 ι
244 3867 662 3923 Abominabilis
689 3866 740 3922 ci
772 3867 833 3921 tit
859 3864 1023 3934 panis
1054 3864 1112 3918 in
1143 3865 1260 3919 vita
1297 3877 1425 3932 sua,
1455 3872 1509 3919 et
1540 3863 1707 3918 cibus

4 3982 34 4006 ι»
78 3965 213 4013 ante
244 3955 637 4013 desiderabilis
666 3954 804 4026 (Job,
833 3967 1044 4017 χχχιιι,
1072 3955 1160 4006 20.
1202 3973 1222 4000 ι

14 4060 25 4070 ·
80 4046 253 4103 Vens.
292 4049 343 4099 5.
373 4073 446 4085 —
502 4066 522 4093 ι
570 4042 717 4110 Quid
747 4042 962 4097 facietis
1005 4040 1063 4094 in
1093 4040 1183 4095 die
1225 4038 1483 4106 solemni,
1518 4037 1576 4093 in
1615 4037 1707 4094 die

4 4156 34 4187 η
78 4133 408 4190 festivitatis
456 4132 724 4187 Domini?
772 4152 793 4179 ι
848 4131 979 4185 Dies
1024 4127 1294 4183 solemnis
1348 4126 1568 4181 Domini
1599 4133 1703 4193 est,

4 4236 142 4278 cum
174 4221 371 4290 positis
415 4220 661 4274 inimicis
688 4218 1001 4274 scabellum
1050 4217 1259 4287 pedum
1289 4214 1416 4285 ejus
1461 4228 1707 4285 regnum

7 4308 315 4366 tradiderit
365 4311 472 4363 Deo
515 4314 571 4362 et
623 4306 777 4361 Patri
826 4307 871 4377 (Ι
913 4305 1033 4360 Cor.
1079 4318 1178 4366 xv,
1232 4305 1321 4371 24,
1376 4302 1489 4371 25).
1546 4302 1707 4357 Diem

1812 3168 2068 3229 argento,
2115 3161 2521 3215 controversiis
2572 3161 2942 3215 manentibus
2992 3161 3047 3214 in
3089 3160 3248 3216 libris
3280 3175 3503 3227 eorum,

1812 3250 1913 3320 qui
1961 3256 2163 3303 contra
2210 3262 2415 3304 eorum
2466 3262 2690 3304 errores
2750 3248 3173 3318 pugnacissime
3228 3258 3503 3320 egerant,

1811 3335 2094 3405 opuscula
2146 3349 2345 3390 eorum
2402 3350 2504 3405 pro
2556 3349 2663 3390 sua
2721 3335 3029 3391 inutilitate
3086 3344 3221 3392 sunt
3272 3337 3505 3393 abolita.

1811 3420 1971 3490 Quod
2003 3424 2060 3477 in
2108 3422 2366 3492 antiquis
2407 3422 2691 3478 haereticis
2734 3431 2817 3477 est
2868 3423 3261 3493 undequaque
3308 3424 3511 3493 proba-

1813 3523 1956 3581 tum,
1995 3526 2266 3583 quorum,
2304 3513 2473 3583 quasi
2503 3527 2849 3569 aranearum
2883 3513 3026 3580 telae,
3060 3513 3130 3569 de
3159 3513 3377 3583 quibus
3403 3529 3509 3570 su-

1813 3616 1918 3673 pra
1959 3601 2370 3668 disseruimus,
2426 3602 2760 3671 disparuere
2816 3602 3134 3670 volumina,
3198 3609 3252 3658 et
3303 3604 3514 3659 nostris

1811 3689 2170 3760 temporibus
2224 3703 2258 3744 a
2313 3690 2661 3760 quibusdam
2715 3689 3106 3761 parasitastris
3155 3690 3329 3747 libelli
3376 3692 3510 3749 facti

1813 3785 1969 3845 sunt,
2018 3784 2075 3833 et
2120 3777 2167 3831 si
2198 3776 2442 3832 nimium
2474 3786 2692 3846 tenues,
2745 3785 2946 3834 contra
2986 3777 3113 3833 fidei
3146 3786 3354 3834 nostrae
3386 3793 3509 3851 my-

1814 3868 2004 3932 steria,
2038 3879 2169 3935 qua:
2215 3864 2272 3919 in
2304 3865 2645 3935 indignitate
2677 3866 2767 3920 sui
2818 3864 2876 3919 in
2908 3864 3031 3935 ipsa
3072 3878 3179 3920 sua
3210 3879 3343 3921 mox
3374 3875 3512 3923 sunt

1814 3952 2070 4010 novitate
2122 3961 2482 4022 consumpta.
2544 3954 2739 4022 Lappa
2784 3957 2843 4005 in
2895 3953 3263 4006 tabernaculis
3321 3968 3507 4008 eorum

1814 4048 1947 4105 est,
2002 4039 2140 4109 quia
2208 4039 2484 4095 nimirum
2543 4039 2653 4094 nisi
2712 4038 3127 4095 desideriorum
3182 4040 3508 4096 carnalium

1816 4127 2266 4198 impuritatibus,
2290 4142 2422 4198 quae
2443 4142 2650 4200 graves
2674 4134 2811 4183 sunt
2839 4126 3078 4194 stimuli,
3103 4126 3510 4197 subderentur,

1817 4229 2123 4287 nunquam
2158 4217 2229 4271 ad
2264 4224 2480 4271 tantam
2529 4230 2732 4271 sensus
2760 4213 2983 4283 reprobi
3018 4213 3412 4284 ignominiam,
3447 4221 3514 4270 ut

1816 4304 1886 4360 de
1941 4304 2155 4360 divinis
2197 4304 2347 4359 male
2401 4305 2698 4370 sentirent,
2751 4310 3134 4358 verterentur.
3196 4303 3370 4358 Porro
3427 4310 3515 4358 ta-

4 4413 149 4470 ergo
178 4397 490 4453 solemnem
541 4395 813 4465 intellige,
861 4408 994 4450 cum
1037 4392 1196 4462 impii
1224 4393 1705 4462 submerguntur,
1748 4402 1792 4457 Ι)
1822 4393 2137 4450 bernacula
2182 4391 2305 4461 ipsa
2342 4398 2477 4447 sunt
2504 4403 2764 4459 corpora,
2812 4390 2867 4444 in
2903 4390 3120 4460 quibus
3166 4391 3287 4447 sive
3315 4397 3517 4447 contra

4 4487 377 4543 festivitatem
423 4498 578 4550 vero,
626 4497 759 4539 cum
808 4482 880 4537 ad
912 4481 1412 4551 contemplandam
1446 4479 1541 4535 Dei
1574 4493 1706 4549 spe-

5 4577 153 4642 ciem
201 4573 363 4630 electi
413 4579 845 4642 promoventur.
896 4570 1041 4636 Quid
1087 4571 1263 4638 igitur
1306 4570 1541 4634 facietis,
1574 4582 1709 4624 cum

2 4638 122 4722 iale
149 4638 458 4719 discrimen
489 4661 636 4716 inter
667 4667 943 4731 utrasque
971 4667 1150 4714 sortes
1178 4656 1519 4713 advenerit?

82 4753 256 4808 Vnus.
307 4753 358 4805 6.
410 4781 476 4791 —
526 4768 552 4802 α
608 4749 752 4804 Ecce
798 4749 950 4802 enim
1000 4744 1236 4817 profecti
1273 4751 1411 4800 sunt
1463 4743 1709 4799 avasti—

10 4864 32 4889 ι
81 4849 197 4897 tate
249 4855 262 4894 :
318 4839 603 4910 IEgyptus
638 4835 1012 4907 congregavit
1049 4848 1163 4901 eos,
1215 4831 1494 4902 Memphis
1542 4846 1710 4901 sepe-

6 4948 35 4978 »
79 4927 176 4983 liet
204 4941 319 4983 eos.
360 4948 379 4973 ι
417 4926 581 4982 Redit
608 4925 680 4980 ad
711 4938 910 4981 eorum
941 4922 1396 4991 descriptionem.
1432 4922 1465 4975 S
1495 4922 1711 4991 iperius

2 5015 236 5069 dixerat
266 5013 405 5084 quia
429 5017 596 5081 panis
640 5027 823 5066 eorum
856 5015 913 5064 in
954 5011 1172 5064 domum
1217 5011 1435 5063 Domini
1480 5025 1587 5063 non
1615 5008 1710 5064 iu-

3 5113 209 5168 traret,
243 5117 311 5159 ac
352 5102 398 5158 si
446 5103 658 5157 diceret
706 5116 718 5153 :
767 5100 1051 5166 Quoniam
1100 5098 1263 5154 nulla
1308 5097 1710 5154 convenientia

0 5199 89 5280 εδει
127 5190 246 5247 luci
294 5190 366 5246 ad
410 5190 677 5280 tenebras
722 5189 800 5259 (II
841 5188 959 5243 Cor.
998 5201 1099 5280 Δγι,
1140 5186 1245 5257 14).
1298 5186 1599 5280 voluptati.
1625 5186 1710 5280 ad

7 5274 441 5350 temperantias,
478 5278 943 5348 proficiscuntur,
997 5275 1051 5331 id
1080 5283 1164 5332 est
1199 5289 1234 5330 a
1264 5283 1419 5331 recta
1447 5274 1710 5331 conside—

6 5370 232 5424 ratione
277 5374 620 5438 evagantur,
664 5373 720 5421 et
765 5365 871 5420 hoc
911 5365 993 5419 eis
1039 5379 1074 5419 a
1105 5364 1369 5420 vastitate
1408 5363 1708 5435 contingit,

8 5457 151 5527 quia
180 5456 396 5511 scilicet
438 5469 472 5510 a
502 5454 619 5509 Deo
658 5452 1023 5509 solitudinem
1051 5465 1213 5508 mens
1239 5452 1485 5507 incurrit
1521 5467 1533 5507 :
1566 5452 1710 5510 Cum

8 5559 190 5614 supra
225 5542 462 5599 dixisset
502 5540 671 5612 quasi
716 5553 816 5595 eos
856 5542 1171 5610 corrigens,
1217 5538 1353 5604 quid
1393 5540 1608 5605 facietis
1652 5544 1711 5593 in

10 5632 96 5686 die
122 5632 370 5692 solemni,
412 5644 547 5685 mox
580 5642 784 5684 eorum
817 5627 1160 5697 proterviam
1193 5626 1447 5683 subtexit
1472 5628 1666 5683 dicens
1696 5643 1708 5682 :

0 5854 27 5892 ἔ

1820 4495 2074 4549 carnem,
2115 4479 2235 4535 sive
2265 4487 2465 4536 contra
2492 4477 2760 4548 spiritum
2791 4478 3124 4546 militamus,
3156 4480 3277 4536 sive
3307 4480 3409 4536 ubi
3435 4479 3517 4535 in-

1819 4569 2255 4642 praesentiarum
2292 4568 2750 4637 peregrinamur.

1894 4658 2065 4714 Vsus.
2096 4658 2152 4710 7.
2184 4685 2253 4694 —
2285 4675 2306 4703 ι
2360 4654 2655 4709 Venerunt
2686 4653 2803 4708 dies
2836 4653 3199 4723 visitationis,
3226 4661 3515 4711 venerunt

1826 4767 1849 4796 ι
1891 4745 2012 4801 dies
2059 4742 2471 4799 retributionis.
2527 4760 2554 4792 ν
2599 4742 2725 4795 Dies
2780 4744 3109 4795 uisitationis
3165 4749 3320 4809 sunt,
3380 4757 3515 4798 cum

1820 4835 1973 4891 Deus
2021 4831 2507 4901 impmnitentibus
2541 4831 2598 4885 in
2647 4830 2911 4900 praesenti
2962 4828 3189 4901 ﬂagella
3238 4830 3515 4899 immittit,

1818 4922 1916 4978 sed
1951 4920 2326 4975 retributionis
2360 4918 2508 4974 illico
2536 4917 2933 4987 subsequitur,
2966 4917 3066 4987 qui
3103 4920 3516 4987 perseveranti-

1820 5011 1929 5067 bus
1961 5011 2207 5078 inccepta
2235 5007 2400 5063 sorde
2429 5014 2531 5063 aut
2575 5005 2812 5076 perfidia
2847 5005 3222 5063 immutabilis
3271 5008 3517 5065 miseriae

1819 5106 2026 5153 sortem
2067 5096 2270 5151 reddit.
2326 5094 2550 5164 Duplici
2596 5094 2750 5149 enim
2791 5094 3131 5150 contritione
3182 5095 3319 5150 tales
3370 5096 3520 5152 Deus

1819 5195 2110 5241 conterere
2146 5185 2464 5240 consuevit.
2498 5184 2567 5239 Et
2600 5198 2715 5239 non
2761 5184 3021 5250 conterit,
3054 5197 3201 5254 quos
3229 5184 3515 5253 omnium,

1819 5274 1959 5331 dum
2009 5274 2321 5340 advivunt,
2383 5274 2751 5330 detestatione
2802 5273 3131 5343 prostituit,
3192 5281 3247 5329 et
3298 5274 3519 5330 exactis

1822 5363 1976 5432 ipsis,
2014 5361 2266 5431 ipsorum
2314 5362 2646 5417 memoriam
2691 5376 2823 5418 cum
2855 5362 3011 5418 omni
3061 5376 3166 5417 suo
3205 5362 3432 5433 opitico,
3464 5370 3519 5419 et

1823 5459 2070 5507 tractatu
2103 5451 2283 5507 instar
2325 5451 2503 5521 panni
2533 5451 2903 5507 menstrualis
2936 5451 3175 5507 infamat
3203 5460 3257 5508 et
3286 5451 3523 5522 abjicit?

1827 5563 1847 5589 α
1893 5540 2117 5606 Scitote,
2170 5540 2367 5605 Israel,
2420 5540 2661 5596 stultum
2711 5540 3072 5610 prophetam,
3129 5541 3399 5598 insanum
3432 5542 3521 5597 vi-

1828 5650 1848 5676 ι
1895 5643 2025 5684 rum
2063 5628 2438 5697 spiritualem.
2465 5628 2510 5685 Ο
2551 5628 2748 5697 Israel,
2784 5628 2994 5698 inquit,
3041 5638 3235 5686 motus
3261 5628 3525 5687 videlicet
