  <div class='ocr_page' id='page_1' title='image "/cluster/home/n/w/nwhite01/storage/ocr_20150623/156-157/uc1.31175010662024/199.png"; bbox 0 0 3950 6448; ppageno 0'>
   <div class='ocr_carea' id='block_1_1' title="bbox 433 414 532 466">
    <p class='ocr_par' dir='ltr' id='par_1_1' title="bbox 433 414 532 466">
     <span class='ocr_line' id='line_1_1' title="bbox 433 414 532 466; baseline 0 -1"><span class='ocrx_word' id='word_1_1' title='bbox 433 414 532 466; x_wconf 82' lang='lat'><strong>387</strong></span> 
     </span>
    </p>
   </div>
   <div class='ocr_carea' id='block_1_2' title="bbox 1315 407 3018 466">
    <p class='ocr_par' dir='ltr' id='par_1_2' title="bbox 1315 407 3018 466">
     <span class='ocr_line' id='line_1_2' title="bbox 1315 407 3018 466; baseline 0.002 -4"><span class='ocrx_word' id='word_1_2' title='bbox 1315 410 1377 466; x_wconf 88' lang='lat' dir='ltr'><strong>V.</strong></span> <span class='ocrx_word' id='word_1_3' title='bbox 1418 409 1744 466; x_wconf 79' lang='lat' dir='ltr'><strong>GUIBERTI</strong></span> <span class='ocrx_word' id='word_1_4' title='bbox 1781 409 2071 464; x_wconf 76' lang='lat' dir='ltr'><strong>ABBATIS</strong></span> <span class='ocrx_word' id='word_1_5' title='bbox 2108 411 2164 465; x_wconf 89' lang='lat' dir='ltr'><strong>S.</strong></span> <span class='ocrx_word' id='word_1_6' title='bbox 2209 409 2449 464; x_wconf 72' lang='lat' dir='ltr'><strong>MARlA-I</strong></span> <span class='ocrx_word' id='word_1_7' title='bbox 2488 409 2576 463; x_wconf 85' lang='lat' dir='ltr'><strong>DE</strong></span> <span class='ocrx_word' id='word_1_8' title='bbox 2615 407 3018 466; x_wconf 79' lang='lat' dir='ltr'><strong>NOVIGENTO</strong></span> 
     </span>
    </p>
   </div>
   <div class='ocr_carea' id='block_1_3' title="bbox 3823 413 3930 461">
    <p class='ocr_par' dir='ltr' id='par_1_3' title="bbox 3823 413 3930 461">
     <span class='ocr_line' id='line_1_3' title="bbox 3823 413 3930 461; baseline -0.028 0"><span class='ocrx_word' id='word_1_9' title='bbox 3823 413 3930 461; x_wconf 69' lang='lat'><strong>3‘51</strong></span> 
     </span>
    </p>
   </div>
   <div class='ocr_carea' id='block_1_4' title="bbox 433 539 3922 612">
    <p class='ocr_par' dir='ltr' id='par_1_4' title="bbox 433 539 3922 612">
     <span class='ocr_line' id='line_1_4' title="bbox 433 539 3922 612; baseline -0.001 -15"><span class='ocrx_word' id='word_1_10' title='bbox 433 541 780 608; x_wconf 77' lang='lat' dir='ltr'><strong>alfectuales,</strong></span> <span class='ocrx_word' id='word_1_11' title='bbox 813 541 916 612; x_wconf 87' lang='lat' dir='ltr'><strong>qui</strong></span> <span class='ocrx_word' id='word_1_12' title='bbox 965 541 1080 597; x_wconf 92' lang='lat' dir='ltr'><strong>Deo</strong></span> <span class='ocrx_word' id='word_1_13' title='bbox 1121 540 1315 611; x_wconf 91' lang='lat' dir='ltr'><strong>judice</strong></span> <span class='ocrx_word' id='word_1_14' title='bbox 1353 555 1626 597; x_wconf 85' lang='lat' dir='ltr'><strong>sensuum</strong></span> <span class='ocrx_word' id='word_1_15' title='bbox 1659 548 1983 597; x_wconf 90' lang='lat' dir='ltr'><strong>vestrorum</strong></span> <span class='ocrx_word' id='word_1_16' title='bbox 2015 554 2114 596; x_wconf 88' lang='lat' dir='ltr'><strong>er—</strong></span> <span class='ocrx_word' id='word_1_17' title='bbox 2149 550 2196 601; x_wconf 80' lang='grc' dir='ltr'><strong>Α</strong></span> <span class='ocrx_word' id='word_1_18' title='bbox 2224 541 2437 608; x_wconf 90' lang='lat' dir='ltr'><strong>visitat,</strong></span> <span class='ocrx_word' id='word_1_19' title='bbox 2472 555 2604 597; x_wconf 91' lang='lat' dir='ltr'><strong>cum</strong></span> <span class='ocrx_word' id='word_1_20' title='bbox 2649 539 2850 596; x_wconf 90' lang='lat' dir='ltr'><strong>crebro</strong></span> <span class='ocrx_word' id='word_1_21' title='bbox 2897 553 2965 596; x_wconf 91' lang='lat' dir='ltr'><strong>ea</strong></span> <span class='ocrx_word' id='word_1_22' title='bbox 3013 553 3072 594; x_wconf 93' lang='lat' dir='ltr'><strong>se</strong></span> <span class='ocrx_word' id='word_1_23' title='bbox 3119 539 3324 596; x_wconf 84' lang='lat' dir='ltr'><strong>vidisse</strong></span> <span class='ocrx_word' id='word_1_24' title='bbox 3353 539 3645 609; x_wconf 88' lang='lat' dir='ltr'><strong>puniendo</strong></span> <span class='ocrx_word' id='word_1_25' title='bbox 3688 539 3922 596; x_wconf 86' lang='lat' dir='ltr'><strong>demon</strong></span> 
     </span>
    </p>
   </div>
   <div class='ocr_carea' id='block_1_5' title="bbox 433 630 2125 697">
    <p class='ocr_par' dir='ltr' id='par_1_5' title="bbox 433 630 2125 697">
     <span class='ocr_line' id='line_1_5' title="bbox 433 630 2125 697; baseline -0.002 -10"><span class='ocrx_word' id='word_1_26' title='bbox 433 632 550 687; x_wconf 79' lang='lat' dir='ltr'><strong>reri</strong></span> <span class='ocrx_word' id='word_1_27' title='bbox 579 631 951 697; x_wconf 90' lang='lat' dir='ltr'><strong>dimittimini,</strong></span> <span class='ocrx_word' id='word_1_28' title='bbox 983 645 1141 686; x_wconf 90' lang='lat' dir='ltr'><strong>nunc</strong></span> <span class='ocrx_word' id='word_1_29' title='bbox 1171 631 1226 685; x_wconf 93' lang='lat' dir='ltr'><strong>in</strong></span> <span class='ocrx_word' id='word_1_30' title='bbox 1257 632 1360 686; x_wconf 92' lang='lat' dir='ltr'><strong>hoc</strong></span> <span class='ocrx_word' id='word_1_31' title='bbox 1389 639 1578 686; x_wconf 90' lang='lat' dir='ltr'><strong>vestro</strong></span> <span class='ocrx_word' id='word_1_32' title='bbox 1601 630 1777 686; x_wconf 89' lang='lat' dir='ltr'><strong>exitio</strong></span> <span class='ocrx_word' id='word_1_33' title='bbox 1805 638 1860 685; x_wconf 88' lang='lat' dir='ltr'><strong>et</strong></span> <span class='ocrx_word' id='word_1_34' title='bbox 1888 631 2125 686; x_wconf 78' lang='lat' dir='ltr'><strong>rationis</strong></span> 
     </span>
    </p>
   </div>
   <div class='ocr_carea' id='block_1_6' title="bbox 432 717 2125 788">
    <p class='ocr_par' dir='ltr' id='par_1_6' title="bbox 432 717 2125 788">
     <span class='ocr_line' id='line_1_6' title="bbox 432 717 2125 788; baseline -0.001 -13"><span class='ocrx_word' id='word_1_35' title='bbox 432 719 774 775; x_wconf 88' lang='lat' dir='ltr'><strong>exterminio</strong></span> <span class='ocrx_word' id='word_1_36' title='bbox 805 718 1096 774; x_wconf 79' lang='lat' dir='ltr'><strong>addiscere</strong></span> <span class='ocrx_word' id='word_1_37' title='bbox 1137 719 1426 788; x_wconf 72' lang='lat' dir='ltr'><strong>poteratis.</strong></span> <span class='ocrx_word' id='word_1_38' title='bbox 1455 718 1593 783; x_wconf 64' lang='lat' dir='ltr'><strong>Quae</strong></span> <span class='ocrx_word' id='word_1_39' title='bbox 1626 717 1889 786; x_wconf 84' lang='lat' dir='ltr'><strong>stultitia,</strong></span> <span class='ocrx_word' id='word_1_40' title='bbox 1920 732 2125 788; x_wconf 64' lang='lat' dir='ltr'><strong>quaeve</strong></span> 
     </span>
    </p>
   </div>
   <div class='ocr_carea' id='block_1_7' title="bbox 435 803 2110 873">
    <p class='ocr_par' dir='ltr' id='par_1_7' title="bbox 435 803 2110 873">
     <span class='ocr_line' id='line_1_7' title="bbox 435 803 2110 873; baseline -0.001 -13"><span class='ocrx_word' id='word_1_41' title='bbox 435 805 662 860; x_wconf 90' lang='lat' dir='ltr'><strong>insania</strong></span> <span class='ocrx_word' id='word_1_42' title='bbox 708 804 766 859; x_wconf 91' lang='lat' dir='ltr'><strong>in</strong></span> <span class='ocrx_word' id='word_1_43' title='bbox 817 803 1042 873; x_wconf 86' lang='lat' dir='ltr'><strong>spiritu,</strong></span> <span class='ocrx_word' id='word_1_44' title='bbox 1097 803 1200 872; x_wconf 88' lang='lat' dir='ltr'><strong>qui</strong></span> <span class='ocrx_word' id='word_1_45' title='bbox 1248 817 1348 858; x_wconf 90' lang='lat' dir='ltr'><strong>vos</strong></span> <span class='ocrx_word' id='word_1_46' title='bbox 1401 817 1593 873; x_wconf 89' lang='lat' dir='ltr'><strong>regere</strong></span> <span class='ocrx_word' id='word_1_47' title='bbox 1642 803 1936 870; x_wconf 85' lang='lat' dir='ltr'><strong>debuerat,</strong></span> <span class='ocrx_word' id='word_1_48' title='bbox 1977 803 2110 858; x_wconf 92' lang='lat' dir='ltr'><strong>deli-</strong></span> 
     </span>
    </p>
   </div>
   <div class='ocr_carea' id='block_1_8' title="bbox 436 891 2120 962">
    <p class='ocr_par' dir='ltr' id='par_1_8' title="bbox 436 891 2120 962">
     <span class='ocr_line' id='line_1_8' title="bbox 436 891 2120 962; baseline -0.002 -14"><span class='ocrx_word' id='word_1_49' title='bbox 436 893 634 949; x_wconf 83' lang='lat' dir='ltr'><strong>tescit?</strong></span> <span class='ocrx_word' id='word_1_50' title='bbox 675 893 769 947; x_wconf 91' lang='lat' dir='ltr'><strong>cui</strong></span> <span class='ocrx_word' id='word_1_51' title='bbox 814 892 858 946; x_wconf 91' lang='lat' dir='ltr'><strong>si</strong></span> <span class='ocrx_word' id='word_1_52' title='bbox 907 905 1007 946; x_wconf 90' lang='lat' dir='ltr'><strong>vos</strong></span> <span class='ocrx_word' id='word_1_53' title='bbox 1036 891 1299 956; x_wconf 88' lang='lat' dir='ltr'><strong>subdere,</strong></span> <span class='ocrx_word' id='word_1_54' title='bbox 1332 899 1388 946; x_wconf 91' lang='lat' dir='ltr'><strong>et</strong></span> <span class='ocrx_word' id='word_1_55' title='bbox 1415 891 1488 945; x_wconf 90' lang='lat' dir='ltr'><strong>ab</strong></span> <span class='ocrx_word' id='word_1_56' title='bbox 1518 906 1584 946; x_wconf 92' lang='lat' dir='ltr'><strong>eo</strong></span> <span class='ocrx_word' id='word_1_57' title='bbox 1627 891 1748 962; x_wconf 90' lang='lat' dir='ltr'><strong>regi</strong></span> <span class='ocrx_word' id='word_1_58' title='bbox 1779 892 2120 954; x_wconf 75' lang='lat' dir='ltr'><strong>voluissetis,</strong></span> 
     </span>
    </p>
   </div>
   <div class='ocr_carea' id='block_1_9' title="bbox 437 975 2124 1046">
    <p class='ocr_par' dir='ltr' id='par_1_9' title="bbox 437 975 2124 1046">
     <span class='ocr_line' id='line_1_9' title="bbox 437 975 2124 1046; baseline -0.001 -15"><span class='ocrx_word' id='word_1_59' title='bbox 437 989 739 1046; x_wconf 84' lang='lat' dir='ltr'><strong>nunquam</strong></span> <span class='ocrx_word' id='word_1_60' title='bbox 769 976 842 1030; x_wconf 90' lang='lat' dir='ltr'><strong>ad</strong></span> <span class='ocrx_word' id='word_1_61' title='bbox 871 976 978 1030; x_wconf 90' lang='lat' dir='ltr'><strong>tale</strong></span> <span class='ocrx_word' id='word_1_62' title='bbox 1011 976 1415 1030; x_wconf 87' lang='lat' dir='ltr'><strong>inconveniens</strong></span> <span class='ocrx_word' id='word_1_63' title='bbox 1445 975 1714 1030; x_wconf 90' lang='lat' dir='ltr'><strong>vitiorum</strong></span> <span class='ocrx_word' id='word_1_64' title='bbox 1747 983 1847 1031; x_wconf 90' lang='lat' dir='ltr'><strong>aut</strong></span> <span class='ocrx_word' id='word_1_65' title='bbox 1875 987 2124 1045; x_wconf 57' lang='lat' dir='ltr'><strong>pertinat-</strong></span> 
     </span>
    </p>
   </div>
   <div class='ocr_carea' id='block_1_10' title="bbox 435 1062 2126 1133">
    <p class='ocr_par' dir='ltr' id='par_1_10' title="bbox 435 1062 2126 1133">
     <span class='ocr_line' id='line_1_10' title="bbox 435 1062 2126 1133; baseline -0.001 -14"><span class='ocrx_word' id='word_1_66' title='bbox 435 1063 751 1119; x_wconf 88' lang='lat' dir='ltr'><strong>venissetis.</strong></span> <span class='ocrx_word' id='word_1_67' title='bbox 806 1085 833 1111; x_wconf 86' lang='grc'><em>‹‹</em></span> <span class='ocrx_word' id='word_1_68' title='bbox 885 1063 1120 1132; x_wconf 89' lang='lat' dir='ltr'><strong>Propter</strong></span> <span class='ocrx_word' id='word_1_69' title='bbox 1153 1062 1579 1118; x_wconf 87' lang='lat' dir='ltr'><strong>multitudinem</strong></span> <span class='ocrx_word' id='word_1_70' title='bbox 1621 1063 1942 1133; x_wconf 84' lang='lat' dir='ltr'><strong>iniquitatis</strong></span> <span class='ocrx_word' id='word_1_71' title='bbox 1989 1071 2126 1130; x_wconf 69' lang='lat' dir='ltr'><strong>tute,</strong></span> 
     </span>
    </p>
   </div>
   <div class='ocr_carea' id='block_1_11' title="bbox 439 1150 2125 1217">
    <p class='ocr_par' dir='ltr' id='par_1_11' title="bbox 439 1150 2125 1217">
     <span class='ocr_line' id='line_1_11' title="bbox 439 1150 2125 1217; baseline -0.001 -10"><span class='ocrx_word' id='word_1_72' title='bbox 439 1173 466 1201; x_wconf 80' lang='grc'><strong>»</strong></span> <span class='ocrx_word' id='word_1_73' title='bbox 504 1159 560 1207; x_wconf 90' lang='lat' dir='ltr'><strong>et</strong></span> <span class='ocrx_word' id='word_1_74' title='bbox 589 1151 1016 1206; x_wconf 89' lang='lat' dir='ltr'><strong>multitudinem</strong></span> <span class='ocrx_word' id='word_1_75' title='bbox 1037 1151 1318 1206; x_wconf 68' lang='lat' dir='ltr'><strong>amentiae.</strong></span> <span class='ocrx_word' id='word_1_76' title='bbox 1351 1172 1372 1198; x_wconf 73' lang='grc' dir='ltr'><strong><em>ι</em></strong></span> <span class='ocrx_word' id='word_1_77' title='bbox 1405 1150 1551 1217; x_wconf 85' lang='lat' dir='ltr'><strong>Quia</strong></span> <span class='ocrx_word' id='word_1_78' title='bbox 1571 1151 1818 1207; x_wconf 92' lang='lat' dir='ltr'><strong>multum</strong></span> <span class='ocrx_word' id='word_1_79' title='bbox 1845 1151 2125 1207; x_wconf 86' lang='lat' dir='ltr'><strong>exerrasti</strong></span> 
     </span>
    </p>
   </div>
   <div class='ocr_carea' id='block_1_12' title="bbox 435 1238 2127 1307">
    <p class='ocr_par' dir='ltr' id='par_1_12' title="bbox 435 1238 2127 1307">
     <span class='ocr_line' id='line_1_12' title="bbox 435 1238 2127 1307; baseline -0.001 -12"><span class='ocrx_word' id='word_1_80' title='bbox 435 1253 471 1295; x_wconf 90' lang='lat' dir='ltr'><strong>a</strong></span> <span class='ocrx_word' id='word_1_81' title='bbox 509 1241 757 1295; x_wconf 88' lang='lat' dir='ltr'><strong>bonitate</strong></span> <span class='ocrx_word' id='word_1_82' title='bbox 788 1247 843 1294; x_wconf 91' lang='lat' dir='ltr'><strong>et</strong></span> <span class='ocrx_word' id='word_1_83' title='bbox 877 1240 1005 1305; x_wconf 91' lang='lat' dir='ltr'><strong>lide,</strong></span> <span class='ocrx_word' id='word_1_84' title='bbox 1035 1253 1148 1294; x_wconf 92' lang='lat' dir='ltr'><strong>non</strong></span> <span class='ocrx_word' id='word_1_85' title='bbox 1175 1238 1520 1307; x_wconf 90' lang='lat' dir='ltr'><strong>dispariliter</strong></span> <span class='ocrx_word' id='word_1_86' title='bbox 1547 1240 1784 1296; x_wconf 88' lang='lat' dir='ltr'><strong>tradidit</strong></span> <span class='ocrx_word' id='word_1_87' title='bbox 1813 1247 1865 1295; x_wconf 89' lang='lat' dir='ltr'><strong>te</strong></span> <span class='ocrx_word' id='word_1_88' title='bbox 1888 1240 2038 1294; x_wconf 88' lang='lat' dir='ltr'><strong>Deus</strong></span> <span class='ocrx_word' id='word_1_89' title='bbox 2069 1239 2127 1294; x_wconf 90' lang='lat' dir='ltr'><strong>in</strong></span> 
     </span>
    </p>
   </div>
   <div class='ocr_carea' id='block_1_13' title="bbox 437 1327 2124 1398">
    <p class='ocr_par' dir='ltr' id='par_1_13' title="bbox 437 1327 2124 1398">
     <span class='ocr_line' id='line_1_13' title="bbox 437 1327 2124 1398; baseline -0.002 -15"><span class='ocrx_word' id='word_1_90' title='bbox 437 1327 847 1398; x_wconf 82' lang='lat' dir='ltr'><strong>ignominiosos</strong></span> <span class='ocrx_word' id='word_1_91' title='bbox 892 1341 1079 1382; x_wconf 90' lang='lat' dir='ltr'><strong>casus.</strong></span> <span class='ocrx_word' id='word_1_92' title='bbox 1128 1329 1210 1382; x_wconf 78' lang='lat' dir='ltr'><strong>Ac</strong></span> <span class='ocrx_word' id='word_1_93' title='bbox 1255 1327 1303 1382; x_wconf 91' lang='lat' dir='ltr'><strong>si</strong></span> <span class='ocrx_word' id='word_1_94' title='bbox 1333 1327 1547 1382; x_wconf 83' lang='lat' dir='ltr'><strong>diceret</strong></span> <span class='ocrx_word' id='word_1_95' title='bbox 1586 1341 1599 1381; x_wconf 88' lang='lat'><strong>:</strong></span> <span class='ocrx_word' id='word_1_96' title='bbox 1641 1327 1787 1394; x_wconf 86' lang='lat' dir='ltr'><strong>Quia</strong></span> <span class='ocrx_word' id='word_1_97' title='bbox 1812 1327 1966 1397; x_wconf 89' lang='lat' dir='ltr'><strong>quod</strong></span> <span class='ocrx_word' id='word_1_98' title='bbox 2001 1341 2124 1396; x_wconf 91' lang='lat' dir='ltr'><strong>pec-</strong></span> 
     </span>
    </p>
   </div>
   <div class='ocr_carea' id='block_1_14' title="bbox 435 1414 2128 1485">
    <p class='ocr_par' dir='ltr' id='par_1_14' title="bbox 435 1414 2128 1485">
     <span class='ocr_line' id='line_1_14' title="bbox 435 1414 2128 1485; baseline -0.001 -14"><span class='ocrx_word' id='word_1_99' title='bbox 435 1417 626 1482; x_wconf 89' lang='lat' dir='ltr'><strong>cabas,</strong></span> <span class='ocrx_word' id='word_1_100' title='bbox 675 1417 854 1470; x_wconf 90' lang='lat' dir='ltr'><strong>Deum</strong></span> <span class='ocrx_word' id='word_1_101' title='bbox 891 1415 1100 1470; x_wconf 87' lang='lat' dir='ltr'><strong>habere</strong></span> <span class='ocrx_word' id='word_1_102' title='bbox 1133 1416 1191 1469; x_wconf 92' lang='lat' dir='ltr'><strong>in</strong></span> <span class='ocrx_word' id='word_1_103' title='bbox 1222 1415 1484 1470; x_wconf 88' lang='lat' dir='ltr'><strong>notitiam</strong></span> <span class='ocrx_word' id='word_1_104' title='bbox 1526 1429 1642 1470; x_wconf 90' lang='lat' dir='ltr'><strong>non</strong></span> <span class='ocrx_word' id='word_1_105' title='bbox 1674 1415 1938 1485; x_wconf 88' lang='lat' dir='ltr'><strong>putabas,</strong></span> <span class='ocrx_word' id='word_1_106' title='bbox 1974 1414 2128 1470; x_wconf 90' lang='lat' dir='ltr'><strong>dedit</strong></span> 
     </span>
    </p>
   </div>
   <div class='ocr_carea' id='block_1_15' title="bbox 437 1503 1480 1573">
    <p class='ocr_par' dir='ltr' id='par_1_15' title="bbox 437 1503 1480 1573">
     <span class='ocr_line' id='line_1_15' title="bbox 437 1503 1480 1573; baseline -0.003 -13"><span class='ocrx_word' id='word_1_107' title='bbox 437 1513 490 1561; x_wconf 91' lang='lat' dir='ltr'><strong>te</strong></span> <span class='ocrx_word' id='word_1_108' title='bbox 520 1504 672 1559; x_wconf 87' lang='lat' dir='ltr'><strong>Deus</strong></span> <span class='ocrx_word' id='word_1_109' title='bbox 699 1505 754 1558; x_wconf 91' lang='lat' dir='ltr'><strong>in</strong></span> <span class='ocrx_word' id='word_1_110' title='bbox 786 1504 1160 1573; x_wconf 80' lang='lat' dir='ltr'><strong>cogitationes</strong></span> <span class='ocrx_word' id='word_1_111' title='bbox 1185 1503 1480 1572; x_wconf 86' lang='lat' dir='ltr'><strong>reprobas.</strong></span> 
     </span>
    </p>
   </div>
   <div class='ocr_carea' id='block_1_16' title="bbox 508 1633 2124 1704">
    <p class='ocr_par' dir='ltr' id='par_1_16' title="bbox 508 1633 2124 1704">
     <span class='ocr_line' id='line_1_16' title="bbox 508 1633 2124 1704; baseline -0.002 -11"><span class='ocrx_word' id='word_1_112' title='bbox 508 1637 679 1693; x_wconf 70' lang='lat' dir='ltr'><strong>Vens.</strong></span> <span class='ocrx_word' id='word_1_113' title='bbox 715 1640 767 1689; x_wconf 92' lang='lat'><strong>8.</strong></span> <span class='ocrx_word' id='word_1_114' title='bbox 801 1663 869 1674; x_wconf 97' lang='lat'><strong>—</strong></span> <span class='ocrx_word' id='word_1_115' title='bbox 905 1658 924 1684; x_wconf 82' lang='grc' dir='ltr'>ι</span> <span class='ocrx_word' id='word_1_116' title='bbox 965 1634 1296 1704; x_wconf 83' lang='lat' dir='ltr'><strong>Speculator</strong></span> <span class='ocrx_word' id='word_1_117' title='bbox 1339 1633 1608 1703; x_wconf 88' lang='lat' dir='ltr'><strong>Ephraim</strong></span> <span class='ocrx_word' id='word_1_118' title='bbox 1654 1648 1786 1690; x_wconf 92' lang='lat' dir='ltr'><strong>cum</strong></span> <span class='ocrx_word' id='word_1_119' title='bbox 1837 1635 1950 1690; x_wconf 93' lang='lat' dir='ltr'><strong>Deo</strong></span> <span class='ocrx_word' id='word_1_120' title='bbox 1981 1649 2124 1690; x_wconf 91' lang='lat' dir='ltr'><strong>meo.</strong></span> 
     </span>
    </p>
   </div>
   <div class='ocr_carea' id='block_1_17' title="bbox 445 1721 2128 1792">
    <p class='ocr_par' dir='ltr' id='par_1_17' title="bbox 445 1721 2128 1792">
     <span class='ocr_line' id='line_1_17' title="bbox 445 1721 2128 1792; baseline -0.001 -13"><span class='ocrx_word' id='word_1_121' title='bbox 445 1747 464 1772; x_wconf 76' lang='grc' dir='ltr'><strong><em>ι</em></strong></span> <span class='ocrx_word' id='word_1_122' title='bbox 510 1723 792 1792; x_wconf 81' lang='lat' dir='ltr'><strong>Propheta</strong></span> <span class='ocrx_word' id='word_1_123' title='bbox 837 1722 1083 1791; x_wconf 83' lang='lat' dir='ltr'><strong>laqueus</strong></span> <span class='ocrx_word' id='word_1_124' title='bbox 1131 1721 1316 1778; x_wconf 66' lang='lat' dir='ltr'><strong>ruinae</strong></span> <span class='ocrx_word' id='word_1_125' title='bbox 1362 1721 1546 1776; x_wconf 80' lang='lat' dir='ltr'><strong>factus</strong></span> <span class='ocrx_word' id='word_1_126' title='bbox 1583 1731 1667 1777; x_wconf 91' lang='lat' dir='ltr'><strong>est</strong></span> <span class='ocrx_word' id='word_1_127' title='bbox 1711 1736 1886 1792; x_wconf 92' lang='lat' dir='ltr'><strong>super</strong></span> <span class='ocrx_word' id='word_1_128' title='bbox 1932 1737 2128 1778; x_wconf 90' lang='lat' dir='ltr'><strong>omnes</strong></span> 
     </span>
    </p>
   </div>
   <div class='ocr_carea' id='block_1_18' title="bbox 445 1807 2122 1879">
    <p class='ocr_par' dir='ltr' id='par_1_18' title="bbox 445 1807 2122 1879">
     <span class='ocr_line' id='line_1_18' title="bbox 445 1807 2122 1879; baseline 0.002 -22"><span class='ocrx_word' id='word_1_129' title='bbox 445 1831 466 1857; x_wconf 73' lang='grc' dir='ltr'>ι</span> <span class='ocrx_word' id='word_1_130' title='bbox 509 1810 635 1864; x_wconf 86' lang='lat' dir='ltr'><strong>vias</strong></span> <span class='ocrx_word' id='word_1_131' title='bbox 665 1809 809 1879; x_wconf 87' lang='lat' dir='ltr'><strong>ejus,</strong></span> <span class='ocrx_word' id='word_1_132' title='bbox 831 1815 885 1863; x_wconf 90' lang='lat' dir='ltr'><strong>et</strong></span> <span class='ocrx_word' id='word_1_133' title='bbox 922 1807 1145 1862; x_wconf 89' lang='lat' dir='ltr'><strong>insania</strong></span> <span class='ocrx_word' id='word_1_134' title='bbox 1175 1807 1232 1862; x_wconf 90' lang='lat' dir='ltr'><strong>in</strong></span> <span class='ocrx_word' id='word_1_135' title='bbox 1265 1808 1434 1862; x_wconf 92' lang='lat' dir='ltr'><strong>domo</strong></span> <span class='ocrx_word' id='word_1_136' title='bbox 1465 1807 1558 1863; x_wconf 90' lang='lat' dir='ltr'><strong>Dei</strong></span> <span class='ocrx_word' id='word_1_137' title='bbox 1590 1807 1734 1878; x_wconf 90' lang='lat' dir='ltr'><strong>ejus.</strong></span> <span class='ocrx_word' id='word_1_138' title='bbox 1773 1828 1799 1857; x_wconf 79' lang='grc' dir='ltr'><strong>υ</strong></span> <span class='ocrx_word' id='word_1_139' title='bbox 1840 1809 2122 1877; x_wconf 82' lang='lat' dir='ltr'><strong>Ephruim,</strong></span> 
     </span>
    </p>
   </div>
   <div class='ocr_carea' id='block_1_19' title="bbox 440 1895 2128 1964">
    <p class='ocr_par' dir='ltr' id='par_1_19' title="bbox 440 1895 2128 1964">
     <span class='ocr_line' id='line_1_19' title="bbox 440 1895 2128 1964; baseline -0.001 -11"><span class='ocrx_word' id='word_1_140' title='bbox 440 1897 806 1954; x_wconf 84' lang='lat' dir='ltr'><strong>voluntarius</strong></span> <span class='ocrx_word' id='word_1_141' title='bbox 831 1895 1044 1950; x_wconf 89' lang='lat' dir='ltr'><strong>scilicet</strong></span> <span class='ocrx_word' id='word_1_142' title='bbox 1092 1895 1325 1951; x_wconf 88' lang='lat' dir='ltr'><strong>habitus</strong></span> <span class='ocrx_word' id='word_1_143' title='bbox 1363 1895 1572 1951; x_wconf 90' lang='lat' dir='ltr'><strong>mentis</strong></span> <span class='ocrx_word' id='word_1_144' title='bbox 1607 1898 1914 1964; x_wconf 79' lang='lat' dir='ltr'><strong>speculator</strong></span> <span class='ocrx_word' id='word_1_145' title='bbox 1943 1897 2128 1952; x_wconf 90' lang='lat' dir='ltr'><strong>factus</strong></span> 
     </span>
    </p>
   </div>
   <div class='ocr_carea' id='block_1_20' title="bbox 438 1983 2130 2055">
    <p class='ocr_par' dir='ltr' id='par_1_20' title="bbox 438 1983 2130 2055">
     <span class='ocr_line' id='line_1_20' title="bbox 438 1983 2130 2055; baseline 0.001 -17"><span class='ocrx_word' id='word_1_146' title='bbox 438 1989 542 2049; x_wconf 88' lang='lat' dir='ltr'><strong>est,</strong></span> <span class='ocrx_word' id='word_1_147' title='bbox 577 1990 641 2039; x_wconf 94' lang='lat' dir='ltr'><strong>ut</strong></span> <span class='ocrx_word' id='word_1_148' title='bbox 685 1997 752 2038; x_wconf 91' lang='lat' dir='ltr'><strong>ea</strong></span> <span class='ocrx_word' id='word_1_149' title='bbox 785 1998 917 2054; x_wconf 78' lang='lat' dir='ltr'><strong>quae</strong></span> <span class='ocrx_word' id='word_1_150' title='bbox 965 1983 1078 2038; x_wconf 90' lang='lat' dir='ltr'><strong>Deo</strong></span> <span class='ocrx_word' id='word_1_151' title='bbox 1111 1985 1414 2054; x_wconf 83' lang='lat' dir='ltr'><strong>pertinent,</strong></span> <span class='ocrx_word' id='word_1_152' title='bbox 1458 1985 1609 2052; x_wconf 85' lang='lat' dir='ltr'><strong>velit,</strong></span> <span class='ocrx_word' id='word_1_153' title='bbox 1653 1993 1708 2040; x_wconf 87' lang='lat' dir='ltr'><strong>et</strong></span> <span class='ocrx_word' id='word_1_154' title='bbox 1737 1986 1850 2040; x_wconf 88' lang='lat' dir='ltr'><strong>Deo</strong></span> <span class='ocrx_word' id='word_1_155' title='bbox 1879 1985 2130 2055; x_wconf 88' lang='lat' dir='ltr'><strong>gerenda</strong></span> 
     </span>
    </p>
   </div>
   <div class='ocr_carea' id='block_1_21' title="bbox 438 2069 2130 2142">
    <p class='ocr_par' dir='ltr' id='par_1_21' title="bbox 438 2069 2130 2142">
     <span class='ocr_line' id='line_1_21' title="bbox 438 2069 2130 2142; baseline 0.001 -17"><span class='ocrx_word' id='word_1_156' title='bbox 438 2078 738 2140; x_wconf 88' lang='lat' dir='ltr'><strong>proponat,</strong></span> <span class='ocrx_word' id='word_1_157' title='bbox 791 2095 810 2119; x_wconf 82' lang='grc' dir='ltr'>ι</span> <span class='ocrx_word' id='word_1_158' title='bbox 859 2071 1022 2137; x_wconf 83' lang='lat' dir='ltr'><strong>velle,</strong></span> <span class='ocrx_word' id='word_1_159' title='bbox 1066 2069 1355 2140; x_wconf 88' lang='lat' dir='ltr'><strong>inquiens,</strong></span> <span class='ocrx_word' id='word_1_160' title='bbox 1407 2071 1547 2126; x_wconf 90' lang='lat' dir='ltr'><strong>mihi</strong></span> <span class='ocrx_word' id='word_1_161' title='bbox 1579 2072 1818 2142; x_wconf 88' lang='lat' dir='ltr'><strong>adjacet,</strong></span> <span class='ocrx_word' id='word_1_162' title='bbox 1862 2072 2130 2142; x_wconf 83' lang='lat' dir='ltr'><strong>perlicere</strong></span> 
     </span>
    </p>
   </div>
   <div class='ocr_carea' id='block_1_22' title="bbox 445 2158 2129 2228">
    <p class='ocr_par' dir='ltr' id='par_1_22' title="bbox 445 2158 2129 2228">
     <span class='ocr_line' id='line_1_22' title="bbox 445 2158 2129 2228; baseline -0.001 -15"><span class='ocrx_word' id='word_1_163' title='bbox 445 2181 466 2205; x_wconf 78' lang='grc' dir='ltr'><strong><em>ο</em></strong></span> <span class='ocrx_word' id='word_1_164' title='bbox 509 2173 626 2214; x_wconf 91' lang='lat' dir='ltr'><strong>non</strong></span> <span class='ocrx_word' id='word_1_165' title='bbox 673 2158 901 2214; x_wconf 88' lang='lat' dir='ltr'><strong>invenio</strong></span> <span class='ocrx_word' id='word_1_166' title='bbox 947 2160 1116 2228; x_wconf 81' lang='lat' dir='ltr'><strong>(Rom.</strong></span> <span class='ocrx_word' id='word_1_167' title='bbox 1163 2173 1262 2226; x_wconf 90' lang='lat' dir='ltr'><strong>vu,</strong></span> <span class='ocrx_word' id='word_1_168' title='bbox 1313 2161 1400 2227; x_wconf 81' lang='grc'><strong>18)</strong></span> <span class='ocrx_word' id='word_1_169' title='bbox 1456 2173 1470 2213; x_wconf 91' lang='lat'>:</span> <span class='ocrx_word' id='word_1_170' title='bbox 1523 2181 1544 2207; x_wconf 82' lang='lat'><strong>-</strong></span> <span class='ocrx_word' id='word_1_171' title='bbox 1579 2161 1849 2215; x_wconf 87' lang='lat' dir='ltr'><strong>voluntas</strong></span> <span class='ocrx_word' id='word_1_172' title='bbox 1884 2160 2038 2214; x_wconf 89' lang='lat' dir='ltr'><strong>enim</strong></span> <span class='ocrx_word' id='word_1_173' title='bbox 2072 2159 2129 2213; x_wconf 92' lang='lat' dir='ltr'><strong>in</strong></span> 
     </span>
    </p>
   </div>
   <div class='ocr_carea' id='block_1_23' title="bbox 441 2245 2128 2317">
    <p class='ocr_par' dir='ltr' id='par_1_23' title="bbox 441 2245 2128 2317">
     <span class='ocr_line' id='line_1_23' title="bbox 441 2245 2128 2317; baseline -0.001 -15"><span class='ocrx_word' id='word_1_174' title='bbox 441 2247 660 2302; x_wconf 91' lang='lat' dir='ltr'><strong>bonum</strong></span> <span class='ocrx_word' id='word_1_175' title='bbox 693 2247 752 2300; x_wconf 90' lang='lat' dir='ltr'><strong>in</strong></span> <span class='ocrx_word' id='word_1_176' title='bbox 799 2245 1112 2315; x_wconf 87' lang='lat' dir='ltr'><strong>Scripturis</strong></span> <span class='ocrx_word' id='word_1_177' title='bbox 1152 2248 1362 2315; x_wconf 78' lang='lat' dir='ltr'><strong>saepius</strong></span> <span class='ocrx_word' id='word_1_178' title='bbox 1390 2247 1691 2316; x_wconf 89' lang='lat' dir='ltr'><strong>accipitur,</strong></span> <span class='ocrx_word' id='word_1_179' title='bbox 1720 2255 1776 2302; x_wconf 91' lang='lat' dir='ltr'><strong>et</strong></span> <span class='ocrx_word' id='word_1_180' title='bbox 1822 2247 1894 2303; x_wconf 93' lang='lat' dir='ltr'><strong>ob</strong></span> <span class='ocrx_word' id='word_1_181' title='bbox 1936 2247 2128 2317; x_wconf 86' lang='lat' dir='ltr'><strong>provi-</strong></span> 
     </span>
    </p>
   </div>
   <div class='ocr_carea' id='block_1_24' title="bbox 440 2334 2132 2405">
    <p class='ocr_par' dir='ltr' id='par_1_24' title="bbox 440 2334 2132 2405">
     <span class='ocr_line' id='line_1_24' title="bbox 440 2334 2132 2405; baseline -0.001 -15"><span class='ocrx_word' id='word_1_182' title='bbox 440 2334 714 2397; x_wconf 87' lang='lat' dir='ltr'><strong>dentiam,</strong></span> <span class='ocrx_word' id='word_1_183' title='bbox 762 2349 880 2404; x_wconf 91' lang='lat' dir='ltr'><strong>qua</strong></span> <span class='ocrx_word' id='word_1_184' title='bbox 911 2342 1138 2402; x_wconf 89' lang='lat' dir='ltr'><strong>peccata</strong></span> <span class='ocrx_word' id='word_1_185' title='bbox 1183 2341 1240 2390; x_wconf 91' lang='lat' dir='ltr'><strong>et</strong></span> <span class='ocrx_word' id='word_1_186' title='bbox 1283 2335 1528 2390; x_wconf 91' lang='lat' dir='ltr'><strong>adversa</strong></span> <span class='ocrx_word' id='word_1_187' title='bbox 1573 2335 1820 2399; x_wconf 90' lang='lat' dir='ltr'><strong>olfaciat,</strong></span> <span class='ocrx_word' id='word_1_188' title='bbox 1854 2336 2132 2405; x_wconf 86' lang='lat' dir='ltr'><strong>propheta</strong></span> 
     </span>
    </p>
   </div>
   <div class='ocr_carea' id='block_1_25' title="bbox 441 2419 2130 2490">
    <p class='ocr_par' dir='ltr' id='par_1_25' title="bbox 441 2419 2130 2490">
     <span class='ocr_line' id='line_1_25' title="bbox 441 2419 2130 2490; baseline -0.001 -13"><span class='ocrx_word' id='word_1_189' title='bbox 441 2429 707 2490; x_wconf 86' lang='lat' dir='ltr'><strong>vocetur;</strong></span> <span class='ocrx_word' id='word_1_190' title='bbox 759 2429 814 2476; x_wconf 90' lang='lat' dir='ltr'><strong>et</strong></span> <span class='ocrx_word' id='word_1_191' title='bbox 859 2421 999 2490; x_wconf 91' lang='lat' dir='ltr'><strong>proh</strong></span> <span class='ocrx_word' id='word_1_192' title='bbox 1044 2419 1231 2476; x_wconf 84' lang='lat' dir='ltr'><strong>dolori</strong></span> <span class='ocrx_word' id='word_1_193' title='bbox 1283 2423 1510 2486; x_wconf 77' lang='lat' dir='ltr'><strong>laqueus</strong></span> <span class='ocrx_word' id='word_1_194' title='bbox 1563 2427 1736 2476; x_wconf 63' lang='lat' dir='ltr'><strong>ruina;</strong></span> <span class='ocrx_word' id='word_1_195' title='bbox 1793 2423 1872 2490; x_wconf 90' lang='lat' dir='ltr'><strong>lit,</strong></span> <span class='ocrx_word' id='word_1_196' title='bbox 1925 2432 1990 2478; x_wconf 92' lang='lat' dir='ltr'><strong>ut</strong></span> <span class='ocrx_word' id='word_1_197' title='bbox 2036 2437 2130 2477; x_wconf 91' lang='lat' dir='ltr'><strong>se-</strong></span> 
     </span>
    </p>
   </div>
   <div class='ocr_carea' id='block_1_26' title="bbox 443 2508 2126 2578">
    <p class='ocr_par' dir='ltr' id='par_1_26' title="bbox 443 2508 2126 2578">
     <span class='ocr_line' id='line_1_26' title="bbox 443 2508 2126 2578; baseline 0.002 -16"><span class='ocrx_word' id='word_1_198' title='bbox 443 2509 628 2577; x_wconf 91' lang='lat' dir='ltr'><strong>ipsum</strong></span> <span class='ocrx_word' id='word_1_199' title='bbox 659 2509 874 2564; x_wconf 89' lang='lat' dir='ltr'><strong>scilicet</strong></span> <span class='ocrx_word' id='word_1_200' title='bbox 912 2508 1122 2578; x_wconf 86' lang='lat' dir='ltr'><strong>illaque</strong></span> <span class='ocrx_word' id='word_1_201' title='bbox 1151 2517 1207 2565; x_wconf 90' lang='lat' dir='ltr'><strong>et</strong></span> <span class='ocrx_word' id='word_1_202' title='bbox 1243 2509 1351 2566; x_wconf 87' lang='lat' dir='ltr'><strong>sibi</strong></span> <span class='ocrx_word' id='word_1_203' title='bbox 1381 2511 1681 2566; x_wconf 90' lang='lat' dir='ltr'><strong>consilium</strong></span> <span class='ocrx_word' id='word_1_204' title='bbox 1714 2511 2126 2578; x_wconf 87' lang='lat' dir='ltr'><strong>subtrahendo,</strong></span> 
     </span>
    </p>
   </div>
   <div class='ocr_carea' id='block_1_27' title="bbox 440 2597 2124 2666">
    <p class='ocr_par' dir='ltr' id='par_1_27' title="bbox 440 2597 2124 2666">
     <span class='ocr_line' id='line_1_27' title="bbox 440 2597 2124 2666; baseline 0.001 -14"><span class='ocrx_word' id='word_1_205' title='bbox 440 2605 494 2652; x_wconf 91' lang='lat' dir='ltr'><strong>et</strong></span> <span class='ocrx_word' id='word_1_206' title='bbox 523 2597 650 2652; x_wconf 90' lang='lat' dir='ltr'><strong>aliis</strong></span> <span class='ocrx_word' id='word_1_207' title='bbox 695 2597 958 2666; x_wconf 85' lang='lat' dir='ltr'><strong>exempla</strong></span> <span class='ocrx_word' id='word_1_208' title='bbox 993 2597 1296 2666; x_wconf 86' lang='lat' dir='ltr'><strong>pravitatis</strong></span> <span class='ocrx_word' id='word_1_209' title='bbox 1332 2599 1613 2655; x_wconf 86' lang='lat' dir='ltr'><strong>attribuat</strong></span> <span class='ocrx_word' id='word_1_210' title='bbox 1641 2614 1809 2656; x_wconf 90' lang='lat' dir='ltr'><strong>ruere</strong></span> <span class='ocrx_word' id='word_1_211' title='bbox 1846 2599 2124 2655; x_wconf 89' lang='lat' dir='ltr'><strong>faciendo.</strong></span> 
     </span>
    </p>
   </div>
   <div class='ocr_carea' id='block_1_28' title="bbox 442 2685 2131 2756">
    <p class='ocr_par' dir='ltr' id='par_1_28' title="bbox 442 2685 2131 2756">
     <span class='ocr_line' id='line_1_28' title="bbox 442 2685 2131 2756; baseline 0.001 -16"><span class='ocrx_word' id='word_1_212' title='bbox 442 2685 512 2740; x_wconf 90' lang='lat' dir='ltr'><strong>Et</strong></span> <span class='ocrx_word' id='word_1_213' title='bbox 542 2685 588 2740; x_wconf 89' lang='lat' dir='ltr'><strong>is</strong></span> <span class='ocrx_word' id='word_1_214' title='bbox 633 2689 808 2739; x_wconf 70' lang='lat' dir='ltr'><strong>ruinae</strong></span> <span class='ocrx_word' id='word_1_215' title='bbox 837 2686 1062 2750; x_wconf 81' lang='lat' dir='ltr'><strong>laqueus</strong></span> <span class='ocrx_word' id='word_1_216' title='bbox 1095 2685 1156 2741; x_wconf 88' lang='lat' dir='ltr'><strong>lit</strong></span> <span class='ocrx_word' id='word_1_217' title='bbox 1195 2703 1360 2755; x_wconf 84' lang='lat' dir='ltr'><strong>super</strong></span> <span class='ocrx_word' id='word_1_218' title='bbox 1407 2704 1588 2742; x_wconf 84' lang='lat' dir='ltr'><strong>omnes</strong></span> <span class='ocrx_word' id='word_1_219' title='bbox 1633 2690 1751 2741; x_wconf 78' lang='lat' dir='ltr'><strong>uias</strong></span> <span class='ocrx_word' id='word_1_220' title='bbox 1800 2689 1937 2756; x_wconf 87' lang='lat' dir='ltr'><strong>ejus,</strong></span> <span class='ocrx_word' id='word_1_221' title='bbox 1973 2687 2131 2756; x_wconf 89' lang='lat' dir='ltr'><strong>quod</strong></span> 
     </span>
    </p>
   </div>
   <div class='ocr_carea' id='block_1_29' title="bbox 443 2772 2132 2842">
    <p class='ocr_par' dir='ltr' id='par_1_29' title="bbox 443 2772 2132 2842">
     <span class='ocr_line' id='line_1_29' title="bbox 443 2772 2132 2842; baseline 0.002 -15"><span class='ocrx_word' id='word_1_222' title='bbox 443 2787 557 2828; x_wconf 91' lang='lat' dir='ltr'><strong>non</strong></span> <span class='ocrx_word' id='word_1_223' title='bbox 587 2781 669 2828; x_wconf 90' lang='lat' dir='ltr'><strong>est</strong></span> <span class='ocrx_word' id='word_1_224' title='bbox 706 2772 864 2828; x_wconf 87' lang='lat' dir='ltr'><strong>aliud</strong></span> <span class='ocrx_word' id='word_1_225' title='bbox 904 2787 1082 2842; x_wconf 89' lang='lat' dir='ltr'><strong>quam</strong></span> <span class='ocrx_word' id='word_1_226' title='bbox 1120 2788 1274 2830; x_wconf 91' lang='lat' dir='ltr'><strong>suas.</strong></span> <span class='ocrx_word' id='word_1_227' title='bbox 1311 2775 1602 2831; x_wconf 73' lang='lat' dir='ltr'><strong>Hebraicae</strong></span> <span class='ocrx_word' id='word_1_228' title='bbox 1629 2777 1782 2831; x_wconf 91' lang='lat' dir='ltr'><strong>enim</strong></span> <span class='ocrx_word' id='word_1_229' title='bbox 1829 2776 2132 2831; x_wconf 86' lang='lat' dir='ltr'><strong>locutionis</strong></span> 
     </span>
    </p>
   </div>
   <div class='ocr_carea' id='block_1_30' title="bbox 441 2861 2132 2934">
    <p class='ocr_par' dir='ltr' id='par_1_30' title="bbox 441 2861 2132 2934">
     <span class='ocr_line' id='line_1_30' title="bbox 441 2861 2132 2934; baseline 0 -17"><span class='ocrx_word' id='word_1_230' title='bbox 441 2869 545 2927; x_wconf 87' lang='lat' dir='ltr'><strong>est,</strong></span> <span class='ocrx_word' id='word_1_231' title='bbox 586 2869 646 2917; x_wconf 91' lang='lat' dir='ltr'><strong>ut</strong></span> <span class='ocrx_word' id='word_1_232' title='bbox 673 2870 758 2916; x_wconf 89' lang='lat' dir='ltr'><strong>est</strong></span> <span class='ocrx_word' id='word_1_233' title='bbox 803 2861 943 2917; x_wconf 87' lang='lat' dir='ltr'><strong>illud</strong></span> <span class='ocrx_word' id='word_1_234' title='bbox 991 2877 1004 2916; x_wconf 87' lang='grc'>;</span> <span class='ocrx_word' id='word_1_235' title='bbox 1043 2883 1063 2910; x_wconf 75' lang='grc' dir='ltr'>ι</span> <span class='ocrx_word' id='word_1_236' title='bbox 1099 2862 1388 2932; x_wconf 67' lang='lat' dir='ltr'><strong>Ethiopia</strong></span> <span class='ocrx_word' id='word_1_237' title='bbox 1429 2865 1734 2934; x_wconf 71' lang='lat' dir='ltr'><strong>praeveniet</strong></span> <span class='ocrx_word' id='word_1_238' title='bbox 1767 2879 1975 2920; x_wconf 89' lang='lat' dir='ltr'><strong>manus</strong></span> <span class='ocrx_word' id='word_1_239' title='bbox 2004 2865 2132 2933; x_wconf 88' lang='lat' dir='ltr'><strong>ejus</strong></span> 
     </span>
    </p>
   </div>
   <div class='ocr_carea' id='block_1_31' title="bbox 443 2949 2131 3019">
    <p class='ocr_par' dir='ltr' id='par_1_31' title="bbox 443 2949 2131 3019">
     <span class='ocr_line' id='line_1_31' title="bbox 443 2949 2131 3019; baseline 0.001 -17"><span class='ocrx_word' id='word_1_240' title='bbox 443 2949 619 3018; x_wconf 87' lang='lat' dir='ltr'><strong>(Psal.</strong></span> <span class='ocrx_word' id='word_1_241' title='bbox 652 2963 828 3017; x_wconf 82' lang='lat' dir='ltr'><strong>vau,</strong></span> <span class='ocrx_word' id='word_1_242' title='bbox 860 2951 968 3019; x_wconf 77' lang='lat'><strong>32),</strong></span> <span class='ocrx_word' id='word_1_243' title='bbox 1004 2972 1031 2999; x_wconf 84' lang='lat'>»</span> <span class='ocrx_word' id='word_1_244' title='bbox 1061 2950 1116 3005; x_wconf 90' lang='lat' dir='ltr'><strong>id</strong></span> <span class='ocrx_word' id='word_1_245' title='bbox 1146 2959 1229 3007; x_wconf 90' lang='lat' dir='ltr'><strong>est</strong></span> <span class='ocrx_word' id='word_1_246' title='bbox 1258 2965 1414 3015; x_wconf 90' lang='lat' dir='ltr'><strong>suas,</strong></span> <span class='ocrx_word' id='word_1_247' title='bbox 1453 2974 1473 3000; x_wconf 77' lang='grc' dir='ltr'>ι</span> <span class='ocrx_word' id='word_1_248' title='bbox 1510 2953 1641 3019; x_wconf 90' lang='lat' dir='ltr'><strong>Deo,</strong></span> <span class='ocrx_word' id='word_1_249' title='bbox 1671 2975 1690 2999; x_wconf 86' lang='lat'><strong>-</strong></span> <span class='ocrx_word' id='word_1_250' title='bbox 1718 2968 1850 3008; x_wconf 90' lang='lat' dir='ltr'><strong>cum</strong></span> <span class='ocrx_word' id='word_1_251' title='bbox 1887 2953 1942 3006; x_wconf 92' lang='lat' dir='ltr'><strong>in</strong></span> <span class='ocrx_word' id='word_1_252' title='bbox 1971 2951 2131 3007; x_wconf 90' lang='lat' dir='ltr'><strong>omni</strong></span> 
     </span>
    </p>
   </div>
   <div class='ocr_carea' id='block_1_32' title="bbox 445 3037 2132 3109">
    <p class='ocr_par' dir='ltr' id='par_1_32' title="bbox 445 3037 2132 3109">
     <span class='ocr_line' id='line_1_32' title="bbox 445 3037 2132 3109; baseline 0.001 -17"><span class='ocrx_word' id='word_1_253' title='bbox 445 3037 754 3092; x_wconf 78' lang='lat' dir='ltr'><strong>intentione</strong></span> <span class='ocrx_word' id='word_1_254' title='bbox 801 3037 956 3109; x_wconf 85' lang='lat' dir='ltr'><strong>ejus,</strong></span> <span class='ocrx_word' id='word_1_255' title='bbox 1015 3053 1146 3108; x_wconf 65' lang='lat' dir='ltr'><strong>qua:</strong></span> <span class='ocrx_word' id='word_1_256' title='bbox 1200 3039 1305 3094; x_wconf 73' lang='lat' dir='ltr'><strong>viae</strong></span> <span class='ocrx_word' id='word_1_257' title='bbox 1363 3039 1658 3096; x_wconf 90' lang='lat' dir='ltr'><strong>interiores</strong></span> <span class='ocrx_word' id='word_1_258' title='bbox 1716 3041 1789 3095; x_wconf 91' lang='lat' dir='ltr'><strong>ad</strong></span> <span class='ocrx_word' id='word_1_259' title='bbox 1843 3041 2132 3095; x_wconf 78' lang='lat' dir='ltr'><strong>exteriora</strong></span> 
     </span>
    </p>
   </div>
   <div class='ocr_carea' id='block_1_33' title="bbox 440 3126 2211 3198">
    <p class='ocr_par' dir='ltr' id='par_1_33' title="bbox 440 3126 2211 3198">
     <span class='ocr_line' id='line_1_33' title="bbox 440 3126 2211 3198; baseline 0.003 -19"><span class='ocrx_word' id='word_1_260' title='bbox 440 3126 626 3194; x_wconf 89' lang='lat' dir='ltr'><strong>operis</strong></span> <span class='ocrx_word' id='word_1_261' title='bbox 655 3134 1024 3182; x_wconf 85' lang='lat' dir='ltr'><strong>excurrentes</strong></span> <span class='ocrx_word' id='word_1_262' title='bbox 1049 3135 1202 3192; x_wconf 91' lang='lat' dir='ltr'><strong>sunt,</strong></span> <span class='ocrx_word' id='word_1_263' title='bbox 1236 3127 1464 3182; x_wconf 88' lang='lat' dir='ltr'><strong>nonnisi</strong></span> <span class='ocrx_word' id='word_1_264' title='bbox 1495 3129 1708 3197; x_wconf 89' lang='lat' dir='ltr'><strong>peccati</strong></span> <span class='ocrx_word' id='word_1_265' title='bbox 1741 3128 1934 3198; x_wconf 90' lang='lat' dir='ltr'><strong>lapsus</strong></span> <span class='ocrx_word' id='word_1_266' title='bbox 1965 3128 2130 3182; x_wconf 91' lang='lat' dir='ltr'><strong>inve—</strong></span> <span class='ocrx_word' id='word_1_267' title='bbox 2169 3128 2211 3184; x_wconf 89' lang='lat' dir='ltr'>C</span> 
     </span>
    </p>
   </div>
   <div class='ocr_carea' id='block_1_34' title="bbox 441 3211 2131 3286">
    <p class='ocr_par' dir='ltr' id='par_1_34' title="bbox 441 3211 2131 3286">
     <span class='ocr_line' id='line_1_34' title="bbox 441 3211 2131 3286; baseline 0.002 -20"><span class='ocrx_word' id='word_1_268' title='bbox 441 3211 652 3281; x_wconf 91' lang='lat' dir='ltr'><strong>niatur,</strong></span> <span class='ocrx_word' id='word_1_269' title='bbox 699 3222 754 3269; x_wconf 91' lang='lat' dir='ltr'><strong>et</strong></span> <span class='ocrx_word' id='word_1_270' title='bbox 781 3216 967 3270; x_wconf 90' lang='lat' dir='ltr'><strong>omnis</strong></span> <span class='ocrx_word' id='word_1_271' title='bbox 1015 3215 1233 3270; x_wconf 88' lang='lat' dir='ltr'><strong>consilii</strong></span> <span class='ocrx_word' id='word_1_272' title='bbox 1265 3215 1474 3283; x_wconf 84' lang='lat' dir='ltr'><strong>aditus,</strong></span> <span class='ocrx_word' id='word_1_273' title='bbox 1509 3217 1662 3286; x_wconf 90' lang='lat' dir='ltr'><strong>quod</strong></span> <span class='ocrx_word' id='word_1_274' title='bbox 1694 3216 1980 3286; x_wconf 85' lang='lat' dir='ltr'><strong>significat</strong></span> <span class='ocrx_word' id='word_1_275' title='bbox 2009 3215 2131 3270; x_wconf 86' lang='lat' dir='ltr'><strong>col-</strong></span> 
     </span>
    </p>
   </div>
   <div class='ocr_carea' id='block_1_35' title="bbox 439 3299 2132 3372">
    <p class='ocr_par' dir='ltr' id='par_1_35' title="bbox 439 3299 2132 3372">
     <span class='ocr_line' id='line_1_35' title="bbox 439 3299 2132 3372; baseline -0.001 -16"><span class='ocrx_word' id='word_1_276' title='bbox 439 3299 581 3369; x_wconf 88' lang='lat' dir='ltr'><strong>lum,</strong></span> <span class='ocrx_word' id='word_1_277' title='bbox 611 3301 750 3372; x_wconf 91' lang='lat' dir='ltr'><strong>quia</strong></span> <span class='ocrx_word' id='word_1_278' title='bbox 783 3302 910 3358; x_wconf 91' lang='lat' dir='ltr'><strong>inde</strong></span> <span class='ocrx_word' id='word_1_279' title='bbox 941 3311 1194 3372; x_wconf 89' lang='lat' dir='ltr'><strong>permeat</strong></span> <span class='ocrx_word' id='word_1_280' title='bbox 1225 3304 1488 3371; x_wconf 86' lang='lat' dir='ltr'><strong>verbum,</strong></span> <span class='ocrx_word' id='word_1_281' title='bbox 1520 3304 1877 3360; x_wconf 90' lang='lat' dir='ltr'><strong>obstruatur.</strong></span> <span class='ocrx_word' id='word_1_282' title='bbox 1905 3304 2132 3356; x_wconf 80' lang='lat' dir='ltr'><strong>Insania</strong></span> 
     </span>
    </p>
   </div>
   <div class='ocr_carea' id='block_1_36' title="bbox 439 3389 2133 3462">
    <p class='ocr_par' dir='ltr' id='par_1_36' title="bbox 439 3389 2133 3462">
     <span class='ocr_line' id='line_1_36' title="bbox 439 3389 2133 3462; baseline 0.002 -21"><span class='ocrx_word' id='word_1_283' title='bbox 439 3391 497 3442; x_wconf 78' lang='lat' dir='ltr'><strong>in</strong></span> <span class='ocrx_word' id='word_1_284' title='bbox 523 3389 676 3443; x_wconf 85' lang='lat' dir='ltr'><strong>domo</strong></span> <span class='ocrx_word' id='word_1_285' title='bbox 704 3393 802 3444; x_wconf 87' lang='lat' dir='ltr'><strong>Dei</strong></span> <span class='ocrx_word' id='word_1_286' title='bbox 846 3391 964 3458; x_wconf 85' lang='lat' dir='ltr'><strong>ejus</strong></span> <span class='ocrx_word' id='word_1_287' title='bbox 993 3399 1096 3454; x_wconf 91' lang='lat' dir='ltr'><strong>est,</strong></span> <span class='ocrx_word' id='word_1_288' title='bbox 1128 3405 1263 3446; x_wconf 90' lang='lat' dir='ltr'><strong>cum</strong></span> <span class='ocrx_word' id='word_1_289' title='bbox 1304 3393 1616 3460; x_wconf 88' lang='lat' dir='ltr'><strong>pessimum</strong></span> <span class='ocrx_word' id='word_1_290' title='bbox 1647 3393 1774 3462; x_wconf 86' lang='lat' dir='ltr'><strong>ejus</strong></span> <span class='ocrx_word' id='word_1_291' title='bbox 1801 3391 1873 3446; x_wconf 87' lang='lat' dir='ltr'><strong>ad</strong></span> <span class='ocrx_word' id='word_1_292' title='bbox 1920 3390 2133 3446; x_wconf 88' lang='lat' dir='ltr'><strong>scelera</strong></span> 
     </span>
    </p>
   </div>
   <div class='ocr_carea' id='block_1_37' title="bbox 438 3477 2131 3548">
    <p class='ocr_par' dir='ltr' id='par_1_37' title="bbox 438 3477 2131 3548">
     <span class='ocr_line' id='line_1_37' title="bbox 438 3477 2131 3548; baseline 0.001 -18"><span class='ocrx_word' id='word_1_293' title='bbox 438 3477 716 3544; x_wconf 91' lang='lat' dir='ltr'><strong>studium,</strong></span> <span class='ocrx_word' id='word_1_294' title='bbox 743 3479 900 3546; x_wconf 91' lang='lat' dir='ltr'><strong>quod</strong></span> <span class='ocrx_word' id='word_1_295' title='bbox 937 3477 1269 3546; x_wconf 90' lang='lat' dir='ltr'><strong>principalis</strong></span> <span class='ocrx_word' id='word_1_296' title='bbox 1296 3478 1424 3548; x_wconf 91' lang='lat' dir='ltr'><strong>ejus</strong></span> <span class='ocrx_word' id='word_1_297' title='bbox 1453 3479 1779 3548; x_wconf 79' lang='lat' dir='ltr'><strong>frequentat</strong></span> <span class='ocrx_word' id='word_1_298' title='bbox 1807 3477 1865 3532; x_wconf 91' lang='lat' dir='ltr'><strong>in</strong></span> <span class='ocrx_word' id='word_1_299' title='bbox 1897 3478 2131 3532; x_wconf 89' lang='lat' dir='ltr'><strong>modum</strong></span> 
     </span>
    </p>
   </div>
   <div class='ocr_carea' id='block_1_38' title="bbox 440 3563 2133 3632">
    <p class='ocr_par' dir='ltr' id='par_1_38' title="bbox 440 3563 2133 3632">
     <span class='ocr_line' id='line_1_38' title="bbox 440 3563 2133 3632; baseline 0.002 -14"><span class='ocrx_word' id='word_1_300' title='bbox 440 3563 540 3618; x_wconf 90' lang='lat' dir='ltr'><strong>Dei</strong></span> <span class='ocrx_word' id='word_1_301' title='bbox 569 3563 833 3630; x_wconf 47' lang='lat' dir='ltr'><strong>culturas,</strong></span> <span class='ocrx_word' id='word_1_302' title='bbox 865 3564 1088 3618; x_wconf 87' lang='lat' dir='ltr'><strong>devotio</strong></span> <span class='ocrx_word' id='word_1_303' title='bbox 1118 3563 1270 3620; x_wconf 89' lang='lat' dir='ltr'><strong>intra</strong></span> <span class='ocrx_word' id='word_1_304' title='bbox 1293 3566 1530 3620; x_wconf 91' lang='lat' dir='ltr'><strong>domum</strong></span> <span class='ocrx_word' id='word_1_305' title='bbox 1552 3566 1932 3632; x_wconf 64' lang='lat' dir='ltr'><strong>conscientia},</strong></span> <span class='ocrx_word' id='word_1_306' title='bbox 1958 3565 2133 3622; x_wconf 88' lang='lat' dir='ltr'><strong>totius</strong></span> 
     </span>
    </p>
   </div>
   <div class='ocr_carea' id='block_1_39' title="bbox 441 3651 2130 3723">
    <p class='ocr_par' dir='ltr' id='par_1_39' title="bbox 441 3651 2130 3723">
     <span class='ocr_line' id='line_1_39' title="bbox 441 3651 2130 3723; baseline 0.003 -18"><span class='ocrx_word' id='word_1_307' title='bbox 441 3651 601 3720; x_wconf 90' lang='lat' dir='ltr'><strong>pensi</strong></span> <span class='ocrx_word' id='word_1_308' title='bbox 653 3658 709 3706; x_wconf 90' lang='lat' dir='ltr'><strong>et</strong></span> <span class='ocrx_word' id='word_1_309' title='bbox 737 3651 1013 3706; x_wconf 84' lang='lat' dir='ltr'><strong>moderati</strong></span> <span class='ocrx_word' id='word_1_310' title='bbox 1059 3653 1288 3720; x_wconf 91' lang='lat' dir='ltr'><strong>penitus</strong></span> <span class='ocrx_word' id='word_1_311' title='bbox 1327 3667 1536 3723; x_wconf 85' lang='lat' dir='ltr'><strong>expers</strong></span> <span class='ocrx_word' id='word_1_312' title='bbox 1585 3661 1689 3718; x_wconf 90' lang='lat' dir='ltr'><strong>est,</strong></span> <span class='ocrx_word' id='word_1_313' title='bbox 1737 3663 1792 3710; x_wconf 90' lang='lat' dir='ltr'><strong>et</strong></span> <span class='ocrx_word' id='word_1_314' title='bbox 1825 3656 1882 3709; x_wconf 89' lang='lat' dir='ltr'><strong>in</strong></span> <span class='ocrx_word' id='word_1_315' title='bbox 1913 3662 2130 3710; x_wconf 89' lang='lat' dir='ltr'><strong>tantam</strong></span> 
     </span>
    </p>
   </div>
   <div class='ocr_carea' id='block_1_40' title="bbox 439 3737 2130 3810">
    <p class='ocr_par' dir='ltr' id='par_1_40' title="bbox 439 3737 2130 3810">
     <span class='ocr_line' id='line_1_40' title="bbox 439 3737 2130 3810; baseline 0.003 -19"><span class='ocrx_word' id='word_1_316' title='bbox 439 3750 602 3791; x_wconf 91' lang='lat' dir='ltr'><strong>mens</strong></span> <span class='ocrx_word' id='word_1_317' title='bbox 647 3745 886 3805; x_wconf 89' lang='lat' dir='ltr'><strong>proruat</strong></span> <span class='ocrx_word' id='word_1_318' title='bbox 933 3737 1280 3807; x_wconf 85' lang='lat' dir='ltr'><strong>vecordiam,</strong></span> <span class='ocrx_word' id='word_1_319' title='bbox 1327 3748 1392 3795; x_wconf 92' lang='lat' dir='ltr'><strong>ut</strong></span> <span class='ocrx_word' id='word_1_320' title='bbox 1438 3749 1655 3797; x_wconf 91' lang='lat' dir='ltr'><strong>secreta</strong></span> <span class='ocrx_word' id='word_1_321' title='bbox 1695 3741 2018 3810; x_wconf 90' lang='lat' dir='ltr'><strong>cupiditas,</strong></span> <span class='ocrx_word' id='word_1_322' title='bbox 2071 3741 2130 3796; x_wconf 92' lang='lat' dir='ltr'><strong>in</strong></span> 
     </span>
    </p>
   </div>
   <div class='ocr_carea' id='block_1_41' title="bbox 441 3829 1357 3896">
    <p class='ocr_par' dir='ltr' id='par_1_41' title="bbox 441 3829 1357 3896">
     <span class='ocr_line' id='line_1_41' title="bbox 441 3829 1357 3896; baseline 0.005 -17"><span class='ocrx_word' id='word_1_323' title='bbox 441 3833 698 3894; x_wconf 87' lang='lat' dir='ltr'><strong>apertam</strong></span> <span class='ocrx_word' id='word_1_324' title='bbox 727 3834 994 3896; x_wconf 86' lang='lat' dir='ltr'><strong>erumpat</strong></span> <span class='ocrx_word' id='word_1_325' title='bbox 1023 3829 1357 3884; x_wconf 87' lang='lat' dir='ltr'><strong>amentiam.</strong></span> 
     </span>
    </p>
   </div>
   <div class='ocr_carea' id='block_1_42' title="bbox 509 3959 2131 4032">
    <p class='ocr_par' dir='ltr' id='par_1_42' title="bbox 509 3959 2131 4032">
     <span class='ocr_line' id='line_1_42' title="bbox 509 3959 2131 4032; baseline 0.003 -17"><span class='ocrx_word' id='word_1_326' title='bbox 509 3960 676 4016; x_wconf 73' lang='lat' dir='ltr'><strong>Vens.</strong></span> <span class='ocrx_word' id='word_1_327' title='bbox 710 3959 763 4012; x_wconf 92' lang='lat'><strong>9.</strong></span> <span class='ocrx_word' id='word_1_328' title='bbox 796 3987 870 4000; x_wconf 96' lang='lat'><em>—</em></span> <span class='ocrx_word' id='word_1_329' title='bbox 913 3982 934 4008; x_wconf 76' lang='grc' dir='ltr'>ι</span> <span class='ocrx_word' id='word_1_330' title='bbox 989 3961 1275 4016; x_wconf 88' lang='lat' dir='ltr'><strong>Profunde</strong></span> <span class='ocrx_word' id='word_1_331' title='bbox 1320 3970 1701 4032; x_wconf 84' lang='lat' dir='ltr'><strong>peccaverunt</strong></span> <span class='ocrx_word' id='word_1_332' title='bbox 1731 3963 1878 4018; x_wconf 91' lang='lat' dir='ltr'><strong>sicut</strong></span> <span class='ocrx_word' id='word_1_333' title='bbox 1907 3965 1964 4018; x_wconf 92' lang='lat' dir='ltr'><strong>in</strong></span> <span class='ocrx_word' id='word_1_334' title='bbox 2007 3964 2131 4020; x_wconf 87' lang='lat' dir='ltr'><strong>die-</strong></span> 
     </span>
    </p>
   </div>
   <div class='ocr_carea' id='block_1_43' title="bbox 445 4045 2131 4118">
    <p class='ocr_par' dir='ltr' id='par_1_43' title="bbox 445 4045 2131 4118">
     <span class='ocr_line' id='line_1_43' title="bbox 445 4045 2131 4118; baseline 0.002 -18"><span class='ocrx_word' id='word_1_335' title='bbox 445 4066 468 4092; x_wconf 75' lang='grc' dir='ltr'><strong><em>ι</em></strong></span> <span class='ocrx_word' id='word_1_336' title='bbox 510 4045 622 4100; x_wconf 90' lang='lat' dir='ltr'><strong>bus</strong></span> <span class='ocrx_word' id='word_1_337' title='bbox 647 4045 862 4100; x_wconf 91' lang='lat' dir='ltr'><strong>Gabaa.</strong></span> <span class='ocrx_word' id='word_1_338' title='bbox 903 4067 926 4094; x_wconf 76' lang='grc' dir='ltr'><strong><em>ι</em></strong></span> <span class='ocrx_word' id='word_1_339' title='bbox 969 4045 1260 4111; x_wconf 80' lang='lat' dir='ltr'><strong>Pro/unde</strong></span> <span class='ocrx_word' id='word_1_340' title='bbox 1290 4057 1485 4115; x_wconf 88' lang='lat' dir='ltr'><strong>peccat</strong></span> <span class='ocrx_word' id='word_1_341' title='bbox 1527 4047 1796 4117; x_wconf 90' lang='lat' dir='ltr'><strong>quisquis</strong></span> <span class='ocrx_word' id='word_1_342' title='bbox 1829 4047 1902 4102; x_wconf 91' lang='lat' dir='ltr'><strong>ad</strong></span> <span class='ocrx_word' id='word_1_343' title='bbox 1932 4061 2131 4118; x_wconf 91' lang='lat' dir='ltr'><strong>pecca-</strong></span> 
     </span>
    </p>
   </div>
   <div class='ocr_carea' id='block_1_44' title="bbox 439 4132 2132 4191">
    <p class='ocr_par' dir='ltr' id='par_1_44' title="bbox 439 4132 2132 4191">
     <span class='ocr_line' id='line_1_44' title="bbox 439 4132 2132 4191; baseline 0.001 -1"><span class='ocrx_word' id='word_1_344' title='bbox 439 4141 562 4190; x_wconf 89' lang='lat' dir='ltr'><strong>tum</strong></span> <span class='ocrx_word' id='word_1_345' title='bbox 595 4140 710 4188; x_wconf 92' lang='lat' dir='ltr'><strong>tota</strong></span> <span class='ocrx_word' id='word_1_346' title='bbox 741 4132 922 4188; x_wconf 91' lang='lat' dir='ltr'><strong>animi</strong></span> <span class='ocrx_word' id='word_1_347' title='bbox 959 4132 1368 4189; x_wconf 89' lang='lat' dir='ltr'><strong>deliberatione</strong></span> <span class='ocrx_word' id='word_1_348' title='bbox 1405 4133 1611 4190; x_wconf 88' lang='lat' dir='ltr'><strong>inhiat.</strong></span> <span class='ocrx_word' id='word_1_349' title='bbox 1660 4135 1970 4191; x_wconf 85' lang='lat' dir='ltr'><strong>Historiam</strong></span> <span class='ocrx_word' id='word_1_350' title='bbox 2019 4137 2132 4191; x_wconf 86' lang='lat' dir='ltr'><strong>Re—</strong></span> 
     </span>
    </p>
   </div>
   <div class='ocr_carea' id='block_1_45' title="bbox 441 4221 2130 4291">
    <p class='ocr_par' dir='ltr' id='par_1_45' title="bbox 441 4221 2130 4291">
     <span class='ocr_line' id='line_1_45' title="bbox 441 4221 2130 4291; baseline 0.001 -15"><span class='ocrx_word' id='word_1_351' title='bbox 441 4235 582 4291; x_wconf 89' lang='lat' dir='ltr'><strong>gum</strong></span> <span class='ocrx_word' id='word_1_352' title='bbox 641 4221 871 4276; x_wconf 90' lang='lat' dir='ltr'><strong>videtur</strong></span> <span class='ocrx_word' id='word_1_353' title='bbox 928 4228 1180 4290; x_wconf 87' lang='lat' dir='ltr'><strong>tangere,</strong></span> <span class='ocrx_word' id='word_1_354' title='bbox 1243 4223 1477 4291; x_wconf 91' lang='lat' dir='ltr'><strong>quando</strong></span> <span class='ocrx_word' id='word_1_355' title='bbox 1535 4239 1566 4278; x_wconf 94' lang='lat' dir='ltr'><strong>e</strong></span> <span class='ocrx_word' id='word_1_356' title='bbox 1623 4222 1818 4279; x_wconf 89' lang='lat' dir='ltr'><strong>Gabaa</strong></span> <span class='ocrx_word' id='word_1_357' title='bbox 1875 4223 2010 4279; x_wconf 89' lang='lat' dir='ltr'><strong>Saul</strong></span> <span class='ocrx_word' id='word_1_358' title='bbox 2071 4223 2130 4278; x_wconf 90' lang='lat' dir='ltr'><strong>in</strong></span> 
     </span>
    </p>
   </div>
   <div class='ocr_carea' id='block_1_46' title="bbox 439 4308 2130 4380">
    <p class='ocr_par' dir='ltr' id='par_1_46' title="bbox 439 4308 2130 4380">
     <span class='ocr_line' id='line_1_46' title="bbox 439 4308 2130 4380; baseline 0.001 -15"><span class='ocrx_word' id='word_1_359' title='bbox 439 4323 634 4379; x_wconf 86' lang='lat' dir='ltr'><strong>regem</strong></span> <span class='ocrx_word' id='word_1_360' title='bbox 673 4308 990 4363; x_wconf 90' lang='lat' dir='ltr'><strong>assumitur</strong></span> <span class='ocrx_word' id='word_1_361' title='bbox 1023 4308 1068 4376; x_wconf 91' lang='grc' dir='ltr'><strong>(ι</strong></span> <span class='ocrx_word' id='word_1_362' title='bbox 1107 4309 1237 4376; x_wconf 87' lang='lat' dir='ltr'><strong>Reg.</strong></span> <span class='ocrx_word' id='word_1_363' title='bbox 1266 4323 1346 4376; x_wconf 86' lang='lat' dir='ltr'><strong>xt,</strong></span> <span class='ocrx_word' id='word_1_364' title='bbox 1393 4310 1472 4377; x_wconf 78' lang='grc'><strong>4),</strong></span> <span class='ocrx_word' id='word_1_365' title='bbox 1508 4325 1739 4366; x_wconf 89' lang='lat' dir='ltr'><strong>recusso</strong></span> <span class='ocrx_word' id='word_1_366' title='bbox 1771 4311 1868 4366; x_wconf 89' lang='lat' dir='ltr'><strong>Dei</strong></span> <span class='ocrx_word' id='word_1_367' title='bbox 1891 4311 2130 4380; x_wconf 90' lang='lat' dir='ltr'><strong>imperio</strong></span> 
     </span>
    </p>
   </div>
   <div class='ocr_carea' id='block_1_47' title="bbox 2231 636 2391 684">
    <p class='ocr_par' dir='ltr' id='par_1_47' title="bbox 2231 636 2391 684">
     <span class='ocr_line' id='line_1_47' title="bbox 2231 636 2391 684; baseline -0.006 -1"><span class='ocrx_word' id='word_1_368' title='bbox 2231 636 2391 684; x_wconf 90' lang='lat' dir='ltr'><strong>strat.</strong></span> 
     </span>
    </p>
   </div>
   <div class='ocr_carea' id='block_1_48' title="bbox 2302 713 3930 780">
    <p class='ocr_par' dir='ltr' id='par_1_48' title="bbox 2302 713 3930 780">
     <span class='ocr_line' id='line_1_48' title="bbox 2302 713 3930 780; baseline -0.001 -10"><span class='ocrx_word' id='word_1_369' title='bbox 2302 714 2474 770; x_wconf 77' lang='lat' dir='ltr'><strong>Vnus.</strong></span> <span class='ocrx_word' id='word_1_370' title='bbox 2512 716 2595 766; x_wconf 78' lang='lat'><strong>10.</strong></span> <span class='ocrx_word' id='word_1_371' title='bbox 2637 744 2697 753; x_wconf 94' lang='lat'><strong>—</strong></span> <span class='ocrx_word' id='word_1_372' title='bbox 2728 735 2755 762; x_wconf 87' lang='lat'>«</span> <span class='ocrx_word' id='word_1_373' title='bbox 2785 713 2960 780; x_wconf 88' lang='lat' dir='ltr'><strong>Quasi</strong></span> <span class='ocrx_word' id='word_1_374' title='bbox 2993 729 3140 770; x_wconf 91' lang='lat' dir='ltr'><strong>uvas</strong></span> <span class='ocrx_word' id='word_1_375' title='bbox 3171 714 3228 770; x_wconf 90' lang='lat' dir='ltr'><strong>in</strong></span> <span class='ocrx_word' id='word_1_376' title='bbox 3253 715 3474 772; x_wconf 90' lang='lat' dir='ltr'><strong>deserto</strong></span> <span class='ocrx_word' id='word_1_377' title='bbox 3507 715 3706 771; x_wconf 91' lang='lat' dir='ltr'><strong>inveni</strong></span> <span class='ocrx_word' id='word_1_378' title='bbox 3731 714 3930 770; x_wconf 78' lang='lat' dir='ltr'><strong>Israel</strong></span> 
     </span>
    </p>
   </div>
   <div class='ocr_carea' id='block_1_49' title="bbox 2232 800 3930 873">
    <p class='ocr_par' dir='ltr' id='par_1_49' title="bbox 2232 800 3930 873">
     <span class='ocr_line' id='line_1_49' title="bbox 2232 800 3930 873; baseline 0 -17"><span class='ocrx_word' id='word_1_379' title='bbox 2232 823 2260 851; x_wconf 87' lang='lat'>»</span> <span class='ocrx_word' id='word_1_380' title='bbox 2302 800 2466 871; x_wconf 92' lang='lat' dir='ltr'><strong>quasi</strong></span> <span class='ocrx_word' id='word_1_381' title='bbox 2486 801 2670 869; x_wconf 90' lang='lat' dir='ltr'><strong>prima</strong></span> <span class='ocrx_word' id='word_1_382' title='bbox 2683 801 3121 870; x_wconf 68' lang='lat' dir='ltr'><strong>pomaliculneaa</strong></span> <span class='ocrx_word' id='word_1_383' title='bbox 3145 802 3201 856; x_wconf 91' lang='lat' dir='ltr'><strong>in</strong></span> <span class='ocrx_word' id='word_1_384' title='bbox 3229 803 3528 858; x_wconf 90' lang='lat' dir='ltr'><strong>cacumine</strong></span> <span class='ocrx_word' id='word_1_385' title='bbox 3549 804 3682 873; x_wconf 85' lang='lat' dir='ltr'><strong>ejus</strong></span> <span class='ocrx_word' id='word_1_386' title='bbox 3703 803 3822 858; x_wconf 89' lang='lat' dir='ltr'><strong>vidi</strong></span> <span class='ocrx_word' id='word_1_387' title='bbox 3845 817 3930 872; x_wconf 85' lang='lat' dir='ltr'><strong>pa</strong></span> 
     </span>
    </p>
   </div>
   <div class='ocr_carea' id='block_1_50' title="bbox 2234 889 3930 954">
    <p class='ocr_par' dir='ltr' id='par_1_50' title="bbox 2234 889 3930 954">
     <span class='ocr_line' id='line_1_50' title="bbox 2234 889 3930 954; baseline 0.001 -11"><span class='ocrx_word' id='word_1_388' title='bbox 2234 911 2261 936; x_wconf 86' lang='grc'><strong>››</strong></span> <span class='ocrx_word' id='word_1_389' title='bbox 2303 899 2419 944; x_wconf 91' lang='lat' dir='ltr'><strong>tres</strong></span> <span class='ocrx_word' id='word_1_390' title='bbox 2446 902 2670 943; x_wconf 91' lang='lat' dir='ltr'><strong>eorum.</strong></span> <span class='ocrx_word' id='word_1_391' title='bbox 2707 911 2726 936; x_wconf 77' lang='grc' dir='ltr'>ι</span> <span class='ocrx_word' id='word_1_392' title='bbox 2753 889 2922 954; x_wconf 80' lang='lat' dir='ltr'><strong>Quasi</strong></span> <span class='ocrx_word' id='word_1_393' title='bbox 2949 904 3077 945; x_wconf 78' lang='lat' dir='ltr'><strong>uvze</strong></span> <span class='ocrx_word' id='word_1_394' title='bbox 3107 891 3162 943; x_wconf 86' lang='lat' dir='ltr'><strong>in</strong></span> <span class='ocrx_word' id='word_1_395' title='bbox 3185 890 3394 945; x_wconf 82' lang='lat' dir='ltr'><strong>deserto</strong></span> <span class='ocrx_word' id='word_1_396' title='bbox 3413 892 3588 945; x_wconf 81' lang='lat' dir='ltr'><strong>Israel</strong></span> <span class='ocrx_word' id='word_1_397' title='bbox 3608 891 3930 947; x_wconf 86' lang='lat' dir='ltr'><strong>invenitur</strong></span> 
     </span>
    </p>
   </div>
   <div class='ocr_carea' id='block_1_51' title="bbox 2231 977 3930 1046">
    <p class='ocr_par' dir='ltr' id='par_1_51' title="bbox 2231 977 3930 1046">
     <span class='ocr_line' id='line_1_51' title="bbox 2231 977 3930 1046; baseline 0 -14"><span class='ocrx_word' id='word_1_398' title='bbox 2231 992 2364 1032; x_wconf 90' lang='lat' dir='ltr'><strong>cum</strong></span> <span class='ocrx_word' id='word_1_399' title='bbox 2393 977 2685 1046; x_wconf 86' lang='lat' dir='ltr'><strong>dispersus</strong></span> <span class='ocrx_word' id='word_1_400' title='bbox 2714 991 2747 1031; x_wconf 91' lang='lat' dir='ltr'><strong>a</strong></span> <span class='ocrx_word' id='word_1_401' title='bbox 2775 979 2958 1046; x_wconf 85' lang='lat' dir='ltr'><strong>seipse</strong></span> <span class='ocrx_word' id='word_1_402' title='bbox 2988 979 3237 1033; x_wconf 89' lang='lat' dir='ltr'><strong>carnalis</strong></span> <span class='ocrx_word' id='word_1_403' title='bbox 3263 987 3456 1034; x_wconf 88' lang='lat' dir='ltr'><strong>noster</strong></span> <span class='ocrx_word' id='word_1_404' title='bbox 3475 977 3722 1034; x_wconf 72' lang='lat' dir='ltr'><strong>allectus</strong></span> <span class='ocrx_word' id='word_1_405' title='bbox 3752 980 3930 1034; x_wconf 84' lang='lat' dir='ltr'><strong>divin</strong></span> 
     </span>
    </p>
   </div>
   <div class='ocr_carea' id='block_1_52' title="bbox 2232 1065 3926 1136">
    <p class='ocr_par' dir='ltr' id='par_1_52' title="bbox 2232 1065 3926 1136">
     <span class='ocr_line' id='line_1_52' title="bbox 2232 1065 3926 1136; baseline -0.001 -16"><span class='ocrx_word' id='word_1_406' title='bbox 2232 1065 2456 1120; x_wconf 90' lang='lat' dir='ltr'><strong>timoris</strong></span> <span class='ocrx_word' id='word_1_407' title='bbox 2485 1065 2830 1134; x_wconf 88' lang='lat' dir='ltr'><strong>aspiratione</strong></span> <span class='ocrx_word' id='word_1_408' title='bbox 2859 1065 3174 1136; x_wconf 83' lang='lat' dir='ltr'><strong>colligitur;</strong></span> <span class='ocrx_word' id='word_1_409' title='bbox 3205 1073 3260 1121; x_wconf 91' lang='lat' dir='ltr'><strong>et</strong></span> <span class='ocrx_word' id='word_1_410' title='bbox 3291 1071 3451 1132; x_wconf 80' lang='lat' dir='ltr'><strong>quasi</strong></span> <span class='ocrx_word' id='word_1_411' title='bbox 3479 1080 3598 1122; x_wconf 88' lang='lat' dir='ltr'><strong>uva</strong></span> <span class='ocrx_word' id='word_1_412' title='bbox 3625 1071 3688 1120; x_wconf 81' lang='lat' dir='ltr'><strong>in</strong></span> <span class='ocrx_word' id='word_1_413' title='bbox 3721 1067 3926 1120; x_wconf 75' lang='lat' dir='ltr'><strong>desert</strong></span> 
     </span>
    </p>
   </div>
   <div class='ocr_carea' id='block_1_53' title="bbox 2233 1151 3930 1223">
    <p class='ocr_par' dir='ltr' id='par_1_53' title="bbox 2233 1151 3930 1223">
     <span class='ocr_line' id='line_1_53' title="bbox 2233 1151 3930 1223; baseline 0.001 -16"><span class='ocrx_word' id='word_1_414' title='bbox 2233 1152 2538 1222; x_wconf 91' lang='lat' dir='ltr'><strong>reperitur,</strong></span> <span class='ocrx_word' id='word_1_415' title='bbox 2570 1167 2704 1207; x_wconf 91' lang='lat' dir='ltr'><strong>cum</strong></span> <span class='ocrx_word' id='word_1_416' title='bbox 2752 1151 2811 1207; x_wconf 91' lang='lat' dir='ltr'><strong>in</strong></span> <span class='ocrx_word' id='word_1_417' title='bbox 2841 1153 3091 1208; x_wconf 90' lang='lat' dir='ltr'><strong>desolata</strong></span> <span class='ocrx_word' id='word_1_418' title='bbox 3129 1154 3424 1223; x_wconf 90' lang='lat' dir='ltr'><strong>quondam</strong></span> <span class='ocrx_word' id='word_1_419' title='bbox 3464 1161 3654 1210; x_wconf 90' lang='lat' dir='ltr'><strong>mente</strong></span> <span class='ocrx_word' id='word_1_420' title='bbox 3687 1153 3930 1210; x_wconf 67' lang='lat' dir='ltr'><strong>interna</strong></span> 
     </span>
    </p>
   </div>
   <div class='ocr_carea' id='block_1_54' title="bbox 2232 1240 3930 1310">
    <p class='ocr_par' dir='ltr' id='par_1_54' title="bbox 2232 1240 3930 1310">
     <span class='ocr_line' id='line_1_54' title="bbox 2232 1240 3930 1310; baseline -0.002 -14"><span class='ocrx_word' id='word_1_421' title='bbox 2232 1241 2692 1310; x_wconf 90' lang='lat' dir='ltr'><strong>compunctionis</strong></span> <span class='ocrx_word' id='word_1_422' title='bbox 2729 1241 2970 1296; x_wconf 91' lang='lat' dir='ltr'><strong>dulcedo</strong></span> <span class='ocrx_word' id='word_1_423' title='bbox 3019 1243 3284 1296; x_wconf 91' lang='lat' dir='ltr'><strong>sentitur.</strong></span> <span class='ocrx_word' id='word_1_424' title='bbox 3337 1240 3512 1308; x_wconf 89' lang='lat' dir='ltr'><strong>Quasi</strong></span> <span class='ocrx_word' id='word_1_425' title='bbox 3538 1246 3729 1310; x_wconf 80' lang='lat' dir='ltr'><strong>prima</strong></span> <span class='ocrx_word' id='word_1_426' title='bbox 3769 1259 3930 1310; x_wconf 78' lang='lat' dir='ltr'><strong>pem.</strong></span> 
     </span>
    </p>
   </div>
   <div class='ocr_carea' id='block_1_55' title="bbox 2230 1329 3930 1398">
    <p class='ocr_par' dir='ltr' id='par_1_55' title="bbox 2230 1329 3930 1398">
     <span class='ocr_line' id='line_1_55' title="bbox 2230 1329 3930 1398; baseline 0 -17"><span class='ocrx_word' id='word_1_427' title='bbox 2230 1331 2471 1398; x_wconf 75' lang='lat' dir='ltr'><strong>ﬁculneae</strong></span> <span class='ocrx_word' id='word_1_428' title='bbox 2515 1338 2704 1398; x_wconf 89' lang='lat' dir='ltr'><strong>patres</strong></span> <span class='ocrx_word' id='word_1_429' title='bbox 2765 1329 3073 1396; x_wconf 89' lang='lat' dir='ltr'><strong>videntur,</strong></span> <span class='ocrx_word' id='word_1_430' title='bbox 3123 1344 3254 1384; x_wconf 91' lang='lat' dir='ltr'><strong>cum</strong></span> <span class='ocrx_word' id='word_1_431' title='bbox 3304 1338 3494 1384; x_wconf 88' lang='lat' dir='ltr'><strong>motus</strong></span> <span class='ocrx_word' id='word_1_432' title='bbox 3540 1330 3867 1386; x_wconf 86' lang='lat' dir='ltr'><strong>rationales</strong></span> <span class='ocrx_word' id='word_1_433' title='bbox 3927 1369 3930 1381; x_wconf 78' lang='lat'><strong>.</strong></span> 
     </span>
    </p>
   </div>
   <div class='ocr_carea' id='block_1_56' title="bbox 2232 1416 3905 1486">
    <p class='ocr_par' dir='ltr' id='par_1_56' title="bbox 2232 1416 3905 1486">
     <span class='ocr_line' id='line_1_56' title="bbox 2232 1416 3905 1486; baseline 0.001 -15"><span class='ocrx_word' id='word_1_434' title='bbox 2232 1417 2448 1486; x_wconf 90' lang='lat' dir='ltr'><strong>quibus</strong></span> <span class='ocrx_word' id='word_1_435' title='bbox 2499 1417 2975 1473; x_wconf 77' lang='lat' dir='ltr'><strong>alfectualitatum</strong></span> <span class='ocrx_word' id='word_1_436' title='bbox 3047 1416 3488 1486; x_wconf 85' lang='lat' dir='ltr'><strong>intemperantia</strong></span> <span class='ocrx_word' id='word_1_437' title='bbox 3539 1418 3905 1473; x_wconf 85' lang='lat' dir='ltr'><strong>moderatur</strong></span> 
     </span>
    </p>
   </div>
   <div class='ocr_carea' id='block_1_57' title="bbox 2234 1505 3930 1574">
    <p class='ocr_par' dir='ltr' id='par_1_57' title="bbox 2234 1505 3930 1574">
     <span class='ocr_line' id='line_1_57' title="bbox 2234 1505 3930 1574; baseline 0 -14"><span class='ocrx_word' id='word_1_438' title='bbox 2234 1505 2485 1574; x_wconf 91' lang='lat' dir='ltr'><strong>primum</strong></span> <span class='ocrx_word' id='word_1_439' title='bbox 2520 1505 2617 1560; x_wconf 91' lang='lat' dir='ltr'><strong>Dei</strong></span> <span class='ocrx_word' id='word_1_440' title='bbox 2650 1506 2858 1574; x_wconf 87' lang='lat' dir='ltr'><strong>illapsu</strong></span> <span class='ocrx_word' id='word_1_441' title='bbox 2887 1519 2960 1561; x_wconf 88' lang='lat' dir='ltr'><strong>ex</strong></span> <span class='ocrx_word' id='word_1_442' title='bbox 2991 1506 3170 1561; x_wconf 89' lang='lat' dir='ltr'><strong>veteri</strong></span> <span class='ocrx_word' id='word_1_443' title='bbox 3205 1519 3313 1560; x_wconf 89' lang='lat' dir='ltr'><strong>sua</strong></span> <span class='ocrx_word' id='word_1_444' title='bbox 3342 1505 3652 1560; x_wconf 89' lang='lat' dir='ltr'><strong>acerbitate</strong></span> <span class='ocrx_word' id='word_1_445' title='bbox 3685 1506 3930 1560; x_wconf 74' lang='lat' dir='ltr'><strong>reducti</strong></span> 
     </span>
    </p>
   </div>
   <div class='ocr_carea' id='block_1_58' title="bbox 2235 1592 3929 1662">
    <p class='ocr_par' dir='ltr' id='par_1_58' title="bbox 2235 1592 3929 1662">
     <span class='ocr_line' id='line_1_58' title="bbox 2235 1592 3929 1662; baseline -0.001 -15"><span class='ocrx_word' id='word_1_446' title='bbox 2235 1593 2567 1648; x_wconf 89' lang='lat' dir='ltr'><strong>maturitate</strong></span> <span class='ocrx_word' id='word_1_447' title='bbox 2623 1596 2796 1648; x_wconf 90' lang='lat' dir='ltr'><strong>menti</strong></span> <span class='ocrx_word' id='word_1_448' title='bbox 2857 1593 3037 1648; x_wconf 89' lang='lat' dir='ltr'><strong>indita</strong></span> <span class='ocrx_word' id='word_1_449' title='bbox 3092 1592 3491 1648; x_wconf 88' lang='lat' dir='ltr'><strong>dulcorantur.</strong></span> <span class='ocrx_word' id='word_1_450' title='bbox 3555 1593 3691 1648; x_wconf 76' lang='lat' dir='ltr'><strong>Hzec</strong></span> <span class='ocrx_word' id='word_1_451' title='bbox 3745 1600 3929 1662; x_wconf 76' lang='lat' dir='ltr'><strong>prim</strong></span> 
     </span>
    </p>
   </div>
   <div class='ocr_carea' id='block_1_59' title="bbox 2227 1680 3928 1750">
    <p class='ocr_par' dir='ltr' id='par_1_59' title="bbox 2227 1680 3928 1750">
     <span class='ocr_line' id='line_1_59' title="bbox 2227 1680 3928 1750; baseline 0.002 -17"><span class='ocrx_word' id='word_1_452' title='bbox 2227 1697 2392 1749; x_wconf 87' lang='lat' dir='ltr'><strong>poma</strong></span> <span class='ocrx_word' id='word_1_453' title='bbox 2420 1685 2475 1733; x_wconf 86' lang='lat' dir='ltr'><strong>in</strong></span> <span class='ocrx_word' id='word_1_454' title='bbox 2521 1685 2794 1734; x_wconf 82' lang='lat' dir='ltr'><strong>cacumine</strong></span> <span class='ocrx_word' id='word_1_455' title='bbox 2825 1682 3194 1750; x_wconf 88' lang='lat' dir='ltr'><strong>reperiuntur</strong></span> <span class='ocrx_word' id='word_1_456' title='bbox 3237 1681 3378 1750; x_wconf 92' lang='lat' dir='ltr'><strong>quia</strong></span> <span class='ocrx_word' id='word_1_457' title='bbox 3410 1680 3760 1750; x_wconf 90' lang='lat' dir='ltr'><strong>principalia</strong></span> <span class='ocrx_word' id='word_1_458' title='bbox 3806 1697 3928 1736; x_wconf 83' lang='lat' dir='ltr'><strong>cor</strong></span> 
     </span>
    </p>
   </div>
   <div class='ocr_carea' id='block_1_60' title="bbox 2236 1769 3930 1839">
    <p class='ocr_par' dir='ltr' id='par_1_60' title="bbox 2236 1769 3930 1839">
     <span class='ocr_line' id='line_1_60' title="bbox 2236 1769 3930 1839; baseline 0.001 -17"><span class='ocrx_word' id='word_1_459' title='bbox 2236 1769 2324 1822; x_wconf 91' lang='lat' dir='ltr'><strong>dis</strong></span> <span class='ocrx_word' id='word_1_460' title='bbox 2374 1769 2552 1824; x_wconf 89' lang='lat' dir='ltr'><strong>nostri</strong></span> <span class='ocrx_word' id='word_1_461' title='bbox 2581 1769 2773 1824; x_wconf 91' lang='lat' dir='ltr'><strong>studia</strong></span> <span class='ocrx_word' id='word_1_462' title='bbox 2821 1770 2878 1823; x_wconf 92' lang='lat' dir='ltr'><strong>in</strong></span> <span class='ocrx_word' id='word_1_463' title='bbox 2933 1769 3247 1824; x_wconf 88' lang='lat' dir='ltr'><strong>intentione</strong></span> <span class='ocrx_word' id='word_1_464' title='bbox 3277 1782 3551 1838; x_wconf 89' lang='lat' dir='ltr'><strong>superna,</strong></span> <span class='ocrx_word' id='word_1_465' title='bbox 3602 1783 3738 1839; x_wconf 66' lang='lat' dir='ltr'><strong>qua;</strong></span> <span class='ocrx_word' id='word_1_466' title='bbox 3789 1770 3930 1824; x_wconf 86' lang='lat' dir='ltr'><strong>inte</strong></span> 
     </span>
    </p>
   </div>
   <div class='ocr_carea' id='block_1_61' title="bbox 2168 1839 3930 1926">
    <p class='ocr_par' dir='ltr' id='par_1_61' title="bbox 2168 1839 3930 1926">
     <span class='ocr_line' id='line_1_61' title="bbox 2168 1839 3930 1926; baseline 0 -17"><span class='ocrx_word' id='word_1_467' title='bbox 2168 1839 2206 1892; x_wconf 79' lang='grc' dir='ltr'><strong>Β</strong></span> <span class='ocrx_word' id='word_1_468' title='bbox 2238 1857 2480 1911; x_wconf 91' lang='lat' dir='ltr'><strong>rioritati</strong></span> <span class='ocrx_word' id='word_1_469' title='bbox 2513 1866 2719 1911; x_wconf 74' lang='lat' dir='ltr'><strong>nostrae</strong></span> <span class='ocrx_word' id='word_1_470' title='bbox 2758 1855 3116 1926; x_wconf 82' lang='lat' dir='ltr'><strong>dignoscitur</strong></span> <span class='ocrx_word' id='word_1_471' title='bbox 3143 1856 3533 1926; x_wconf 56' lang='lat' dir='ltr'><strong>praeeminere,</strong></span> <span class='ocrx_word' id='word_1_472' title='bbox 3583 1855 3930 1910; x_wconf 78' lang='lat' dir='ltr'><strong>fundantur</strong></span> 
     </span>
    </p>
   </div>
   <div class='ocr_carea' id='block_1_62' title="bbox 2235 1942 3922 2014">
    <p class='ocr_par' dir='ltr' id='par_1_62' title="bbox 2235 1942 3922 2014">
     <span class='ocr_line' id='line_1_62' title="bbox 2235 1942 3922 2014; baseline -0.001 -17"><span class='ocrx_word' id='word_1_473' title='bbox 2235 1949 2385 1998; x_wconf 67' lang='grc' dir='ltr'><strong>τω</strong></span> <span class='ocrx_word' id='word_1_474' title='bbox 2417 1944 2640 1998; x_wconf 90' lang='lat' dir='ltr'><strong>lsraelis</strong></span> <span class='ocrx_word' id='word_1_475' title='bbox 2681 1959 2820 2014; x_wconf 88' lang='lat' dir='ltr'><strong>ergo</strong></span> <span class='ocrx_word' id='word_1_476' title='bbox 2865 1951 3003 1998; x_wconf 89' lang='lat' dir='ltr'><strong>sunt</strong></span> <span class='ocrx_word' id='word_1_477' title='bbox 3035 1951 3224 2013; x_wconf 90' lang='lat' dir='ltr'><strong>patres</strong></span> <span class='ocrx_word' id='word_1_478' title='bbox 3265 1951 3508 1998; x_wconf 75' lang='lat' dir='ltr'><strong>maturae</strong></span> <span class='ocrx_word' id='word_1_479' title='bbox 3550 1942 3800 1998; x_wconf 87' lang='lat' dir='ltr'><strong>rationis</strong></span> <span class='ocrx_word' id='word_1_480' title='bbox 3834 1946 3922 1998; x_wconf 81' lang='lat' dir='ltr'><strong>ha</strong></span> 
     </span>
    </p>
   </div>
   <div class='ocr_carea' id='block_1_63' title="bbox 2238 2029 3930 2100">
    <p class='ocr_par' dir='ltr' id='par_1_63' title="bbox 2238 2029 3930 2100">
     <span class='ocr_line' id='line_1_63' title="bbox 2238 2029 3930 2100; baseline 0 -15"><span class='ocrx_word' id='word_1_481' title='bbox 2238 2031 2410 2098; x_wconf 88' lang='lat' dir='ltr'><strong>bitus,</strong></span> <span class='ocrx_word' id='word_1_482' title='bbox 2441 2031 2542 2100; x_wconf 93' lang='lat' dir='ltr'><strong>qui</strong></span> <span class='ocrx_word' id='word_1_483' title='bbox 2592 2030 2714 2100; x_wconf 92' lang='lat' dir='ltr'><strong>pias</strong></span> <span class='ocrx_word' id='word_1_484' title='bbox 2745 2038 3024 2100; x_wconf 80' lang='lat' dir='ltr'><strong>generant</strong></span> <span class='ocrx_word' id='word_1_485' title='bbox 3073 2029 3418 2086; x_wconf 81' lang='lat' dir='ltr'><strong>affectiones.</strong></span> <span class='ocrx_word' id='word_1_486' title='bbox 3471 2030 3578 2086; x_wconf 83' lang='lat' dir='ltr'><strong>Per</strong></span> <span class='ocrx_word' id='word_1_487' title='bbox 3624 2030 3930 2085; x_wconf 82' lang='lat' dir='ltr'><strong>ticulnean</strong></span> 
     </span>
    </p>
   </div>
   <div class='ocr_carea' id='block_1_64' title="bbox 2236 2118 3930 2188">
    <p class='ocr_par' dir='ltr' id='par_1_64' title="bbox 2236 2118 3930 2188">
     <span class='ocr_line' id='line_1_64' title="bbox 2236 2118 3930 2188; baseline -0.002 -14"><span class='ocrx_word' id='word_1_488' title='bbox 2236 2133 2399 2174; x_wconf 88' lang='lat' dir='ltr'><strong>amor</strong></span> <span class='ocrx_word' id='word_1_489' title='bbox 2427 2119 2672 2188; x_wconf 83' lang='lat' dir='ltr'><strong>proximi</strong></span> <span class='ocrx_word' id='word_1_490' title='bbox 2710 2119 2769 2173; x_wconf 91' lang='lat' dir='ltr'><strong>in</strong></span> <span class='ocrx_word' id='word_1_491' title='bbox 2813 2119 3124 2188; x_wconf 89' lang='lat' dir='ltr'><strong>Scripturis</strong></span> <span class='ocrx_word' id='word_1_492' title='bbox 3153 2119 3452 2187; x_wconf 89' lang='lat' dir='ltr'><strong>accipitur,</strong></span> <span class='ocrx_word' id='word_1_493' title='bbox 3485 2118 3632 2173; x_wconf 90' lang='lat' dir='ltr'><strong>sicut</strong></span> <span class='ocrx_word' id='word_1_494' title='bbox 3673 2119 3734 2172; x_wconf 90' lang='lat' dir='ltr'><strong>in</strong></span> <span class='ocrx_word' id='word_1_495' title='bbox 3767 2120 3930 2172; x_wconf 83' lang='lat' dir='ltr'><strong>vine.</strong></span> 
     </span>
    </p>
   </div>
   <div class='ocr_carea' id='block_1_65' title="bbox 2235 2207 3926 2277">
    <p class='ocr_par' dir='ltr' id='par_1_65' title="bbox 2235 2207 3926 2277">
     <span class='ocr_line' id='line_1_65' title="bbox 2235 2207 3926 2277; baseline -0.001 -15"><span class='ocrx_word' id='word_1_496' title='bbox 2235 2221 2397 2262; x_wconf 85' lang='lat' dir='ltr'><strong>amor</strong></span> <span class='ocrx_word' id='word_1_497' title='bbox 2439 2207 2536 2262; x_wconf 91' lang='lat' dir='ltr'><strong>Dei</strong></span> <span class='ocrx_word' id='word_1_498' title='bbox 2569 2207 2937 2277; x_wconf 82' lang='lat' dir='ltr'><strong>exprimitur.</strong></span> <span class='ocrx_word' id='word_1_499' title='bbox 2972 2207 3168 2260; x_wconf 83' lang='lat' dir='ltr'><strong>Prima</strong></span> <span class='ocrx_word' id='word_1_500' title='bbox 3205 2221 3342 2276; x_wconf 90' lang='lat' dir='ltr'><strong>ergo</strong></span> <span class='ocrx_word' id='word_1_501' title='bbox 3363 2221 3528 2274; x_wconf 84' lang='lat' dir='ltr'><strong>poma</strong></span> <span class='ocrx_word' id='word_1_502' title='bbox 3555 2207 3810 2274; x_wconf 75' lang='lat' dir='ltr'><strong>ﬁculneae</strong></span> <span class='ocrx_word' id='word_1_503' title='bbox 3841 2222 3926 2276; x_wconf 90' lang='lat' dir='ltr'><strong>po</strong></span> 
     </span>
    </p>
   </div>
   <div class='ocr_carea' id='block_1_66' title="bbox 2236 2295 3930 2363">
    <p class='ocr_par' dir='ltr' id='par_1_66' title="bbox 2236 2295 3930 2363">
     <span class='ocr_line' id='line_1_66' title="bbox 2236 2295 3930 2363; baseline -0.003 -13"><span class='ocrx_word' id='word_1_504' title='bbox 2236 2296 2382 2350; x_wconf 90' lang='lat' dir='ltr'><strong>tiora</strong></span> <span class='ocrx_word' id='word_1_505' title='bbox 2453 2302 2588 2350; x_wconf 88' lang='lat' dir='ltr'><strong>sunt</strong></span> <span class='ocrx_word' id='word_1_506' title='bbox 2655 2295 2929 2350; x_wconf 86' lang='lat' dir='ltr'><strong>exercitia</strong></span> <span class='ocrx_word' id='word_1_507' title='bbox 2989 2295 3412 2350; x_wconf 67' lang='lat' dir='ltr'><strong>misericordiae.</strong></span> <span class='ocrx_word' id='word_1_508' title='bbox 3482 2295 3673 2348; x_wconf 84' lang='lat' dir='ltr'><strong>Patres</strong></span> <span class='ocrx_word' id='word_1_509' title='bbox 3739 2295 3930 2363; x_wconf 69' lang='lat' dir='ltr'><strong>itaqu.</strong></span> 
     </span>
    </p>
   </div>
   <div class='ocr_carea' id='block_1_67' title="bbox 2239 2381 3930 2452">
    <p class='ocr_par' dir='ltr' id='par_1_67' title="bbox 2239 2381 3930 2452">
     <span class='ocr_line' id='line_1_67' title="bbox 2239 2381 3930 2452; baseline 0 -14"><span class='ocrx_word' id='word_1_510' title='bbox 2239 2383 2436 2452; x_wconf 88' lang='lat' dir='ltr'><strong>primis</strong></span> <span class='ocrx_word' id='word_1_511' title='bbox 2495 2381 2752 2438; x_wconf 61' lang='lat' dir='ltr'><strong>ficulneae</strong></span> <span class='ocrx_word' id='word_1_512' title='bbox 2801 2397 2983 2452; x_wconf 79' lang='lat' dir='ltr'><strong>pomis</strong></span> <span class='ocrx_word' id='word_1_513' title='bbox 3033 2383 3417 2451; x_wconf 90' lang='lat' dir='ltr'><strong>adaptantur,</strong></span> <span class='ocrx_word' id='word_1_514' title='bbox 3478 2383 3617 2452; x_wconf 92' lang='lat' dir='ltr'><strong>quia</strong></span> <span class='ocrx_word' id='word_1_515' title='bbox 3679 2385 3930 2452; x_wconf 88' lang='lat' dir='ltr'><strong>pritnun</strong></span> 
     </span>
    </p>
   </div>
   <div class='ocr_carea' id='block_1_68' title="bbox 2237 2469 3930 2540">
    <p class='ocr_par' dir='ltr' id='par_1_68' title="bbox 2237 2469 3930 2540">
     <span class='ocr_line' id='line_1_68' title="bbox 2237 2469 3930 2540; baseline 0 -14"><span class='ocrx_word' id='word_1_516' title='bbox 2237 2472 2514 2526; x_wconf 82' lang='lat' dir='ltr'><strong>fratribus</strong></span> <span class='ocrx_word' id='word_1_517' title='bbox 2557 2485 2703 2540; x_wconf 91' lang='lat' dir='ltr'><strong>quos</strong></span> <span class='ocrx_word' id='word_1_518' title='bbox 2733 2471 2995 2526; x_wconf 89' lang='lat' dir='ltr'><strong>videmus</strong></span> <span class='ocrx_word' id='word_1_519' title='bbox 3038 2469 3311 2525; x_wconf 78' lang='lat' dir='ltr'><strong>beneficia</strong></span> <span class='ocrx_word' id='word_1_520' title='bbox 3363 2470 3692 2539; x_wconf 88' lang='lat' dir='ltr'><strong>impendere</strong></span> <span class='ocrx_word' id='word_1_521' title='bbox 3723 2473 3930 2526; x_wconf 85' lang='lat' dir='ltr'><strong>suade-</strong></span> 
     </span>
    </p>
   </div>
   <div class='ocr_carea' id='block_1_69' title="bbox 2237 2558 3930 2628">
    <p class='ocr_par' dir='ltr' id='par_1_69' title="bbox 2237 2558 3930 2628">
     <span class='ocr_line' id='line_1_69' title="bbox 2237 2558 3930 2628; baseline 0 -15"><span class='ocrx_word' id='word_1_522' title='bbox 2237 2572 2387 2621; x_wconf 89' lang='lat' dir='ltr'><strong>mur,</strong></span> <span class='ocrx_word' id='word_1_523' title='bbox 2428 2565 2488 2612; x_wconf 87' lang='lat' dir='ltr'><strong>ttt</strong></span> <span class='ocrx_word' id='word_1_524' title='bbox 2526 2559 2727 2624; x_wconf 87' lang='lat' dir='ltr'><strong>Deum,</strong></span> <span class='ocrx_word' id='word_1_525' title='bbox 2779 2572 2954 2626; x_wconf 88' lang='lat' dir='ltr'><strong>quem</strong></span> <span class='ocrx_word' id='word_1_526' title='bbox 3001 2558 3196 2613; x_wconf 90' lang='lat' dir='ltr'><strong>videre</strong></span> <span class='ocrx_word' id='word_1_527' title='bbox 3243 2572 3358 2612; x_wconf 90' lang='lat' dir='ltr'><strong>non</strong></span> <span class='ocrx_word' id='word_1_528' title='bbox 3399 2571 3728 2626; x_wconf 88' lang='lat' dir='ltr'><strong>possumus,</strong></span> <span class='ocrx_word' id='word_1_529' title='bbox 3781 2569 3930 2628; x_wconf 40' lang='lat' dir='ltr'><strong>post.</strong></span> 
     </span>
    </p>
   </div>
   <div class='ocr_carea' id='block_1_70' title="bbox 2236 2646 3916 2716">
    <p class='ocr_par' dir='ltr' id='par_1_70' title="bbox 2236 2646 3916 2716">
     <span class='ocr_line' id='line_1_70' title="bbox 2236 2646 3916 2716; baseline 0.002 -16"><span class='ocrx_word' id='word_1_530' title='bbox 2236 2647 2468 2701; x_wconf 77' lang='lat' dir='ltr'><strong>modum</strong></span> <span class='ocrx_word' id='word_1_531' title='bbox 2517 2646 2872 2714; x_wconf 84' lang='lat' dir='ltr'><strong>attingamus</strong></span> <span class='ocrx_word' id='word_1_532' title='bbox 2952 2647 3090 2702; x_wconf 89' lang='lat' dir='ltr'><strong>Uvis</strong></span> <span class='ocrx_word' id='word_1_533' title='bbox 3143 2660 3276 2702; x_wconf 89' lang='lat' dir='ltr'><strong>vero</strong></span> <span class='ocrx_word' id='word_1_534' title='bbox 3328 2647 3428 2700; x_wconf 85' lang='lat' dir='ltr'><strong>lilii</strong></span> <span class='ocrx_word' id='word_1_535' title='bbox 3482 2658 3916 2716; x_wconf 88' lang='lat' dir='ltr'><strong>comparantur</strong></span> 
     </span>
    </p>
   </div>
   <div class='ocr_carea' id='block_1_71' title="bbox 2236 2726 3929 2804">
    <p class='ocr_par' dir='ltr' id='par_1_71' title="bbox 2236 2726 3929 2804">
     <span class='ocr_line' id='line_1_71' title="bbox 2236 2726 3929 2804; baseline 0.002 -17"><span class='ocrx_word' id='word_1_536' title='bbox 2236 2735 2378 2802; x_wconf 86' lang='lat' dir='ltr'><strong>quia</strong></span> <span class='ocrx_word' id='word_1_537' title='bbox 2407 2732 2648 2788; x_wconf 79' lang='lat' dir='ltr'><strong>allectus</strong></span> <span class='ocrx_word' id='word_1_538' title='bbox 2690 2726 2892 2800; x_wconf 87' lang='lat' dir='ltr'><strong>nostri,</strong></span> <span class='ocrx_word' id='word_1_539' title='bbox 2937 2733 3107 2803; x_wconf 84' lang='lat' dir='ltr'><strong>quasi</strong></span> <span class='ocrx_word' id='word_1_540' title='bbox 3136 2748 3208 2788; x_wconf 88' lang='lat' dir='ltr'><strong>ex</strong></span> <span class='ocrx_word' id='word_1_541' title='bbox 3255 2733 3554 2804; x_wconf 88' lang='lat' dir='ltr'><strong>largitione</strong></span> <span class='ocrx_word' id='word_1_542' title='bbox 3585 2743 3852 2804; x_wconf 80' lang='lat' dir='ltr'><strong>paterna,</strong></span> <span class='ocrx_word' id='word_1_543' title='bbox 3893 2751 3929 2790; x_wconf 78' lang='lat' dir='ltr'><strong>e</strong></span> 
     </span>
    </p>
   </div>
   <div class='ocr_carea' id='block_1_72' title="bbox 2237 2821 3930 2893">
    <p class='ocr_par' dir='ltr' id='par_1_72' title="bbox 2237 2821 3930 2893">
     <span class='ocr_line' id='line_1_72' title="bbox 2237 2821 3930 2893; baseline 0.001 -17"><span class='ocrx_word' id='word_1_544' title='bbox 2237 2821 2417 2876; x_wconf 89' lang='lat' dir='ltr'><strong>lactea</strong></span> <span class='ocrx_word' id='word_1_545' title='bbox 2471 2821 2816 2886; x_wconf 73' lang='lat' dir='ltr'><strong>innocentia,</strong></span> <span class='ocrx_word' id='word_1_546' title='bbox 2861 2836 2992 2892; x_wconf 68' lang='lat' dir='ltr'><strong>quae</strong></span> <span class='ocrx_word' id='word_1_547' title='bbox 3027 2835 3127 2892; x_wconf 91' lang='lat' dir='ltr'><strong>per</strong></span> <span class='ocrx_word' id='word_1_548' title='bbox 3153 2837 3389 2878; x_wconf 91' lang='lat' dir='ltr'><strong>succum</strong></span> <span class='ocrx_word' id='word_1_549' title='bbox 3423 2822 3684 2878; x_wconf 72' lang='lat' dir='ltr'><strong>ficulneae</strong></span> <span class='ocrx_word' id='word_1_550' title='bbox 3713 2823 3930 2893; x_wconf 84' lang='lat' dir='ltr'><strong>ﬁgura-</strong></span> 
     </span>
    </p>
   </div>
   <div class='ocr_carea' id='block_1_73' title="bbox 2239 2909 3930 2980">
    <p class='ocr_par' dir='ltr' id='par_1_73' title="bbox 2239 2909 3930 2980">
     <span class='ocr_line' id='line_1_73' title="bbox 2239 2909 3930 2980; baseline 0.001 -16"><span class='ocrx_word' id='word_1_551' title='bbox 2239 2918 2368 2975; x_wconf 91' lang='lat' dir='ltr'><strong>tur,</strong></span> <span class='ocrx_word' id='word_1_552' title='bbox 2429 2909 2501 2964; x_wconf 91' lang='lat' dir='ltr'><strong>ad</strong></span> <span class='ocrx_word' id='word_1_553' title='bbox 2559 2909 2876 2964; x_wconf 85' lang='lat' dir='ltr'><strong>dilectionis</strong></span> <span class='ocrx_word' id='word_1_554' title='bbox 2934 2910 3030 2965; x_wconf 91' lang='lat' dir='ltr'><strong>Dei</strong></span> <span class='ocrx_word' id='word_1_555' title='bbox 3087 2910 3497 2980; x_wconf 81' lang='lat' dir='ltr'><strong>pinguedinem</strong></span> <span class='ocrx_word' id='word_1_556' title='bbox 3558 2919 3614 2966; x_wconf 93' lang='lat' dir='ltr'><strong>et</strong></span> <span class='ocrx_word' id='word_1_557' title='bbox 3672 2925 3930 2980; x_wconf 72' lang='lat' dir='ltr'><strong>saporem</strong></span> 
     </span>
    </p>
   </div>
   <div class='ocr_carea' id='block_1_74' title="bbox 2236 2997 3920 3068">
    <p class='ocr_par' dir='ltr' id='par_1_74' title="bbox 2236 2997 3920 3068">
     <span class='ocr_line' id='line_1_74' title="bbox 2236 2997 3920 3068; baseline 0.003 -18"><span class='ocrx_word' id='word_1_558' title='bbox 2236 2997 2466 3052; x_wconf 89' lang='lat' dir='ltr'><strong>avidius</strong></span> <span class='ocrx_word' id='word_1_559' title='bbox 2498 2997 2862 3052; x_wconf 87' lang='lat' dir='ltr'><strong>imbuuntur.</strong></span> <span class='ocrx_word' id='word_1_560' title='bbox 2918 2998 2980 3052; x_wconf 91' lang='lat' dir='ltr'><strong>ln</strong></span> <span class='ocrx_word' id='word_1_561' title='bbox 3011 3005 3162 3053; x_wconf 92' lang='lat' dir='ltr'><strong>terra</strong></span> <span class='ocrx_word' id='word_1_562' title='bbox 3190 2999 3344 3054; x_wconf 90' lang='lat' dir='ltr'><strong>enim</strong></span> <span class='ocrx_word' id='word_1_563' title='bbox 3375 2998 3614 3068; x_wconf 90' lang='lat' dir='ltr'><strong>spiritus</strong></span> <span class='ocrx_word' id='word_1_564' title='bbox 3641 2999 3842 3066; x_wconf 88' lang='lat' dir='ltr'><strong>datur,</strong></span> <span class='ocrx_word' id='word_1_565' title='bbox 3883 3016 3920 3055; x_wconf 93' lang='lat' dir='ltr'><strong>u</strong></span> 
     </span>
    </p>
   </div>
   <div class='ocr_carea' id='block_1_75' title="bbox 2241 3083 3920 3156">
    <p class='ocr_par' dir='ltr' id='par_1_75' title="bbox 2241 3083 3920 3156">
     <span class='ocr_line' id='line_1_75' title="bbox 2241 3083 3920 3156; baseline 0.002 -18"><span class='ocrx_word' id='word_1_566' title='bbox 2241 3083 2540 3152; x_wconf 90' lang='lat' dir='ltr'><strong>proximus</strong></span> <span class='ocrx_word' id='word_1_567' title='bbox 2590 3084 2901 3154; x_wconf 67' lang='lat' dir='ltr'><strong>diligatur;</strong></span> <span class='ocrx_word' id='word_1_568' title='bbox 2946 3085 3014 3140; x_wconf 88' lang='lat' dir='ltr'><strong>de</strong></span> <span class='ocrx_word' id='word_1_569' title='bbox 3060 3085 3200 3141; x_wconf 71' lang='lat' dir='ltr'><strong>caelo</strong></span> <span class='ocrx_word' id='word_1_570' title='bbox 3231 3099 3366 3140; x_wconf 90' lang='lat' dir='ltr'><strong>vero</strong></span> <span class='ocrx_word' id='word_1_571' title='bbox 3397 3095 3842 3156; x_wconf 87' lang='lat' dir='ltr'><strong>consequenter,</strong></span> <span class='ocrx_word' id='word_1_572' title='bbox 3882 3103 3920 3141; x_wconf 77' lang='grc' dir='ltr'><strong>ιι</strong></span> 
     </span>
    </p>
   </div>
   <div class='ocr_carea' id='block_1_76' title="bbox 2240 3171 2411 3226">
    <p class='ocr_par' dir='ltr' id='par_1_76' title="bbox 2240 3171 2411 3226">
     <span class='ocr_line' id='line_1_76' title="bbox 2240 3171 2411 3226; baseline -0.006 0"><span class='ocrx_word' id='word_1_573' title='bbox 2240 3171 2411 3226; x_wconf 87' lang='lat' dir='ltr'><strong>Deus.</strong></span> 
     </span>
    </p>
   </div>
   <div class='ocr_carea' id='block_1_77' title="bbox 2311 3259 3930 3334">
    <p class='ocr_par' dir='ltr' id='par_1_77' title="bbox 2311 3259 3930 3334">
     <span class='ocr_line' id='line_1_77' title="bbox 2311 3259 3930 3334; baseline 0.004 -22"><span class='ocrx_word' id='word_1_574' title='bbox 2311 3280 2338 3308; x_wconf 83' lang='grc'><strong>«</strong></span> <span class='ocrx_word' id='word_1_575' title='bbox 2383 3259 2490 3328; x_wconf 86' lang='lat' dir='ltr'><strong>ipsi</strong></span> <span class='ocrx_word' id='word_1_576' title='bbox 2534 3267 2726 3314; x_wconf 89' lang='lat' dir='ltr'><strong>autem</strong></span> <span class='ocrx_word' id='word_1_577' title='bbox 2777 3259 3142 3316; x_wconf 90' lang='lat' dir='ltr'><strong>intraverunt</strong></span> <span class='ocrx_word' id='word_1_578' title='bbox 3183 3261 3253 3317; x_wconf 91' lang='lat' dir='ltr'><strong>ad</strong></span> <span class='ocrx_word' id='word_1_579' title='bbox 3307 3261 3684 3334; x_wconf 86' lang='lat' dir='ltr'><strong>Beelphegor,</strong></span> <span class='ocrx_word' id='word_1_580' title='bbox 3736 3271 3796 3320; x_wconf 90' lang='lat' dir='ltr'><strong>et</strong></span> <span class='ocrx_word' id='word_1_581' title='bbox 3835 3265 3930 3319; x_wconf 53' lang='lat' dir='ltr'><strong>ab.</strong></span> 
     </span>
    </p>
   </div>
   <div class='ocr_carea' id='block_1_78' title="bbox 2240 3347 3930 3417">
    <p class='ocr_par' dir='ltr' id='par_1_78' title="bbox 2240 3347 3930 3417">
     <span class='ocr_line' id='line_1_78' title="bbox 2240 3347 3930 3417; baseline 0.005 -19"><span class='ocrx_word' id='word_1_582' title='bbox 2240 3367 2268 3398; x_wconf 72' lang='grc' dir='ltr'><strong>ιο</strong></span> <span class='ocrx_word' id='word_1_583' title='bbox 2309 3347 2538 3402; x_wconf 90' lang='lat' dir='ltr'><strong>alienati</strong></span> <span class='ocrx_word' id='word_1_584' title='bbox 2569 3355 2704 3402; x_wconf 90' lang='lat' dir='ltr'><strong>sunt</strong></span> <span class='ocrx_word' id='word_1_585' title='bbox 2734 3347 2790 3402; x_wconf 93' lang='lat' dir='ltr'><strong>in</strong></span> <span class='ocrx_word' id='word_1_586' title='bbox 2822 3348 3177 3417; x_wconf 84' lang='lat' dir='ltr'><strong>confusione,</strong></span> <span class='ocrx_word' id='word_1_587' title='bbox 3211 3356 3267 3404; x_wconf 89' lang='lat' dir='ltr'><strong>et</strong></span> <span class='ocrx_word' id='word_1_588' title='bbox 3296 3348 3430 3406; x_wconf 86' lang='lat' dir='ltr'><strong>facti</strong></span> <span class='ocrx_word' id='word_1_589' title='bbox 3460 3358 3597 3406; x_wconf 90' lang='lat' dir='ltr'><strong>sunt</strong></span> <span class='ocrx_word' id='word_1_590' title='bbox 3626 3351 3930 3408; x_wconf 89' lang='lat' dir='ltr'><strong>abomina-</strong></span> 
     </span>
    </p>
   </div>
   <div class='ocr_carea' id='block_1_79' title="bbox 2241 3435 3930 3509">
    <p class='ocr_par' dir='ltr' id='par_1_79' title="bbox 2241 3435 3930 3509">
     <span class='ocr_line' id='line_1_79' title="bbox 2241 3435 3930 3509; baseline 0.001 -22"><span class='ocrx_word' id='word_1_591' title='bbox 2241 3455 2268 3487; x_wconf 81' lang='lat'><strong>»</strong></span> <span class='ocrx_word' id='word_1_592' title='bbox 2311 3435 2451 3490; x_wconf 88' lang='lat' dir='ltr'><strong>biles</strong></span> <span class='ocrx_word' id='word_1_593' title='bbox 2495 3436 2644 3490; x_wconf 89' lang='lat' dir='ltr'><strong>sicut</strong></span> <span class='ocrx_word' id='word_1_594' title='bbox 2687 3449 2754 3490; x_wconf 91' lang='lat' dir='ltr'><strong>ea</strong></span> <span class='ocrx_word' id='word_1_595' title='bbox 2809 3450 2941 3506; x_wconf 69' lang='lat' dir='ltr'><strong>quae</strong></span> <span class='ocrx_word' id='word_1_596' title='bbox 2999 3436 3346 3492; x_wconf 90' lang='lat' dir='ltr'><strong>dilexerunt.</strong></span> <span class='ocrx_word' id='word_1_597' title='bbox 3403 3459 3422 3485; x_wconf 75' lang='grc' dir='ltr'><strong>ι</strong></span> <span class='ocrx_word' id='word_1_598' title='bbox 3483 3437 3578 3491; x_wconf 83' lang='lat' dir='ltr'><strong>Ad</strong></span> <span class='ocrx_word' id='word_1_599' title='bbox 3604 3439 3930 3509; x_wconf 74' lang='lat' dir='ltr'><strong>Beelphegor</strong></span> 
     </span>
    </p>
   </div>
   <div class='ocr_carea' id='block_1_80' title="bbox 2239 3523 3930 3594">
    <p class='ocr_par' dir='ltr' id='par_1_80' title="bbox 2239 3523 3930 3594">
     <span class='ocr_line' id='line_1_80' title="bbox 2239 3523 3930 3594; baseline 0.002 -18"><span class='ocrx_word' id='word_1_600' title='bbox 2239 3523 2475 3589; x_wconf 87' lang='lat' dir='ltr'><strong>intrant,</strong></span> <span class='ocrx_word' id='word_1_601' title='bbox 2527 3538 2657 3580; x_wconf 90' lang='lat' dir='ltr'><strong>cum</strong></span> <span class='ocrx_word' id='word_1_602' title='bbox 2703 3538 2842 3590; x_wconf 65' lang='lat' dir='ltr'><strong>sure,</strong></span> <span class='ocrx_word' id='word_1_603' title='bbox 2885 3537 3063 3594; x_wconf 89' lang='lat' dir='ltr'><strong>quam</strong></span> <span class='ocrx_word' id='word_1_604' title='bbox 3114 3524 3368 3581; x_wconf 81' lang='lat' dir='ltr'><strong>diximus</strong></span> <span class='ocrx_word' id='word_1_605' title='bbox 3419 3525 3712 3581; x_wconf 89' lang='lat' dir='ltr'><strong>electionis</strong></span> <span class='ocrx_word' id='word_1_606' title='bbox 3759 3529 3930 3592; x_wconf 75' lang='lat' dir='ltr'><strong>obliti,</strong></span> 
     </span>
    </p>
   </div>
   <div class='ocr_carea' id='block_1_81' title="bbox 2239 3611 3930 3692">
    <p class='ocr_par' dir='ltr' id='par_1_81' title="bbox 2239 3611 3930 3692">
     <span class='ocr_line' id='line_1_81' title="bbox 2239 3611 3930 3692; baseline 0.001 -25"><span class='ocrx_word' id='word_1_607' title='bbox 2239 3612 2441 3667; x_wconf 91' lang='lat' dir='ltr'><strong>totium</strong></span> <span class='ocrx_word' id='word_1_608' title='bbox 2484 3611 2816 3682; x_wconf 72' lang='lat' dir='ltr'><strong>ignominiae</strong></span> <span class='ocrx_word' id='word_1_609' title='bbox 2855 3626 2974 3668; x_wconf 88' lang='lat' dir='ltr'><strong>sese</strong></span> <span class='ocrx_word' id='word_1_610' title='bbox 3008 3612 3335 3692; x_wconf 56' lang='lat' dir='ltr'><strong>labyrintho</strong></span> <span class='ocrx_word' id='word_1_611' title='bbox 3378 3612 3677 3682; x_wconf 88' lang='lat' dir='ltr'><strong>injectant.</strong></span> <span class='ocrx_word' id='word_1_612' title='bbox 3714 3616 3791 3672; x_wconf 91' lang='lat' dir='ltr'><strong>Et</strong></span> <span class='ocrx_word' id='word_1_613' title='bbox 3838 3631 3930 3670; x_wconf 72' lang='lat' dir='ltr'><strong>me</strong></span> 
     </span>
    </p>
   </div>
   <div class='ocr_carea' id='block_1_82' title="bbox 2237 3690 3930 3770">
    <p class='ocr_par' dir='ltr' id='par_1_82' title="bbox 2237 3690 3930 3770">
     <span class='ocr_line' id='line_1_82' title="bbox 2237 3690 3930 3770; baseline 0.002 -16"><span class='ocrx_word' id='word_1_614' title='bbox 2237 3699 2346 3754; x_wconf 93' lang='lat' dir='ltr'><strong>rito</strong></span> <span class='ocrx_word' id='word_1_615' title='bbox 2397 3698 2630 3762; x_wconf 91' lang='lat' dir='ltr'><strong>dicitur,</strong></span> <span class='ocrx_word' id='word_1_616' title='bbox 2663 3699 2900 3766; x_wconf 90' lang='lat' dir='ltr'><strong>intrant,</strong></span> <span class='ocrx_word' id='word_1_617' title='bbox 2947 3690 3193 3770; x_wconf 41' lang='lat' dir='ltr'><strong>quiarse</strong></span> <span class='ocrx_word' id='word_1_618' title='bbox 3237 3701 3609 3770; x_wconf 58' lang='lat' dir='ltr'><strong>experientia</strong></span> <span class='ocrx_word' id='word_1_619' title='bbox 3648 3705 3930 3760; x_wconf 71' lang='lat' dir='ltr'><strong>universa</strong></span> 
     </span>
    </p>
   </div>
   <div class='ocr_carea' id='block_1_83' title="bbox 2237 3785 3930 3858">
    <p class='ocr_par' dir='ltr' id='par_1_83' title="bbox 2237 3785 3930 3858">
     <span class='ocr_line' id='line_1_83' title="bbox 2237 3785 3930 3858; baseline 0.001 -17"><span class='ocrx_word' id='word_1_620' title='bbox 2237 3785 2663 3841; x_wconf 89' lang='lat' dir='ltr'><strong>libidinositatis</strong></span> <span class='ocrx_word' id='word_1_621' title='bbox 2730 3787 3129 3842; x_wconf 89' lang='lat' dir='ltr'><strong>immersitant.</strong></span> <span class='ocrx_word' id='word_1_622' title='bbox 3200 3787 3550 3858; x_wconf 87' lang='lat' dir='ltr'><strong>Beelpbegor</strong></span> <span class='ocrx_word' id='word_1_623' title='bbox 3620 3791 3788 3846; x_wconf 89' lang='lat' dir='ltr'><strong>enim</strong></span> <span class='ocrx_word' id='word_1_624' title='bbox 3864 3798 3930 3844; x_wconf 69' lang='lat' dir='ltr'><strong>ri:</strong></span> 
     </span>
    </p>
   </div>
   <div class='ocr_carea' id='block_1_84' title="bbox 2241 3874 3930 3946">
    <p class='ocr_par' dir='ltr' id='par_1_84' title="bbox 2241 3874 3930 3946">
     <span class='ocr_line' id='line_1_84' title="bbox 2241 3874 3930 3946; baseline 0.004 -20"><span class='ocrx_word' id='word_1_625' title='bbox 2241 3876 2520 3940; x_wconf 82' lang='lat' dir='ltr'><strong>tentiginis</strong></span> <span class='ocrx_word' id='word_1_626' title='bbox 2564 3874 2804 3942; x_wconf 90' lang='lat' dir='ltr'><strong>dicitur,</strong></span> <span class='ocrx_word' id='word_1_627' title='bbox 2860 3877 2917 3930; x_wconf 90' lang='lat' dir='ltr'><strong>in</strong></span> <span class='ocrx_word' id='word_1_628' title='bbox 2966 3889 3085 3946; x_wconf 93' lang='lat' dir='ltr'><strong>quo</strong></span> <span class='ocrx_word' id='word_1_629' title='bbox 3141 3875 3518 3946; x_wconf 89' lang='lat' dir='ltr'><strong>turpitudinis</strong></span> <span class='ocrx_word' id='word_1_630' title='bbox 3563 3881 3930 3935; x_wconf 56' lang='lat' dir='ltr'><strong>exsecranda</strong></span> 
     </span>
    </p>
   </div>
   <div class='ocr_carea' id='block_1_85' title="bbox 2243 3962 3930 4031">
    <p class='ocr_par' dir='ltr' id='par_1_85' title="bbox 2243 3962 3930 4031">
     <span class='ocr_line' id='line_1_85' title="bbox 2243 3962 3930 4031; baseline 0.002 -15"><span class='ocrx_word' id='word_1_631' title='bbox 2243 3962 2596 4031; x_wconf 90' lang='lat' dir='ltr'><strong>impudentia</strong></span> <span class='ocrx_word' id='word_1_632' title='bbox 2651 3963 2976 4018; x_wconf 90' lang='lat' dir='ltr'><strong>denotatur.</strong></span> <span class='ocrx_word' id='word_1_633' title='bbox 3037 3965 3102 4018; x_wconf 89' lang='lat' dir='ltr'><strong>In</strong></span> <span class='ocrx_word' id='word_1_634' title='bbox 3155 3965 3474 4030; x_wconf 80' lang='lat' dir='ltr'><strong>confusione</strong></span> <span class='ocrx_word' id='word_1_635' title='bbox 3529 3965 3930 4023; x_wconf 72' lang='lat' dir='ltr'><strong>abalienantut</strong></span> 
     </span>
    </p>
   </div>
   <div class='ocr_carea' id='block_1_86' title="bbox 2238 4049 3930 4120">
    <p class='ocr_par' dir='ltr' id='par_1_86' title="bbox 2238 4049 3930 4120">
     <span class='ocr_line' id='line_1_86' title="bbox 2238 4049 3930 4120; baseline 0.001 -14"><span class='ocrx_word' id='word_1_636' title='bbox 2238 4051 2376 4106; x_wconf 91' lang='lat' dir='ltr'><strong>dum</strong></span> <span class='ocrx_word' id='word_1_637' title='bbox 2410 4064 2526 4120; x_wconf 89' lang='lat' dir='ltr'><strong>quo</strong></span> <span class='ocrx_word' id='word_1_638' title='bbox 2555 4049 2984 4106; x_wconf 88' lang='lat' dir='ltr'><strong>confusibiliora</strong></span> <span class='ocrx_word' id='word_1_639' title='bbox 3015 4058 3366 4120; x_wconf 89' lang='lat' dir='ltr'><strong>perpetrant,</strong></span> <span class='ocrx_word' id='word_1_640' title='bbox 3403 4051 3485 4106; x_wconf 91' lang='lat' dir='ltr'><strong>nil</strong></span> <span class='ocrx_word' id='word_1_641' title='bbox 3511 4066 3570 4107; x_wconf 89' lang='lat' dir='ltr'><strong>se</strong></span> <span class='ocrx_word' id='word_1_642' title='bbox 3595 4053 3930 4111; x_wconf 77' lang='lat' dir='ltr'><strong>confusibile</strong></span> 
     </span>
    </p>
   </div>
   <div class='ocr_carea' id='block_1_87' title="bbox 2239 4138 3930 4210">
    <p class='ocr_par' dir='ltr' id='par_1_87' title="bbox 2239 4138 3930 4210">
     <span class='ocr_line' id='line_1_87' title="bbox 2239 4138 3930 4210; baseline 0.001 -16"><span class='ocrx_word' id='word_1_643' title='bbox 2239 4152 2410 4209; x_wconf 87' lang='lat' dir='ltr'><strong>agere</strong></span> <span class='ocrx_word' id='word_1_644' title='bbox 2447 4138 2810 4194; x_wconf 89' lang='lat' dir='ltr'><strong>arbitrantur</strong></span> <span class='ocrx_word' id='word_1_645' title='bbox 2851 4139 3001 4194; x_wconf 90' lang='lat' dir='ltr'><strong>unde</strong></span> <span class='ocrx_word' id='word_1_646' title='bbox 3047 4146 3132 4194; x_wconf 92' lang='lat' dir='ltr'><strong>est</strong></span> <span class='ocrx_word' id='word_1_647' title='bbox 3162 4139 3342 4209; x_wconf 91' lang='lat' dir='ltr'><strong>quod,</strong></span> <span class='ocrx_word' id='word_1_648' title='bbox 3386 4141 3540 4208; x_wconf 89' lang='lat' dir='ltr'><strong>apud</strong></span> <span class='ocrx_word' id='word_1_649' title='bbox 3572 4141 3930 4210; x_wconf 80' lang='lat' dir='ltr'><strong>Apostolum,</strong></span> 
     </span>
    </p>
   </div>
   <div class='ocr_carea' id='block_1_88' title="bbox 2240 4226 3921 4297">
    <p class='ocr_par' dir='ltr' id='par_1_88' title="bbox 2240 4226 3921 4297">
     <span class='ocr_line' id='line_1_88' title="bbox 2240 4226 3921 4297; baseline 0.002 -16"><span class='ocrx_word' id='word_1_650' title='bbox 2240 4227 2476 4296; x_wconf 91' lang='lat' dir='ltr'><strong>quidam</strong></span> <span class='ocrx_word' id='word_1_651' title='bbox 2529 4227 2586 4280; x_wconf 93' lang='lat' dir='ltr'><strong>in</strong></span> <span class='ocrx_word' id='word_1_652' title='bbox 2639 4226 2924 4295; x_wconf 89' lang='lat' dir='ltr'><strong>pudendis</strong></span> <span class='ocrx_word' id='word_1_653' title='bbox 2983 4227 3104 4283; x_wconf 92' lang='lat' dir='ltr'><strong>suis</strong></span> <span class='ocrx_word' id='word_1_654' title='bbox 3151 4227 3386 4297; x_wconf 87' lang='lat' dir='ltr'><strong>gloriari</strong></span> <span class='ocrx_word' id='word_1_655' title='bbox 3437 4228 3638 4284; x_wconf 90' lang='lat' dir='ltr'><strong>dicunt</strong></span> <span class='ocrx_word' id='word_1_656' title='bbox 3683 4231 3774 4297; x_wconf 87' lang='lat' dir='ltr'><strong>(II</strong></span> <span class='ocrx_word' id='word_1_657' title='bbox 3824 4233 3921 4288; x_wconf 83' lang='lat' dir='ltr'><strong>Cor</strong></span> 
     </span>
    </p>
   </div>
   <div class='ocr_carea' id='block_1_89' title="bbox 2237 4313 3930 4384">
    <p class='ocr_par' dir='ltr' id='par_1_89' title="bbox 2237 4313 3930 4384">
     <span class='ocr_line' id='line_1_89' title="bbox 2237 4313 3930 4384; baseline 0.004 -15"><span class='ocrx_word' id='word_1_658' title='bbox 2237 4322 2321 4380; x_wconf 82' lang='lat' dir='ltr'><strong>x‘t,</strong></span> <span class='ocrx_word' id='word_1_659' title='bbox 2359 4314 2467 4384; x_wconf 78' lang='grc'><strong>18).</strong></span> <span class='ocrx_word' id='word_1_660' title='bbox 2512 4314 2921 4368; x_wconf 80' lang='lat' dir='ltr'><strong>Abominabiles</strong></span> <span class='ocrx_word' id='word_1_661' title='bbox 2973 4313 3137 4380; x_wconf 82' lang='lat' dir='ltr'><strong>ﬁunt,</strong></span> <span class='ocrx_word' id='word_1_662' title='bbox 3183 4315 3283 4384; x_wconf 93' lang='lat' dir='ltr'><strong>qui</strong></span> <span class='ocrx_word' id='word_1_663' title='bbox 3315 4314 3490 4370; x_wconf 92' lang='lat' dir='ltr'><strong>totius</strong></span> <span class='ocrx_word' id='word_1_664' title='bbox 3521 4315 3651 4370; x_wconf 93' lang='lat' dir='ltr'><strong>boni</strong></span> <span class='ocrx_word' id='word_1_665' title='bbox 3689 4317 3930 4375; x_wconf 73' lang='lat' dir='ltr'><strong>homini:</strong></span> 
     </span>
    </p>
   </div>
   <div class='ocr_carea' id='block_1_90' title="bbox 440 4395 3930 4471">
    <p class='ocr_par' dir='ltr' id='par_1_90' title="bbox 440 4395 3930 4471">
     <span class='ocr_line' id='line_1_90' title="bbox 440 4395 3930 4471; baseline 0.003 -21"><span class='ocrx_word' id='word_1_666' title='bbox 440 4409 544 4464; x_wconf 92' lang='lat' dir='ltr'><strong>pro</strong></span> <span class='ocrx_word' id='word_1_667' title='bbox 572 4395 690 4450; x_wconf 93' lang='lat' dir='ltr'><strong>solo</strong></span> <span class='ocrx_word' id='word_1_668' title='bbox 735 4397 990 4466; x_wconf 90' lang='lat' dir='ltr'><strong>gentium</strong></span> <span class='ocrx_word' id='word_1_669' title='bbox 1023 4410 1196 4452; x_wconf 91' lang='lat' dir='ltr'><strong>more.</strong></span> <span class='ocrx_word' id='word_1_670' title='bbox 1231 4397 1368 4454; x_wconf 91' lang='lat' dir='ltr'><strong>Saul</strong></span> <span class='ocrx_word' id='word_1_671' title='bbox 1400 4399 1810 4469; x_wconf 88' lang='lat' dir='ltr'><strong>interpretatur</strong></span> <span class='ocrx_word' id='word_1_672' title='bbox 1829 4403 2126 4467; x_wconf 78' lang='lat' dir='ltr'><strong>appetitus,</strong></span> <span class='ocrx_word' id='word_1_673' title='bbox 2169 4417 2214 4471; x_wconf 81' lang='grc' dir='ltr'><strong>ι)</strong></span> <span class='ocrx_word' id='word_1_674' title='bbox 2243 4401 2504 4456; x_wconf 83' lang='lat' dir='ltr'><strong>fortunas</strong></span> <span class='ocrx_word' id='word_1_675' title='bbox 2565 4401 2859 4456; x_wconf 87' lang='lat' dir='ltr'><strong>amittunt.</strong></span> <span class='ocrx_word' id='word_1_676' title='bbox 2920 4400 3068 4468; x_wconf 87' lang='lat' dir='ltr'><strong>Quid</strong></span> <span class='ocrx_word' id='word_1_677' title='bbox 3130 4409 3216 4457; x_wconf 90' lang='lat' dir='ltr'><strong>est</strong></span> <span class='ocrx_word' id='word_1_678' title='bbox 3269 4403 3424 4458; x_wconf 89' lang='lat' dir='ltr'><strong>enim</strong></span> <span class='ocrx_word' id='word_1_679' title='bbox 3489 4403 3930 4464; x_wconf 88' lang='lat' dir='ltr'><strong>abominabilen:</strong></span> 
     </span>
    </p>
   </div>
   <div class='ocr_carea' id='block_1_91' title="bbox 441 4481 2128 4555">
    <p class='ocr_par' dir='ltr' id='par_1_91' title="bbox 441 4481 2128 4555">
     <span class='ocr_line' id='line_1_91' title="bbox 441 4481 2128 4555; baseline 0.001 -17"><span class='ocrx_word' id='word_1_680' title='bbox 441 4481 636 4538; x_wconf 87' lang='lat' dir='ltr'><strong>Gabaa</strong></span> <span class='ocrx_word' id='word_1_681' title='bbox 665 4485 843 4537; x_wconf 84' lang='lat' dir='ltr'><strong>colles.</strong></span> <span class='ocrx_word' id='word_1_682' title='bbox 878 4483 922 4537; x_wconf 90' lang='lat' dir='ltr'><strong>E</strong></span> <span class='ocrx_word' id='word_1_683' title='bbox 970 4482 1212 4538; x_wconf 84' lang='lat' dir='ltr'><strong>collibus</strong></span> <span class='ocrx_word' id='word_1_684' title='bbox 1241 4483 1376 4540; x_wconf 89' lang='lat' dir='ltr'><strong>Saul</strong></span> <span class='ocrx_word' id='word_1_685' title='bbox 1415 4485 1488 4539; x_wconf 91' lang='lat' dir='ltr'><strong>ad</strong></span> <span class='ocrx_word' id='word_1_686' title='bbox 1535 4499 1780 4555; x_wconf 87' lang='lat' dir='ltr'><strong>regnum</strong></span> <span class='ocrx_word' id='word_1_687' title='bbox 1829 4485 2128 4554; x_wconf 88' lang='lat' dir='ltr'><strong>accipitur,</strong></span> 
     </span>
    </p>
   </div>
   <div class='ocr_carea' id='block_1_92' title="bbox 441 4571 2135 4642">
    <p class='ocr_par' dir='ltr' id='par_1_92' title="bbox 441 4571 2135 4642">
     <span class='ocr_line' id='line_1_92' title="bbox 441 4571 2135 4642; baseline 0.002 -18"><span class='ocrx_word' id='word_1_688' title='bbox 441 4571 676 4640; x_wconf 90' lang='lat' dir='ltr'><strong>quando</strong></span> <span class='ocrx_word' id='word_1_689' title='bbox 707 4586 736 4626; x_wconf 87' lang='grc' dir='ltr'>θ</span> <span class='ocrx_word' id='word_1_690' title='bbox 769 4571 994 4642; x_wconf 89' lang='lat' dir='ltr'><strong>magnis</strong></span> <span class='ocrx_word' id='word_1_691' title='bbox 1022 4571 1352 4628; x_wconf 88' lang='lat' dir='ltr'><strong>animorum</strong></span> <span class='ocrx_word' id='word_1_692' title='bbox 1381 4575 1708 4628; x_wconf 67' lang='lat' dir='ltr'><strong>tumoribus</strong></span> <span class='ocrx_word' id='word_1_693' title='bbox 1733 4573 1997 4628; x_wconf 90' lang='lat' dir='ltr'><strong>oboritur</strong></span> <span class='ocrx_word' id='word_1_694' title='bbox 2026 4587 2135 4642; x_wconf 89' lang='lat' dir='ltr'><strong>ap-</strong></span> 
     </span>
    </p>
   </div>
   <div class='ocr_carea' id='block_1_93' title="bbox 442 4659 2136 4730">
    <p class='ocr_par' dir='ltr' id='par_1_93' title="bbox 442 4659 2136 4730">
     <span class='ocr_line' id='line_1_93' title="bbox 442 4659 2136 4730; baseline 0 -16"><span class='ocrx_word' id='word_1_695' title='bbox 442 4660 676 4729; x_wconf 89' lang='lat' dir='ltr'><strong>petitus,</strong></span> <span class='ocrx_word' id='word_1_696' title='bbox 709 4673 824 4714; x_wconf 90' lang='lat' dir='ltr'><strong>non</strong></span> <span class='ocrx_word' id='word_1_697' title='bbox 861 4660 961 4730; x_wconf 89' lang='lat' dir='ltr'><strong>qui</strong></span> <span class='ocrx_word' id='word_1_698' title='bbox 995 4659 1158 4714; x_wconf 86' lang='lat' dir='ltr'><strong>nobis</strong></span> <span class='ocrx_word' id='word_1_699' title='bbox 1206 4661 1410 4727; x_wconf 91' lang='lat' dir='ltr'><strong>subsit,</strong></span> <span class='ocrx_word' id='word_1_700' title='bbox 1450 4662 1625 4730; x_wconf 88' lang='lat' dir='ltr'><strong>juxta</strong></span> <span class='ocrx_word' id='word_1_701' title='bbox 1657 4662 1812 4730; x_wconf 89' lang='lat' dir='ltr'><strong>quod</strong></span> <span class='ocrx_word' id='word_1_702' title='bbox 1845 4661 1917 4716; x_wconf 90' lang='lat' dir='ltr'><strong>ad</strong></span> <span class='ocrx_word' id='word_1_703' title='bbox 1943 4675 2070 4715; x_wconf 90' lang='lat' dir='ltr'><strong>eam</strong></span> <span class='ocrx_word' id='word_1_704' title='bbox 2101 4673 2136 4714; x_wconf 91' lang='lat' dir='ltr'><strong>a</strong></span> 
     </span>
    </p>
   </div>
   <div class='ocr_carea' id='block_1_94' title="bbox 443 4747 2133 4818">
    <p class='ocr_par' dir='ltr' id='par_1_94' title="bbox 443 4747 2133 4818">
     <span class='ocr_line' id='line_1_94' title="bbox 443 4747 2133 4818; baseline 0 -16"><span class='ocrx_word' id='word_1_705' title='bbox 443 4747 684 4803; x_wconf 91' lang='lat' dir='ltr'><strong>Domino</strong></span> <span class='ocrx_word' id='word_1_706' title='bbox 713 4747 944 4815; x_wconf 89' lang='lat' dir='ltr'><strong>dicitur,</strong></span> <span class='ocrx_word' id='word_1_707' title='bbox 973 4749 1068 4802; x_wconf 88' lang='lat' dir='ltr'><strong>sed</strong></span> <span class='ocrx_word' id='word_1_708' title='bbox 1097 4749 1198 4818; x_wconf 90' lang='lat' dir='ltr'><strong>qui</strong></span> <span class='ocrx_word' id='word_1_709' title='bbox 1231 4749 1397 4804; x_wconf 90' lang='lat' dir='ltr'><strong>nobis</strong></span> <span class='ocrx_word' id='word_1_710' title='bbox 1429 4747 1924 4818; x_wconf 88' lang='lat' dir='ltr'><strong>impudentissime</strong></span> <span class='ocrx_word' id='word_1_711' title='bbox 1953 4749 2133 4804; x_wconf 88' lang='lat' dir='ltr'><strong>domi-</strong></span> 
     </span>
    </p>
   </div>
   <div class='ocr_carea' id='block_1_95' title="bbox 443 4835 2136 4908">
    <p class='ocr_par' dir='ltr' id='par_1_95' title="bbox 443 4835 2136 4908">
     <span class='ocr_line' id='line_1_95' title="bbox 443 4835 2136 4908; baseline 0.002 -18"><span class='ocrx_word' id='word_1_712' title='bbox 443 4843 632 4891; x_wconf 90' lang='lat' dir='ltr'><strong>netur.</strong></span> <span class='ocrx_word' id='word_1_713' title='bbox 667 4835 816 4890; x_wconf 89' lang='lat' dir='ltr'><strong>Dum</strong></span> <span class='ocrx_word' id='word_1_714' title='bbox 839 4838 992 4892; x_wconf 90' lang='lat' dir='ltr'><strong>enim</strong></span> <span class='ocrx_word' id='word_1_715' title='bbox 1016 4835 1226 4892; x_wconf 89' lang='lat' dir='ltr'><strong>fastum</strong></span> <span class='ocrx_word' id='word_1_716' title='bbox 1245 4837 1624 4907; x_wconf 88' lang='lat' dir='ltr'><strong>concipimus,</strong></span> <span class='ocrx_word' id='word_1_717' title='bbox 1645 4838 1866 4908; x_wconf 90' lang='lat' dir='ltr'><strong>majora</strong></span> <span class='ocrx_word' id='word_1_718' title='bbox 1887 4838 2136 4908; x_wconf 90' lang='lat' dir='ltr'><strong>profecto</strong></span> 
     </span>
    </p>
   </div>
   <div class='ocr_carea' id='block_1_96' title="bbox 445 4924 2136 4995">
    <p class='ocr_par' dir='ltr' id='par_1_96' title="bbox 445 4924 2136 4995">
     <span class='ocr_line' id='line_1_96' title="bbox 445 4924 2136 4995; baseline 0 -15"><span class='ocrx_word' id='word_1_719' title='bbox 445 4937 621 4994; x_wconf 88' lang='lat' dir='ltr'><strong>quam</strong></span> <span class='ocrx_word' id='word_1_720' title='bbox 669 4924 834 4979; x_wconf 91' lang='lat' dir='ltr'><strong>nobis</strong></span> <span class='ocrx_word' id='word_1_721' title='bbox 881 4932 1226 4994; x_wconf 89' lang='lat' dir='ltr'><strong>competant,</strong></span> <span class='ocrx_word' id='word_1_722' title='bbox 1274 4926 1466 4980; x_wconf 90' lang='lat' dir='ltr'><strong>statim</strong></span> <span class='ocrx_word' id='word_1_723' title='bbox 1505 4933 1924 4995; x_wconf 90' lang='lat' dir='ltr'><strong>consequenter</strong></span> <span class='ocrx_word' id='word_1_724' title='bbox 1952 4926 2136 4982; x_wconf 89' lang='lat' dir='ltr'><strong>ambi-</strong></span> 
     </span>
    </p>
   </div>
   <div class='ocr_carea' id='block_1_97' title="bbox 445 5012 2138 5084">
    <p class='ocr_par' dir='ltr' id='par_1_97' title="bbox 445 5012 2138 5084">
     <span class='ocr_line' id='line_1_97' title="bbox 445 5012 2138 5084; baseline 0.001 -17"><span class='ocrx_word' id='word_1_725' title='bbox 445 5025 596 5068; x_wconf 91' lang='lat' dir='ltr'><strong>mus.</strong></span> <span class='ocrx_word' id='word_1_726' title='bbox 630 5031 659 5060; x_wconf 84' lang='lat'><strong>«</strong></span> <span class='ocrx_word' id='word_1_727' title='bbox 703 5012 1120 5068; x_wconf 85' lang='lat' dir='ltr'><strong>Recordabitur</strong></span> <span class='ocrx_word' id='word_1_728' title='bbox 1150 5013 1486 5084; x_wconf 86' lang='lat' dir='ltr'><strong>iniquitates</strong></span> <span class='ocrx_word' id='word_1_729' title='bbox 1521 5029 1744 5081; x_wconf 91' lang='lat' dir='ltr'><strong>eorum,</strong></span> <span class='ocrx_word' id='word_1_730' title='bbox 1786 5022 1842 5070; x_wconf 89' lang='lat' dir='ltr'><strong>et</strong></span> <span class='ocrx_word' id='word_1_731' title='bbox 1883 5015 2138 5071; x_wconf 88' lang='lat' dir='ltr'><strong>visitabit</strong></span> 
     </span>
    </p>
   </div>
   <div class='ocr_carea' id='block_1_98' title="bbox 449 5100 2140 5172">
    <p class='ocr_par' dir='ltr' id='par_1_98' title="bbox 449 5100 2140 5172">
     <span class='ocr_line' id='line_1_98' title="bbox 449 5100 2140 5172; baseline 0.002 -18"><span class='ocrx_word' id='word_1_732' title='bbox 449 5117 477 5148; x_wconf 83' lang='lat'><strong>»</strong></span> <span class='ocrx_word' id='word_1_733' title='bbox 517 5106 746 5168; x_wconf 88' lang='lat' dir='ltr'><strong>peccata</strong></span> <span class='ocrx_word' id='word_1_734' title='bbox 773 5113 994 5155; x_wconf 90' lang='lat' dir='ltr'><strong>eorum.</strong></span> <span class='ocrx_word' id='word_1_735' title='bbox 1039 5121 1059 5147; x_wconf 80' lang='grc' dir='ltr'><strong><em>ι</em></strong></span> <span class='ocrx_word' id='word_1_736' title='bbox 1110 5101 1418 5169; x_wconf 87' lang='lat' dir='ltr'><strong>Postquam</strong></span> <span class='ocrx_word' id='word_1_737' title='bbox 1450 5100 1730 5172; x_wconf 90' lang='lat' dir='ltr'><strong>iniquitas</strong></span> <span class='ocrx_word' id='word_1_738' title='bbox 1763 5101 1821 5156; x_wconf 92' lang='lat' dir='ltr'><strong>in</strong></span> <span class='ocrx_word' id='word_1_739' title='bbox 1849 5102 2140 5158; x_wconf 88' lang='lat' dir='ltr'><strong>stolidita-</strong></span> 
     </span>
    </p>
   </div>
   <div class='ocr_carea' id='block_1_99' title="bbox 449 5187 2140 5259">
    <p class='ocr_par' dir='ltr' id='par_1_99' title="bbox 449 5187 2140 5259">
     <span class='ocr_line' id='line_1_99' title="bbox 449 5187 2140 5259; baseline 0.002 -17"><span class='ocrx_word' id='word_1_740' title='bbox 449 5193 561 5242; x_wconf 88' lang='lat' dir='ltr'><strong>tem</strong></span> <span class='ocrx_word' id='word_1_741' title='bbox 591 5187 859 5251; x_wconf 85' lang='lat' dir='ltr'><strong>vertitur,</strong></span> <span class='ocrx_word' id='word_1_742' title='bbox 891 5195 954 5243; x_wconf 94' lang='lat' dir='ltr'><strong>ut</strong></span> <span class='ocrx_word' id='word_1_743' title='bbox 1000 5187 1222 5242; x_wconf 88' lang='lat' dir='ltr'><strong>nefaria</strong></span> <span class='ocrx_word' id='word_1_744' title='bbox 1252 5188 1512 5244; x_wconf 90' lang='lat' dir='ltr'><strong>libertate</strong></span> <span class='ocrx_word' id='word_1_745' title='bbox 1544 5197 1830 5259; x_wconf 88' lang='lat' dir='ltr'><strong>peccetur,</strong></span> <span class='ocrx_word' id='word_1_746' title='bbox 1862 5197 2140 5259; x_wconf 89' lang='lat' dir='ltr'><strong>tanquam</strong></span> 
     </span>
    </p>
   </div>
   <div class='ocr_carea' id='block_1_100' title="bbox 448 5275 2136 5346">
    <p class='ocr_par' dir='ltr' id='par_1_100' title="bbox 448 5275 2136 5346">
     <span class='ocr_line' id='line_1_100' title="bbox 448 5275 2136 5346; baseline 0.002 -17"><span class='ocrx_word' id='word_1_747' title='bbox 448 5275 695 5331; x_wconf 88' lang='lat' dir='ltr'><strong>clamore</strong></span> <span class='ocrx_word' id='word_1_748' title='bbox 727 5277 924 5346; x_wconf 89' lang='lat' dir='ltr'><strong>aliquo</strong></span> <span class='ocrx_word' id='word_1_749' title='bbox 965 5277 1131 5342; x_wconf 92' lang='lat' dir='ltr'><strong>Deus,</strong></span> <span class='ocrx_word' id='word_1_750' title='bbox 1171 5283 1232 5331; x_wconf 89' lang='lat' dir='ltr'><strong>ut</strong></span> <span class='ocrx_word' id='word_1_751' title='bbox 1275 5275 1473 5331; x_wconf 89' lang='lat' dir='ltr'><strong>ulcisci</strong></span> <span class='ocrx_word' id='word_1_752' title='bbox 1513 5285 1796 5346; x_wconf 89' lang='lat' dir='ltr'><strong>properet,</strong></span> <span class='ocrx_word' id='word_1_753' title='bbox 1829 5277 2136 5334; x_wconf 78' lang='lat' dir='ltr'><strong>excitatur.</strong></span> 
     </span>
    </p>
   </div>
   <div class='ocr_carea' id='block_1_101' title="bbox 449 5362 2143 5434">
    <p class='ocr_par' dir='ltr' id='par_1_101' title="bbox 449 5362 2143 5434">
     <span class='ocr_line' id='line_1_101' title="bbox 449 5362 2143 5434; baseline 0.003 -16"><span class='ocrx_word' id='word_1_754' title='bbox 449 5362 611 5418; x_wconf 92' lang='lat' dir='ltr'><strong>Unde</strong></span> <span class='ocrx_word' id='word_1_755' title='bbox 660 5378 773 5420; x_wconf 88' lang='lat' dir='ltr'><strong>vox</strong></span> <span class='ocrx_word' id='word_1_756' title='bbox 801 5363 1108 5434; x_wconf 88' lang='lat' dir='ltr'><strong>sanguinis</strong></span> <span class='ocrx_word' id='word_1_757' title='bbox 1153 5363 1294 5419; x_wconf 85' lang='lat' dir='ltr'><strong>Abel</strong></span> <span class='ocrx_word' id='word_1_758' title='bbox 1339 5363 1492 5433; x_wconf 86' lang='lat' dir='ltr'><strong>(Gen.</strong></span> <span class='ocrx_word' id='word_1_759' title='bbox 1528 5379 1604 5431; x_wconf 85' lang='lat' dir='ltr'><strong>tv,</strong></span> <span class='ocrx_word' id='word_1_760' title='bbox 1645 5367 1742 5434; x_wconf 89' lang='lat' dir='ltr'><strong>l0;</strong></span> <span class='ocrx_word' id='word_1_761' title='bbox 1769 5379 1934 5432; x_wconf 88' lang='lat' dir='ltr'><strong>xvut,</strong></span> <span class='ocrx_word' id='word_1_762' title='bbox 1965 5367 2056 5433; x_wconf 80' lang='lat'><strong>20)</strong></span> <span class='ocrx_word' id='word_1_763' title='bbox 2087 5372 2143 5422; x_wconf 90' lang='lat' dir='ltr'><strong>et</strong></span> 
     </span>
    </p>
   </div>
   <div class='ocr_carea' id='block_1_102' title="bbox 446 5450 2141 5522">
    <p class='ocr_par' dir='ltr' id='par_1_102' title="bbox 446 5450 2141 5522">
     <span class='ocr_line' id='line_1_102' title="bbox 446 5450 2141 5522; baseline 0.002 -17"><span class='ocrx_word' id='word_1_764' title='bbox 446 5450 662 5507; x_wconf 91' lang='lat' dir='ltr'><strong>clamor</strong></span> <span class='ocrx_word' id='word_1_765' title='bbox 704 5451 1079 5508; x_wconf 89' lang='lat' dir='ltr'><strong>Sodomorum</strong></span> <span class='ocrx_word' id='word_1_766' title='bbox 1108 5451 1337 5508; x_wconf 89' lang='lat' dir='ltr'><strong>dicitur.</strong></span> <span class='ocrx_word' id='word_1_767' title='bbox 1385 5452 1532 5508; x_wconf 92' lang='lat' dir='ltr'><strong>Dum</strong></span> <span class='ocrx_word' id='word_1_768' title='bbox 1563 5453 1715 5508; x_wconf 90' lang='lat' dir='ltr'><strong>enim</strong></span> <span class='ocrx_word' id='word_1_769' title='bbox 1747 5453 1937 5522; x_wconf 91' lang='lat' dir='ltr'><strong>quiete</strong></span> <span class='ocrx_word' id='word_1_770' title='bbox 1961 5453 2141 5508; x_wconf 88' lang='lat' dir='ltr'><strong>delin-</strong></span> 
     </span>
    </p>
   </div>
   <div class='ocr_carea' id='block_1_103' title="bbox 447 5539 2145 5611">
    <p class='ocr_par' dir='ltr' id='par_1_103' title="bbox 447 5539 2145 5611">
     <span class='ocr_line' id='line_1_103' title="bbox 447 5539 2145 5611; baseline 0.001 -16"><span class='ocrx_word' id='word_1_771' title='bbox 447 5541 669 5610; x_wconf 90' lang='lat' dir='ltr'><strong>quitur,</strong></span> <span class='ocrx_word' id='word_1_772' title='bbox 703 5539 870 5609; x_wconf 90' lang='lat' dir='ltr'><strong>quasi</strong></span> <span class='ocrx_word' id='word_1_773' title='bbox 902 5540 1052 5594; x_wconf 90' lang='lat' dir='ltr'><strong>Deus</strong></span> <span class='ocrx_word' id='word_1_774' title='bbox 1080 5540 1458 5596; x_wconf 89' lang='lat' dir='ltr'><strong>obliviscitur.</strong></span> <span class='ocrx_word' id='word_1_775' title='bbox 1485 5539 1793 5596; x_wconf 82' lang='lat' dir='ltr'><strong>Recordari</strong></span> <span class='ocrx_word' id='word_1_776' title='bbox 1821 5553 1960 5611; x_wconf 91' lang='lat' dir='ltr'><strong>ergo</strong></span> <span class='ocrx_word' id='word_1_777' title='bbox 1991 5540 2145 5596; x_wconf 86' lang='lat' dir='ltr'><strong>vide-</strong></span> 
     </span>
    </p>
   </div>
   <div class='ocr_carea' id='block_1_104' title="bbox 450 5626 2140 5697">
    <p class='ocr_par' dir='ltr' id='par_1_104' title="bbox 450 5626 2140 5697">
     <span class='ocr_line' id='line_1_104' title="bbox 450 5626 2140 5697; baseline -0.001 -15"><span class='ocrx_word' id='word_1_778' title='bbox 450 5634 574 5692; x_wconf 92' lang='lat' dir='ltr'><strong>tur,</strong></span> <span class='ocrx_word' id='word_1_779' title='bbox 629 5641 763 5683; x_wconf 89' lang='lat' dir='ltr'><strong>cum</strong></span> <span class='ocrx_word' id='word_1_780' title='bbox 810 5629 1140 5696; x_wconf 87' lang='lat' dir='ltr'><strong>peccantem</strong></span> <span class='ocrx_word' id='word_1_781' title='bbox 1185 5627 1440 5682; x_wconf 91' lang='lat' dir='ltr'><strong>adversis</strong></span> <span class='ocrx_word' id='word_1_782' title='bbox 1489 5626 1849 5697; x_wconf 87' lang='lat' dir='ltr'><strong>aggreditur.</strong></span> <span class='ocrx_word' id='word_1_783' title='bbox 1909 5629 2140 5682; x_wconf 83' lang='lat' dir='ltr'><strong>Peccata</strong></span> 
     </span>
    </p>
   </div>
   <div class='ocr_carea' id='block_1_105' title="bbox 2241 4488 3930 4560">
    <p class='ocr_par' dir='ltr' id='par_1_105' title="bbox 2241 4488 3930 4560">
     <span class='ocr_line' id='line_1_105' title="bbox 2241 4488 3930 4560; baseline 0.004 -16"><span class='ocrx_word' id='word_1_784' title='bbox 2241 4503 2382 4555; x_wconf 90' lang='lat' dir='ltr'><strong>esse,</strong></span> <span class='ocrx_word' id='word_1_785' title='bbox 2425 4488 2537 4543; x_wconf 88' lang='lat' dir='ltr'><strong>nisi</strong></span> <span class='ocrx_word' id='word_1_786' title='bbox 2587 4489 2646 4542; x_wconf 92' lang='lat' dir='ltr'><strong>in</strong></span> <span class='ocrx_word' id='word_1_787' title='bbox 2688 4502 2959 4544; x_wconf 90' lang='lat' dir='ltr'><strong>successu</strong></span> <span class='ocrx_word' id='word_1_788' title='bbox 3004 4489 3082 4559; x_wconf 90' lang='lat' dir='ltr'><strong>pii</strong></span> <span class='ocrx_word' id='word_1_789' title='bbox 3123 4489 3312 4559; x_wconf 88' lang='lat' dir='ltr'><strong>operis</strong></span> <span class='ocrx_word' id='word_1_790' title='bbox 3352 4504 3620 4560; x_wconf 90' lang='lat' dir='ltr'><strong>prospero</strong></span> <span class='ocrx_word' id='word_1_791' title='bbox 3652 4505 3930 4560; x_wconf 74' lang='lat' dir='ltr'><strong>proventu</strong></span> 
     </span>
    </p>
   </div>
   <div class='ocr_carea' id='block_1_106' title="bbox 2243 4575 3930 4647">
    <p class='ocr_par' dir='ltr' id='par_1_106' title="bbox 2243 4575 3930 4647">
     <span class='ocr_line' id='line_1_106' title="bbox 2243 4575 3930 4647; baseline 0.002 -15"><span class='ocrx_word' id='word_1_792' title='bbox 2243 4576 2476 4632; x_wconf 86' lang='lat' dir='ltr'><strong>carere?</strong></span> <span class='ocrx_word' id='word_1_793' title='bbox 2518 4577 2588 4631; x_wconf 90' lang='lat' dir='ltr'><strong>Et</strong></span> <span class='ocrx_word' id='word_1_794' title='bbox 2635 4575 2742 4630; x_wconf 89' lang='lat' dir='ltr'><strong>hoc</strong></span> <span class='ocrx_word' id='word_1_795' title='bbox 2787 4581 2928 4630; x_wconf 82' lang='lat' dir='ltr'><strong>sicut</strong></span> <span class='ocrx_word' id='word_1_796' title='bbox 2980 4593 3042 4630; x_wconf 87' lang='lat' dir='ltr'><strong>ea</strong></span> <span class='ocrx_word' id='word_1_797' title='bbox 3095 4592 3228 4647; x_wconf 77' lang='lat' dir='ltr'><strong>quae</strong></span> <span class='ocrx_word' id='word_1_798' title='bbox 3271 4577 3552 4647; x_wconf 85' lang='lat' dir='ltr'><strong>diligunt;</strong></span> <span class='ocrx_word' id='word_1_799' title='bbox 3602 4579 3756 4634; x_wconf 89' lang='lat' dir='ltr'><strong>sicut</strong></span> <span class='ocrx_word' id='word_1_800' title='bbox 3804 4582 3930 4636; x_wconf 82' lang='lat' dir='ltr'><strong>viti:</strong></span> 
     </span>
    </p>
   </div>
   <div class='ocr_carea' id='block_1_107' title="bbox 2243 4665 3930 4734">
    <p class='ocr_par' dir='ltr' id='par_1_107' title="bbox 2243 4665 3930 4734">
     <span class='ocr_line' id='line_1_107' title="bbox 2243 4665 3930 4734; baseline 0.003 -15"><span class='ocrx_word' id='word_1_801' title='bbox 2243 4666 2394 4719; x_wconf 91' lang='lat' dir='ltr'><strong>enim</strong></span> <span class='ocrx_word' id='word_1_802' title='bbox 2453 4678 2584 4734; x_wconf 73' lang='lat' dir='ltr'><strong>quae</strong></span> <span class='ocrx_word' id='word_1_803' title='bbox 2630 4672 3064 4734; x_wconf 91' lang='lat' dir='ltr'><strong>prosequuntur</strong></span> <span class='ocrx_word' id='word_1_804' title='bbox 3123 4666 3295 4720; x_wconf 91' lang='lat' dir='ltr'><strong>etiam</strong></span> <span class='ocrx_word' id='word_1_805' title='bbox 3355 4665 3474 4720; x_wconf 90' lang='lat' dir='ltr'><strong>solo</strong></span> <span class='ocrx_word' id='word_1_806' title='bbox 3529 4666 3766 4722; x_wconf 91' lang='lat' dir='ltr'><strong>nomine</strong></span> <span class='ocrx_word' id='word_1_807' title='bbox 3823 4670 3930 4724; x_wconf 73' lang='lat' dir='ltr'><strong>sine</strong></span> 
     </span>
    </p>
   </div>
   <div class='ocr_carea' id='block_1_108' title="bbox 2244 4747 3930 4828">
    <p class='ocr_par' dir='ltr' id='par_1_108' title="bbox 2244 4747 3930 4828">
     <span class='ocr_line' id='line_1_108' title="bbox 2244 4747 3930 4828; baseline 0.002 -21"><span class='ocrx_word' id='word_1_808' title='bbox 2244 4760 2379 4808; x_wconf 91' lang='lat' dir='ltr'><strong>actu</strong></span> <span class='ocrx_word' id='word_1_809' title='bbox 2411 4752 2691 4807; x_wconf 91' lang='lat' dir='ltr'><strong>bonorum</strong></span> <span class='ocrx_word' id='word_1_810' title='bbox 2738 4753 3026 4808; x_wconf 90' lang='lat' dir='ltr'><strong>memoriis</strong></span> <span class='ocrx_word' id='word_1_811' title='bbox 3057 4753 3276 4808; x_wconf 83' lang='lat' dir='ltr'><strong>horrori</strong></span> <span class='ocrx_word' id='word_1_812' title='bbox 3321 4761 3474 4815; x_wconf 90' lang='lat' dir='ltr'><strong>sunt,</strong></span> <span class='ocrx_word' id='word_1_813' title='bbox 3505 4747 3595 4808; x_wconf 82' lang='lat' dir='ltr'><strong>sic</strong></span> <span class='ocrx_word' id='word_1_814' title='bbox 3624 4756 3802 4811; x_wconf 89' lang='lat' dir='ltr'><strong>etiam</strong></span> <span class='ocrx_word' id='word_1_815' title='bbox 3839 4757 3930 4828; x_wconf 74' lang='lat' dir='ltr'><strong>ipsi</strong></span> 
     </span>
    </p>
   </div>
   <div class='ocr_carea' id='block_1_109' title="bbox 2246 4839 3930 4911">
    <p class='ocr_par' dir='ltr' id='par_1_109' title="bbox 2246 4839 3930 4911">
     <span class='ocr_line' id='line_1_109' title="bbox 2246 4839 3930 4911; baseline 0.002 -16"><span class='ocrx_word' id='word_1_816' title='bbox 2246 4840 2348 4911; x_wconf 91' lang='lat' dir='ltr'><strong>qui</strong></span> <span class='ocrx_word' id='word_1_817' title='bbox 2378 4853 2576 4895; x_wconf 90' lang='lat' dir='ltr'><strong>eorum</strong></span> <span class='ocrx_word' id='word_1_818' title='bbox 2623 4841 2962 4897; x_wconf 90' lang='lat' dir='ltr'><strong>commercio</strong></span> <span class='ocrx_word' id='word_1_819' title='bbox 3011 4855 3070 4896; x_wconf 90' lang='lat' dir='ltr'><strong>se</strong></span> <span class='ocrx_word' id='word_1_820' title='bbox 3101 4841 3427 4896; x_wconf 91' lang='lat' dir='ltr'><strong>involvunt.</strong></span> <span class='ocrx_word' id='word_1_821' title='bbox 3470 4839 3523 4896; x_wconf 92' lang='lat' dir='ltr'><strong>Si</strong></span> <span class='ocrx_word' id='word_1_822' title='bbox 3556 4841 3709 4897; x_wconf 91' lang='lat' dir='ltr'><strong>enim</strong></span> <span class='ocrx_word' id='word_1_823' title='bbox 3748 4849 3930 4900; x_wconf 70' lang='lat' dir='ltr'><strong>sordes</strong></span> 
     </span>
    </p>
   </div>
   <div class='ocr_carea' id='block_1_110' title="bbox 2245 4926 3930 5004">
    <p class='ocr_par' dir='ltr' id='par_1_110' title="bbox 2245 4926 3930 5004">
     <span class='ocr_line' id='line_1_110' title="bbox 2245 4926 3930 5004; baseline 0.002 -22"><span class='ocrx_word' id='word_1_824' title='bbox 2245 4926 2516 4997; x_wconf 69' lang='lat' dir='ltr'><strong>quaelibet</strong></span> <span class='ocrx_word' id='word_1_825' title='bbox 2568 4941 2668 4996; x_wconf 91' lang='lat' dir='ltr'><strong>per</strong></span> <span class='ocrx_word' id='word_1_826' title='bbox 2708 4941 2766 4984; x_wconf 86' lang='lat' dir='ltr'><strong>se</strong></span> <span class='ocrx_word' id='word_1_827' title='bbox 2811 4928 3026 4998; x_wconf 57' lang='lat' dir='ltr'><strong>putidas</strong></span> <span class='ocrx_word' id='word_1_828' title='bbox 3073 4937 3228 4996; x_wconf 91' lang='lat' dir='ltr'><strong>sunt,</strong></span> <span class='ocrx_word' id='word_1_829' title='bbox 3276 4937 3427 4984; x_wconf 90' lang='lat' dir='ltr'><strong>certe</strong></span> <span class='ocrx_word' id='word_1_830' title='bbox 3476 4929 3792 4998; x_wconf 88' lang='lat' dir='ltr'><strong>putidiores</strong></span> <span class='ocrx_word' id='word_1_831' title='bbox 3845 4935 3930 5004; x_wconf 80' lang='lat' dir='ltr'><strong>qui</strong></span> 
     </span>
    </p>
   </div>
   <div class='ocr_carea' id='block_1_111' title="bbox 2247 5015 3438 5087">
    <p class='ocr_par' dir='ltr' id='par_1_111' title="bbox 2247 5015 3438 5087">
     <span class='ocr_line' id='line_1_111' title="bbox 2247 5015 3438 5087; baseline 0.002 -18"><span class='ocrx_word' id='word_1_832' title='bbox 2247 5015 2456 5070; x_wconf 90' lang='lat' dir='ltr'><strong>harum</strong></span> <span class='ocrx_word' id='word_1_833' title='bbox 2489 5015 2808 5071; x_wconf 90' lang='lat' dir='ltr'><strong>volutabris</strong></span> <span class='ocrx_word' id='word_1_834' title='bbox 2836 5030 2895 5071; x_wconf 90' lang='lat' dir='ltr'><strong>se</strong></span> <span class='ocrx_word' id='word_1_835' title='bbox 2924 5025 3121 5085; x_wconf 88' lang='lat' dir='ltr'><strong>sponte</strong></span> <span class='ocrx_word' id='word_1_836' title='bbox 3153 5016 3438 5087; x_wconf 90' lang='lat' dir='ltr'><strong>injiciunt.</strong></span> 
     </span>
    </p>
   </div>
   <div class='ocr_carea' id='block_1_112' title="bbox 2318 5103 3930 5181">
    <p class='ocr_par' dir='ltr' id='par_1_112' title="bbox 2318 5103 3930 5181">
     <span class='ocr_line' id='line_1_112' title="bbox 2318 5103 3930 5181; baseline 0.004 -23"><span class='ocrx_word' id='word_1_837' title='bbox 2318 5103 2488 5158; x_wconf 72' lang='lat' dir='ltr'><strong>Vsus.</strong></span> <span class='ocrx_word' id='word_1_838' title='bbox 2529 5107 2609 5158; x_wconf 88' lang='lat' dir='ltr'><strong>ll.</strong></span> <span class='ocrx_word' id='word_1_839' title='bbox 2638 5134 2707 5144; x_wconf 91' lang='lat'><strong><em>—</em></strong></span> <span class='ocrx_word' id='word_1_840' title='bbox 2751 5126 2772 5152; x_wconf 78' lang='grc' dir='ltr'>ι</span> <span class='ocrx_word' id='word_1_841' title='bbox 2811 5105 3084 5174; x_wconf 86' lang='lat' dir='ltr'><strong>Ephraim</strong></span> <span class='ocrx_word' id='word_1_842' title='bbox 3118 5105 3288 5174; x_wconf 89' lang='lat' dir='ltr'><strong>quasi</strong></span> <span class='ocrx_word' id='word_1_843' title='bbox 3337 5105 3458 5160; x_wconf 88' lang='lat' dir='ltr'><strong>avis</strong></span> <span class='ocrx_word' id='word_1_844' title='bbox 3505 5105 3779 5176; x_wconf 89' lang='lat' dir='ltr'><strong>avolavit,</strong></span> <span class='ocrx_word' id='word_1_845' title='bbox 3831 5112 3930 5181; x_wconf 76' lang='lat' dir='ltr'><strong>gle</strong></span> 
     </span>
    </p>
   </div>
   <div class='ocr_carea' id='block_1_113' title="bbox 2253 5189 3930 5266">
    <p class='ocr_par' dir='ltr' id='par_1_113' title="bbox 2253 5189 3930 5266">
     <span class='ocr_line' id='line_1_113' title="bbox 2253 5189 3930 5266; baseline 0.003 -22"><span class='ocrx_word' id='word_1_846' title='bbox 2253 5211 2274 5238; x_wconf 75' lang='grc' dir='ltr'><strong><em>ι</em></strong></span> <span class='ocrx_word' id='word_1_847' title='bbox 2319 5189 2405 5245; x_wconf 90' lang='lat' dir='ltr'><strong>ria</strong></span> <span class='ocrx_word' id='word_1_848' title='bbox 2434 5205 2635 5247; x_wconf 89' lang='lat' dir='ltr'><strong>eorum</strong></span> <span class='ocrx_word' id='word_1_849' title='bbox 2675 5205 2710 5245; x_wconf 91' lang='lat' dir='ltr'><strong>a</strong></span> <span class='ocrx_word' id='word_1_850' title='bbox 2757 5200 2946 5260; x_wconf 91' lang='lat' dir='ltr'><strong>partu,</strong></span> <span class='ocrx_word' id='word_1_851' title='bbox 2980 5199 3036 5248; x_wconf 90' lang='lat' dir='ltr'><strong>et</strong></span> <span class='ocrx_word' id='word_1_852' title='bbox 3082 5193 3154 5248; x_wconf 89' lang='lat' dir='ltr'><strong>ab</strong></span> <span class='ocrx_word' id='word_1_853' title='bbox 3191 5201 3373 5260; x_wconf 87' lang='lat' dir='ltr'><strong>utero,</strong></span> <span class='ocrx_word' id='word_1_854' title='bbox 3404 5201 3459 5249; x_wconf 85' lang='lat' dir='ltr'><strong>et</strong></span> <span class='ocrx_word' id='word_1_855' title='bbox 3501 5208 3536 5248; x_wconf 91' lang='lat' dir='ltr'><strong>a</strong></span> <span class='ocrx_word' id='word_1_856' title='bbox 3573 5206 3879 5266; x_wconf 89' lang='lat' dir='ltr'><strong>conceptu.</strong></span> <span class='ocrx_word' id='word_1_857' title='bbox 3916 5220 3930 5249; x_wconf 75' lang='grc' dir='ltr'>ι</span> 
     </span>
    </p>
   </div>
   <div class='ocr_carea' id='block_1_114' title="bbox 2248 5277 3930 5350">
    <p class='ocr_par' dir='ltr' id='par_1_114' title="bbox 2248 5277 3930 5350">
     <span class='ocr_line' id='line_1_114' title="bbox 2248 5277 3930 5350; baseline 0.005 -20"><span class='ocrx_word' id='word_1_858' title='bbox 2248 5277 2515 5347; x_wconf 79' lang='lat' dir='ltr'><strong>Ephraim</strong></span> <span class='ocrx_word' id='word_1_859' title='bbox 2553 5283 2713 5344; x_wconf 86' lang='lat' dir='ltr'><strong>quasi</strong></span> <span class='ocrx_word' id='word_1_860' title='bbox 2755 5283 2872 5332; x_wconf 81' lang='lat' dir='ltr'><strong>avis</strong></span> <span class='ocrx_word' id='word_1_861' title='bbox 2918 5279 3128 5347; x_wconf 86' lang='lat' dir='ltr'><strong>avolat,</strong></span> <span class='ocrx_word' id='word_1_862' title='bbox 3179 5281 3318 5336; x_wconf 85' lang='lat' dir='ltr'><strong>dum</strong></span> <span class='ocrx_word' id='word_1_863' title='bbox 3365 5281 3672 5350; x_wconf 84' lang='lat' dir='ltr'><strong>aliquoties</strong></span> <span class='ocrx_word' id='word_1_864' title='bbox 3703 5285 3777 5338; x_wconf 85' lang='lat' dir='ltr'><strong>ad</strong></span> <span class='ocrx_word' id='word_1_865' title='bbox 3809 5286 3930 5341; x_wconf 88' lang='lat' dir='ltr'><strong>boni</strong></span> 
     </span>
    </p>
   </div>
   <div class='ocr_carea' id='block_1_115' title="bbox 2251 5367 3930 5436">
    <p class='ocr_par' dir='ltr' id='par_1_115' title="bbox 2251 5367 3930 5436">
     <span class='ocr_line' id='line_1_115' title="bbox 2251 5367 3930 5436; baseline 0.005 -15"><span class='ocrx_word' id='word_1_866' title='bbox 2251 5367 2631 5436; x_wconf 89' lang='lat' dir='ltr'><strong>appetentiam</strong></span> <span class='ocrx_word' id='word_1_867' title='bbox 2685 5375 2836 5424; x_wconf 92' lang='lat' dir='ltr'><strong>tacta</strong></span> <span class='ocrx_word' id='word_1_868' title='bbox 2897 5369 3254 5425; x_wconf 90' lang='lat' dir='ltr'><strong>rationaliter</strong></span> <span class='ocrx_word' id='word_1_869' title='bbox 3305 5369 3572 5425; x_wconf 88' lang='lat' dir='ltr'><strong>alacritas</strong></span> <span class='ocrx_word' id='word_1_870' title='bbox 3627 5371 3930 5430; x_wconf 78' lang='lat' dir='ltr'><strong>voluntatis</strong></span> 
     </span>
    </p>
   </div>
   <div class='ocr_carea' id='block_1_116' title="bbox 2251 5455 3930 5533">
    <p class='ocr_par' dir='ltr' id='par_1_116' title="bbox 2251 5455 3930 5533">
     <span class='ocr_line' id='line_1_116' title="bbox 2251 5455 3930 5533; baseline 0.005 -25"><span class='ocrx_word' id='word_1_871' title='bbox 2251 5455 2484 5523; x_wconf 89' lang='lat' dir='ltr'><strong>aspirat,</strong></span> <span class='ocrx_word' id='word_1_872' title='bbox 2517 5455 2612 5510; x_wconf 91' lang='lat' dir='ltr'><strong>sed</strong></span> <span class='ocrx_word' id='word_1_873' title='bbox 2644 5456 2836 5511; x_wconf 89' lang='lat' dir='ltr'><strong>subita</strong></span> <span class='ocrx_word' id='word_1_874' title='bbox 2873 5471 2932 5512; x_wconf 89' lang='lat' dir='ltr'><strong>se</strong></span> <span class='ocrx_word' id='word_1_875' title='bbox 2977 5456 3209 5514; x_wconf 87' lang='lat' dir='ltr'><strong>levitate</strong></span> <span class='ocrx_word' id='word_1_876' title='bbox 3243 5457 3571 5514; x_wconf 87' lang='lat' dir='ltr'><strong>subdueens</strong></span> <span class='ocrx_word' id='word_1_877' title='bbox 3601 5458 3660 5514; x_wconf 92' lang='lat' dir='ltr'><strong>in</strong></span> <span class='ocrx_word' id='word_1_878' title='bbox 3691 5474 3758 5516; x_wconf 91' lang='lat' dir='ltr'><strong>eo</strong></span> <span class='ocrx_word' id='word_1_879' title='bbox 3789 5464 3930 5533; x_wconf 86' lang='lat' dir='ltr'><strong>quod</strong></span> 
     </span>
    </p>
   </div>
   <div class='ocr_carea' id='block_1_117' title="bbox 2251 5543 3930 5614">
    <p class='ocr_par' dir='ltr' id='par_1_117' title="bbox 2251 5543 3930 5614">
     <span class='ocr_line' id='line_1_117' title="bbox 2251 5543 3930 5614; baseline 0.007 -16"><span class='ocrx_word' id='word_1_880' title='bbox 2251 5551 2499 5611; x_wconf 88' lang='lat' dir='ltr'><strong>coeperat</strong></span> <span class='ocrx_word' id='word_1_881' title='bbox 2542 5543 2776 5600; x_wconf 90' lang='lat' dir='ltr'><strong>minime</strong></span> <span class='ocrx_word' id='word_1_882' title='bbox 2816 5553 3160 5614; x_wconf 88' lang='lat' dir='ltr'><strong>perseverat,</strong></span> <span class='ocrx_word' id='word_1_883' title='bbox 3209 5545 3396 5600; x_wconf 81' lang='lat' dir='ltr'><strong>Gloria.</strong></span> <span class='ocrx_word' id='word_1_884' title='bbox 3419 5561 3625 5614; x_wconf 86' lang='lat' dir='ltr'><strong>eorum,</strong></span> <span class='ocrx_word' id='word_1_885' title='bbox 3660 5556 3725 5604; x_wconf 91' lang='lat' dir='ltr'><strong>ut</strong></span> <span class='ocrx_word' id='word_1_886' title='bbox 3765 5561 3930 5608; x_wconf 86' lang='lat' dir='ltr'><strong>retro-</strong></span> 
     </span>
    </p>
   </div>
   <div class='ocr_carea' id='block_1_118' title="bbox 2251 5629 3930 5704">
    <p class='ocr_par' dir='ltr' id='par_1_118' title="bbox 2251 5629 3930 5704">
     <span class='ocr_line' id='line_1_118' title="bbox 2251 5629 3930 5704; baseline 0.007 -20"><span class='ocrx_word' id='word_1_887' title='bbox 2251 5629 2428 5700; x_wconf 89' lang='lat' dir='ltr'><strong>grade</strong></span> <span class='ocrx_word' id='word_1_888' title='bbox 2473 5631 2796 5700; x_wconf 88' lang='lat' dir='ltr'><strong>aggrediar,</strong></span> <span class='ocrx_word' id='word_1_889' title='bbox 2838 5647 2874 5686; x_wconf 90' lang='lat' dir='ltr'><strong>a</strong></span> <span class='ocrx_word' id='word_1_890' title='bbox 2918 5637 3175 5701; x_wconf 84' lang='lat' dir='ltr'><strong>conceptu</strong></span> <span class='ocrx_word' id='word_1_891' title='bbox 3214 5639 3317 5700; x_wconf 91' lang='lat' dir='ltr'><strong>est,</strong></span> <span class='ocrx_word' id='word_1_892' title='bbox 3349 5647 3482 5689; x_wconf 90' lang='lat' dir='ltr'><strong>eum</strong></span> <span class='ocrx_word' id='word_1_893' title='bbox 3531 5636 3791 5704; x_wconf 89' lang='lat' dir='ltr'><strong>ejusdem</strong></span> <span class='ocrx_word' id='word_1_894' title='bbox 3837 5654 3930 5695; x_wconf 88' lang='lat' dir='ltr'><strong>vo-</strong></span> 
     </span>
    </p>
   </div>
  </div>
