3950 6442
77 399 195 452 389

808 395 1268 454 TROPOLOGUE
1306 397 1374 451 IN
1413 396 1603 462 osse,
1641 395 1827 451 auos
1865 397 1955 452 ET
1992 396 2144 453 JER.
2192 426 2258 435 —
2299 368 2429 451 me.
2474 396 2543 453 ιι.
2587 396 2656 453 IN
2696 397 2888 454 osse.

3498 404 3600 457 390

75 530 340 586 luntatis
386 535 620 596 statum,
675 528 777 598 qui
825 528 883 583 in
932 542 992 584 se
1039 527 1251 597 sapius
1305 527 1612 595 alternant,
1664 540 1785 596 spe-
1829 531 1875 584 Α
1904 525 2084 582 libera
2106 534 2390 597 suntqua
2419 528 2501 582 eis
2527 528 2835 598 signantur
2864 542 3058 599 opera,
3106 529 3247 600 quia
3294 531 3441 587 fiunt
3483 547 3598 589 non

74 618 254 673 cialis
277 618 466 688 gratia
498 619 591 683 sit,
631 631 763 687 qua
789 625 1119 672 sanctorum
1159 615 1362 687 gloria,
1397 616 1467 671 ob
1494 615 1795 671 conscien-

79 706 181 761 tia
204 707 621 772 testimonium,
659 706 730 761 ab
762 706 1027 775 Apostolo
1057 714 1295 761 vocatur
1325 707 1408 774 (11
1449 706 1566 760 Cor.
1604 719 1640 771 ι,
1679 703 1792 771 12),

77 794 145 849 in
178 795 308 863 ipsa
336 795 580 863 primum
621 793 717 848 Dei
762 794 1132 863 aspiratione,
1181 806 1300 863 qua
1350 793 1601 862 primum
1650 792 1794 848 bene

76 882 291 937 vivere
318 881 1014 937 delectamur."Posthanc
1055 881 1487 951 conceptionem
1531 879 1795 950 sequitur

82 978 319 1035 uterus,
386 970 520 1025 boni
581 969 843 1024 videlicet
888 968 1161 1038 propositi
1210 978 1343 1024 ante
1383 969 1795 1024 exhibitionem

79 1058 304 1127 operis,
353 1057 685 1114 diuturnior
715 1058 866 1112 intra
915 1065 1160 1113 mentem
1202 1057 1369 1113 fotus.
1418 1056 1593 1123 Quasi
1638 1056 1791 1112 enim

78 1145 443 1202 intrinsecus
492 1147 737 1213 fovetur,
807 1146 962 1216 quod
1010 1146 1371 1201 retractando
1434 1145 1675 1201 fideliter
1719 1159 1792 1199 ex

78 1234 258 1289 solidi
302 1234 705 1290 deliberatione
749 1233 991 1300 consilii,
1043 1233 1222 1289 veluti
1286 1247 1386 1303 per
1438 1231 1795 1288 discretionis

78 1323 358 1377 membra
387 1310 649 1377 divisum
673 1321 912 1377 actionis
943 1334 1153 1390 corpus
1200 1321 1528 1375 roboratur.
1578 1320 1795 1375 Deinde

79 1419 273 1479 partu
318 1410 697 1480 expromitur,
743 1424 875 1465 cum
923 1408 1145 1465 visibus
1202 1408 1503 1464 hominum
1553 1409 1611 1463 in
1660 1408 1791 1464 boni

78 1499 356 1555 exercitii
389 1498 785 1569 prosecutione
817 1498 1177 1567 proponitur.
1202 1496 1346 1563 Quia
1366 1511 1505 1568 ergo
1526 1499 1794 1565 Ephraim

78 1589 256 1655 quasi
296 1590 416 1641 avis
462 1601 561 1657 per
602 1587 905 1642 elationem
955 1585 1147 1641 avolat
1194 1600 1381 1655 usque
1419 1586 1491 1640 ad
1540 1593 1789 1654 partum,

80 1676 139 1730 id
173 1680 264 1730 est
311 1689 497 1743 usque
523 1675 662 1729 dum
699 1674 772 1728 ab
822 1674 1155 1729 hominibus
1196 1672 1378 1728 videri
1427 1674 1622 1742 possit,
1667 1671 1794 1742 ejus

78 1764 329 1818 interior
367 1763 548 1833 gloria
582 1771 923 1831 perseverat,
965 1775 1141 1832 quam
1189 1775 1325 1817 mox
1356 1761 1626 1816 humana
1658 1760 1791 1815 lau-

77 1852 174 1906 dis
200 1866 405 1906 mucro
444 1850 694 1906 trucidat
739 1851 929 1915 (Vnus.
972 1853 1057 1921 t2)
1095 1873 1116 1898 ι
1144 1849 1307 1915 Quod
1356 1850 1402 1904 si
1445 1848 1790 1904 enutrierint

82 1962 106 1987 ι
151 1940 302 1994 ﬁlios
331 1953 485 2006 suos,
541 1939 761 2008 absque
796 1937 989 1993 liberis
1028 1954 1124 1993 eos
1175 1938 1376 1993 faciam
1431 1937 1488 1991 in
1540 1937 1787 1992 homini-

86 2050 108 2076 ι
149 2028 298 2093 bus;
332 2027 428 2082 sed
448 2038 504 2082 et
536 2041 620 2081 va
663 2028 762 2093 eis,
800 2041 931 2081 cum
978 2041 1258 2081 recessero
1290 2026 1359 2081 ab
1389 2023 1498 2080 eis!
1538 2047 1558 2072 ι
1617 2025 1787 2080 Filios

77 2115 392 2171 enutriunt
433 2114 532 2184 qui
569 2113 675 2183 pia
723 2114 1173 2169 conversationis
1213 2128 1385 2183 opera
1421 2113 1478 2167 in
1515 2113 1604 2168 his
1651 2127 1789 2182 pro-

81 2204 332 2258 ticiendo
362 2203 705 2273 provehunt.
740 2205 802 2257 In
833 2202 1138 2257 hominibus
1168 2202 1370 2270 absque
1408 2202 1594 2256 liberis
1617 2201 1784 2268 fiunt,

80 2293 190 2361 qui
224 2292 373 2347 inter
418 2292 720 2346 hominum
751 2291 976 2346 favores
1025 2305 1059 2344 a
1090 2290 1349 2345 libertate
1387 2289 1564 2345 animi
1618 2289 1789 2345 attri-

80 2380 230 2435 buta
262 2380 438 2451 vulgo
470 2394 612 2436 aure
648 2382 736 2447 ιη,
759 2378 924 2449 vulgi
961 2382 1136 2445 aura]
1172 2378 1456 2433 serviliter
1502 2391 1561 2432 se
1595 2377 1786 2433 dimit-

77 2476 240 2524 tunt.
265 2468 374 2522 Sed
399 2484 478 2522 va
498 2471 594 2535 eis,
629 2483 746 2520 cum
781 2467 933 2521 Deus
971 2466 1183 2521 recedit
1214 2466 1282 2519 ab
1320 2468 1418 2533 eis,
1454 2465 1594 2535 quia
1650 2464 1789 2521 nul-

80 2556 201 2611 lius
232 2557 396 2611 bona
439 2558 554 2625 spei
605 2555 903 2611 residuum
939 2562 1041 2621 est,
1096 2555 1209 2610 imo
1247 2552 1633 2609 damnationis
1686 2567 1787 2608 ex-

81 2652 285 2700 trema
338 2644 720 2699 infortunium
769 2652 872 2709 est,
920 2657 1051 2697 cum
1099 2642 1451 2712 pervertitur
1508 2640 1788 2697 rectitudo

82 2732 439 2788 intentionis.
468 2731 693 2787 Recedit
718 2744 969 2800 namque
998 2730 1166 2797 Deus,
1210 2744 1342 2785 cum
1378 2729 1592 2784 bonum
1632 2729 1789 2799 quod

86 2820 151 2877 fit
184 2834 299 2875 non
325 2821 385 2875 fit
416 2829 680 2889 respectu
713 2819 909 2889 ipsius.

160 2909 335 2965 Vens.
361 2911 448 2963 13.
485 2939 545 2948 -
580 2931 600 2957 ι
635 2907 930 2977 Ephraim,
978 2910 1044 2961 ut
1075 2905 1211 2972 vidi,
1256 2906 1444 2975 Tyrus
1485 2913 1609 2961 erat
1652 2904 1782 2960 fun-

91 3020 111 3045 ι
159 2998 294 3052 data
319 3000 374 3051 in
404 2994 853 3065 pulchritudine.
893 3016 913 3043 ι
952 2995 1021 3049 Et
1050 3001 1132 3049 est
1164 2993 1367 3050 littera
1418 3008 1619 3050 sensus
1654 3009 1666 3048 :
1721 2995 1788 3048 Ut

1902 629 2006 685 pro
2039 615 2207 671 laude
2250 615 2526 671 humana.
2563 636 2583 663 ι
2621 617 2807 673 Ubera
2838 618 3061 673 arentia
3094 642 3115 667 ι
3150 622 3363 690 pariter
3386 622 3602 679 dantur

1900 718 2032 758 cum
2064 703 2450 773 intelligentia
2493 705 2814 776 spiritualis
2860 706 3074 777 inopia,
3124 722 3244 779 qua
3280 709 3509 765 interna
3545 718 3601 767 et

1899 801 2139 847 externa
2172 792 2519 848 sensualitas
2557 793 2669 847 Deo
2714 794 2881 850 aliter
2922 796 3232 864 irrogatur.
3292 797 3392 853 Vel
3431 798 3599 853 ubera

1900 886 2046 933 20!
2086 887 2222 935 sunt
2261 883 2498 945 arentia,
2530 895 2660 935 cum
2694 880 2751 935 in
2783 892 2970 938 mente
2998 884 3341 940 annullatur
3382 887 3599 941 utrius-

1901 982 2015 1037 que
2048 968 2372 1023 testamenti
2412 968 2669 1024 scientia.

1974 1056 2145 1112 Vens.
2181 1058 2263 1109 15.
2292 1086 2362 1096 -
2395 1076 2421 1102 α
2452 1055 2663 1112 Omnes
2709 1058 2983 1127 nequitia
3021 1072 3220 1115 eorum
3265 1061 3325 1115 in
3373 1059 3595 1131 Galgal,

1907 1164 1928 1192 ι
1963 1145 2103 1215 quia
2140 1144 2213 1201 ibi
2244 1159 2339 1199 eos
2378 1159 2587 1200 exosos
2631 1145 2830 1200 habui.
2859 1168 2886 1195 ››
2942 1148 3137 1217 Galgal
3188 1148 3599 1218 interpretatur

1898 1232 2287 1286 volutabrum:
2342 1234 2529 1287 Omnes
2576 1245 2713 1302 ergo
2751 1248 2934 1287 eorum
2976 1235 3231 1305 nequitiae
3276 1238 3335 1289 in
3380 1237 3597 1289 voluta-

1901 1321 2013 1387 ὀνο,
2064 1321 2204 1390 quia
2264 1327 2379 1375 tota
2425 1333 2624 1375 eorum
2676 1320 2879 1376 vitioso
2943 1322 3286 1391 frequentia,
3344 1322 3600 1379 libidinis

1899 1409 2078 1464 solius
2116 1408 2422 1463 lentescere
2453 1408 2591 1463 solet
2619 1415 2674 1463 et
2703 1410 3008 1465 extenuari
3040 1411 3149 1466 sub
3189 1412 3345 1467 vitio.
3395 1410 3597 1477 Quan-

1901 1506 2195 1567 tacunque
2222 1495 2377 1552 enim
2410 1498 2467 1551 in
2509 1496 2767 1566 quolibet
2793 1498 3124 1564 credulitas,
3156 1506 3599 1568 quantumcun-

1900 1600 2015 1656 que
2058 1585 2310 1654 superba
2337 1586 2621 1655 majestas,
2655 1584 2727 1639 ad
2757 1586 2811 1640 id
2843 1586 3075 1641 molitiei
3109 1588 3339 1642 tandem
3388 1588 3593 1656 despu-

1898 1687 2057 1728 mare
2089 1687 2155 1727 ac
2186 1672 2375 1727 reflari
2406 1673 2782 1743 dignoscitur.
2819 1674 3029 1744 Magna
3069 1674 3407 1741 Alexandri,
3469 1689 3598 1730 ma-

1901 1775 2016 1832 gna
2045 1761 2285 1817 Casaris
2310 1761 2698 1831 undecunque
2742 1761 3001 1818 ferocitas
3042 1763 3328 1819 multoties
3382 1763 3598 1819 Sarda-

1831 1825 1872 1880 B
1902 1825 2093 1919 napali
2124 1857 2207 1904 est
2248 1859 2483 1918 experta
2524 1825 2871 1919 temperiem,
2916 1857 2972 1906 et
2998 1852 3152 1920 quod
3202 1851 3407 1907 Indum
3456 1866 3599 1907 con-

1900 1938 2164 1994 tinuabat
2191 1937 2413 1993 Oceano
2443 1937 2921 1994 muliercularum
2954 1939 3156 1995 vilium
3201 1939 3599 1995 miserabiliter

1896 2025 2342 2095 circumscripsit
2368 2034 2650 2096 aspectus.
2688 2028 2904 2083 Exosos
2929 2027 3038 2083 sibi
3073 2028 3223 2083 Deus
3257 2043 3354 2083 eos
3403 2028 3594 2095 habet,

1898 2115 2038 2184 quia
2089 2112 2309 2169 rabiem
2356 2113 2605 2170 efferata
2653 2114 2897 2171 licentia
2958 2131 3073 2171 non
3129 2117 3393 2171 sustinet.
3454 2116 3599 2172 Nota

1896 2202 2101 2258 diluvii
2147 2216 2371 2269 causas,
2404 2210 2458 2258 et
2488 2216 2522 2257 a
2556 2204 2833 2273 propheta
2866 2204 3142 2273 appellari
3189 2205 3339 2260 hanc
3385 2212 3597 2274 pestem

1897 2305 2014 2346 non
2044 2290 2211 2345 aliter
2231 2304 2408 2360 quam
2441 2290 2712 2345 malleum
2746 2290 3031 2347 universa
3062 2301 3245 2348 terra.
3285 2315 3307 2340 ι
3360 2293 3597 2362 Propter

1904 2400 1923 2425 ι
1964 2378 2240 2433 malitiam
2306 2378 2785 2435 adinventionum
2846 2394 3047 2436 eorum
3096 2380 3166 2435 de
3230 2381 3399 2436 domo
3470 2394 3597 2436 mea

1904 2488 1924 2514 ι
1960 2466 2186 2535 ejiciam
2228 2481 2354 2535 eos;
2396 2480 2511 2521 non
2560 2466 2770 2522 addam
2823 2475 2887 2523 ut
2942 2468 3178 2539 diligam
3223 2483 3337 2524 eos.
3383 2490 3404 2516 ι
3452 2469 3595 2523 Cum

1898 2555 2031 2624 quis
2059 2555 2565 2610 consuetudinarie
2590 2564 2799 2625 peccat,
2824 2565 3123 2626 utcunque
3154 2556 3443 2612 tolerabile
3490 2563 3593 2623 est,

1897 2658 2029 2698 cum
2087 2650 2279 2699 autem
2346 2644 2629 2698 novitates
2701 2645 3085 2700 adinveniunt
3151 2646 3482 2711 criminum,
3542 2651 3597 2700 et

1893 2730 2026 2800 jura
2059 2731 2349 2801 quispiam
2380 2738 2604 2787 natura
2640 2734 3081 2803 transgreditur,
3135 2734 3295 2789 bonis
3324 2733 3594 2788 omnibus

1900 2820 2215 2875 inaudibile
2247 2827 2350 2887 est,
2385 2835 2455 2875 ne
2484 2820 2621 2875 dum
2656 2821 2788 2886 Deo,
2823 2823 2923 2891 qui
2956 2821 3285 2877 inventores
3311 2822 3623 2877 malorum’

1898 2915 2059 2963 tanta
2096 2908 2391 2963 atrocitate
2432 2907 2701 2974 trucidat,
2735 2916 2799 2963 ut
2835 2924 2930 2964 eos
2977 2910 3376 2965 memorabiles
3424 2924 3593 2980 pere-

1899 2998 2080 3067 grina
2107 2998 2303 3052 mortis
2328 2997 2528 3052 reddat
2557 2997 2841 3066 exemplo,
2876 2999 3031 3068 quod
3066 3000 3276 3067 passim
3330 2997 3588 3068 Scriptu-

84 3086 226 3153 vidi,
280 3085 333 3140 id
378 3092 480 3152 est,
532 3084 682 3140 sicut
742 3083 881 3149 vidi,
927 3083 1196 3152 Ephraim
1235 3088 1354 3136 erat
1401 3083 1551 3137 sicut
1606 3082 1786 3151 Tyrus
1825 3115 1868 3172 ο
1904 3076 2111 3140 rarum
2140 3086 2325 3141 elucet
2380 3084 2720 3140 testimonio.
2771 3086 2884 3140 Hos
2930 3086 2999 3141 de
3047 3086 3219 3140 domo
3266 3100 3373 3141 sua
3420 3085 3592 3155 ejicit,

86 3174 328 3241 fundata
376 3176 432 3227 in
479 3172 907 3242 pulchritudine.
954 3172 1230 3240 Ephraim
1274 3170 1448 3238 Tyrus
1493 3179 1597 3237 est,
1648 3170 1789 3239 quia

89 3262 188 3319 illa
219 3262 493 3332 frugifera
524 3261 813 3327 voluntas,
856 3274 986 3330 qua
1015 3273 1134 3314 sua
1182 3266 1238 3315 et
1269 3259 1586 3315 multorum
1637 3258 1790 3314 utili-

34 3340 35 3345 “
86 3352 212 3420 tati,
259 3352 399 3407 dum
458 3358 605 3405 recte
650 3348 988 3412 intenderet,
1022 3347 1327 3412 militabat,
1369 3361 1528 3402 nunc
1575 3348 1634 3401 in
1684 3361 1783 3403 an-

90 3449 259 3513 gusto
279 3439 596 3510 reponitur,
625 3438 764 3493 dum
793 3436 913 3492 solo
935 3436 1191 3491 humano
1222 3435 1403 3491 favori
1434 3449 1534 3505 spe
1568 3449 1789 3505 pauper

92 3530 404 3600 adequitat.
469 3529 657 3597 Tyrus
701 3526 853 3581 enim
902 3527 1229 3591 Angustiam
1274 3532 1456 3579 sonat.
1512 3524 1639 3580 Vox
1688 3524 1786 3579 Dei

89 3626 172 3674 est
214 3633 226 3672 :
261 3619 327 3673 Ut
356 3616 493 3679 vidi,
519 3614 727 3685 inquit,
769 3614 925 3669 idest
949 3614 1238 3683 quomodo
1278 3611 1338 3667 in
1380 3612 1607 3668 deitatis
1646 3626 1786 3668 mea

91 3704 562 3767 consideratione,
617 3702 937 3772 perpendi:
990 3701 1262 3769 Ephraim
1302 3708 1427 3756 erat
1484 3714 1788 3770 compara-

93 3795 209 3851 tive
254 3794 458 3863 Tyrus.
514 3793 582 3848 Et
630 3791 752 3846 hac
797 3790 1038 3855 fundata
1082 3792 1142 3843 in
1187 3789 1596 3859 pulchritudine
1640 3796 1784 3855 erat,

94 3882 231 3952 quia
262 3883 317 3936 in
346 3880 614 3936 exteriori
670 3877 1008 3933 habitudine
1039 3878 1208 3947 capti
1252 3877 1457 3946 operis,
1500 3891 1618 3947 qua
1678 3876 1788 3932 sibi

94 3979 149 4027 et
175 3970 301 4025 aliis
331 3968 683 4038 cotnplacere
714 3967 1062 4031 decreverat,
1114 3979 1233 4021 sua
1276 3964 1609 4021 intentionis
1645 3965 1788 4020 fun-

94 4059 361 4115 damenta
390 4063 674 4127 posuerat,
712 4062 775 4110 ut
805 4054 862 4109 in
886 4068 951 4109 e0
969 4055 1123 4124 quod
1144 4054 1279 4109 foris
1296 4055 1637 4120 ostenderet,
1673 4068 1787 4109 non

97 4147 195 4203 Dei
224 4146 427 4211 virtus,
460 4144 553 4201 sed
588 4157 694 4199 sua
725 4142 1097 4213 pulchritudo
1122 4149 1451 4211 patesceret.
1493 4140 1615 4208 Quo
1645 4156 1788 4197 con-

98 4243 187 4291 tra
214 4235 270 4289 in
299 4234 515 4304 psalmo
549 4247 561 4286 :
591 4255 611 4281 ι
648 4232 757 4295 Sic,
792 4232 999 4301 inquit,
1035 4231 1093 4285 in
1126 4239 1322 4286 sancto
1370 4231 1613 4300 apparui
1663 4232 1784 4297 tibi,

98 4331 163 4380 ut
191 4323 438 4378 viderem
466 4322 734 4376 virtutem
760 4322 928 4390 (Psal.
965 4333 1097 4377 1.xn.
1132 4319 1209 4389 3),
1234 4338 1261 4369 ››
1293 4334 1409 4374 non
1442 4333 1625 4374 meam
1646 4334 1786 4387 esse,

1900 3187 2048 3243 quos
2082 3187 2116 3227 a
2170 3174 2451 3228 bonorum
2493 3171 2796 3235 consortio,
2849 3174 2951 3243 qui
3007 3181 3144 3229 sunt
3202 3188 3309 3229 sua
3367 3174 3592 3241 domus,

1893 3260 2168 3316 excludit.
2196 3260 2265 3316 Ut
2296 3261 2499 3331 diligat
2522 3275 2617 3316 eos
2646 3276 2759 3316 non
2793 3262 2969 3327 addit,
2999 3262 3139 3331 quia
3182 3261 3283 3331 qui
3345 3260 3593 3316 aliorum

1894 3349 2249 3419 corruptioni
2277 3362 2506 3417 operam
2535 3348 2758 3413 dedere,
2794 3349 2882 3405 vel
2913 3363 3019 3404 sua
3049 3362 3422 3419 nequaquam
3473 3362 3596 3418 per-

1896 3436 2110 3493 ditione
2164 3437 2414 3492 contenti
2465 3438 2523 3492 in
2579 3438 2890 3508 rcprobum
2947 3453 3179 3493 sensqu
3244 3438 3445 3492 merito
3499 3451 3595 3492 eos

1895 3526 2090 3582 tradit.
2124 3547 2144 3574 ι
2178 3524 2388 3581 Omnes
2417 3526 2702 3596 principes
2730 3541 2928 3582 eorum
2970 3527 3314 3582 recedentes.
3356 3547 3377 3574 ι
3426 3527 3595 3579 Prin-

1895 3617 2064 3685 cipes,
2095 3622 2159 3670 ut
2190 3628 2369 3683 supra
2418 3618 2648 3684 sapius,
2700 3630 2902 3672 sensus
2944 3624 3081 3671 sunt
3128 3615 3461 3671 exteriores.
3524 3614 3593 3670 Hi

1896 3709 2032 3758 sunt
2074 3702 2392 3765 recedentes,
2445 3716 2748 3772 nunquam
2792 3703 3055 3758 videlicet
3099 3718 3157 3759 se
3202 3703 3353 3758 intra
3393 3717 3451 3759 se
3499 3716 3592 3758 co-

1896 3791 2175 3856 hibentes,
2211 3790 2307 3844 sed
2345 3805 2404 3845 se
2442 3803 2544 3859 per
2588 3789 2877 3845 exteriora
2925 3798 3279 3860 spargentes.
3330 3790 3492 3846 Unde
3539 3797 3594 3846 et

1896 3880 2071 3950 paulo
2102 3892 2281 3948 supra
2303 3878 2371 3933 de
2400 3879 2569 3934 domo
2599 3892 2706 3933 sua
2727 3892 2786 3933 se
2803 3879 3125 3949 ejecturum
3156 3892 3251 3934 eos
3286 3878 3595 3933 commina-

1899 3976 2012 4034 tur,
2047 3967 2203 4037 quod
2239 3967 2301 4022 fit
2334 3981 2465 4021 cum
2493 3980 2527 4021 a
2559 3976 2763 4033 mente,
2814 3981 2945 4036 qua
2986 3966 3081 4021 Dei
3134 3966 3295 4021 sedes
3331 3980 3451 4022 esse
3490 3966 3593 4021 de-

1897 4056 2120 4123 buerat,
2157 4055 2227 4109 ad
2276 4054 2571 4110 tractanda
2610 4054 2730 4110 sola
2776 4054 3042 4110 forastica
3088 4054 3433 4108 sensualitas
3478 4054 3592 4109 Deo

1887 4144 2082 4214 judice
2113 4142 2510 4213 proturbatur.

1968 4231 2140 4287 Vnus.
2186 4233 2270 4284 16.
2302 4260 2371 4270 -
2404 4252 2423 4279 ι
2482 4231 2795 4287 Percussus
2829 4238 2911 4286 est
2950 4229 3247 4300 Ephraim,
3294 4229 3462 4285 radix
3508 4244 3594 4285 e0-

1901 4341 1922 4367 ι
1952 4333 2084 4375 rum
2114 4320 2402 4374 exsiccata
2431 4327 2534 4383 est,
2572 4319 2824 4375 fructum
2875 4333 3248 4389 nequaquam
3291 4319 3523 4374 facient.
3563 4340 3584 4367 ι

99 4413 193 4468 sed
225 4420 380 4467 tuam
408 4412 620 4465 nedum
642 4409 902 4478 gloriam.
938 4429 958 4454 ι
990 4408 1263 4477 Ephraim
1293 4408 1496 4462 educet
1520 4408 1591 4461 ad
1622 4409 1785 4463 inter—
1823 4413 1866 4467 ι)
1895 4404 2167 4474 Ephraim
2232 4408 2572 4476 percutitur,
2623 4421 2752 4463 cum
2819 4414 3002 4463 status
3052 4407 3384 4477 voluntatis,
3460 4420 3591 4477 qua

98 4502 358 4556 fectorem
387 4499 534 4554 filios
563 4512 715 4552 suos.
754 4518 775 4543 ι
818 4496 1093 4566 Ephraim
1137 4496 1308 4551 habet
1355 4495 1519 4563 filios,
1553 4496 1787 4565 quando

96 4589 362 4644 voluntas
390 4586 623 4642 effectus
662 4584 846 4640 exerit
888 4584 1086 4639 bonos.
1124 4584 1237 4638 Hos
1284 4591 1474 4639 tamen
1505 4584 1574 4638 ad
1610 4584 1783 4639 inter-

96 4676 355 4733 fectorem
384 4674 595 4737 educit,
629 4672 864 4742 quando
889 4671 959 4724 ad
991 4685 1156 4726 suam
1187 4673 1440 4739 ipsorum
1476 4671 1782 4740 perniciem

96 4764 455 4819 adulatorum
489 4761 704 4831 linguis
731 4758 984 4828 exponit.

162 4854 322 4909 Vens.
362 4851 443 4906 14.
484 4880 553 4889 -
597 4872 618 4897 ι
664 4848 771 4917 Da
826 4847 929 4913 eis,
970 4845 1229 4902 Domine.
1271 4844 1418 4912 Quid
1460 4845 1625 4901 drihis
1662 4845 1785 4901 eis?

102 4964 121 4990 ι
158 4941 237 4996 Da
266 4940 346 4995 eis
376 4939 611 4994 vulvam
659 4937 782 4992 sine
828 4936 1042 4991 liberis.
1078 4957 1099 4983 ι
1156 4935 1283 4991 Vox
1324 4936 1633 5005 propheta,
1683 4943 1784 4991 aut

95 5029 392 5101 cujuslibet
424 5027 605 5083 sancti
639 5026 749 5081 viri
783 5032 944 5080 tanta
975 5023 1261 5093 hypocrisi
1306 5023 1531 5079 irritati.
1571 5026 1655 5078 Da
1683 5026 1780 5088 eis,

98 5119 334 5183 Domine,
368 5116 424 5171 id
468 5123 551 5170 est
599 5113 823 5184 aliquid
871 5112 955 5167 eis
1001 5111 1343 5167 incommodi
1396 5111 1784 5182 inpraesentia-

34 5250 37 5259 λ
96 5220 216 5262 rum
250 5205 501 5261 restitue.
537 5204 606 5259 Et
636 5202 778 5272 quid
810 5200 1043 5270 dignius
1071 5200 1153 5255 eis
1177 5199 1315 5254 dare
1340 5199 1569 5269 poteris,
1601 5213 1778 5270 quam

95 5303 156 5351 ut
207 5294 463 5358 vulvam,
508 5292 565 5346 id
616 5299 702 5347 est
753 5288 1245 5358 conceptaculum.
1297 5301 1416 5358 qua
1463 5288 1779 5344 libertatem

94 5382 339 5439 benevoli
386 5389 550 5436 actus
598 5379 893 5448 recipiant,
948 5392 1065 5432 non
1118 5376 1406 5432 habeant?
1456 5377 1657 5433 Melius
1696 5384 1781 5433 est

90 5472 232 5528 enim
276 5471 495 5526 bonum
543 5482 690 5537 opus
736 5481 839 5523 nec
886 5464 1181 5521 affectasse
1227 5478 1404 5534 quam
1451 5463 1778 5523 affectatum

91 5560 390 5617 simulacro
457 5556 654 5627 aliquo
714 5555 840 5610 falsi
890 5553 1087 5624 operis
1132 5552 1469 5622 perdidisse.
1521 5552 1574 5608 Si
1609 5553 1774 5610 liberi

91 5650 357 5705 dicuntur
409 5646 550 5715 quia
610 5643 803 5700 servili
850 5642 1008 5711 operi
1057 5655 1172 5696 non
1226 5640 1583 5710 subduntur,
1638 5656 1776 5712 ergo

1895 4493 2048 4564 frugi
2078 4509 2199 4550 esse
2237 4495 2534 4563 debuerat,
2571 4510 2605 4549 a
2638 4496 2781 4551 bene
2812 4495 3050 4551 volendo
3093 4495 3428 4551 conteritur.
3479 4498 3590 4551 Ra-

1895 4584 1995 4637 dix
2026 4600 2231 4650 eorum,
2267 4586 2321 4640 id
2352 4593 2435 4641 est
2458 4585 2584 4655 ejus
2615 4585 2893 4641 motivum
2934 4585 3281 4646 exsircatur,
3326 4600 3458 4640 cum
3500 4584 3587 4639 iu-

1894 4673 2070 4728 tentio
2113 4686 2147 4727 a
2176 4673 2387 4729 divina
2418 4674 2537 4743 spei
2586 4674 2775 4729 virore
2826 4670 3078 4727 arefacta
3122 4680 3403 4728 cassatur.
3453 4671 3590 4738 Qua

1893 4762 2096 4815 merito
2124 4762 2293 4816 radix
2322 4762 2552 4828 dicitur,
2588 4762 2726 4831 quia
2758 4762 2827 4817 ab
2873 4761 2993 4829 ipsa
3021 4760 3259 4829 emergit
3299 4759 3589 4829 quidquid

1891 4848 2064 4905 vitale
2096 4851 2411 4919 peragitur.
2462 4852 2718 4905 Fructum
2758 4864 3102 4918 nequaquam
3145 4848 3373 4914 facient,
3426 4846 3586 4917 quia,

1891 4937 2040 4992 sicut
2065 4937 2456 5008 cogitationes,
2503 4938 2585 4994 sic
2626 4951 2802 5007 opera
2838 4937 2910 4992 ab
2954 4935 3107 4992 omni
3160 4935 3407 4991 utilitate
3442 4935 3589 4991 defi-

1890 5026 2053 5103 ciunt
2084 5049 2105 5075 ι
2140 5026 2301 5092 Quod
2342 5027 2445 5081 etsi
2491 5026 2818 5097 genuerint,
2874 5024 3211 5080 interficiam
3260 5023 3586 5079 amantissi-

1891 5133 1918 5165 ι)
1949 5128 2044 5169 ma
2073 5115 2219 5171 uteri
2259 5128 2481 5170 eorum.
2512 5136 2532 5162 ι
2581 5114 2860 5181 Gignuut,
2915 5127 3049 5170 cum
3098 5113 3316 5183 aliquid
3375 5120 3587 5169 natura

1889 5211 2147 5274 cogente,
2177 5218 2309 5273 qua
2338 5203 2475 5259 boni
2500 5217 2708 5272 expers
2736 5217 2858 5258 esse
2889 5217 3006 5257 non
3038 5202 3208 5269 valet,
3256 5200 3343 5271 pie
3378 5208 3583 5272 agunt.

1889 5292 2166 5347 Interficit
2214 5306 2348 5348 vero
2390 5292 2544 5347 Deus
2600 5294 2985 5347 amantissima
3022 5294 3167 5344 uteri
3203 5305 3399 5354 eorum,
3447 5303 3586 5345 cum

1889 5380 2177 5451 quidquid
2216 5380 2274 5435 in
2324 5381 2688 5448 conscientia,
2739 5380 2828 5435 vel
2880 5379 3202 5435 secundum
3248 5378 3445 5435 saculi
3490 5378 3588 5434 ho!

1888 5477 2187 5537 aestatem,
2222 5468 2311 5524 vel
2359 5468 2679 5525 secundum
2734 5469 3061 5524 naturalem
3085 5467 3397 5524 bonitatem
3444 5481 3586 5523 con-

1886 5564 2038 5611 stare
2069 5564 2308 5626 poterat,
2342 5557 2413 5612 ad
2444 5556 2746 5613 cumulum
2766 5556 2970 5627 judicii
2991 5556 3247 5625 dissipat,
3280 5563 3335 5611 et
3363 5555 3587 5626 disper-

1884 5643 1985 5700 dit.
2020 5646 2430 5699 Amantissima
2460 5651 2653 5700 autem
2689 5643 2824 5700 dicit
2854 5647 2998 5699 uteri
3025 5643 3314 5715 quidquid
3361 5644 3586 5713 gratius
