3950 6410
381 353 474 407 391
1268 352 1327 404 ν.
1372 350 1704 408 GUIBERTI
1743 350 2034 406 ABBATIS
2070 356 2074 403 1

2260 348 2409 406 ,ωε
2451 349 2535 404 DE
2576 348 2972 406 NOVIGENTO

3779 353 3884 404 392

381 487 533 544 intra
553 488 730 543 animi
760 489 951 544 sinum
999 486 1072 542 ad
1112 501 1338 544 morum
1393 486 1729 556 probitatem
1781 487 2070 556 pertinens
2108 489 2149 542 Δ
2177 500 2294 556 quo
2357 487 2468 541 Deo
2527 484 2834 555 postposito
2878 484 3161 554 respectni
3201 491 3427 540 terreno
3507 485 3883 542 incumbunt.

381 575 554 644 possit
585 576 802 632 haberi.

454 663 622 720 Vnus.
652 668 735 718 l7.
769 695 834 704 -
880 685 899 712 ι
953 662 1172 733 Abjicet
1196 677 1293 717 eos
1337 662 1488 716 Deus
1528 676 1711 726 meus,
1769 662 1908 732 quia
1958 675 2072 716 non

387 774 406 798 ι
441 752 754 808 audierunt
783 766 936 818 eum,
965 759 1020 806 et
1048 760 1219 806 erunt
1246 749 1378 819 vagi
1405 751 1460 804 in
1489 749 1840 804 nationibus.
1875 772 1893 797 ι
1928 748 2075 816 Quia

380 841 557 896 Deum
605 854 718 894 non
768 839 1034 904 audiunt,
1080 841 1217 893 Deus
1250 852 1334 890 eos
1376 835 1591 906 abjicit,
1629 837 1770 906 quia
1814 837 2076 892 videlicet

379 929 520 983 dum
551 940 922 997 nequaquam
951 926 1064 980 Deo
1108 925 1338 980 obedire
1369 924 1686 993 patiuntur,
1719 933 1773 980 et
1818 939 1987 981 aures
2022 925 2072 977 ei

379 1015 688 1071 obstruunt
717 1015 1062 1079 animorum,
1094 1013 1167 1068 ob
1199 1013 1602 1082 reprobitatem
1639 1011 1770 1067 vitae
1798 1027 1893 1068 eos
1930 1027 1995 1068 ac
2027 1033 2070 1066 si

381 1101 693 1172 abjectivus
735 1101 998 1156 ostendit.
1057 1101 1204 1167 Vagi
1250 1103 1308 1152 in
1359 1101 1670 1153 nationibus
1727 1107 1884 1166 sunt,
1934 1100 2074 1155 dum

381 1205 480 1260 per
510 1189 650 1244 vitia
685 1191 956 1244 universa
1003 1203 1063 1243 se
1105 1196 1408 1258 spargunt.
1455 1187 1730 1243 Nationes
1769 1201 1870 1258 pro
1919 1189 2076 1244 vitiis

378 1279 532 1348 poni,
554 1277 601 1333 si
634 1291 746 1332 non
776 1277 938 1342 alias,
985 1285 1180 1346 gentes
1200 1277 1423 1338 saltem,
1463 1290 1612 1345 quas
1647 1277 1854 1332 evertit
1881 1277 2072 1332 Domi-

379 1380 490 1422 nus
525 1373 658 1420 ante
692 1364 836 1419 filios
868 1363 1061 1430 Israel,
1101 1365 1373 1420 innunnt.

1055 1501 1288 1559 CAPUT
1327 1503 1399 1558 Χ.

450 1626 620 1682 Vnus.
655 1629 703 1679 l.
749 1654 818 1664 —
867 1648 887 1673 ι
936 1624 1080 1679 Vitis
1125 1623 1393 1679 frondosa
1444 1625 1637 1691 Israel,
1689 1625 1911 1683 fructus
1969 1629 2077 1682 ad-

383 1736 406 1764 .
436 1722 704 1784 aequatus
749 1721 834 1767 est
879 1712 946 1766 ei.
996 1713 1324 1768 Secundum
1370 1713 1796 1769 multitudinem
1855 1715 2078 1772 fructus

386 1824 407 1849 ι
443 1803 533 1858 sui
561 1799 967 1869 multiplicavit
987 1799 1210 1854 altaria.
1251 1820 1270 1846 ι
1316 1801 1482 1854 Israel
1508 1803 1638 1854 vitis
1666 1803 1928 1867 frondosa
1970 1811 2072 1868 est,

380 1902 512 1944 cum
569 1888 648 1953 hi,
712 1887 810 1958 qui
859 1901 960 1958 per
1019 1887 1446 1958 Scripturarnm
1504 1889 1800 1944 scientiam
1864 1891 1932 1945 de
1980 1891 2074 1945 Dei

380 1977 616 2043 visione,
665 1975 720 2030 id
756 1983 838 2031 est
885 1976 1212 2046 cognitione
1263 1990 1321 2031 se
1351 1976 1593 2046 jactant,
1643 1977 1763 2032 sine
1808 1978 2078 2047 operibus

381 2065 494 2120 sibi
562 2065 871 2120 verborum
938 2063 1388 2134 multiplicitates
1453 2073 1828 2134 exaggerant.
1908 2067 2079 2120 Israel

378 2157 511 2208 vitis
534 2153 797 2220 frondosa
820 2153 898 2218 tit,
931 2165 1062 2208 cum
1096 2151 1217 2206 sola
1267 2151 1454 2206 inanis
1481 2152 1823 2220 eloquentia
1871 2167 2079 2222 pompa

384 2256 443 2296 se
473 2241 742 2311 contegit.
779 2240 935 2294 Sicut
961 2253 1097 2308 ergo
1129 2238 1300 2293 Israel
1340 2238 1458 2293 solo
1507 2237 1756 2306 nomine,
1813 2240 1893 2294 sic
1949 2240 2078 2294 vitis

385 2328 507 2384 sine
534 2342 720 2397 opere.
752 2328 985 2381 Fructus
1010 2329 1061 2380 ei
1089 2325 1452 2395 adsequatur,
1489 2340 1621 2380 cum
1654 2339 1820 2381 vanae
1870 2327 2078 2397 loqua-

385 2416 540 2472 citati
589 2429 736 2485 opus
777 2415 1134 2484 subsequens
1183 2414 1486 2483 respondet
1532 2414 1875 2470 omnimodae
1919 2415 2077 2470 falsi-

389 2504 534 2560 tatis.
615 2502 924 2559 Secundum
963 2501 1367 2556 multitudinem
1421 2503 1637 2567 fructus
1698 2505 1787 2556 sui
1872 2505 2077 2556 altaria

385 2591 752 2661 multiplicat,
813 2590 867 2645 id
923 2596 1007 2644 est
1049 2589 1220 2660 juxta
1277 2588 1707 2656 exercitiornm,
1774 2605 1904 2660 quae
1978 2605 2078 2660 per

386 2680 738 2751 hypocrisim
786 2677 954 2744 fiunt,
991 2677 1394 2746 quantitatem,
1431 2677 1626 2732 titulos
1663 2677 1768 2732 sibi
1810 2679 2076 2734 adulato-

363 2769 487 2824 ria;
517 2765 881 2838 vulgaritatis
903 2765 1249 2822 accumulat.
1288 2788 1308 2812 α
1333 2765 1509 2820 Juxta
1550 2765 1864 2822 ubertatem
1912 2774 2077 2822 terrae

393 2879 413 2904 ι
447 2870 564 2911 sum
593 2855 930 2910 exuberavit
959 2853 1299 2909 simulacris.
1335 2876 1355 2901 ι
1381 2853 1556 2909 Terra
1592 2854 1892 2922 exuberat,
1943 2869 2073 2910 cum

389 2944 731 3015 insignibus,
764 2943 858 2999 sed
893 2943 1036 2998 fictis
1063 2942 1336 3012 operibus
1361 2950 1617 2998 nostrum
1646 2956 1855 3012 corpus
1883 2943 2076 2998 abun-

385 3033 500 3088 dat.
535 3034 753 3102 Corpus
778 3038 970 3087 autem
1003 3045 1117 3085 non
1172 3045 1330 3085 mens
1377 3037 1668 3100 operatur,
1715 3045 1847 3085 cum
1891 3039 2076 3086 mente

385 3134 572 3176 vacua
599 3127 654 3175 et
685 3119 931 3188 insipida
970 3118 1040 3173 ad
1092 3119 1197 3174 hoc
1230 3118 1362 3173 boni
1404 3117 1698 3188 quippiam
1750 3118 1831 3186 fit,
1885 3127 1948 3175 ut
1997 3133 2078 3174 so-

385 3207 677 3265 lummodo
727 3207 1008 3263 videatur.
1058 3205 1204 3272 Quot
1248 3220 1385 3275 ergo
1428 3213 1564 3262 sunt
1611 3220 1802 3276 opera,
1871 3215 1947 3262 tot
2002 3207 2073 3262 ad

385 3296 672 3352 humanos
700 3295 922 3352 favores
953 3293 1116 3364 quasi
1158 3293 1468 3363 eriguntur
1497 3295 1827 3350 simulacra.

481 3385 654 3440 Vens.
683 3387 827 3438 2.—
863 3405 884 3432 ι
941 3383 1199 3437 Divisum
1243 3389 1328 3437 est
1372 3395 1472 3436 cor
1516 3395 1738 3436 eorum.
1776 3403 1803 3429 »
1853 3383 1955 3438 Cor
1983 3399 2075 3436 eo-

383 3489 508 3528 rum
547 3472 847 3538 dividitur,
902 3470 1040 3525 dum
1077 3469 1235 3524 aliud
1271 3468 1328 3522 in
1373 3482 1539 3538 opere
1567 3477 1886 3537 exercetur,
1919 3470 2076 3525 aliud

387 3563 446 3618 in
497 3569 686 3617 mente
742 3566 1042 3614 tractatur.
1101 3560 1378 3621 Quaerunt
1444 3557 1596 3612 enim
1650 3558 1709 3612 in
1763 3557 2078 3614 intentione

385 3649 638 3714 Iaudem,
697 3660 830 3702 cum
859 3644 1220 3701 extrinsecus
1280 3645 1389 3699 Deo
1443 3658 1770 3716 congruum
1809 3645 2078 3701 studeant

387 3735 575 3806 specie
619 3742 786 3790 tenus
831 3733 1106 3788 exhibere
1153 3731 1426 3787 laborem.
1472 3731 1633 3788 Unde
1685 3739 1740 3788 et
1779 3733 2079 3802 Apostolus

387 3837 522 3879 eum
555 3821 814 3893 quicum
859 3834 1038 3876 uxore
1071 3827 1175 3888 est,
1209 3820 1365 3875 circa
1405 3821 1701 3876 mundana
1746 3821 2074 3888 sollicitum,

387 3911 526 3968 dicit
552 3924 672 3967 esse
699 3909 948 3966 divisum
978 3908 1036 3978 (Ι
1059 3909 1188 3964 Cor.
1223 3923 1320 3977 vn,
1359 3909 1471 3979 33),
1501 3909 1636 3965 dum
1687 3909 1899 3966 scilicet
1946 3911 2080 3966 hinc

382 4001 482 4072 jus
538 4006 745 4056 tractat
799 4001 1096 4064 uxorium,
1171 3997 1329 4053 illinc
1379 3997 1682 4068 aliquoties
1761 4008 2079 4068 respectare

387 4097 656 4144 monetur
685 4087 756 4142 ad
784 4087 977 4142 Deum.
1020 4108 1039 4133 σ
1074 4085 1242 4140 Nunc
1269 4085 1613 4154 interibunt;
1665 4086 1780 4155 ipse
1821 4086 2079 4142 confrin-

389 4195 418 4230 ιι
453 4183 546 4247 get
573 4175 884 4232 simulacra
914 4187 1141 4240 eorum,
1179 4173 1620 4242 depopulabitur
1648 4187 1779 4229 aras
1808 4188 2024 4230 eorum.
2053 4196 2074 4222 ι

389 4265 582 4335 (Vnus.
613 4263 665 4334 3)
701 4285 722 4311 ι
757 4261 902 4328 Quia
931 4274 1088 4317 nunc
1119 4259 1307 4316 dicent
1339 4275 1352 4315 :
1399 4261 1522 4317 Non
1561 4268 1644 4316 est
1693 4276 1794 4317 rex
1835 4263 2018 4318 nobis.
2053 4285 2073 4309 ι

387 4355 540 4408 Nunc
567 4349 890 4417 interibunt,
923 4348 980 4404 id
1020 4357 1124 4414 est,
1159 4349 1216 4404 in
1263 4349 1370 4404 hoc
1418 4349 1538 4419 ipso
1586 4357 1740 4406 statu
1787 4350 2076 4420 peribunt,

2182 575 2300 642 Ipse
2357 575 2652 628 simulacra
2692 590 2872 627 eorum
2931 571 3256 643 confringit,
3311 587 3444 629 cum
3492 572 3734 644 spiritus
3773 587 3888 628 ex-

2181 663 2555 718 candescente
2595 661 2905 716 criminum
2947 675 3084 731 rogo
3131 661 3202 715 ad
3253 661 3522 730 pudenda
3575 669 3706 717 acta
3748 676 3889 730 pro-

2180 749 2393 815 siliens,
2449 750 2736 820 quidquid
2812 749 2955 804 falso
3023 749 3493 818 protendebatur,
3563 748 3886 804 imminuit.

2181 844 2328 892 Aras
2357 852 2538 890 eorum
2581 837 2984 905 depopulatur,
3035 850 3165 890 cum
3219 837 3506 906 proposita
3549 844 3605 891 et
3649 837 3885 890 institu-

2183 925 2364 980 tiones
2403 925 2608 981 exsilia
2654 925 2859 989 reddit,
2907 931 3048 978 ill
3104 933 3159 979 et
3205 924 3386 990 nulla,
3439 924 3656 994 quibus
3713 925 3887 994 quasi

2181 1014 2423 1068 summis
2449 1021 2506 1068 et
2529 1012 2950 1082 principalibus
2984 1011 3364 1067 innitebatur.
3405 1031 3433 1063 ct
3465 1011 3632 1079 Quia,
3666 1011 3886 1082 inquit,

2182 1115 2340 1156 nunc
2374 1101 2581 1156 dicent.
2617 1122 2644 1148 ››
2680 1100 2798 1155 Hoc
2819 1104 2902 1154 est
2928 1099 3114 1154 dicere
3148 1115 3160 1154 :
3193 1097 3340 1164 Quia
3380 1113 3538 1155 nunc
3567 1099 3885 1160 intereunt,

2183 1188 2371 1244 dicent
2393 1202 2507 1244 non
2544 1196 2627 1243 est
2679 1201 2780 1244 rex
2824 1188 3002 1251 nobis,
3056 1187 3111 1242 id
3153 1195 3236 1242 est
3286 1186 3426 1256 quia
3476 1189 3890 1242 ostentationes

2185 1285 2397 1331 nostra}
2447 1276 2520 1331 ad
2561 1275 2831 1331 caecitatis
2887 1274 3127 1330 internae
3179 1282 3409 1330 traxere
3474 1288 3578 1328 nos
3627 1287 3888 1343 prenam,

2185 1365 2422 1435 quinos
2449 1371 2609 1434 regat
2649 1378 2763 1418 non
2805 1370 2889 1419 est
2936 1363 3142 1418 modus
3191 1362 3247 1416 in
3298 1362 3480 1417 nobis.
3513 1361 3674 1429 Quod
3724 1362 3887 1418 enim

2185 1453 2442 1522 spiritus,
2481 1453 2588 1508 hoc
2616 1465 2738 1518 rex,
2775 1452 2884 1507 hoc
2925 1459 2980 1506 et
3029 1451 3250 1506 modus.
3289 1472 3311 1498 ι
3361 1450 3485 1506 Non
3515 1449 3669 1504 enim
3710 1449 3887 1505 time-

2187 1555 2318 1596 mus
2344 1541 2685 1608 Dominum;
2737 1546 2792 1594 et
2824 1553 2941 1605 rex,
2998 1537 3139 1608 quid
3194 1537 3359 1594 faciet
3405 1536 3610 1594 nobis?
3638 1558 3666 1586 »
3700 1538 3784 1593 Ac
3843 1539 3890 1592 si

2185 1628 2438 1682 dicerent
2471 1643 2482 1682 :
2516 1631 2660 1682 Cum
2710 1642 2914 1682 sumus
2945 1641 2979 1681 a
3030 1626 3124 1682 Dei
3174 1627 3374 1682 timore
3429 1626 3652 1692 nudati,
3711 1627 3890 1684 ratio.

2188 1730 2320 1784 quae
2373 1716 2492 1770 solo
2545 1716 2638 1770 Dei
2689 1716 2892 1770 timore
2945 1722 3187 1780 constat,
3241 1714 3382 1783 quid
3413 1715 3576 1768 nobis
3609 1715 3767 1783 pensi
3835 1721 3890 1768 et

2119 1778 2158 1831 Β
2189 1778 2466 1858 moderati
2495 1801 2708 1868 afferet,
2745 1817 2876 1857 cum
2901 1802 3138 1857 viduata
3169 1778 3275 1866 sit;
3295 1815 3365 1856 ex
3417 1815 3484 1856 eo
3531 1778 3686 1870 quod
3735 1815 3890 1870 pen-

2185 1890 2318 1946 det?
2374 1889 2488 1945 Nisi
2544 1890 2698 1944 enim
2754 1903 2879 1944 eam
2945 1889 3058 1944 Deo
3125 1889 3426 1944 fecerimus
3483 1887 3886 1958 appendicem,

2184 1979 2400 2034 frustra
2428 1991 2552 2032 eam
2585 1976 2830 2032 dicimus
2861 1976 3158 2032 rationem.

2259 2067 2427 2122 Vens.
2459 2066 2511 2120 4.
2566 2096 2633 2104 —
2667 2086 2688 2113 ι
2745 2065 3072 2134 Loquimini
3123 2063 3299 2119 verba
3355 2064 3593 2119 visionis
3638 2063 3882 2125 inutilis,

2191 2175 2215 2204 υ
2247 2162 2301 2209 et
2324 2153 2534 2208 ferietis
2567 2153 2778 2220 fiedus;
2809 2161 2863 2208 et
2895 2150 3239 2222 germinabit
3272 2151 3437 2220 quasi
3467 2150 3821 2205 amaritudo.
3855 2173 3883 2197 »

2190 2243 2410 2296 Dicitur
2439 2240 2508 2295 ad
2541 2241 2733 2306 Israel,
2775 2241 2876 2310 qui
2914 2243 3002 2293 vir
3025 2241 3213 2292 videns
3244 2241 3408 2293 Deum
3455 2237 3667 2292 dicitur
3699 2238 3886 2292 inter-

2187 2329 2418 2399 pretari.
2475 2331 2557 2383 Ac
2589 2328 2636 2382 si
2668 2327 2880 2382 diceret
2913 2342 2927 2381 :
2959 2327 3074 2381 Vos
3114 2328 3241 2380 citis
3287 2325 3571 2391 frondosa,
3603 2324 3712 2380 sub
3746 2339 3885 2395 pre-

2185 2418 2326 2472 tioso
2349 2416 2482 2472 vitis
2528 2417 2757 2472 nomine
2816 2429 2976 2470 mens
3020 2413 3345 2485 garrulitati
3409 2414 3644 2480 intenta,
3705 2427 3886 2482 super

2187 2506 2280 2561 Dei
2339 2505 2652 2574 agnitione,
2708 2504 2863 2574 quod
2918 2511 3002 2558 est
3066 2502 3229 2565 visio,
3288 2501 3516 2557 inutilia
3574 2501 3882 2571 loquimini

2185 2594 2381 2648 verba.
2421 2595 2488 2649 Et
2518 2593 2685 2662 plane
2716 2592 2959 2653 inutilia,
2985 2591 3123 2660 quia
3150 2591 3242 2645 det
3269 2591 3389 2645 sine
3435 2598 3622 2644 mente
3665 2602 3882 2644 sonum

2185 2681 2393 2736 locutio
2439 2680 2708 2735 fastuosa.
2747 2680 2874 2734 Haec
2923 2679 3088 2748 quasi
3119 2677 3332 2734 ironice
3388 2685 3524 2732 sunt
3573 2676 3748 2732 dicta.
3818 2677 3884 2730 Et

2184 2770 2394 2825 ferietis
2444 2770 2630 2824 foedus
2671 2769 2741 2824 de
2786 2769 3136 2822 continentia
3175 2767 3438 2822 videlicet
3486 2765 3745 2834 corporis
3798 2779 3880 2819 ve-

2184 2857 2307 2923 stri,
2335 2857 2488 2911 unde
2524 2855 2884 2925 gloriosiores
2924 2854 3252 2920 videamini,
3285 2868 3420 2908 cum
3452 2853 3646 2907 animo
3690 2859 3883 2906 vestro

2185 2945 2464 3000 stabilitas
2522 2951 2704 3012 pacta.
2773 2943 2877 2998 Sed
2943 2943 3046 2998 hoc
3108 2942 3292 2997 foedus
3351 2941 3518 3011 quasi
3552 2938 3883 2995 amaritudo

2117 3067 2157 3120 ρ
2186 3033 2488 3102 germinat,
2518 3031 2658 3101 quia
2678 3031 2864 3086 cordis
2895 3031 3234 3086 instabilitas
3275 3037 3330 3085 et
3367 3028 3558 3084 carnis
3611 3028 3884 3096 petulan-

2187 3123 2286 3188 tia,
2312 3134 2412 3191 per
2469 3120 2640 3174 totius
2685 3119 3063 3188 irruptionem
3109 3116 3490 3173 immunditiae
3530 3115 3881 3170 convenien-

2187 3211 2322 3265 tiam
2351 3209 2540 3263 subito
2573 3215 2788 3262 mutuae
2845 3206 3166 3276 sponsionis
3216 3206 3512 3260 amaricat.
3561 3204 3682 3260 Hoc
3730 3204 3883 3258 enim
3923 3271 3925 3280 1

2184 3305 2268 3353 est
2298 3311 2530 3367 germen
2566 3295 2899 3364 hypocrisis,
2932 3293 3086 3364 quod
3133 3296 3191 3348 in
3223 3301 3508 3349 momento
3539 3293 3652 3348 Deo
3697 3292 3888 3348 ultore
3918 3303 3926 3342 τ

2183 3387 2397 3442 revelat
2429 3386 2614 3454 impiae
2647 3391 2859 3439 statum
2891 3383 3117 3438 mentis.
3153 3381 3314 3439 Unde
3362 3382 3661 3452 sequitur:

2262 3496 2284 3522 ι
2318 3473 2628 3539 Iudicium,
2664 3473 2874 3542 inquit,
2896 3483 3069 3540 super
3099 3471 3287 3526 sulcos
3315 3470 3458 3540 agri.
3491 3491 3511 3517 ο
3568 3467 3725 3524 Sulci
3762 3467 3881 3538 agri

2186 3562 2415 3620 vexatio
2457 3568 2541 3616 est
2573 3567 2804 3630 propter
2835 3561 3014 3615 Deum
3061 3557 3332 3628 corporis.
3385 3555 3713 3626 Hypocrita:
3761 3555 3884 3611 sul-

2185 3666 2282 3706 cos
2301 3664 2438 3720 agro
2470 3664 2574 3704 suo
2606 3648 2842 3714 faciunt,
2871 3648 3010 3704 dum
3042 3647 3335 3702 cruciatus
3364 3660 3468 3700 suo
3515 3646 3748 3714 corpori
3791 3656 3884 3714 per

2187 3738 2560 3794 abstinentias
2610 3735 2886 3792 inferunt.
2939 3735 3124 3804 Super
3157 3734 3258 3789 bos
3304 3734 3365 3789 fit
3389 3732 3702 3803 judicium,
3751 3745 3879 3788 cum

2188 3827 2343 3882 falsze
2380 3824 2698 3880 sanctitatis
2745 3824 2984 3880 evidens
3037 3822 3329 3887 omnibus,
3376 3821 3488 3876 Deo
3510 3820 3882 3890 propatulum

2186 3915 2445 3980 faciente,
2477 3914 2650 3968 datur
2681 3912 2974 3968 indicium.
3031 3910 3228 3967 Sulcos
3268 3909 3394 3979 agri
3423 3909 3504 3964 sic
3549 3909 3736 3964 solere
3796 3908 3882 3962 in—

2188 4003 2361 4073 telligi
2425 4001 2688 4057 Salomon
2769 4007 3011 4056 testatur
3066 4015 3079 4054 :
3146 4017 3174 4052 ‹
3240 3999 3569 4069 Diligenter,
3663 3996 3878 4066 inquit,

2185 4102 2386 4145 exerce
2416 4101 2622 4160 agrum
2656 4095 2844 4152 tuum,
2880 4094 2941 4143 ut
2973 4094 3164 4157 postea
3189 4085 3435 4140 aediﬁces
3454 4084 3692 4140 domum
3717 4092 3877 4139 tuam

2187 4177 2370 4245 (Prov.
2407 4191 2562 4243 xxxv,
2595 4174 2702 4245 27).
2727 4197 2755 4224 »
2794 4175 2860 4230 Et
2881 4175 2950 4231 de
2969 4189 3119 4244 equo
3146 4173 3243 4228 Dei
3272 4173 3375 4228 Job
3410 4187 3422 4226 :
3454 4193 3480 4220 α
3500 4171 3764 4238 Terram,
3783 4169 3880 4233 ait,

2190 4263 2412 4335 ungula
2443 4263 2580 4320 fodit
2612 4263 2728 4328 (Job
2758 4277 2954 4329 xxmx,
2985 4261 3106 4331 2t);
3131 4275 3263 4316 cum
3287 4259 3532 4316 audierit
3553 4257 3879 4317 buccinam,

2188 4351 2324 4407 dicit
2352 4367 2364 4406 :
2401 4350 2565 4408 Vah!
2597 4351 2758 4420 (Ibid.
2783 4350 2898 4420 25.)
2932 4372 2953 4399 ι

1679 4523 1968 4569 EXPLICIT
2012 4525 2193 4570 LIBER
2239 4523 2576 4569 SECUNDUS.

1707 4858 2026 4934 LIBER
2107 4859 2566 4934 TERTIUS

624 4970 1870 5162 TﬁOPOLOGIABUM
1940 5057 2089 5160 IN
2187 5057 2547 5161 OSEE
2645 5051 3652 5161 CONTINUATIO.

459 5422 716 5478 Tertium
747 5421 803 5476 in
835 5421 980 5478 beati
1007 5421 1145 5478 Osee
1193 5420 1339 5476 libro
1367 5419 1688 5476 libellulum
1735 5434 2082 5490 praesumen-
2120 5421 2162 5475 D
2193 5419 2430 5488 protulit
2460 5433 2682 5490 semper
2728 5426 2784 5474 et
2823 5418 3088 5489 proferet,
3137 5432 3170 5472 a
3213 5431 3321 5473 sua
3371 5414 3790 5472 illutninatione
3824 5413 3874 5462 et

387 5519 470 5569 tes
499 5512 697 5577 Deum,
733 5510 831 5580 qui
874 5509 1126 5565 Trinitas
1151 5515 1254 5574 est,
1306 5521 1419 5563 non
1460 5515 1572 5563 tam
1619 5507 1858 5564 vocibus
1900 5521 2078 5578 quam

387 5598 654 5656 medullis
703 5611 958 5664 oramus,
1000 5605 1064 5654 ut
1111 5596 1214 5666 qui
1253 5595 1409 5664 quod
1461 5593 1607 5662 vult,
1637 5608 1740 5664 per
1771 5608 1916 5664 quos
1956 5594 2079 5650 vult

2188 5507 2375 5562 calore
2420 5522 2534 5562 non
2583 5521 2673 5561 tne
2727 5507 2978 5576 patiatur
3023 5505 3314 5570 abscondi,
3369 5513 3423 5560 et
3457 5503 3556 5574 qui
3604 5504 3708 5559 scit
3762 5495 3874 5555 solo

2189 5608 2308 5650 suae
2355 5595 2737 5651 miserationis
2775 5594 3036 5661 obtentu,
3081 5607 3196 5649 non
3247 5593 3554 5648 securitate
3589 5596 3868 5660 perversa.
