3950 6408
129 356 193 409 3!)
203 358 232 411 3

793 425 799 431 τ
838 348 1294 414 moremur/rs
1335 352 1400 413 IN
1442 354 1639 427 esas,
1679 358 1830 416 AMO:

2025 358 2175 416 JER.
2217 390 2287 402 —
2324 358 2456 417 LIB.
2501 358 2574 418 ll.
2624 361 2698 420 IN
2736 361 2941 421 OSEE.

3537 368 3642 423 395:

126 496 315 543 tantas
343 490 745 558 mysteriorum
774 488 1141 545 difficultates
1178 502 1535 559 aggressum,
1570 490 1822 560 prosperi
1864 498 1910 550 Α
1940 507 2117 560 regem
2164 508 2322 547 suum
2366 496 2602 549 transire
2652 495 2806 565 facit,
2856 511 2990 553 cum
3042 497 3343 555 exterioris
3394 501 3643 557 hominis

124 584 323 644 portus
346 577 467 647 jam
507 578 746 647 jamque
797 577 1033 632 haerenti
1061 584 1114 632 et
1140 577 1335 633 timido
1362 576 1560 648 largiri
1617 578 1823 649 digne-

125 672 222 720 tur
249 680 564 722 aCCBSSUIﬂ.

643 754 997 821 SEQUITUR
1032 754 1285 811 CAPUT.

193 842 364 898 Vsus.
406 847 458 897 5.
487 874 554 881 ——
592 866 611 890 ι
644 844 861 898 Vaccas
906 843 1198 898 Bethaven
1242 842 1545 899 coluerunt
1595 842 1824 898 habita-

126 948 153 978 »
195 937 341 987 tores
367 931 658 998 Samarize,
696 932 833 1001 quia
863 931 1011 987 luxit
1033 946 1206 1001 super
1234 946 1368 986 eum
1395 933 1643 1001 populus
1675 931 1821 1001 ejus,

124 1039 152 1066 ››
194 1028 248 1074 et
271 1020 469 1075 aeditui
500 1020 628 1090 ejus
658 1034 833 1089 super
875 1034 1009 1074 eum
1062 1018 1504 1074 exsultaverunt
1534 1021 1591 1074 in
1642 1018 1826 1090 gloria

126 1129 147 1153 ι
192 1109 339 1178 ejus,
390 1109 532 1179 quia
565 1108 833 1177 migravit
860 1109 930 1162 ab
959 1114 1099 1177 θος(
1140 1108 1431 1163 Bethaveu
1481 1108 1825 1177 interpreta-

121 1203 219 1251 tur
248 1197 437 1251 domus
469 1197 622 1262 idoli,
653 1196 925 1251 Samaria:
954 1196 1254 1249 custodiam
1294 1204 1477 1250 sonat.
1533 1196 1829 1250 Habitato~

116 1299 207 1337 res
233 1299 373 1354 ergo
413 1288 679 1340 Samariae
716 1299 905 1338 vaccas
933 1284 1164 1352 colunt,
1215 1298 1347 1339 cum
1404 1284 1506 1354 qui
1554 1284 1826 1340 exteriori

120 1388 244 1428 sure
300 1373 572 1428 custodiae
623 1372 905 1427 dominari
970 1387 1027 1428 se
1082 1372 1345 1438 credunt,
1393 1381 1449 1428 et
1517 1388 1824 1442 corporum

119 1457 533 1513 continentiam
588 1472 707 1513 sure
765 1456 1025 1526 potestati
1077 1457 1392 1521 ascribunt,
1447 1457 1621 1526 juxta
1671 1458 1825 1528 quod

119 1546 387 1615 superius
433 1546 663 1611 dicitur,
706 1548 920 1610 ferietis
967 1546 1165 1612 fwdus,
1204 1545 1550 1615 petulantias
1593 1546 1825 1601 interio-

120 1650 213 1690 res
242 1650 357 1691 non
392 1636 683 1701 deserunt,
721 1635 833 1688 imo
883 1634 1385 1703 amplectunturet
1432 1634 1723 1701 excolunt,
1771 1642 1826 1689 et

123 1726 231 1779 hoc
280 1724 338 1778 in
395 1724 705 1790 Bethaven,
759 1724 814 1777 id
865 1731 947 1778 est
981 1724 1037 1777 in
1096 1724 1265 1777 domo
1307 1723 1462 1790 idoli,
1515 1738 1718 1792 nempe
1764 1723 1824 1777 in

119 1813 471 1868 conscientia
506 1814 562 1866 in
596 1826 714 1882 qua
744 1812 843 1867 Dei
877 1811 1071 1867 cultus
1111 1811 1458 1867 transfertur
1505 1812 1563 1866 in
1593 1810 1823 1865 diaboli.

119 1903 340 1958 Vaceas
372 1915 472 1971 pro
492 1901 725 1955 lascivia
751 1900 883 1970 poni
904 1900 1058 1955 testis
1085 1908 1169 1955 est
1202 1915 1214 1953 :
1255 1922 1275 1949 ι
1304 1900 1684 1970 Congregatio
1706 1907 1828 1956 tau-

122 2004 321 2046 rorum
355 1990 415 2045 in
438 1989 629 2043 vaccis
660 1989 1009 2058 populorum
1042 1990 1209 2059 (Psal.
1238 2002 1411 2056 vau,
1439 1990 1550 2057 3t).
1584 2010 1604 2035 ι
1637 1988 1828 2044 Sama-

122 2081 269 2135 riam
302 2087 495 2135 autem
542 2079 779 2142 habitat,
814 2077 917 2147 qui
944 2092 1002 2132 se
1031 2091 1128 2146 per
1152 2091 1210 2131 se
1243 2077 1436 2132 vivere
1468 2091 1629 2146 posse
1676 2086 1828 2133 caste

121 2176 435 2238 computat.
468 2169 731 2221 Habitare
754 2168 908 2221 enim
946 2180 1048 2235 pro
1078 2167 1355 2219 dominari
1384 2166 1637 2235 ponitur,
1689 2166 1830 2236 quia

121 2258 195 2313 ab
251 2257 496 2311 habendo
542 2256 871 2310 inflectitur.
925 2254 1073 2320 Quia
1121 2268 1221 2323 per
1267 2268 1471 2308 vaccas
1512 2255 1827 2323 appetitum

124 2345 378 2401 libidinis
425 2344 703 2414 signarat,
736 2357 809 2397 ex
844 2343 947 2396 hoc
995 2342 1188 2396 innuit
1228 2343 1382 2411 quod
1440 2342 1827 2410 pluralitatem

125 2435 282 2489 illam
336 2433 712 2503 singulariter
763 2445 919 2485 nunc
969 2430 1224 2500 replicat.
1288 2430 1482 2496 Luxit,
1536 2431 1825 2501 inquiens,

120 2540 287 2593 super
338 2539 455 2576 eum
496 2522 733 2591 populus
762 2523 897 2589 ejus,
950 2520 1049 2575 sed
1092 2520 1412 2575 notandum
1464 2520 1622 2589 quod
1679 2534 1827 2589 pra:—

121 2612 375 2668 mittitur
422 2613 576 2679 quia.
626 2610 726 2664 Est
781 2616 973 2664 autem
1033 2607 1265 2663 dicere:
1322 2607 1438 2676 Ipsi
1507 2606 1831 2675 provisores

120 2708 285 2757 erant
315 2700 591 2755 forasticze
614 2698 905 2765 custodite,
942 2705 997 2753 et
1032 2698 1137 2751 hoc
1176 2696 1299 2751 ideo
1327 2695 1639 2767 {nimirnm,
1691 2696 1831 2766 quia

122 2790 375 2860 populus
421 2788 833 2859 cogitationum
890 2786 1056 2853 luxit,
1107 2786 1160 2841 id
1207 2794 1291 2840 est
1355 2785 1828 2840 immurmuravit

122 2880 356 2933 inhians
409 2890 585 2946 super
633 2875 841 2945 ipsum,
887 2875 989 2945 qui
1029 2874 1290 2929 frenabat
1319 2875 1575 2929 exterius
1610 2874 1827 2943 appeti-

122 2976 264 3024 tum.
311 2968 547 3035 Populus
595 2964 730 3036 ejus,
780 2964 994 3019 scilicet
1051 2965 1343 3033 appetitus
1393 2964 1624 3025 dicitur,
1687 2965 1827 3032 quia

123 3057 249 3112 talis
277 3055 743 3125 concupiscentia
798 3056 947 3123 parit
993 3053 1305 3107 introrsum
1345 3051 1623 3121 plurimos
1678 3058 1827 3105 stre-

1933 580 2244 649 prudentia
2264 596 2395 651 quae
2426 596 2484 638 se
2516 583 2715 653 palliat
2746 585 3048 653 rationem,
3078 588 3221 658 quin
3248 590 3436 659 potius
3476 603 3642 647 astu-

1933 670 2072 725 tiam
2103 671 2458 738 szecularem,
2494 687 2594 742 per
2624 675 2811 730 undas
2851 675 3216 745 voluptatum
3261 678 3333 733 ad
3375 680 3642 751 indignos

1933 766 2097 814 actus
2126 759 2283 814 omni
2313 763 2643 817 tentationis
2687 772 2857 819 vento
2896 764 3295 822 circumlatam
3341 769 3635 837 excedere,

1930 855 1986 904 et
2015 848 2183 918 quasi
2208 848 2539 919 dispumare
2583 852 2870 921 compellit
2898 870 2911 919 ;
2944 855 3155 924 saepius
3192 856 3345 911 enim
3378 859 3643 927 provenit

1934 944 1998 992 ut
2026 951 2084 992 se
2128 937 2445 1007 hypocrisis
2482 939 2583 995 diu
2635 942 2901 997 cohibere
2931 957 3047 998 non
3080 945 3276 1013 possit.
3316 946 3392 999 Et
3428 949 3642 1001 excelsa

1930 1025 2068 1079 idoli
2113 1026 2546 1096 disperduntur,
2589 1044 2721 1085 cum
2752 1030 3014 1100 superba)
3067 1033 3459 1104 cogitationes,
3508 1051 3640 1106 qum

1933 1114 2191 1170 animum
2234 1130 2407 1171 suum
2429 1130 2462 1170 a
2483 1117 2597 1173 Deo
2620 1125 2939 1187 apostatare
2965 1121 3301 1187 docuerant,
3342 1125 3647 1180 annullan-

1935 1210 2048 1259 tur.
2083 1205 2215 1268 Quae
2250 1206 2461 1259 excelsa
2506 1212 2784 1275 peccatum
2825 1208 3004 1262 Israel
3045 1209 3340 1277 dicuntur,
3390 1212 3528 1281 quia
3570 1228 3643 1268 ex

1933 1305 2115 1361 prava
2140 1291 2379 1348 affectus
2423 1293 2683 1350 libertate
2710 1294 3001 1351 oriuntur.
3058 1317 3085 1345 ε(
3132 1297 3326 1367 Lappa
3347 1299 3419 1367 [et
3456 1302 3643 1357 tribu-

1940 1402 1960 1427 ι
1994 1380 2083 1435 lus
2115 1381 2380 1436 ascendet
2425 1396 2597 1450 super
2647 1396 2778 1438 aras
2821 1397 3043 1447 eorum,
3096 1407 3117 1432 ι
3174 1387 3370 1455 Lappa
3410 1388 3646 1445 humilis

1935 1468 2113 1523 herba
2141 1476 2242 1534 est,
2276 1470 2509 1524 tribulus
2542 1470 2600 1525 in
2639 1471 2895 1542 virgulta
2926 1474 3225 1543 proserpit,
3257 1476 3352 1529 sed
3394 1483 3645 1548 utraque

1932 1564 2273 1626 exasperata
2325 1558 2696 1630 aculeisgPer
2744 1561 2975 1630 lappam
3016 1576 3155 1632 ergo
3213 1562 3451 1618 luxuria
3502 1565 3645 1621 finde

1934 1659 2154 1713 semper
2208 1645 2447 1701 humilis
2505 1647 2789 1713 innuitur,
2847 1662 2947 1718 per
2998 1650 3279 1706 tribnlum
3333 1653 3640 1722 cupiditas,

1932 1747 2065 1803 quze
2103 1748 2161 1788 se
2180 1735 2559 1806 exporrigens
2584 1736 2824 1792 dilatare
2854 1745 3118 1793 conatur.
3148 1739 3279 1794 Haec
3320 1754 3484 1809 super
3516 1758 3644 1797 aras

1870 1828 1908 1880 Β
1937 1836 2119 1875 eorum
2165 1824 2503 1890 ascendunt,
2550 1825 2692 1895 quia
2746 1839 2922 1896 super
2950 1841 3151 1882 eorum
3197 1841 3263 1882 ac
3292 1828 3340 1883 si
3379 1829 3642 1901 religiosa

1938 1910 2227 1980 proposita
2247 1911 2367 1981 jam
2395 1911 2687 1969 evidenter
2716 1913 2998 1983 irrepunt.

2013 2019 2034 2045 ιι
2073 1999 2141 2053 Et
2178 1999 2369 2054 dicent
2420 2002 2753 2057 montibus:
2807 2001 3034 2071 Operitc
3062 2017 3205 2073 nos;
3253 2012 3309 2061 et
3347 2006 3590 2061 collibus
3627 2023 3639 2061 :

1944 2109 1964 2135 ι
2008 2088 2203 2143 Cadite
2237 2103 2411 2158 super
2439 2105 2561 2145 nos.
2598 2112 2618 2137 ι
2677 2091 2746 2145 Hi
2772 2092 2872 2161 qui
2915 2093 3209 2161 quondam
3264 2103 3483 2150 montes
3522 2096 3647 2151 fne-

1937 2184 2087 2244 rant,
2124 2178 2280 2247 apud
2335 2193 2393 2233 se
2437 2179 2648 2235 scilicet
2695 2181 3043 2250 arrogantiae
3080 2182 3371 2238 nimietate
3417 2191 3647 2240 tumue-

1937 2272 2087 2331 rant,
2117 2266 2239 2335 jam
2266 2267 2385 2335 spei
2422 2267 2698 2322 inanitate
2726 2269 2911 2324 retiati
2940 2270 3088 2324 veris
3121 2272 3432 2338 montibus,
3479 2273 3532 2328 id
3558 2281 3643 2329 est

1937 2352 2149 2409 sanctis
2178 2354 2424 2409 acclines
2454 2355 2526 2410 ab
2554 2356 2634 2411 eis
2663 2357 2872 2426 operiri
2903 2359 3251 2428 protegendo
3292 2361 3638 2428 desiderant,

1936 2448 1991 2497 et
2014 2456 2047 2496 a
2070 2443 2389 2499 minoribus
2422 2444 2756 2515 quibusque
2788 2445 3001 2514 electis,
3034 2447 3135 2517 qui
3176 2456 3311 2504 sunt
3340 2449 3529 2516 colles,
3582 2459 3645 2507 ut

1936 2545 2107 2600 super
2150 2546 2209 2586 se
2268 2533 2479 2588 cadant
2537 2541 2801 2601 exorant,
2854 2548 2913 2590 se
2960 2535 3222 2591 videlicet
3268 2537 3350 2593 eis
3402 2538 3643 2595 misere-

1936 2611 2144 2666 scendo
2187 2611 2500 2668 inflectunt.
2560 2613 2721 2678 Quod
2781 2622 2964 2669 totum
3020 2622 3105 2670 est
3137 2630 3149 2668 :
3178 2615 3288 2681 Qui
3316 2630 3375 2671 se
3418 2624 3646 2673 sanctos

1937 2714 2097 2769 posse
2129 2700 2251 2755 fieri
2284 2714 2391 2755 sua
2437 2702 2718 2768 custodia,
2761 2703 2917 2773 quod
2942 2717 3040 2772 per
3071 2702 3391 2760 Samariam
3421 2706 3642 2777 signari

1937 2780 2211 2845 diximus,
2271 2780 2649 2847 aestimarant,
2696 2796 2893 2837 veram
2967 2783 3215 2839 aliorum
3282 2785 3645 2842 sanctitatem

1937 2868 2034 2923 Dei
2060 2882 2166 2937 ope
2196 2868 2571 2937 attendentes,
2627 2870 2798 2925 falsos
2834 2885 2891 2926 se
2933 2884 3040 2926 sua
3083 2871 3352 2942 opinione
3382 2888 3497 2930 non
3528 2875 3644 2930 du-

1938 2958 2139 3013 bitant.

2006 3046 2180 3102 Vsus.
2209 3049 2260 3100 9.
2292 3077 2358 3087 —-
2388 3068 2409 3095 ‹
2436 3048 2526 3102 Ex
2567 3046 2769 3103 diebus
2811 3046 3007 3103 Gabaa
3033 3049 3288 3118 peccavit
3324 3050 3519 3118 Israel,
3565 3051 3644 3108 ibi

120 3147 295 3215 pitus.
323 3113 499 3200 Porro
528 3145 720 3198 εεάὶευί
770 3113 887 3211 ejus
913 3157 1077 3210 super
1113 3158 1237 3195 eum
1265 3113 1562 3195 exsultant
1604 3141 1662 3192 in
1704 3140 1827 3207 glo—
1864 3113 1905 3170 C
1941 3155 1962 3182 ι
2006 3142 2305 3191 steterunt.
2340 3157 2361 3182 ι
2394 3134 2588 3191 Gabaa
2618 3113 3113 3205 intererpretatur,
3141 3146 3202 3194 ut
3233 3141 3399 3208 saepej
3423 3113 3641 3195 dictum

118 3239 208 3288 ria
235 3237 376 3304 ejus,
402 3248 535 3289 cum
582 3232 909 3301 versipelles
945 3231 1214 3285 versutia;
1274 3237 1484 3295 motus,
1519 3227 1619 3298 qui
1666 3235 1827 3283 exte—

119 3324 298 3379 riores
338 3322 672 3379 custodiunt
728 3319 961 3376 habitus
993 3319 1206 3389 pariter
1236 3317 1603 3388 conjubilant
1653 3329 1828 3385 super

122 3415 336 3469 honore
359 3419 413 3467 et
437 3410 619 3482 gloria
649 3409 921 3479 impensae
953 3408 1141 3463 laudis
1168 3407 1543 3461 extrinsecus.
1607 3403 1826 3458 Exsul-

121 3509 263 3569 tant,
298 3503 561 3571 inquam,
593 3502 651 3553 in
680 3500 856 3565 gloria
912 3498 1051 3565 ejus,
1091 3498 1224 3565 quia
1255 3497 1514 3562 migrauit
1543 3494 1611 3548 ab
1660 3509 1737 3556 eo,
1770 3491 1827 3548 id

121 3598 221 3657 est,
264 3597 381 3645 tota
411 3588 509 3644 illa
546 3588 674 3643 laus
726 3587 1033 3652 alienatur,
1064 3592 1121 3640 et
1156 3584 1324 3655 quasi
1365 3582 1611 3654 emigrat
1654 3597 1688 3638 a
1727 3596 1830 3637 co-

124 3679 378 3750 gnitione
450 3677 736 3747 appetitus
810 3674 963 3731 illius
1014 3674 1116 3745 qui
1178 3673 1502 3741 turpissime
1558 3671 1738 3727 fervet
1769 3670 1829 3725 in

124 3769 334 3824 animo.
394 3766 556 3834 Quod
605 3774 786 3821 totum
830 3772 913 3819 est
955 3778 967 3818 :
1004 3762 1253 3818 Cautelm
1285 3760 1463 3816 animi
1495 3775 1627 3830 quae
1679 3766 1829 3814 ιιι

125 3857 482 3926 prospiciunt
528 3868 811 3923 corporeae
874 3851 1224 3917 babitudini,
1277 3850 1549 3906 laetantur
1613 3842 1831 3919 vulgus

127 3946 382 4015 ineptum
434 3958 469 3999 a
523 3943 727 3999 notitia
785 3941 873 3998 sui
925 3939 1136 3996 interni
1194 3946 1398 4006 status,
1448 3938 1550 4009 qui
1580 3939 1827 3994 multum

125 4034 421 4103 displicere
443 4039 683 4102 poterat,
717 4031 886 4101 longe
913 4029 1054 4085 fieri.

193 4122 364 4179 Vens.
408 4126 462 4176 6.
506 4151 580 4163 —
608 4139 635 4173 α
695 4120 987 4190 Siquidem
1018 4127 1073 4174 et
1114 4117 1235 4188 ipse
1278 4117 1335 4172 in
1364 4119 1546 4171 Assur
1607 4115 1832 4171 delatus

131 4232 152 4260 ι
182 4219 265 4268 est
290 4225 505 4267 munus
529 4210 650 4282 regi
675 4209 866 4266 ultori.
909 4230 930 4257 ι
959 4208 1352 4276 Quaecunque,
1397 4205 1607 4275 inquit,
1660 4204 1829 4260 talem

127 4300 437 4371 quemlibet
463 4300 722 4356 omnium
769 4298 905 4354 foris
960 4297 1142 4368 gloria
1197 4302 1603 4365 prosequatur,
1642 4294 1832 4363 siqui-

1936 3224 2112 3276 colles.
2146 3222 2252 3278 Per
2284 3222 2454 3279 colles
2502 3223 2595 3278 hic
2648 3223 3025 3294 intelligimus
3059 3225 3311 3293 privatos
3362 3226 3541 3282 animi
3573 3228 3640 3283 ti-

1937 3325 2142 3367 mores.
2180 3314 2267 3365 Eae
2300 3311 2492 3366 diebus
2518 3326 2655 3383 ergo
2694 3312 2898 3368 horum
2931 3314 3154 3369 collium
3198 3315 3377 3369 Israel
3422 3323 3639 3384 peccat,

1937 3400 2079 3470 quia
2105 3414 2140 3455 a
2194 3408 2448 3469 tempore
2490 3415 2608 3471 quo
2664 3400 2724 3456 in
2775 3401 3047 3471 superbia
3093 3416 3200 3457 sua
3242 3402 3451 3459 misera
3483 3417 3645 3459 mens

1937 3489 2283 3559 prosperari,
2340 3490 2496 3560 quod
2563 3490 2683 3547 dies
2731 3491 3082 3561 significant,
3141 3491 3331 3562 carpit,
3404 3491 3643 3549 affectus

1938 3590 2057 3632 sese
2090 3575 2359 3646 pravitati
2417 3576 2714 3647 subjugat.
2747 3578 2841 3631 Ibi
2879 3582 3160 3642 steterunt,
3210 3578 3267 3634 id
3311 3586 3395 3636 est
3446 3593 3644 3650 perse-

1937 3672 2309 3722 veraverunt.
2345 3667 2503 3721 Stare
2550 3666 2706 3723 enim
2744 3681 2846 3736 pro
2876 3683 3222 3737 perseverare
3268 3669 3527 3739 ponitur,
3578 3677 3643 3726 ut

1938 3763 2020 3810 est
2054 3770 2067 3809 :
2098 3774 2127 3805 υ
2188 3755 2505 3811 Adversum
2558 3770 2648 3811 me
2703 3757 3325 3827 appropinquaverunt
3378 3766 3434 3814 et
3463 3766 3639 3814 stete—

1939 3851 2078 3900 runt
2147 3845 2305 3913 (Psal.
2365 3859 2583 3913 xxxvn,
2660 3844 2767 3913 l2).
2838 3866 2858 3892 ι
2920 3845 3068 3901 Nota
3127 3846 3283 3916 quod
3359 3847 3534 3903 Israel
3586 3855 3643 3903 et

1938 3931 2217 4001 Ephraim
2244 3945 2377 3986 cum
2404 3930 2778 4002 singulariter
2802 3938 3119 4001 ponuntur,
3154 3933 3300 3988 duos
3329 3933 3453 3989 illos
3473 3933 3645 3988 habi-

1941 4029 2034 4076 tus
2083 4020 2307 4087 mentis,
2356 4020 2460 4090 qui
2523 4027 2659 4075 sunt
2713 4018 2954 4075 allectus
3014 4027 3068 4075 et
3124 4020 3414 4088 voluntas,
3448 4036 3548 4091 per
3583 4036 3642 4077 se

1940 4108 2180 4179 figurari
2212 4109 2515 4178 dicuntur;
2567 4123 2703 4163 cum
2731 4116 2924 4164 autem
2955 4108 3277 4178 pluraliter,
3308 4110 3639 4166 earumdem

1941 4197 2250 4254 habitunm
2278 4204 2468 4253 motus
2490 4196 2917 4267 intelliguntur.

2011 4285 2184 4341 Vens.
2230 4289 2314 4340 10.
2346 4315 2415 4326 -
2459 4308 2480 4334 ι
2541 4286 2667 4341 Non
2719 4286 3156 4355 comprehendet
3201 4300 3296 4342 eos
3344 4287 3402 4341 in
3452 4287 3648 4344 Gabaa

128 4390 251 4445 dem
284 4398 338 4445 θι
385 4389 505 4458 ipse
537 4391 593 4444 in
620 4392 819 4455 Assur,
876 4387 1032 4458 quod
1076 4395 1159 4442 ρει
1191 4387 1248 4442 in
1286 4386 1504 4452 aulam,
1538 4384 1740 4450 femur,
1774 4382 1830 4438 id
1872 4413 1915 4467 Ι)
1952 4396 1971 4422 ι
2019 4375 2279 4444 przelium
2308 4388 2483 4467 super
2537 4374 2678 4430 filios
2718 4374 3059 4467 iniquitatis.
3093 4375 3271 4431 Juxta
3295 4375 3644 4433 desiderium

128 4487 210 4533 est
240 4478 556 4550 gurgustiis
609 4478 884 4534 vitiorum
937 4476 1180 4532 latenter
1210 4475 1593 4543 immergitur,
1635 4478 1690 4527 et
1716 4483 1831 4525 non

132 4568 526 4635 perfunctorie,
594 4567 690 4625 sed
762 4566 928 4637 quasi
980 4564 1210 4635 proprie
1263 4561 1564 4633 proprium
1618 4572 1836 4614 munus

129 4656 339 4712 diaboli
365 4656 568 4723 factus,
592 4655 695 4726 qui
722 4655 973 4725 idipsum
1004 4653 1160 4725 quod
1189 4658 1552 4716 muneratur,
1604 4646 1835 4705 ulcisci-

132 4752 239 4800 tur.
299 4766 319 4793 ι
398 4744 668 4801 Confusio
721 4744 1002 4814 Ephraim
1048 4742 1252 4811 capiet,
1316 4748 1372 4796 et
1450 4736 1836 4794 confundetur

137 4854 157 4879 ι
200 4833 364 4889 Israel
401 4833 461 4889 in
491 4833 785 4889 voluntate
824 4846 949 4888 sua.
989 4853 1009 4879 ι
1075 4832 1332 4897 Con/usto
1364 4828 1631 4898 Ephraim
1662 4825 1834 4894 capit,

133 4935 262 4977 cum
292 4922 647 4978 voluntatem
676 4929 952 4989 nostram,
986 4935 1117 4990 quze
1158 4918 1362 4973 innixa
1403 4931 1523 4973 esse
1562 4915 1840 4971 debuerat

134 5012 338 5067 rationi
400 5011 723 5067 obscuritas
777 5009 1136 5066 discretionis
1194 5006 1498 5075 intercipit.
1552 5005 1724 5059 Israel
1777 5004 1838 5056 in

134 5102 402 5155 voluntate
454 5116 555 5154 sua
597 5099 995 5165 confunditur,
1044 5110 1199 5164 cum,
1250 5103 1310 5150 ut
1356 5094 1437 5149 sic
1492 5093 1701 5158 dicam,
1731 5106 1837 5146 vo—

137 5188 285 5244 lendi
344 5189 454 5244 imo
503 5187 810 5259 appetendi
859 5186 978 5257 jam
1038 5185 1258 5240 ratione
1309 5191 1364 5239 et
1410 5182 1703 5237 voluntate
1764 5180 1835 5235 ad

138 5278 283 5333 mala
313 5278 646 5345 declivibus,
687 5276 885 5332 nullus
936 5275 1140 5330 modus
1165 5282 1219 5329 et
1272 5272 1409 5328 ordo
1440 5272 1499 5327 in
1538 5270 1837 5326 affectione

140 5373 380 5422 tenetur.

209 5455 372 5512 Vens.
420 5457 557 5522 7,8.
611 5482 685 5494 —
726 5476 746 5502 ι
806 5452 1075 5508 Transire
1130 5450 1258 5507 fecit
1323 5450 1581 5507 Samaria
1644 5459 1836 5517 regem

145 5565 165 5592 ι
207 5558 375 5601 suum
403 5544 569 5615 quasi
591 5557 857 5613 spumam
880 5556 1054 5612 super
1074 5539 1272 5595 faciem
1305 5552 1492 5608 aquae.
1533 5536 1601 5591 Et
1630 5536 1839 5604 disper-

142 5654 168 5682 »
208 5632 414 5690 dentur
448 5633 674 5689 excelsa
714 5631 869 5701 idoli,
925 5637 1222 5700 peccatum
1260 5626 1455 5682 Israel.
1514 5648 1532 5669 ι
1583 5625 1839 5679 Samaria

490 5733 767 5797 Parnm“
823 5730 1027 5795 CLVI.

1948 4485 1975 4512 »
2018 4478 2212 4519 meum
2241 4462 2550 4533 corripiam
2578 4477 2692 4518 eos.
2732 4484 2754 4511 ι
2791 4465 2857 4517 In
2889 4464 3078 4520 Gabaa
3136 4479 3221 4518 eos
3248 4479 3354 4517 non
3386 4478 3641 4536 compre-

1945 4551 2143 4607 hendit
2184 4554 2456 4621 prauum,
2507 4551 2647 4621 quia
2701 4550 2800 4607 ubi
2848 4551 3011 4606 nulla
3071 4552 3306 4607 tentatio
3349 4559 3453 4619 est,
3485 4554 3651 4609 nulla

1943 4640 2117 4697 etiam
2148 4639 2380 4696 rebellio
2411 4648 2612 4696 contra
2643 4638 2940 4709 quodlibet
2977 4638 3206 4695 vitium.
3239 4640 3311 4694 Et
3359 4642 3649 4709 quomodo

1945 4729 2078 4800 quis
2129 4736 2309 4799 potest
2340 4728 2447 4785 dici
2482 4735 2753 4795 tentatus,
2789 4728 2910 4798 qui,
2946 4736 3258 4797 antequam
3288 4727 3338 4783 ei
3386 4726 3652 4786 diabolus

1944 4827 2240 4891 suggerat.
2274 4818 2463 4875 studio
2481 4826 2564 4873 est
2596 4818 2770 4874 totius
2800 4816 3175 4887 malignitatis
3219 4817 3454 4874 afflatus
3480 4818 3508 4872 ?
3534 4820 3651 4875 Hoc

1942 4909 2191 4978 praelium
2219 4923 2383 4977 super
2410 4907 2558 4977 ﬁlios
2584 4907 2899 4974 iniquitatis
2927 4912 3041 4975 est;
3070 4919 3246 4974 super
3273 4920 3447 4975 opera
3485 4907 3652 4962 vidc-

1946 4997 2347 5067 licetquorum
2382 5002 2564 5050 mater
2590 4994 2866 5064 iniquitas
2894 5002 2998 5050 est.
3036 4994 3210 5048 Filios
3254 5008 3355 5064 pro
3403 4997 3654 5065 operibus

1948 5086 2084 5156 poni
2146 5086 2418 5156 frequens
2465 5084 2773 5153 Scripturze
2830 5098 2972 5139 usus
3015 5092 3123 5138 est.
3181 5082 3342 5139 Servi
3398 5098 3654 5154 namque

1947 5173 2218 5230 debitoris
2294 5187 2539 5229 uxorem
2616 5181 2671 5227 et
2729 5172 2873 5227 filios
2930 5171 3211 5227 Dominus
3258 5172 3423 5243 jubet
3484 5173 3655 5229 vendi

1948 5265 2163 5331 (Matth.
2218 5277 2376 5327 xvm,
2430 5265 2540 5328 25),
2611 5261 2668 5316 id
2723 5269 2807 5317 est
2879 5261 3258 5326 voluntatem,
3309 5270 3363 5317 et
3406 5276 3582 5332 opera
3624 5275 3658 5317 a

1947 5353 2211 5409 libertate
2264 5350 2488 5406 arbitrii
2545 5364 2748 5405 sensus
2774 5349 3135 5419 improbitate
3191 5350 3456 5407 subduci.
3508 5352 3661 5407 Deus

1947 5456 2042 5498 eos
2062 5441 2235 5511 juxta
2260 5438 2606 5494 desiderium
2634 5453 2805 5493 suum
2837 5437 3093 5507 corripit,
3131 5438 3270 5508 quia
3294 5438 3467 5509 juxta
3502 5439 3657 5509 quod

1950 5544 2147 5586 omnes
2181 5527 2439 5583 homines
2472 5526 2595 5581 vult
2636 5526 2825 5579 salvos
2876 5525 3020 5591 fieri,
3063 5532 3119 5580 et
3148 5525 3219 5580 ad
3268 5527 3356 5581 sui
3407 5527 3660 5597 agnitio-

1950 5633 2079 5674 nem
2131 5617 2318 5672 redire
2366 5615 2503 5683 (Tit.
2542 5628 2579 5679 ι,
2614 5614 2691 5680 1),
2728 5614 2781 5668 in
2831 5613 3099 5683 praesenti
3128 5627 3244 5679 eos,
3289 5622 3350 5669 nt
3390 5616 3658 5681 corrigat,

3220 5717 3240 5772 vl
3262 5717 3296 5771 Si
