3950 6430
311 351 412 402 395

1197 345 1264 398 V.
1305 343 1642 402 GUIBEBTI
1689 345 1980 401 ABBATIS
2019 347 2073 400 S.
2118 345 2360 401 “Allle
2401 347 2490 402 DE
2532 347 2925 402 NOVIGENTO

3711 353 3817 404 396

309 483 493 554 punit.
523 481 584 536 ld
615 481 770 537 enim
799 480 1166 551 potissimum
1194 478 1495 542 desiderat,
1546 485 1610 533 ut
1667 478 2002 547 resipiscant
2038 482 2084 534 Δ
2113 479 2263 532 diam
2317 479 2604 543 metimus,
2642 493 2773 534 cum
2807 486 3156 547 peccatorem
3189 479 3258 535 ab
3295 494 3488 536 errore
3547 481 3656 537 viae
3691 495 3818 538 suae

311 584 456 640 quos
487 569 746 639 castigat.
787 590 806 617 ι
853 567 1375 638 Congregabuntur
1417 580 1589 634 super
1635 581 1731 620 eos
1783 567 1999 636 populi,

314 681 334 706 ι
369 672 499 713 cum
531 656 915 726 corripientur
968 663 1199 724 propter
1244 655 1388 710 duas
1422 655 1756 724 iniquitates
1786 668 1938 709 suas.
1975 676 1996 702 ι

310 747 446 800 Duze
469 744 802 814 iniquitates
831 752 984 809 sunt,
1021 758 1136 798 una
1165 741 1454 812 peccandi,
1515 741 1694 796 altera
1737 741 2000 811 impleui-

308 841 432 889 tens
468 846 565 887 cor
591 831 858 888 habendi.
899 833 1123 899 Propter
1152 831 1255 885 has
1298 831 1437 884 duas
1467 832 1788 899 iniquitates
1820 831 1999 886 corri-

303 923 568 990 piuntur,
601 935 732 975 cum
785 933 820 975 a
846 933 952 975 sua
980 918 1358 974 obstinatione
1389 925 1444 972 et
1471 931 1504 972 a
1535 918 1702 972 solita
1743 917 2000 988 nequitia

301 1009 580 1064 divinitus
605 1015 1091 1078 compunguntur.
1122 1007 1283 1061 Tunc
1313 1021 1476 1074 super
1512 1021 1597 1060 eos
1636 1008 1826 1076 populi
1855 1020 1997 1062 con-

303 1107 639 1168 gregantur,
673 1111 804 1152 cum
833 1096 1030 1151 inolita
1057 1095 1279 1150 dudum
1311 1094 1452 1149 vitia
1513 1094 1851 1150 insolentius
1902 1109 1998 1149 so-

303 1186 400 1241 lito
443 1187 705 1240 animum
770 1184 1182 1254 insequuntur.
1248 1183 1316 1237 Hi
1368 1189 1504 1238 sunt
1574 1183 1828 1252 IEgyptii
1891 1182 1991 1253 qui

301 1288 556 1343 egressos
580 1287 614 1328 a
642 1288 700 1328 se
727 1272 1011 1328 Israelitas
1058 1285 1244 1341 usque
1268 1271 1341 1326 ad
1371 1271 1547 1326 maris
1579 1270 1755 1326 Rubri
1809 1277 1996 1326 trans-

303 1364 446 1418 itum
481 1375 683 1432 urgere
705 1361 994 1416 videntur.

372 1449 542 1504 Vsus.
578 1451 661 1503 ll.
694 1477 763 1488 —
817 1470 838 1496 ι
875 1447 1146 1517 Ephraim
1200 1446 1384 1503 vitula
1420 1447 1586 1502 docta
1617 1445 1856 1515 diligere
1888 1445 1994 1500 tri-

305 1542 566 1600 »turam,
623 1543 677 1590 et
701 1549 805 1605 ego
834 1533 1073 1589 transivi
1129 1547 1306 1604 super
1353 1533 1843 1603 pulchritudinem
1863 1531 1992 1587 colli

306 1647 324 1672 ι
368 1625 512 1694 ejus.
552 1645 572 1672 ι
613 1623 818 1680 Vitulte
851 1622 1173 1678 triturantis
1199 1630 1405 1676 natura
1455 1625 1540 1675 est
1570 1621 1811 1675 libenter
1835 1621 1906 1675 ad
1940 1619 1994 1674 id

297 1711 470 1767 ofticii
520 1725 816 1768 recurrere
849 1711 1047 1780 inquo
1096 1710 1305 1779 raptim
1354 1709 1655 1779 aliquoties
1697 1707 1996 1764 consuevit

300 1802 570 1856 triturata
619 1807 987 1869 praegustare.
1045 1798 1297 1854 Vitulam
1356 1798 1448 1852 hic
1494 1812 1610 1852 non
1665 1797 1848 1852 solum
1893 1810 1993 1866 pro

300 1888 552 1954 lascivia,
591 1888 685 1942 sed
743 1894 796 1942 et
834 1901 934 1956 pro
984 1886 1330 1941 fecunditate
1396 1885 1635 1956 positam
1696 1893 1988 1956 putamus.

297 1979 562 2046 Ephraim
591 1990 727 2046 ergo
757 1976 932 2028 vitula
961 1975 1116 2028 docta
1148 1974 1376 2040 diligere
1406 1977 1659 2027 trituram
1695 1980 1799 2038 est,
1859 1986 1990 2028 cum

298 2066 568 2120 voluntas
597 2073 790 2118 nostra
843 2077 943 2132 per
971 2062 1230 2118 divinam
1273 2062 1680 2118 correctionem
1727 2061 1991 2128 fecunda,

297 2155 446 2210 bona
478 2168 511 2208 a
540 2153 707 2208 malis
732 2161 1012 2222 tanquam
1055 2164 1238 2221 grana
1267 2165 1301 2204 a
1327 2149 1505 2219 paleis
1555 2149 1848 2218 disparare
1872 2150 1991 2220 jam

295 2256 473 2311 prona
519 2249 623 2296 est.
670 2239 988 2296 Primordia
1042 2238 1197 2293 enim
1251 2246 1465 2301 nostra,
1533 2237 1708 2306 juxta
1762 2237 1993 2292 beatum

296 2330 657 2400 Gregorium,
711 2328 880 2382 mista
923 2334 1059 2382 sunt
1101 2326 1284 2381 malis.
1325 2328 1506 2394 Super
1528 2325 1993 2393 pulchritudinem

295 2420 418 2472 colli
458 2418 574 2486 ejus
606 2417 759 2472 Deus
811 2414 1016 2470 transit
1055 2429 1188 2469 cum
1236 2415 1546 2468 novitatem
1599 2413 1817 2467 consilii
1843 2413 1990 2482 ejus,

294 2519 446 2574 quae,
479 2510 544 2558 ut
576 2503 651 2558 ita
683 2503 891 2568 dicam,
921 2502 1043 2572 jam
1081 2515 1154 2556 ex
1199 2502 1570 2556 conversione
1612 2514 1809 2555 recens
1846 2499 1993 2554 facta

295 2589 660 2660 pulchrescit,
736 2589 852 2645 alta
933 2589 1385 2644 consideratione
1467 2601 1568 2657 per
1656 2587 1993 2642 teutationes

294 2680 520 2749 aliquas
547 2677 874 2734 conculcari
903 2677 1053 2732 sinit.
1086 2677 1398 2746 Scriptura:
1436 2690 1574 2731 usus
1603 2683 1706 2741 est,
1742 2683 1804 2730 ut
1835 2675 1990 2729 dica-

292 2776 392 2824 tur
455 2768 606 2822 Deus
656 2765 841 2822 facere
888 2766 1040 2836 quod
1083 2765 1202 2820 fieri
1253 2764 1547 2834 permittit.
1603 2769 1752 2818 Sla
1808 2764 1992 2820 Potest

294 2870 530 2926 quoque
584 2863 639 2910 et
669 2867 770 2924 per
819 2853 1026 2908 collum
1059 2869 1171 2908 non
1205 2855 1386 2908 solum
1421 2852 1790 2919 consiliuum,
1823 2853 1994 2922 cujus

296 2944 487 3000 ﬁstula
534 2951 636 3008 est,
684 2943 985 2998 consilium
1053 2956 1188 2997 vero
1239 2941 1527 3011 justorum
1584 2941 1724 2996 bene
1784 2941 1992 3012 agendi

2113 567 2364 622 converti
2427 568 2746 634 fecerimus,
2799 569 3054 622 animam
3102 568 3338 637 quidem
3375 569 3501 638 ejus
3543 583 3578 624 a
3631 578 3818 624 morte

2112 655 2445 723 liberamus,
2477 665 2532 712 et
2560 663 2919 726 peccatorum
2951 655 3105 711 haud
3127 657 3368 712 dubium
3404 658 3547 728 quin
3581 667 3813 714 nostro-

2111 760 2240 801 rum
2306 745 2731 800 multitudinem
2783 744 3094 814 operimus.
3160 745 3403 801 lnnovat
3465 746 3573 802 sibi
3617 749 3814 801 novale

2109 832 2377 902 quisquis
2407 831 2582 887 vitam
2620 831 2914 901 religionis
2945 832 3286 901 aggrediens
3302 833 3446 888 sacri
3479 833 3691 902 eloquii
3728 833 3812 887 in-

2108 921 2246 989 cipit
2274 927 2489 975 secreta
2521 920 2821 975 discutere.
2863 919 2926 973 In
2959 919 3047 974 his
3076 920 3398 986 novalibus,
3435 921 3610 991 juxta
3650 919 3810 990 quod

2108 1009 2245 1064 alibi
2283 1009 2515 1074 dicitur,
2570 1009 2732 1063 multi
2763 1007 2872 1063 cibi
2898 1014 3053 1075 sunt,
3105 1008 3176 1063 ad
3223 1023 3422 1064 omnes
3469 1012 3644 1077 (Prov.
3678 1024 3806 1074 xm,

2107 1099 2196 1167 23)
2257 1097 2519 1153 videlicet
2559 1097 2889 1154 animorum
2948 1097 3569 1167 conversationumque
3603 1098 3810 1153 modos

2106 1188 2449 1242 documenta
2506 1186 2645 1241 inibi
2691 1200 2951 1256 congrua
3007 1200 3074 1242 ac
3112 1187 3159 1240 si
3209 1179 3427 1242 fercula
3453 1193 3608 1242 sunt.
3651 1185 3809 1252 Quo-

2105 1287 2338 1344 cunque
2366 1274 2519 1328 enim
2551 1274 2592 1328 it
2619 1274 2872 1342 spiritus,
2905 1281 3045 1330 eunt
3075 1274 3289 1344 pariter
3316 1280 3372 1328 et
3403 1281 3556 1329 rotae.
3596 1297 3617 1323 ι
3645 1274 3808 1328 Tem-

2110 1383 2130 1410 ι
2179 1377 2286 1432 pus
2331 1370 2522 1417 autem
2552 1361 2884 1431 requirendi
2910 1363 3239 1425 Dominum,
3271 1377 3405 1418 cum
3443 1361 3661 1418 venerit
3699 1361 3804 1431 qui

2109 1473 2131 1499 ι
2175 1450 2398 1506 docebit
2441 1464 2541 1505 vos
2585 1449 2936 1520 justitiam.»
2991 1450 3054 1505 In
3102 1450 3206 1517 his,
3258 1449 3466 1520 inquit,
3497 1449 3807 1520 quaedicta

2103 1546 2240 1594 sunt
2293 1540 2544 1594 exerceri
2593 1539 2827 1604 debetis,
2887 1539 3026 1608 quia
3084 1539 3356 1608 temporis
3395 1537 3806 1608 opportunitas

2104 1627 2336 1693 arridet,
2371 1628 2510 1682 dum
2563 1627 2849 1692 advivitis,
2897 1627 3225 1697 requirendi
3278 1627 3602 1694 Dominum,
3645 1641 3806 1696 pree-

2104 1718 2294 1771 sertim
2317 1731 2447 1771 cum
2473 1715 2711 1785 spiritus
2744 1716 2905 1771 vobis
2935 1715 3146 1770 divina:
3168 1716 3289 1785 jam
3343 1715 3806 1784 compunctionis

2103 1804 2421 1871 advenerit,
2458 1803 2558 1873 qui
2591 1818 2690 1856 vos
2719 1803 2840 1857 sine
2871 1803 3165 1873 magistro,
3201 1804 3322 1858 sine
3375 1802 3670 1858 volumine
3695 1817 3806 1858 vos

2105 1893 2340 1948 inducat
2380 1892 2439 1947 in
2501 1907 2726 1946 onmem
2778 1892 3096 1959 veritatem,
3132 1900 3194 1948 ut
3234 1891 3376 1946 alias
3406 1894 3684 1961 scriptum
3717 1901 3806 1948 est

2102 1981 2293 2050 (.loan.
2325 1995 2441 2044 xvi,
2482 1981 2586 2046 l3),
2643 1979 2798 2048 quod
2825 1979 2915 2034 hic
2941 1979 3188 2048 appellat
3221 1979 3526 2049 justitiam.
3562 1979 3722 2036 Unde
3748 1989 3806 2035 et

2101 2075 2221 2123 est:
2260 2089 2279 2115 ι
2321 2065 2520 2124 Unctio
2547 2068 2673 2136 ejus
2729 2068 2890 2121 docet
2921 2081 3020 2120 vos
3049 2067 3117 2121 de
3143 2066 3412 2122 omnibus
3443 2065 3499 2135 (1
3533 2068 3706 2122 Joan.
3740 2083 3801 2135 ιι,

2102 2157 2216 2223 27).
2260 2176 2279 2201 ι
2316 2155 2386 2210 Et
2415 2154 2487 2209 ab
2534 2153 2801 2223 Apostolo
2827 2167 3061 2222 quoque
3089 2153 3238 2208 hanc
3269 2167 3535 2222 supernae
3570 2153 3804 2210 infusio-

2104 2243 2194 2298 nis
2247 2243 2487 2312 gratiam
2551 2255 2664 2295 non
2729 2241 2785 2295 in
2857 2255 3109 2295 vacuum
3174 2243 3449 2310 recepisse
3497 2255 3806 2298 monemur

2105 2330 2182 2400 (ll
2211 2333 2329 2386 Cor.
2361 2345 2434 2397 vi,
2472 2331 2544 2398 l).
2586 2329 2749 2394 Quod
2805 2335 2982 2383 totum
3021 2337 3106 2383 est
3138 2333 3341 2398 tempus
3385 2330 3679 2384 Dominum
3711 2344 3802 2385 re-

2103 2418 2351 2489 quirere,
2388 2431 2518 2472 cum
2551 2415 2670 2486 ipse
2703 2423 2907 2485 praesto
2936 2423 3018 2470 est
3048 2415 3324 2484 aspirare.

2173 2506 2342 2562 Vsus.
2424 2506 2508 2558 l3.
2571 2526 2592 2551 ι
2671 2505 2890 2558 Arastis
2964 2502 3334 2572 impietatem,
3428 2503 3800 2574 iniquitatem

2109 2615 2129 2642 ι
2177 2591 2518 2657 messuistis;
2579 2591 2903 2646 comedistis
2979 2589 3204 2660 frugem
3293 2591 3594 2658 mendacii,
3657 2593 3804 2663 quia

2106 2701 2127 2728 ι
2171 2680 2421 2736 confisus
2479 2693 2539 2734 es
2584 2679 2638 2733 in
2691 2679 2802 2733 'viis
2850 2679 2981 2744 tuis,
3026 2679 3084 2733 in
3133 2679 3503 2735 multitudine
3561 2679 3801 2737 fortium

2106 2787 2127 2813 ι
2173 2773 2426 2820 tuorum.
2486 2786 2507 2812 ι
2561 2766 2893 2834 impietatem
2947 2766 3134 2820 aravit
3201 2765 3301 2834 qui
3362 2766 3652 2836 quondam
3696 2783 3804 2838 per

2102 2853 2474 2924 hypocrisim,
2527 2853 2680 2922 quod
2724 2867 2825 2922 pro
2868 2853 2986 2908 solo
3017 2854 3128 2908 Deo
3164 2853 3280 2908 ﬁeri
3330 2854 3627 2921 debuerat,
3679 2872 3803 2913 cor-

2103 2956 2212 3011 pus
2254 2941 2926 2996 suumexearnificationi
2963 2941 3206 2996 addixit.
3255 2942 3486 3012 thuid
3533 2949 3649 2998 tam
3699 2945 3797 3000 im-

293 3032 646 3102 propositum
681 3040 783 3096 est,
844 3031 940 3086 sed
970 3031 1140 3086 etiam
1171 3030 1369 3086 cervix
1403 3030 1664 3085 elationis
1707 3044 1840 3099 quae
1898 3043 1992 3084 no-
2030 3051 2071 3107 ρ
2103 3029 2284 3098 pium,
2347 3028 2486 3097 quid
2540 3035 2652 3083 tam
2715 3028 2838 3084 sine
2892 3029 3022 3090 Deo.
3074 3044 3250 3099 quam
3294 3031 3552 3100 proprias
3595 3046 3802 3088 carnes

295 3123 442 3178 viter
515 3121 805 3176 conversis
861 3120 1164 3190 aliquoties
1232 3119 1545 3188 subrepere
1600 3118 1759 3174 solet.
1811 3119 1994 3188 Super

295 3209 442 3265 hanc
524 3209 802 3263 cervicem
858 3207 1023 3275 Deus
1093 3215 1148 3262 et
1219 3206 1438 3262 consilii
1503 3205 1990 3276 pulchritudinem

293 3297 518 3363 transit,
567 3311 699 3352 cum
753 3303 1070 3365 utrumque
1123 3295 1323 3350 tentari
1377 3294 1616 3349 sinendo
1665 3294 1988 3362 prosternit.

297 3405 318 3432 α
359 3383 672 3440 Ascendam
699 3396 874 3450 super
907 3380 1202 3450 Ephraim.
1252 3402 1272 3426 ι
1305 3379 1488 3449 Super
1533 3379 1807 3448 Ephraim
1843 3381 1992 3436 Deus

291 3473 566 3538 ascendit,
618 3484 749 3526 cum
799 3469 1099 3534 rationem,
1134 3481 1266 3536 qua
1304 3467 1401 3521 Dei
1437 3467 1666 3536 propria
1696 3467 1856 3522 sedes
1883 3475 1988 3535 est,

290 3561 727 3631 superequitare
802 3557 992 3624 efﬁcit,
1055 3556 1177 3626 jam
1234 3557 1462 3611 tandem
1520 3569 1651 3611 vere
1701 3556 1990 3627 frugiferas

290 3646 594 3704 voluntati.
631 3668 652 3694 ι
704 3642 1130 3709 ArabitJudas,
1174 3651 1228 3698 et
1268 3642 1590 3713 confringet
1639 3643 1746 3698 sibi
1801 3645 1992 3702 sulcos

295 3761 316 3785 ιι
358 3735 553 3792 Jacob.
588 3751 614 3784 ι)
645 3733 818 3788 Iudas
863 3739 1007 3798 arat,
1032 3745 1164 3786 cum
1193 3733 1428 3786 sincerae
1473 3731 1749 3787 confessio
1801 3735 1988 3802 poeni-

290 3824 510 3880 tudinis
567 3820 931 3892 superliciem
989 3821 1241 3890 corporis
1265 3827 1320 3876 et
1369 3819 1547 3875 animi
1599 3821 1878 3877 convertit
1933 3831 1986 3878 et

289 3911 510 3982 fatigat.
569 3910 731 3964 Jacob
809 3909 918 3963 sibi
961 3911 1134 3963 sulcos
1185 3908 1514 3979 confringit,
1574 3923 1704 3965 cum
1759 3917 1986 3980 peccata

288 3999 713 4069 supplantando
755 4011 1082 4068 aequoream
1159 3997 1474 4066 quamdam
1545 3997 1696 4067 pacis
1751 4000 1986 4056 internze

288 4088 582 4158 planitiem
640 4101 874 4157 aequare
931 4101 1046 4141 non
1093 4085 1319 4140 desinit.
1351 4086 1476 4141 Sibi
1505 4094 1696 4142 autem
1728 4086 1987 4142 confrin—

287 4190 420 4246 gere
446 4175 676 4236 dicitur.
710 4174 849 4244 quia
875 4173 1161 4244 quidquid
1209 4173 1388 4242 pietas
1418 4173 1764 4243 paenitentiae
1803 4175 1982 4248 sancti

287 4261 498 4318 laboris
543 4271 794 4320 exercet.
853 4276 958 4316 suo
1015 4260 1270 4316 interiori
1332 4263 1628 4317 commodo
1675 4277 1790 4318 non
1822 4261 1982 4334 vulgi

2105 3125 2356 3172 mactare
2386 3131 2500 3172 non
2532 3117 2688 3173 Deo?
2723 3125 2778 3173 et
2808 3119 2940 3187 quis
2961 3119 3150 3188 magis
3191 3132 3356 3173 nemo
3394 3119 3668 3187 appellari
3711 3122 3806 3177 de-

2103 3204 2215 3270 bet,
2261 3217 2439 3274 quam
2475 3205 2577 3274 qui
2621 3219 2852 3260 carnem
2892 3219 3059 3260 suam
3115 3205 3224 3260 sub
3263 3205 3358 3261 tali
3381 3206 3617 3263 obtentu
3667 3210 3800 3264 odio

2104 3291 2317 3348 habet?
2344 3295 2692 3362 fniquitatem
2745 3292 2998 3358 messuit,
3040 3293 3142 3362 qui
3176 3293 3374 3347 Iaudes
3419 3294 3534 3348 Deo
3572 3294 3800 3351 dandas

2099 3382 2308 3438 exinde
2338 3383 2442 3437 sibi
2473 3381 2746 3452 sacrilege
2784 3381 3071 3437 adhibuit.
3102 3381 3254 3436 Nihil
3292 3382 3447 3436 enim
3481 3390 3565 3437 est
3600 3382 3801 3438 minus

2098 3483 2354 3538 aequum,
2400 3483 2576 3540 quam
2598 3484 2700 3524 suo
2730 3470 2930 3525 honori
2978 3475 3311 3539 postponere
3348 3471 3546 3524 Deum.
3587 3471 3801 3540 Inique

2095 3571 2230 3628 ergo
2261 3558 2632 3628 messuil,qui
2677 3558 2928 3628 primum
2973 3559 3080 3613 sibi
3113 3566 3227 3614 tam
3276 3557 3528 3628 profane
3575 3573 3798 3616 merce—

2097 3645 2185 3701 dis
2213 3647 2496 3710 altribuit,
2541 3649 2775 3713 Frugem
2834 3647 3108 3702 mendacii
3158 3647 3420 3713 comedit,
3472 3648 3573 3716 qui
3612 3661 3795 3704 accu-

2096 3741 2258 3790 sante
2309 3749 2367 3790 se
2427 3734 2770 3790 conscientia
2822 3735 3010 3790 fallaci
3063 3733 3393 3790 adulatione
3457 3734 3791 3805 vulgarium

2096 3821 2250 3892 pasci
2305 3821 2595 3876 addidicit.
2636 3822 2777 3886 Quia
2803 3820 3035 3890 conﬁsus
3055 3835 3136 3886 es;
3168 3819 3378 3890 inquit,
3411 3825 3471 3876 in
3500 3823 3619 3893 {viis
3659 3827 3792 3890 tuis,

2095 3909 2307 3964 scilicet
2385 3923 2501 3963 non
2579 3907 2886 3978 respiciens
2957 3909 3029 3962 ad
3089 3907 3372 3963 internam
3436 3911 3791 3966 vacuilatem

2096 4004 2276 4064 tuam,
2327 3997 2398 4052 ad
2427 4011 2495 4051 ea
2536 4003 2761 4052 tantum
2790 3995 3023 4051 oculum
3084 3995 3391 4066 dirigebas,
3425 4012 3556 4066 quae
3585 3998 3653 4053 d3
3691 4006 3794 4054 tuo

2092 4085 2483 4154 superstitioso
2511 4099 2681 4154 opere
2727 4084 2976 4139 inaniter
3004 4084 3472 4154 praedicabantur
3511 4086 3665 4142 foris.
3702 4086 3791 4142 Si-

2092 4179 2191 4228 cut
2227 4171 2378 4227 enim
2412 4178 2576 4227 extra
2622 4171 2909 4226 hominem
2948 4171 3062 4237 via,
3088 4173 3169 4226 sic
3222 4179 3388 4227 extra
3431 4173 3790 4244 hypocritam

2089 4272 2196 4314 sua
2227 4259 2286 4314 in
2335 4258 2553 4328 quibus
2574 4258 2807 4314 conlidit
2837 4272 3034 4328 opera.
3068 4262 3130 4314 In
3159 4261 3513 4316 multitudine
3551 4277 3788 4333 quoque

285 4349 586 4405 favoribus
637 4357 928 4418 operatur.
978 4347 1148 4403 Jacob
1195 4357 1386 4404 autem
1418 4350 1801 4418 supplantator
1847 4350 1982 4405 dici-
2023 4362 2063 4416 ο
2090 4349 2320 4414 fortium
2363 4361 2604 4403 suorum
2643 4347 2908 4416 conlidit;
2939 4361 3074 4403 cum
3127 4347 3184 4403 in
3231 4349 3434 4405 arduae
3481 4365 3789 4406 conversa-

283 4446 395 4495 tur.
454 4437 608 4493 Nihil
660 4436 812 4492 enim
867 4436 1047 4492 Judas
1097 4443 1222 4492 arat
1260 4437 1308 4492 si
1362 4437 1536 4492 Jacob
1595 4437 1888 4493 remissius
1925 4438 1981 4492 in

282 4527 470 4583 sulcos
520 4525 953 4597 contriugendo,
1009 4533 1063 4581 et
1095 4524 1408 4596 praesertim
1454 4526 1514 4581 in
1556 4525 1982 4596 supplantando

281 4615 542 4671 desudat.

352 4704 712 4761 Vensl2.—
749 4724 770 4751 ι
831 4701 1117 4759 Seminate
1179 4701 1341 4758 vobis
1382 4701 1443 4758 in
1521 4701 1756 4758 veritate
1803 4700 1980 4772 justi-

283 4811 304 4838 ι
351 4791 506 4858 tiam,
542 4790 732 4846 metite
759 4789 817 4845 in
861 4804 958 4846 ore
1007 4789 1478 4860 misericordiam,
1510 4789 1782 4845 innovate
1821 4789 1982 4845 vobis

283 4898 304 4925 ι
346 4877 568 4934 novale.
605 4900 625 4925 σ
667 4879 740 4932 In
780 4880 1006 4933 veritate
1057 4877 1165 4934 sibi
1185 4879 1466 4946 justitiam
1511 4878 1773 4945 seminat,
1819 4877 1979 4948 quis-

277 4967 407 5035 quis
436 4966 549 5021 Deo
575 4973 630 5022 et
657 4965 919 5036 proximo
948 4967 1268 5022 secundum
1307 4967 1460 5036 quod
1497 4967 1709 5037 cuique
1762 4981 1982 5036 compe-

276 5055 361 5120 tit,
442 5061 669 5108 servata
725 5053 994 5123 aequitate
1055 5055 1348 5109 communi
1405 5055 1640 5111 reddere
1693 5054 1850 5126 quod
1905 5053 1981 5111 di-

275 5157 458 5214 gnum
508 5148 609 5208 est,
657 5141 920 5196 destinat.
970 5143 1248 5197 Seminare
1289 5150 1482 5198 autem
1538 5157 1833 5212 proponere
1872 5149 1974 5198 est.

273 5231 347 5286 At
383 5244 520 5286 vero
547 5227 606 5284 in
633 5228 860 5284 veritate
881 5237 938 5285 et
959 5229 1067 5284 sibi
1097 5229 1358 5298 seminat,
1392 5232 1658 5302 quisquis
1700 5233 1820 5288 sine
1861 5231 1979 5290 avi-

271 5320 448 5376 (litate
494 5319 760 5375 favorum
807 5319 916 5374 sibi
965 5319 1068 5374 soli
1131 5318 1188 5374 in
1235 5335 1340 5376 suo
1400 5321 1548 5376 bono
1611 5321 1874 5378 conscius
1921 5320 1976 5376 id

269 5409 506 5464 actitare
557 5407 854 5464 deliberat.
903 5410 967 5462 1n
1013 5424 1104 5463 ore
1140 5409 1570 5464 misericordiam
1627 5409 1807 5477 metit,
1843 5423 1976 5466 cum

267 5497 423 5568 quod
443 5497 611 5552 corde
642 5496 928 5566 proponit,
955 5512 1054 5567 spe
1097 5498 1375 5554 metenda;
1419 5497 1821 5554 misericordia
1851 5497 1978 5553 aliis

267 5585 644 5656 pronuntiare
698 5599 810 5641 non
879 5587 1105 5642 desinit.
1177 5588 1244 5642 In
1293 5602 1392 5641 ore
1431 5586 1603 5641 etiam
1661 5589 1975 5641 miscricor-

2045 4443 2059 4451 ‘
2093 4435 2262 4490 tionis
2290 4449 2421 4504 quae
2453 4435 2554 4491 vix
2591 4435 2804 4490 sanctis
2840 4434 2981 4490 viris
3015 4435 3324 4492 tolerabilis
3351 4445 3516 4503 esset,
3577 4453 3786 4510 propo-

2089 4523 2198 4579 sito
2247 4537 2404 4594 spem
2457 4523 2702 4592 reponit,
2736 4537 2852 4579 non
2902 4523 3184 4593 aspiciens
3213 4539 3331 4595 quo
3374 4526 3654 4594 intendat,
3686 4529 3786 4584 sed

2090 4626 2222 4682 quae
2252 4611 2452 4668 stolide
2481 4613 2727 4682 peragit.

2161 4699 2330 4756 Vsus.
2369 4702 2452 4756 l4.
2486 4731 2553 4739 —
2587 4723 2607 4749 ι
2646 4701 2960 4772 Consurget
3010 4701 3293 4758 tumultus
3325 4703 3382 4758 in
3419 4703 3630 4774 populo
3661 4712 3782 4773 tuo,

2092 4809 2114 4838 ι
2149 4796 2204 4844 et
2233 4803 2432 4845 omnes
2457 4789 2803 4846 munitiones
2850 4797 2963 4846 tuae
2990 4791 3396 4858 vastabuntur,
3428 4793 3576 4848 sicut
3601 4802 3788 4850 vasta-

2088 4897 2117 4927 »
2152 4884 2246 4933 tus
2273 4885 2357 4934 est
2388 4877 2618 4933 Salman
2649 4891 2683 4932 a
2707 4879 2874 4934 domo
2914 4879 3060 4948 ejus,
3093 4877 3193 4949 qui
3219 4878 3500 4949 judicavit
3534 4881 3669 4937 Baal
3723 4882 3784 4938 in

2090 4989 2114 5017 ι
2157 4968 2248 5024 die
2279 4967 2478 5036 praelii,
2515 4975 2692 5024 matre
2719 4967 2912 5039 :super
2962 4967 3105 5023 filios
3139 4968 3322 5024 allisa.
3359 4992 3380 5018 ι
3421 4973 3700 5026 Tumultus
3724 4975 3786 5028 in

2083 5058 2282 5126 populo
2313 5056 2631 5126 consurgit,
2701 5070 2834 5112 cum
2871 5057 2928 5111 in
2958 5056 3230 5113 cordibus
3253 5072 3440 5128 nuper
3488 5073 3788 5116 converso-

2086 5161 2216 5202 rum
2273 5145 2484 5202 veteris
2565 5145 2808 5202 licentia
2875 5147 3180 5203 insolentia
3262 5149 3629 5205 recrudescit.
3681 5150 3785 5208 Vel

2083 5235 2256 5291 etiam
2305 5235 2566 5288 tumultus
2607 5235 2928 5306 consurgit,
2979 5249 3114 5290 cum
3146 5235 3342 5306 gravis
3367 5236 3422 5290 in
3475 5237 3786 5307 cogitatio-

2084 5323 2260 5380 nibus
2301 5322 2651 5392 pmnitentim
2702 5331 2889 5379 motus
2924 5324 3184 5393 emergit.
3241 5324 3429 5380 Omnes
3461 5329 3784 5384 munitiones

2082 5411 2210 5482 ejus
2239 5418 2543 5467 vastantur
2592 5425 2726 5466 cum
2759 5411 2964 5467 mentis
2999 5411 3270 5467 universa
3310 5413 3604 5484 repagula,
3649 5430 3784 5486 quae

2083 5499 2192 5554 sub
2217 5499 2338 5555 suis
2363 5499 2617 5554 latibulis
2663 5499 3014 5570 llagitiorum
3073 5501 3293 5569 pridem
3327 5502 3630 5558 occuluere
3669 5505 3784 5560 tri-

2082 5594 2259 5657 stega,
2291 5587 2397 5656 piae
2430 5587 2797 5642 confessionis
2851 5595 3142 5643 eruuntur
3177 5588 3250 5644 ad
3292 5589 3496 5645 lucem.
3549 5591 3782 5650 Salman
