3950 6438
105 409 206 460 397

801 384 1260 464 TROPOLOGIE
1298 406 1371 461 IN
1412 406 1618 473 OSEE,
1662 405 1841 462 AMOS
1883 406 1974 462 ET
2012 405 2158 462 JER.
2201 435 2262 448 —
2308 406 2441 462 LIB.
2484 407 2579 462 III.
2622 406 2691 463 IN
2730 406 2924 463 OSEE.

3514 410 3618 464 398

98 543 519 614 interpretatur
582 544 776 598 umbra
838 543 1181 613 prohibendi,
1249 541 1337 597 vel
1399 542 1782 596 commotionis.
1823 542 2249 612 Apirpetrant.
2333 542 2658 597 Simulvicris
2720 540 3070 604 sacriﬁcant,
3141 553 3275 594 cum
3346 539 3612 595 interiori

100 633 252 688 Sicut
299 639 546 687 vastatus
572 638 651 687 est
689 634 912 688 Salman
954 648 988 685 a
1023 632 1179 686 domo
1208 632 1348 700 ejus,
1395 632 1493 698 qui
1528 630 1807 698 judicavit

97 723 236 775 Baal
265 725 322 775 in
354 722 442 775 die
472 724 668 791 praelii,
696 722 749 777 id
780 730 883 788 est,
923 721 1072 777 sicut
1101 720 1365 776 consumi
1398 720 1564 774 debet
1595 719 1802 774 obscu-

98 807 239 864 ritas
267 809 362 864 illa
392 824 665 879 nequam,
704 823 835 879 quae
867 809 1047 864 divini
1079 809 1317 863 luminis
1351 808 1424 863 ab
1455 808 1649 863 animo
1681 820 1805 877 pro-

100 897 335 953 hibebat
399 912 731 953 accessum:
798 905 853 953 et
909 912 980 951 ne
1037 897 1096 952 in
1154 895 1395 951 miseriis
1448 895 1802 961 subsisteret,

99 986 314 1041 crebris
353 986 833 1042 commotionibus
880 986 1257 1055 perurgebat;
1298 1000 1333 1038 a
1364 984 1540 1051 domo,
1576 984 1629 1039 id
1660 991 1743 1039 est
1772 997 1806 1038 a

99 1074 445 1131 conscientia
487 1075 602 1141 illa,
647 1088 779 1143 quae
833 1073 887 1129 in
929 1074 1017 1129 sui
1051 1072 1473 1129 illuminatione
1516 1087 1581 1128 ac
1628 1073 1675 1127 si
1715 1072 1805 1127 die

98 1162 157 1216 in
189 1177 309 1233 qua
338 1176 470 1218 caro
500 1162 857 1232 spiritusque
897 1160 1238 1230 conﬂigunt,
1284 1161 1421 1214 Baal
1455 1159 1700 1231 judicat,
1749 1159 1803 1215 id

98 1258 183 1305 est
217 1251 408 1306 virum
442 1250 696 1305 damnat.
728 1249 803 1303 De
838 1263 956 1318 quo
996 1248 1209 1304 dicitur
1241 1262 1253 1302 :
1289 1268 1315 1296 «
1353 1248 1456 1303 Hic
1490 1262 1663 1318 quem
1696 1248 1805 1302 ba-

100 1338 218 1405 bes,
266 1353 383 1393 non
429 1345 515 1393 est
546 1345 684 1392 tuus
732 1336 825 1392 vir
854 1339 1031 1402 (Joan.
1067 1352 1143 1403 iv,
1187 1336 1351 1406 18).»
1400 1337 1580 1391 Matre
1630 1350 1805 1406 super

102 1427 253 1483 filios
285 1426 469 1492 allisa,
512 1440 644 1481 cum
680 1426 801 1481 suis
851 1425 1111 1481 videlicet
1138 1426 1409 1495 operibus
1437 1425 1645 1480 obruta
1675 1439 1806 1479 con-

97 1515 476 1585 cupiscentia.
528 1514 663 1570 Baal
708 1521 902 1569 autem
957 1514 1369 1583 interpretatur
1414 1517 1522 1580 vir,
1574 1514 1663 1568 vel
1713 1515 1807 1568 ha-

99 1605 247 1671 bens,
306 1603 357 1658 id
418 1611 502 1660 est
564 1602 861 1673 possidens
921 1602 1263 1667 dominium,
1329 1602 1540 1658 scilicet
1593 1603 1806 1658 erroris

1912 630 2269 699 periclitante
2301 637 2455 686 statu
2488 630 2657 700 longe
2682 629 2848 685 aliter
2878 642 2936 685 se
2970 628 3273 685 hominum
3305 631 3618 699 conspecti-

1912 719 2041 786 bus,
2084 733 2263 789 quam
2311 733 2402 775 res
2451 718 2603 775 intro
2647 725 2907 789 geratur,
2955 724 3264 774 ostentant.
3324 717 3430 773 Sed
3469 717 3619 773 inter

1911 806 2039 874 ista,
2090 807 2299 877 inquit,
2351 809 2616 877 Ephraim
2660 808 2925 862 nutritius
2969 819 3119 873 sum,
3180 805 3321 861 dum
3367 812 3616 861 mentem

1912 909 2136 965 semper
2179 896 2417 952 intendo
2468 896 2538 952 de
2596 895 3015 952 resurrectione
3068 908 3433 950 commonere
3490 902 3615 964 post

1911 983 2161 1054 lapsum,
2210 991 2266 1040 et
2309 984 2387 1040 ita
2428 984 2700 1040 voluntas
2746 991 2943 1040 nostra
2992 997 3107 1039 non
3163 981 3472 1046 colliditur,
3503 982 3618 1038 Do-

1910 1074 2067 1129 mino
2096 1080 2453 1143 supponente
2484 1087 2743 1129 manum.
2791 1072 2883 1129 Sic
2926 1087 3031 1129 nos
3078 1072 3284 1140 nutrit,
3330 1072 3471 1128 dum
3516 1086 3619 1143 per

1910 1161 2114 1218 ruinas
2151 1168 2205 1217 et
2236 1168 2422 1218 status
2452 1176 2556 1217 nos
2596 1162 2807 1218 erudit.
2869 1183 2891 1210 ι
2925 1161 3229 1217 Portabam
3262 1174 3357 1216 eos
3404 1160 3461 1216 in
3493 1160 3621 1217 bra-

1917 1272 1938 1299 ι
1972 1249 2116 1306 chiis
2146 1249 2286 1305 meis
2317 1264 2329 1304 :
2361 1256 2417 1306 et
2460 1248 2793 1305 nescierunt
2831 1249 2986 1319 quod
3027 1262 3291 1305 curarem
3328 1263 3498 1304 eos.»
3552 1250 3616 1305 In

1911 1337 2165 1393 brachiis
2209 1353 2304 1394 eos
2346 1345 2555 1408 portat,
2606 1351 2742 1394 cum
2781 1338 2851 1393 ad
2914 1337 3174 1393 divinam
3225 1337 3618 1393 fortitudinem

1912 1426 2196 1483 sublevat.
2230 1426 2542 1482 Brachium
2572 1426 2727 1482 enim
2767 1439 2870 1496 pro
2915 1425 3250 1481 fortitudine
3279 1425 3410 1495 poni
3455 1426 3617 1490 solet,

1911 1515 1983 1570 Et
2011 1515 2276 1571 nesciunt
2306 1515 2463 1586 quod
2512 1521 2675 1570 curet
2713 1528 2827 1583 eos,
2876 1514 3015 1585 quia
3043 1528 3116 1570 ex
3145 1514 3394 1585 pondere
3437 1521 3622 1571 tenta-

1912 1604 2082 1660 tionis
2129 1619 2272 1674 pene
2318 1604 2686 1674 desperantes
2724 1604 2996 1673 ignorant
3039 1603 3195 1673 quod
3244 1603 3482 1673 provide
3514 1618 3616 1673 per

96 1693 356 1762 signans.
1913 1693 2137 1748 occulta
2165 1692 2494 1762 naufragia,
2524 1707 2597 1748 ne
2621 1692 2691 1747 de
2722 1691 2954 1747 virtutis
2985 1690 3359 1762 prosperitate
3407 1705 3617 1762 super-

170 1779 342 1836 Vens.
395 1782 478 1833 l5.
543 1807 598 1818 —
659 1800 680 1827 ι
716 1776 807 1833 Sic
857 1779 987 1834 fecit
1058 1779 1218 1834 Vobis
1274 1779 1488 1846 Bethel,
1563 1794 1595 1834 a
1665 1780 1803 1835 facie
1843 1844 1878 1850 _
1913 1780 2095 1846 biant,
2133 1787 2354 1850 premat
2379 1781 2552 1849 ipsos.

102 1891 123 1915 ε
162 1868 393 1923 malitiae
421 1867 987 1938 nequitiarumcl‘l
1015 1876 1355 1923 vestrarum.
1386 1889 1406 1916 ι
1436 1844 1648 1935 Bethel,
1674 1869 1801 1924 licet
1842 1844 1882 1897 Β
1983 1844 2154 1925 Vens.
2195 1870 2248 1922 4.
2295 1900 2363 1907 -
2396 1844 2419 1916 λ
2465 1868 2531 1924 In
2580 1865 2853 1923 funiculis
2901 1867 3085 1923 Adam
3128 1867 3353 1924 traham
3396 1882 3510 1936 eos,
3554 1868 3614 1924 in

96 1957 286 2012 domus
344 1960 441 2012 Dei
496 1956 925 2026 interpretetur,
979 1963 1170 2011 tamen
1216 1970 1290 2012 ex
1329 1955 1479 2012 idolo
1535 1971 1652 2026 quo
1707 1959 1799 2013 Je-

96 2046 335 2101 roboam
368 2046 446 2101 ibi
490 2053 791 2105 statuerat,
831 2045 1191 2114 profanatur.
1244 2046 1343 2101 Est
1389 2060 1527 2115 ergo
1568 2046 1801 2101 dicere:

99 2137 213 2190 llas
276 2133 598 2189 contrarias
675 2132 1063 2197 fortitudines,
1140 2147 1272 2202 quae
1348 2140 1538 2188 vestra
1605 2141 1805 2189 contra

95 2223 279 2278 Deum
311 2223 489 2278 corda
521 2219 1043 2289 munierantﬁfecit
1066 2220 1232 2276 vobis
1262 2221 1475 2285 Bethel,
1511 2223 1803 2277 conscien-

94 2312 180 2368 tia
218 2310 503 2377 videlicet,
561 2324 739 2381 quam
791 2310 945 2364 Deus
995 2308 1319 2364 inhabitare
1368 2309 1663 2377 debuerat,
1707 2310 1804 2365 sed

94 2400 316 2457 diaboli
344 2399 593 2456 fantasia
655 2398 974 2465 imbuerat;
1021 2406 1074 2453 et
1121 2398 1225 2453 hoc
1268 2412 1302 2453 a
1352 2398 1514 2463 facie,
1551 2398 1605 2453 id
1652 2405 1737 2454 est
1771 2412 1805 2453 a

93 2489 559 2545 consideratione
630 2486 1004 2543 immanitatis
1081 2487 1392 2542 criminum
1456 2495 1802 2553 vestrorum,

94 2578 320 2635 Malitia
374 2578 527 2634 enim
582 2577 674 2633 hic
729 2590 831 2646 pro
884 2575 1103 2632 enormi
1160 2591 1271 2632 usu
1318 2575 1644 2646 appellatur
1685 2591 1804 2632 sce-

95 2667 317 2723 lerum.

777 2753 1011 2811 CAPUT
1051 2753 1148 2809 XI.

96 2866 118 2895 ι
164 2843 337 2901 Vens.
385 2847 431 2899 l.
465 2873 534 2884 -—
586 2864 607 2892 ‹
648 2842 807 2898 Sicut
852 2856 1020 2897 mane
1065 2841 1418 2912 pertransiit,
1474 2842 1807 2912 pertransiit

95 2956 116 2982 ι
156 2948 259 2988 rex
309 2933 503 2988 Israel.
542 2954 561 2981 ι
624 2934 738 2987 Rea-
802 2933 972 2985 lsracl
1015 2930 1251 3000 spiritus
1310 2938 1502 2987 noster
1553 2938 1658 2997 est,
1710 2932 1805 2987 cui

87 3036 301 3092 regere
333 3022 574 3091 pertinet
607 3020 895 3091 quidquid
939 3019 1049 3075 sub
1082 3018 1290 3075 aﬁ‘ectu
1320 3027 1423 3075 est.
1462 3020 1587 3088 Ipse
1625 3020 1805 3087 enim,

90 3109 423 3167 secundum
445 3107 871 3179 etymologiam,
913 3107 1124 3178 saepius
1170 3107 1380 3163 dictam
1411 3122 1543 3163 cum
1586 3106 1806 3163 ratione

91 3214 164 3254 ac
189 3199 239 3254 si
266 3213 398 3254 cum
431 3200 542 3254 Deo
580 3198 943 3268 principatur
974 3213 989 3266 ;
1034 3197 1125 3251 sin
1164 3196 1308 3252 alias
1336 3195 1533 3252 servit.
1579 3196 1633 3251 Is
1661 3211 1805 3267 ergo

94 3305 199 3342 reae
234 3289 375 3341 sicut
404 3302 561 3340 mane
593 3283 921 3355 pertransit,
957 3299 1088 3340 cum
1122 3284 1353 3353 repulsa
1382 3284 1722 3354 ignorantiae
1751 3292 1807 3339 et

26 3372 28 3377 “
94 3376 516 3447 cogitationum
547 3374 761 3430 nebula
781 3381 1060 3444 tanquam
1084 3373 1296 3443 pallore
1312 3374 1655 3443 crepusculi,
1683 3374 1805 3443 ple-

94 3465 282 3521 nioris
312 3464 705 3535 intelligentiae
738 3463 1018 3533 etquietis
1040 3463 1286 3532 gratiam
1312 3462 1486 3518 veluti
1506 3463 1691 3519 solare
1706 3464 1805 3534 ju-

99 3555 211 3610 bar
240 3553 488 3624 attingit.
530 3575 550 3601 ‹
588 3553 733 3618 Quia
763 3565 905 3621 puer
940 3552 1136 3619 Israel,
1168 3560 1222 3608 et
1253 3552 1430 3607 dilexi
1458 3567 1613 3620 cum,
1646 3559 1700 3608 et
1731 3567 1806 3608 ex

103 3666 124 3691 ι
155 3643 404 3713 IEgypto
452 3641 653 3697 vocavi
697 3641 907 3696 Filium
961 3654 1178 3696 meum.
1210 3662 1231 3688 ι
1294 3642 1465 3695 Israel
1512 3656 1651 3710 puer
1698 3648 1803 3706 est,

93 3739 151 3788 et
176 3732 303 3787 ideo
328 3745 362 3786 a
392 3732 506 3787 Deo
536 3730 818 3799 diligitur,
850 3730 1008 3800 quia,
1035 3738 1341 3800 postquam
1372 3729 1444 3785 ad
1469 3729 1602 3785 vitae
1635 3729 1805 3785 novi-

100 3828 279 3877 tatem
306 3818 555 3887 redierit,
587 3821 697 3875 Deo
726 3834 841 3874 non
874 3818 1098 3889 placere
1123 3833 1240 3874 non
1268 3826 1466 3888 potest.
1501 3821 1589 3873 Ea:
1620 3820 1804 3888 Egy-

96 3912 473 3980 ptojquoque
510 3910 687 3977 ﬁlium
731 3916 916 3976 vocat,
964 3923 1096 3964 cum
1143 3922 1217 3963 ex
1257 3906 1629 3977 quotidianis,
1672 3922 1805 3977 quae

99 3998 415 4055 immissive
446 3997 531 4053 vel
558 3997 902 4054 naturaliter
932 3996 1189 4053 inﬂuunt
1220 3995 1495 4061 tenebris,
1528 3996 1803 4066 spiritum

98 4095 388 4153 nostrum,
422 4087 522 4157 qui
548 4100 622 4141 ex
652 4100 790 4143 vera
822 4085 946 4142 luce
973 4086 1139 4158 quasi
1172 4086 1278 4143 lux
1309 4085 1369 4142 in
1415 4084 1579 4142 nobis
1609 4084 1803 4156 gigni-

101 4185 222 4245 tur,
257 4176 408 4232 Deus
430 4175 651 4231 reducit
678 4184 734 4232 et
763 4176 1019 4233 suscitat.

173 4265 349 4321 Vens.
382 4268 435 4320 2.
457 4295 526 4305 —
565 4287 585 4313 ι
620 4265 989 4321 Vocaverunt
1017 4279 1135 4331 eos,
1176 4265 1258 4320 sic
1286 4263 1556 4320 abierunt
1599 4277 1633 4320 a
1663 4263 1804 4320 facie

102 4374 132 4407 α
166 4369 388 4411 eorum.
429 4376 450 4403 ι
510 4353 670 4421 Quod
716 4354 1091 4425 singulariter
1138 4354 1408 4424 superius
1466 4368 1566 4423 per
1610 4368 1802 4424 regem

99 4444 392 4511 innuerat,
428 4443 535 4499 hoc
564 4443 728 4499 modo
772 4451 1004 4513 propter
1053 4443 1308 4498 diversos
1350 4441 1802 4498 rationalitatum

97 4540 295 4589 motus
335 4532 633 4602 pluraliter
671 4532 938 4602 applicat.
989 4530 1108 4586 Etsi
1148 4531 1304 4587 enim
1347 4544 1467 4586 una
1507 4536 1589 4586 est
1636 4529 1802 4596 ratio,

106 4630 341 4693 propter
369 4621 563 4690 plures
613 4628 804 4676 tamen
836 4634 1042 4676 causas
1074 4620 1339 4690 plurimae
1368 4626 1504 4675 sunt
1534 4617 1803 4675 rationes.

102 4715 186 4767 Ac
212 4710 259 4766 si
300 4710 509 4766 diceret
544 4724 557 4764 :
592 4709 714 4765 Etsi
761 4710 913 4765 Deus
954 4723 989 4764 a
1024 4716 1220 4764 nostra
1259 4722 1363 4764 nos
1408 4721 1510 4777 per
1537 4721 1596 4762 se
1640 4706 1803 4763 caeci-

104 4808 224 4858 tate
262 4799 498 4866 revelat,
557 4798 663 4869 ipsi
710 4806 903 4855 tamen
944 4796 1256 4854 rationales
1304 4803 1492 4852 motus
1523 4810 1556 4851 a
1612 4805 1807 4853 nostro

102 4905 214 4947 nos
268 4902 504 4959 corpore
576 4888 882 4959 aliquoties
946 4887 1199 4943 excitare
1252 4886 1647 4954 contendunt;
1709 4886 1808 4942 sed

103 4978 251 5050 quia
279 4992 393 5033 non
419 4984 503 5032 est
539 4976 597 5031 in
637 4975 866 5031 homine
909 4975 1005 5031 via
1055 4976 1201 5046 ejus,
1247 4988 1354 5029 nec
1396 4972 1526 5040 viri,
1578 4980 1640 5029 ut
1670 4973 1807 5029 diri-

106 5075 208 5138 gat
239 5080 471 5137 gressus
497 5080 635 5121 suos
673 5064 850 5132 (Prov.
880 5080 991 5133 xvi,
1022 5064 1100 5133 9),
1148 5063 1230 5119 illi
1276 5064 1389 5118 Deo
1440 5076 1542 5117 nos
1573 5062 1809 5131 dispen-

106 5155 292 5211 sative
337 5154 664 5210 retardante
709 5153 1006 5219 recedunt,
1058 5152 1255 5222 sicque
1302 5165 1406 5206 nos
1443 5150 1582 5220 quid
1631 5151 1812 5207 simus

102 5259 178 5301 ex
228 5243 395 5299 nobis
454 5242 702 5312 experiri
753 5242 992 5297 faciunt.
1039 5243 1087 5296 Α
1135 5243 1281 5308 facie
1332 5256 1514 5294 eorum
1572 5240 1807 5305 abeunt,

108 5348 245 5389 cum
275 5347 332 5388 se
364 5346 398 5387 a
429 5332 723 5388 rationum
754 5330 1073 5387 redditione
1099 5329 1512 5401 cogitationum
1550 5328 1811 5396 pervica-

107 5423 309 5478 citates
336 5420 676 5477 excludunt.
715 5440 736 5467 ι
774 5418 991 5474 Baalim
1032 5418 1427 5483 immolabant,
1468 5423 1521 5471 et
1569 5415 1814 5471 simula-

111 5534 139 5561 ‹‹
177 5512 293 5567 cris
349 5509 773 5565 sacrificabant.
821 5508 1007 5577 (Vens.
1039 5508 1117 5577 3.)
1159 5507 1227 5562 Et
1280 5520 1385 5575 ego
1422 5504 1590 5574 quasi
1634 5505 1814 5561 nutri-

116 5625 137 5650 ι
177 5600 295 5657 tius
346 5598 647 5669 Ephraim.
687 5618 708 5644 ι
778 5598 995 5651 Baalim
1061 5594 1377 5661 immolant,
1445 5607 1576 5648 cum
1634 5592 1814 5648 multa

104 5689 227 5755 Dei,
262 5687 361 5745 sed
409 5701 526 5743 non
559 5700 662 5757 pro
711 5686 824 5741 Deo
866 5684 1163 5741 tentationi
1210 5696 1361 5751 szepe
1388 5680 1815 5736 succumbendo

1915 1978 1937 2005 ι
1968 1956 2219 2013 vinculis
2254 1956 2573 2013 charitatis.
2610 1978 2638 2007 ››
2672 1958 2736 2012 In
2785 1956 2899 2012 alia
2945 1956 3324 2013 translatione
3374 1957 3474 2012 ubi
3523 1958 3617 2014 hic

1911 2047 2093 2102 Adam
2125 2046 2354 2117 legitur,
2392 2045 2507 2101 illic
2546 2047 2785 2100 homines
2838 2045 3150 2112 invenitur,
3204 2046 3285 2100 sic
3321 2045 3478 2101 enim
3523 2045 3616 2101 in—

1911 2144 2277 2205 terpretatur.
2334 2135 2495 2190 Unde
2527 2142 2581 2191 et
2630 2135 2687 2190 in
2730 2133 2933 2190 Genesi
2975 2134 3072 2190 ubi
3122 2134 3379 2189 dicitur:
3420 2157 3441 2182 ι
3498 2135 3617 2192 Vo-

1916 2246 1936 2271 ι
1965 2224 2117 2279 cavit
2165 2238 2375 2279 nomen
2421 2237 2622 2279 eorum
2673 2223 2855 2279 Adam
2907 2223 3122 2291 (Gen.v,
3153 2226 3259 2287 2,»
3318 2222 3512 2279 itidem
3558 2239 3617 2279 in

1912 2312 2171 2368 homines
2219 2311 2585 2367 transfertur.
2627 2314 2687 2366 In
2729 2313 2994 2378 funiculis
3023 2325 3160 2382 ergo
3205 2313 3481 2365 hominum
3532 2328 3618 2367 eos

1911 2402 2108 2463 trahit,
2142 2415 2276 2458 eum
2308 2414 2378 2456 ex
2414 2399 2839 2471 passabilitatis,
2866 2408 2922 2456 et
2960 2400 3352 2457 humanarum
3403 2414 3617 2457 aerum-

1911 2505 2123 2547 narum
2157 2490 2355 2546 timore
2384 2505 2480 2545 eos
2509 2490 2580 2545 ad
2606 2504 2665 2544 se
2704 2489 2960 2559 corripit.
2998 2490 3160 2546 Unde
3192 2498 3274 2545 est
3310 2504 3322 2543 :
3361 2511 3381 2539 ι
3423 2490 3618 2546 Multi-

1911 2578 2131 2648 plicatte
2161 2584 2318 2645 sunt,
2354 2577 2566 2648 inquit,
2598 2577 2958 2633 inﬁrmitates
2985 2590 3182 2633 eorum
3218 2591 3231 2631 :
3257 2584 3466 2647 postea,
3502 2598 3529 2627 »
3553 2592 3620 2633 ac

1910 2667 1959 2722 si
1992 2667 2203 2723 diceret
2236 2681 2249 2720 :
2283 2666 2364 2722 Ad
2393 2666 2681 2722 medicum
2715 2687 2744 2714 »
2788 2665 3261 2722 acceleraverunt
3305 2666 3473 2725 (Psal.
3520 2682 3616 2736 xv,

1911 2755 1991 2826 4).
2027 2777 2047 2804 ι
2084 2755 2192 2811 Sed
2236 2755 2603 2825 postmodum
2654 2755 2807 2825 quod
2850 2755 3010 2824 prius
3050 2754 3253 2811 timore
3312 2756 3621 2827 gerebatur

1912 2843 1972 2898 in
2021 2857 2276 2901 amorem
2327 2845 2597 2912 vertitur,
2648 2844 2803 2901 unde
2850 2850 2904 2900 et
2947 2844 3216 2914 sequitur
3248 2859 3261 2898 :
3290 2847 3351 2899 In
3388 2846 3619 2900 vinculis

1912 2933 2228 2999 charitatis,
2264 2948 2396 3003 quae
2422 2933 2633 2988 scilicet
2677 2932 2829 2988 foras
2864 2932 3035 2988 mittit
3087 2933 3348 2989 timorem
3381 2931 3437 2994 (Ι
3457 2936 3615 2989 Joan.

1913 3037 1990 3088 tv,
2030 3022 2135 3092 18).
2171 3021 2437 3077 Funiculi
2483 3029 2674 3077 autem
2715 3020 2853 3091 ipsa;
2900 3018 3226 3077 affectiones
3274 3028 3430 3088 sunt,
3480 3023 3619 3093 qui-

1915 3109 2025 3166 bus
2061 3110 2132 3166 ad
2165 3109 2383 3181 aliquid
2418 3109 2802 3179 appetendum
2846 3108 3007 3164 nullo
3048 3116 3284 3179 cogente
3325 3109 3613 3166 ducimur.

1913 3199 2107 3255 Timor
2138 3213 2276 3254 vero
2322 3198 2691 3269 supradictus
2731 3211 2926 3253 amore
2974 3212 3089 3253 non
3126 3205 3301 3263 caret,
3359 3197 3616 3269 alioquin

1913 3288 2017 3344 hos
2047 3287 2333 3345 funiculos
2364 3301 2483 3342 non
2517 3286 2773 3342 haberet.
2809 3287 2944 3342 Inde
2985 3294 3069 3342 est
3102 3285 3244 3342 illud
3286 3286 3571 3356 poeticum
3600 3303 3612 3343 :

1916 3396 1940 3425 ι
1974 3376 2192 3443 Trahit,
2244 3375 2454 3445 inquit,
2508 3374 2631 3446 (sua
2681 3389 2975 3446 quemque
3029 3374 3297 3445 voluptas
3353 3374 3616 3444 (VIRGIL.,

1911 3479 1951 3521 tt
2016 3465 2256 3534 Eglog.).
2291 3484 2319 3513 »
2368 3486 2389 3513 ι
2459 3464 2532 3521 Et
2586 3477 2685 3521 ero
2738 3463 2821 3520 eis
2865 3463 3033 3534 quasi
3087 3463 3352 3520 exaltans
3401 3463 3615 3534 jugum

1914 3575 1943 3604 »
1993 3567 2167 3623 super
2213 3551 2483 3608 maxillas
2528 3567 2750 3621 eorum,
2805 3559 2862 3608 et
2915 3551 3200 3608 declinavi
3258 3551 3329 3607 ad
3376 3566 3511 3608 eum
3552 3559 3616 3608 ut

1918 3664 1939 3692 ι
1974 3648 2315 3699 vesceretur.
2366 3662 2395 3691 »
2436 3644 2534 3696 Est
2581 3644 2658 3697 eis
2705 3643 2869 3712 quasi
2920 3642 3173 3696 exultans
3216 3642 3416 3710 jugum
3453 3656 3619 3710 super

1912 3734 2172 3786 maxillas
2210 3747 2412 3799 eorum,
2464 3745 2597 3786 cum
2654 3744 2793 3787 vera
2843 3730 3048 3786 mentis
3086 3730 3332 3786 essentia
3389 3743 3619 3800 promo-

1912 3828 2004 3876 vet
2023 3820 2114 3877 sui
2143 3819 2365 3875 timoris
2393 3818 2759 3876 eminentiam
2806 3834 2982 3889 super
3023 3818 3436 3875 intellectuales
3486 3834 3613 3875 sen-

1912 3923 2013 3966 sus
2048 3923 2269 3966 eorum.
2317 3909 2492 3978 Super
2533 3909 2661 3980 ejus
2706 3909 2967 3962 mamilius
3000 3910 3198 3977 jugum
3248 3908 3348 3963 Dei
3388 3907 3615 3964 exalta-

1912 4007 2093 4066 verat,
2140 3998 2243 4069 qui
2286 3997 2435 4054 sicut
2474 4005 2761 4054 tumentes
2815 4010 2986 4066 super
3030 4010 3089 4051 se
3134 3996 3347 4052 ﬂuctus
3390 4010 3615 4067 semper

1913 4102 2046 4143 eum
2080 4086 2368 4143 timuerat.
2402 4087 2582 4142 Tanto
2612 4093 2802 4142 autem
2839 4084 3024 4156 magis
3051 4084 3363 4152 exaltatur,
3393 4092 3613 4154 quanto

1912 4176 2099 4247 magis
2132 4176 2191 4230 in
2225 4176 2450 4231 interna
2478 4175 2691 4231 virtute
2740 4173 3055 4245 proﬁcitur,
3095 4173 3235 4229 dum
3270 4172 3368 4228 illa
3394 4181 3612 4229 aeterna

1912 4264 2209 4321 charitatis
2237 4264 2409 4319 semel
2453 4271 2806 4335 pregustata
2853 4276 3076 4333 semper
3124 4261 3304 4318 amitti
3354 4261 3607 4319 timetur.

1913 4355 2021 4411 Pro
2067 4353 2361 4409 intellectu
2412 4353 2681 4409 maxillas
2740 4352 3076 4422 accipimus,
3123 4352 3263 4422 quia
3314 4350 3404 4407 his
3450 4365 3517 4408 ac
3564 4352 3613 4407 si

1846 4446 1890 4500 D
1921 4442 2190 4499 dentibus
2243 4442 2393 4497 dura
2440 4456 2691 4513 quaeque
2750 4441 3168 4497 commolimus.
3225 4440 3485 4496 Declinat
3540 4440 3615 4495 ad

1913 4547 2055 4597 eum,
2089 4539 2153 4588 ut
2184 4537 2467 4597 vescatur,
2500 4545 2631 4587 cum
2666 4544 2767 4600 per
2799 4529 3057 4586 timorem
3092 4529 3276 4596 illum,
3306 4544 3422 4600 quo
3453 4544 3616 4585 mens

1916 4620 2228 4676 salubriter
2259 4619 2622 4687 bumiliatur,
2654 4618 2825 4674 etiam
2857 4632 2914 4674 se
2946 4618 3019 4673 ad
3049 4632 3151 4673 nos
3172 4618 3322 4673 Deus
3353 4617 3612 4685 inclinat,

1916 4717 1982 4765 ut
2035 4709 2104 4764 de
2150 4709 2277 4778 ejus
2324 4707 2673 4777 aspiratione
2723 4720 3051 4777 pascamur.
3122 4728 3143 4754 ι
3195 4706 3463 4772 Cmnabo,
3510 4707 3610 4775 ait,

1916 4812 2049 4855 cum
2097 4797 2189 4852 illo
2236 4804 2291 4853 et
2338 4796 2453 4865 ipse
2499 4810 2723 4852 mecum
2768 4799 2957 4864 (Apoc.
3002 4809 3082 4860 ιιι,
3113 4795 3225 4857 20).
3264 4815 3284 4841 ι
3314 4792 3472 4860 Quod
3526 4810 3618 4849 su-

1917 4886 2114 4958 perius
2144 4884 2518 4956 singulariter
2547 4885 2682 4940 dicit
2716 4884 2785 4939 ad
2813 4898 2969 4951 eum,
3010 4897 3140 4939 cum
3179 4880 3478 4953 pluraliter
3505 4883 3614 4939 ali-

1918 4989 2037 5046 qua
2066 4989 2167 5044 pro
2200 4974 2452 5029 motibus
2485 4973 2659 5028 variis
2692 4972 3072 5042 praemisisset,
3100 4970 3441 5026 unimodum
3462 4985 3617 5027 men-

1917 5064 1990 5119 tis
2015 5061 2274 5117 habitum
2309 5059 2580 5131 intellige,
2615 5060 2756 5131 quia
2788 5060 2841 5115 in
2869 5060 3151 5115 scissuras
3180 5058 3459 5115 mentium
3502 5060 3618 5116 sci-

1918 5163 2050 5205 mus
2115 5150 2298 5204 Deum
2366 5162 2739 5218 nequaquam
2801 5156 2864 5204 ut
2931 5147 3271 5202 convivetur
3330 5147 3619 5203 declinare

1920 5238 2118 5294 solere.

1994 5326 2163 5383 Vens.
2200 5329 2250 5380 5.
2282 5354 2354 5367 —
2387 5347 2408 5375 ι
2455 5325 2581 5381 Non
2626 5332 2947 5382 revertetur
2995 5325 3053 5381 in
3099 5332 3312 5381 terram
3364 5325 3618 5396 Egypti,

1926 5436 1948 5463 ι
1982 5422 2038 5470 et
2078 5416 2261 5470 Assur
2306 5414 2426 5484 ipse
2475 5428 2577 5470 rex
2631 5415 2774 5485 ejus.
2816 5436 2836 5461 ι
2889 5417 2950 5469 In
2998 5420 3198 5469 terram
3250 5416 3479 5484 [Egyptt'
3517 5431 3624 5469 non

1923 5504 2252 5571 revertitur,
2286 5518 2418 5559 cum
2461 5504 2533 5559 ad
2564 5512 2799 5559 veterna
2844 5504 3091 5559 crimina
3129 5505 3337 5559 reverti
3379 5520 3438 5560 se
3486 5504 3627 5561 ulte-

1923 5592 2048 5647 rius
2082 5606 2194 5647 non
2240 5591 2472 5661 patitur.
2518 5592 2581 5647 Et
2613 5600 2804 5648 tamen
2848 5593 3043 5658 Assur,
3079 5591 3133 5647 id
3167 5600 3253 5647 est
3299 5593 3623 5650 aulicorum

1924 5680 2285 5737 familiaritas
2313 5688 2367 5737 et
2390 5682 2645 5750 acceptio
2676 5681 2988 5738 admodum
3040 5680 3145 5737 sibi
3186 5682 3508 5750 expetenda
3552 5683 3629 5736 \i-
