3950 6420
320 416 421 469 399

1216 405 1278 466 V.
1320 401 1646 466 GUIBERTI
1684 404 1972 464 ABBATIS
2010 403 2064 464 S.
2111 402 2348 464 ΜΑΗΙΑΞ
2389 407 2476 462 DE
2516 403 2919 464 NOVIGENTO

3721 401 3828 460 400

318 547 505 603 detur.
533 545 695 613 Quod
725 544 784 600 in
815 542 1164 615 quibusdam
1193 542 1412 598 ordinis
1448 542 1619 598 nostri
1655 542 1793 597 viris
1823 539 2007 596 hodie-
2043 548 2082 598 Α
2118 562 2144 591 ιι
2176 556 2262 596 me
2318 555 2416 597 cor
2467 555 2678 606 meum,
2737 541 2946 610 pariter
2993 539 3339 596 conturbata
3388 548 3474 596 est
3521 539 3820 610 poenitudo

321 645 435 701 que
486 637 743 701 apparet,
794 629 894 700 qui
927 629 1067 684 dum
1115 641 1150 682 a
1197 628 1547 683 faeditatibus
1592 627 1902 681 mundanis
1956 642 2014 681 se

318 719 632 787 continent,
671 724 821 772 us
861 718 1159 772 curiarutn
1213 723 1402 771 tamen
1453 715 1907 770 solemnitatibus
1941 715 2016 769 in-

317 821 512 877 gerere
559 822 618 861 se
662 804 1154 860 irremediabiliter
1178 803 1400 859 ardent.
1437 805 1618 858 Assur
1648 803 1822 869 enim,
1858 802 2012 872 quod

320 903 569 964 repetere
614 908 727 948 non
775 894 948 963 piget,
998 893 1127 946 aula
1172 899 1272 946 est.
1321 914 1341 940 ι
1375 891 1656 957 Quoniam
1704 892 2015 946 noluerunt

319 1005 346 1032 η
380 983 656 1047 converti,
703 982 894 1052 (Vens.
952 983 1004 1049 6)
1053 981 1222 1049 cmpit
1278 980 1505 1049 gladius
1566 981 1623 1034 in
1681 979 2016 1034 civitatibus

320 1093 347 1123 ι)
371 1073 514 1142 ejus,
549 1080 604 1126 et
641 1077 995 1126 consummet
1036 1069 1238 1123 electos
1261 1068 1409 1137 ejus,
1441 1076 1496 1123 et
1542 1069 1797 1123 comedet
1825 1069 2013 1137 capita

323 1183 344 1209 -
375 1175 595 1216 eorum.
630 1182 649 1206 ι
709 1159 867 1223 Quod
914 1166 998 1213 est
1059 1157 1289 1212 dicere:
1333 1156 1613 1223 Quoniam
1680 1157 1752 1211 ab
1809 1157 2010 1222 Assur,

320 1250 376 1305 id
415 1258 498 1304 est
550 1250 622 1304 ab
683 1247 986 1304 oculorum
1037 1259 1276 1300 suorum
1338 1245 1650 1300 noluerunt
1707 1245 2016 1300 vanissima

323 1338 575 1407 pastione
633 1335 862 1402 reverti,
916 1333 1135 1402 gladius
1187 1334 1246 1385 in
1289 1334 1606 1387 ciuitatibus
1645 1333 1782 1400 ejus,
1834 1332 1886 1387 id
1931 1339 2013 1387 est

319 1439 517 1480 eorum
559 1424 766 1479 mentis
800 1425 990 1493 Cthit,
1035 1420 1174 1491 quia
1216 1421 1443 1476 insolita
1491 1421 1679 1476 carnis
1738 1421 2016 1476 adversus

318 1514 583 1581 spiritum
631 1511 916 1566 contentio
943 1510 1001 1564 in
1053 1507 1210 1563 omni
1261 1507 1388 1577 ejus
1425 1508 1814 1573 sensualitate,
1857 1521 2009 1576 quae,

313 1602 485 1672 juxta
531 1601 934 1670 Evangelium,
968 1605 1105 1655 sunt
1151 1599 1430 1663 civitates,
1478 1598 1728 1653 emersit.
1775 1597 2014 1652 Gladius

317 1694 468 1744 enim
503 1704 605 1758 pro
637 1687 918 1742 divisione
963 1689 1215 1756 ponitur,
1246 1694 1308 1741 ut
1354 1693 1435 1740 est
1470 1700 1482 1738 :
1541 1708 1560 1732 ι
1596 1685 1718 1740 Non
1753 1685 1880 1739 veni
1921 1699 2015 1754 pa-

321 1793 438 1833 cem
477 1777 717 1836 mittere.
751 1776 848 1830 sed
877 1776 1136 1845 gladium
1183 1775 1403 1843 (Matth.
1438 1790 1490 1838 x,
1525 1776 1637 1841 3i).
1677 1795 1696 1821 ι
1735 1774 1802 1828 Ει
1831 1787 2014 1842 expo-

321 1880 501 1920 nens:
532 1887 552 1913 ι
583 1863 747 1928 Veni,
771 1865 978 1934 inquit,
1003 1879 1267 1935 separare
1290 1863 1604 1931 (lbid.,2.‘i),
1631 1869 1778 1916 nete.
1807 1865 1873 1916 Et
1893 1877 2016 1915 con-

320 1961 490 2007 sumet
519 1955 703 2006 electos
733 1953 870 2021 ejus,
903 1953 955 2006 id
988 1962 1070 2008 est
1103 1951 1429 2008 annullabit
1458 1965 1826 2020 quaecunque
1870 1950 2020 2020 prin-

325 2042 600 2112 cipaliora
645 2047 781 2096 sunt
832 2041 890 2095 in
941 2041 1144 2096 intimo
1191 2047 1345 2096 statu
1397 2039 1541 2108 ejus.
1594 2040 1790 2106 Capita
1837 2054 2020 2093 eorum

325 2129 576 2195 comedet,
609 2129 747 2184 dum
777 2137 831 2184 et
860 2130 1161 2185 civitatum
1195 2135 1250 2184 et
1279 2128 1590 2183 electorum
1633 2127 2016 2182 intentionum

324 2219 680 2272 summitates
717 2217 1005 2287 aurugine
1053 2215 1377 2273 tentationis
1422 2215 1685 2270 absumet
1733 2215 1822 2282 [r.,
1855 2213 2020 2270 auri-

328 2307 504 2376 gine].
1435 2314 1443 2321 ·

401 2395 569 2450 Vens.
604 2399 656 2448 7.
680 2425 746 2434 -—
782 2417 801 2442 ι
839 2395 908 2450 Et
959 2393 1205 2464 populus
1266 2407 1428 2448 meus
1476 2391 1742 2461 pendebit
1779 2392 1850 2446 ad
1884 2392 2018 2447 red-

329 2504 356 2534 »
388 2482 532 2537 itum
560 2497 772 2538 meum.
807 2503 834 2532 ››
885 2483 1036 2538 Licet
1075 2497 1275 2537 eorum
1305 2481 1493 2549 capita
1539 2479 1932 2547 comedantur,
1965 2489 2020 2536 et

330 2571 576 2626 titillatio
633 2585 692 2625 se
748 2571 924 2625 menti
983 2571 1178 2640 gravis
1251 2570 1576 2638 immergat,
1639 2568 1776 2622 solet
1828 2575 2018 2624 tamen

328 2659 628 2729 aliquoties
697 2658 934 2714 rationis
988 2658 1235 2713 scintilla
1290 2657 1589 2722 viviscere,
1649 2663 1704 2710 et
1771 2657 1876 2711 hoc
1937 2665 2020 2712 est

328 2747 482 2817 quod
527 2745 775 2816 populus
819 2746 915 2800 Dei
961 2747 1031 2800 ad
1079 2746 1326 2800 reditum
1355 2745 1481 2814 ejus
1513 2743 1723 2798 dicitur
1754 2745 2016 2812 pendere,

327 2834 468 2904 quia
500 2835 606 2904 piae
637 2833 1008 2904 cogitationes
1048 2840 1171 2902 post
1204 2839 1283 2886 tot
1309 2846 1440 2901 qua:
1489 2829 1814 2899 ingruerint
1845 2829 2016 2893 mala,

326 2923 397 2977 ad
464 2923 562 2978 Dei
621 2921 890 2977 salutaris
939 2920 1321 2975 visitationem
1376 2919 1495 2973 fieri
1553 2918 1734 2972 solent
1801 2931 2016 2987 pronae.

327 3011 594 3071 Pendere,
626 3011 774 3065 sicut
799 3009 940 3064 alias
969 3009 1242 3069 diximus,
1295 3007 1368 3062 ab
1414 3007 1708 3062 alterutris
1745 3007 2022 3061 dicuntur

325 3107 600 3165 amantes,
643 3107 694 3154 et
737 3098 860 3153 ideo
898 3113 998 3167 pro
1035 3112 1216 3150 amore
1243 3095 1489 3164 ponitur.
1528 3117 1550 3143 ι
1581 3096 1796 3164 Jugum
1827 3103 2018 3150 autem

331 3208 349 3231 ι
390 3186 714 3254 imponetur
738 3185 786 3239 ei
814 3184 984 3239 simul
1032 3183 1185 3253 quod
1221 3198 1332 3236 non
1365 3182 1679 3237 auferetur.
1717 3201 1745 3232 ιι
1803 3183 2018 3251 Jugum

323 3274 371 3328 ei
428 3273 763 3342 imponitur,
814 3286 948 3328 cum
990 3280 1238 3340 expertae
1299 3269 1628 3325 tentationis
1666 3270 1897 3324 animus
1953 3271 2020 3326 ti-

327 3375 482 3417 more
535 3361 892 3430 deprimitur.
954 3362 1070 3414 lloc
1127 3360 1324 3426 juqum
1379 3374 1485 3410 non
1540 3358 1823 3424 aufertur,
1883 3359 2023 3428 quia

325 3450 489 3505 nulla
536 3449 812 3504 securitas
854 3447 1098 3502 audacia
1141 3460 1401 3515 unquam
1452 3445 1524 3500 ab
1574 3443 1752 3500 animi
1801 3447 2020 3502 cervice

327 3538 626 3594 recutitur.

398 3627 568 3682 Vens.
605 3628 656 3680 8.
691 3655 758 3663 —
803 3647 823 3672 ι
857 3622 1154 3690 Quomodo
1183 3623 1331 3678 dabo
1364 3629 1436 3688 te,
1482 3622 1781 3692 Ephraim,
1833 3631 2023 3692 prote-

329 3736 354 3761 ι)
388 3728 520 3784 gam
555 3720 628 3776 te,
667 3711 885 3767 Israel?
933 3710 1234 3777 Quomodo
1289 3711 1437 3766 dabo
1479 3718 1532 3765 te
1577 3711 1727 3766 sicut
1777 3711 2020 3780 Adama,

329 3826 356 3850 ››
389 3815 597 3871 ponam
637 3808 708 3866 te,
761 3808 824 3856 ut
864 3799 1124 3855 Seboim?
1163 3821 1184 3846 -
1231 3799 1313 3853 Ac
1356 3799 1404 3853 si
1434 3797 1689 3854 diceret:
1739 3799 1805 3853 In
1848 3813 2022 3868 quem

329 3898 541 3946 statum
573 3889 912 3945 transferam
955 3889 1309 3944 voluntatem
1350 3887 1688 3953 humanam,
1740 3901 1859 3956 qua
1902 3895 2022 3944 arte

330 3988 618 4051 protegam
649 3979 1066 4050 vagabuudum
1100 3991 1200 4046 per
1231 3984 1309 4032 tot
1335 3989 1620 4032 excursus
1649 3983 1702 4032 et
1752 3990 2022 4032 recursus

327 4069 630 4125 affectum?
655 4069 754 4124 His
784 4067 1165 4138 querimoniis
1215 4065 1403 4120 innuit
1447 4073 1670 4134 Quanta
1711 4065 2022 4122 difficultas

325 4157 396 4212 sit
428 4157 487 4211 in
519 4156 766 4226 regendo
793 4163 947 4210 statu
991 4161 1199 4208 nostra:
1231 4153 1642 4219 interioritatis,
1674 4167 1824 4223 quae,
1873 4155 1918 4208 si
1947 4155 2020 4210 ad

331 4244 572 4300 virtutes
600 4243 885 4308 evehitur,
939 4240 1286 4306 intumescit,
1334 4239 1392 4295 in
1441 4254 1663 4308 sensus,
1707 4241 2021 4310 vapiditate

327 4331 632 4402 perdeiicit,
669 4331 726 4385 in
770 4329 1056 4399 flagitium
1095 4328 1383 4394 devoluta,
1439 4329 1695 4397 putescit.
1744 4329 1889 4396 Scio,
1939 4331 2020 4386 in-

2125 651 2154 678 «
2185 644 2328 685 mea.
2367 650 2390 678 ι
2425 632 2526 686 Cor
2559 630 2652 684 Dei
2705 630 2763 684 in
2795 643 2929 684 eum
2968 629 3344 695 convertitur,
3385 643 3519 684 curn
3569 643 3685 684 non
3715 643 3826 684 ex-

2122 725 2284 774 terno
2316 717 2640 788 cujuspiam
2687 717 2974 786 exemplo,
3010 717 3103 772 sed
3150 717 3241 771 sui
3272 717 3452 786 ipsius
3499 717 3572 772 ad
3601 717 3825 772 viscera

2123 807 2348 876 pietatis
2395 806 2846 862 consideratione
2899 805 3230 860 reflectitur.
3281 805 3617 860 Humanum
3666 805 3824 860 enim

2121 903 2224 963 est,
2267 895 2502 950 alterius
2537 902 2799 964 respectu
2830 902 2886 950 et
2915 894 3136 949 ratione
3185 893 3395 964 frangi.
3455 896 3673 948 Pariter
3708 910 3827 962 pa:—

2122 983 2312 1037 m‘tudo
2331 984 2458 1053 ejus
2487 985 2892 1050 conturbatur,
2941 983 3101 1052 quia,
3128 983 3269 1038 dum
3298 997 3431 1038 eum
3463 991 3674 1038 exertae
3703 996 3826 1036 sen-

2122 1075 2310 1127 tentiae
2343 1072 2594 1141 pcenitet,
2628 1073 2843 1142 pariter
2875 1086 3108 1141 quoque
3142 1071 3212 1126 de.
3241 1071 3368 1126 aliis
3417 1085 3565 1142 quas
3603 1071 3823 1126 huma—

2122 1161 2278 1216 nitus
2306 1161 2556 1229 patimur
2583 1161 2861 1216 aerumnis
2893 1160 3200 1214 clementer
3228 1159 3498 1214 afficitur.
3553 1160 3824 1214 Humano

2124 1265 2280 1306 more
2334 1249 2594 1320 loquitur
2643 1249 2811 1315 Deus,
2863 1263 2993 1303 cum
3037 1247 3113 1302 nil
3165 1247 3277 1303 tale
3314 1248 3370 1303 in
3419 1262 3551 1304 eum
3587 1247 3820 1313 incidat,

2123 1338 2269 1393 nulli
2299 1346 2489 1393 tamen
2523 1337 2766 1392 dubium
2795 1337 2940 1407 quin
2968 1336 3281 1392 electorum
3308 1351 3546 1391 suorum
3581 1335 3822 1390 calami-

2121 1427 2221 1482 tati
2253 1425 2569 1480 condoleat.
2622 1425 2720 1480 Vel
2755 1425 2939 1479 aliter.
2991 1425 3100 1480 Cor
3147 1423 3246 1479 Dei
3301 1424 3405 1493 ipsi
3452 1424 3612 1479 electi
3663 1429 3821 1488 sunt,

2121 1514 2189 1569 de
2221 1514 2434 1584 quibus
2463 1513 2693 1568 ‘dicitur
2725 1527 2736 1566 :
2774 1512 3272 1582 Appropinquavit
3324 1525 3422 1566 cor
3464 1511 3618 1566 illius
3669 1518 3825 1581 post—

2123 1617 2300 1672 quam
2335 1602 2493 1672 impii
2529 1601 2876 1656 dividuntur
2906 1601 2978 1655 ab
3011 1599 3097 1654 ira
3125 1600 3324 1655 vultus
3351 1600 3476 1670 ejus
3505 1601 3670 1668 (Psal.
3706 1615 3821 1665 Liv,

2123 1694 2231 1746 2:2).
2284 1693 2394 1747 Cor
2453 1706 2592 1761 ergo
2645 1693 2771 1760 ejus
2830 1690 2886 1744 in
2936 1705 3069 1745 eum
3125 1690 3504 1753 convertitur,
3553 1703 3684 1744 cum
3737 1687 3820 1750 hi,

2125 1781 2339 1851 quibus
2369 1789 2578 1835 cuncta
2606 1795 2736 1849 qua-
2766 1793 2799 1833 a
2850 1780 3013 1834 Patre
3043 1777 3286 1842 audivit,
3341 1778 3590 1833 innotuit
3640 1779 3822 1847 (Joau.

2129 1884 2222 1934 xv,
2261 1873 2366 1934 t5),
2411 1883 2531 1924 sua:
2579 1867 2921 1924 terrenitatis
2958 1867 3218 1931 obtentu,
3263 1866 3418 1936 quod
3464 1875 3546 1921 est
3576 1867 3819 1930 Adama,

2126 1957 2196 2011 ad
2247 1956 2603 2012 altitudinem
2645 1954 3156 2024 contemplationis,
3211 1952 3364 2023 quod
3420 1962 3504 2008 est
3557 1966 3733 2022 capra
3766 1960 3824 2007 et

2126 2045 2380 2110 damula,
2416 2059 2475 2099 se
2525 2044 2780 2099 conferre
2831 2050 3135 2098 conantur.
3182 2043 3346 2097 Tunc
3389 2042 3689 2111 pmnitudo
3723 2041 3821 2094 Dei

2131 2134 2344 2204 pariter
2371 2133 2770 2200 conturbatur,
2805 2146 2935 2186 cum
2970 2131 3049 2186 illi
3101 2130 3464 2200 paenitentiae,
3499 2143 3676 2200 quam
3715 2129 3827 2183 illis

2129 2223 2282 2277 Deus
2327 2221 2513 2291 primo
2561 2221 2814 2286 immisit,
2857 2221 2925 2275 de
2966 2219 3262 2290 praesentis
3308 2217 3504 2274 saeculi
3545 2217 3827 2273 diuturno

2129 2311 2353 2366 fastidio
2383 2310 2542 2364 dolor
2571 2317 2625 2364 et
2654 2309 2963 2363 difficultas
2992 2309 3162 2363 etiam
3187 2307 3532 2376 adaugetur.

2198 2398 2368 2454 Vens.
2400 2400 2452 2450 9.
2481 2426 2555 2438 —
2585 2418 2611 2444 «
2643 2397 2764 2452 Non
2813 2395 3015 2450 faciam
3060 2395 3310 2450 furorem
3362 2393 3460 2449 irae
3505 2407 3662 2460 meas,
3705 2407 3826 2448 non

2131 2507 2157 2537 υ
2198 2495 2502 2541 convertar
2546 2493 2608 2540 ut
2660 2484 2982 2553 disperdam
3043 2483 3336 2551 Ephraim,
3395 2481 3672 2551 quoniam
3715 2495 3825 2551 ego

2128 2596 2154 2626 η
2189 2577 2359 2642 Deus,
2392 2583 2446 2629 et
2479 2588 2590 2628 non
2617 2574 2812 2640 homo;
2849 2574 2904 2627 in
2951 2572 3138 2626 medio
3171 2570 3254 2626 tui
3301 2577 3556 2634 sanctus,
3611 2577 3667 2624 et
3697 2584 3816 2624 non

2133 2662 2486 2731 «ingrediar
2524 2661 2838 2715 civitatem.
2891 2679 2918 2709 ι»
2984 2660 3075 2714 Ira
3131 2659 3226 2713 Dei
3286 2667 3370 2712 est
3425 2665 3624 2712 contra
3683 2657 3826 2712 vitia

2131 2760 2323 2806 nostra
2376 2751 2556 2819 digna
2607 2747 3102 2803 animadversione
3161 2746 3408 2815 moveri;
3464 2745 3628 2800 furor
3687 2759 3826 2800 vero

2127 2848 2210 2894 est
2264 2847 2462 2894 contra
2521 2839 2834 2893 humanam
2887 2836 3257 2905 pertinaciam
3329 2833 3554 2903 reprobi
3614 2847 3824 2888 sensus

2130 2927 2380 2983 illatione
2411 2925 2654 2996 accingi.
2705 2926 2959 2978 Furorcm
3013 2938 3149 2992 ergo
3201 2925 3298 2976 irae
3341 2937 3461 2977 suae
3512 2937 3618 2974 non
3664 2920 3824 2981 facit.

2127 3031 2259 3071 cum
2292 3014 2456 3069 nobis
2484 3013 2757 3083 reliquias
2788 3011 3147 3081 cogitationis
3179 3011 3341 3065 bona:
3365 3025 3478 3064 non
3509 3009 3826 3069 subtrahit.

2061 3133 2098 3184 η
2134 3104 2218 3157 ha?
2256 3104 2409 3158 enim
2445 3103 2595 3156 diem
2628 3102 2831 3156 festum
2879 3108 3062 3170 agunt
3099 3099 3226 3154 sibi.
3274 3097 3643 3153 Convertitnr
3671 3098 3831 3152 Deus

2131 3198 2188 3246 ut
2228 3191 2490 3260 Ephraim
2538 3189 2846 3258 disperdat,
2893 3202 3024 3242 cum
3068 3186 3277 3242 imitari
3309 3187 3540 3241 videtur
3589 3187 3643 3240 in
3695 3187 3828 3256 ejus

2129 3279 2322 3334 animo
2350 3278 2453 3348 qui
2483 3285 2755 3343 tentatur,
2797 3276 2951 3346 quod
3000 3275 3168 3345 quasi
3198 3275 3378 3344 ipsius
3408 3275 3570 3330 bonae
3611 3274 3832 3328 volun-
3893 3285 3920 3335 ,η

2133 3367 2263 3422 tatis
2291 3367 2546 3422 studium
2595 3365 2871 3420 radicitus
2907 3363 3141 3418 omnino
3186 3370 3505 3418 consumat.
3557 3363 3693 3429 Ego,
3755 3361 3834 3416 in-

2131 3455 2276 3526 quit,
2309 3458 2444 3509 Deus
2471 3460 2519 3508 et
2540 3469 2643 3508 non
2669 3455 2840 3507 homo.
2877 3451 3038 3518 Quod
3065 3459 3149 3506 est
3173 3451 3359 3506 dicere
3400 3465 3413 3505 :
3447 3451 3626 3504 Homo
3666 3450 3829 3518 quod

2127 3543 2361 3612 coeperit
2390 3541 2762 3611 pervicaciter
2803 3539 3044 3609 peragit,
3093 3553 3198 3609 ego
3246 3552 3382 3593 vero
3422 3539 3572 3593 Deus
3614 3537 3832 3606 impen-

2129 3632 2355 3687 dentem
2403 3629 2574 3684 etiam
2613 3627 2949 3683 sententiam
2999 3641 3099 3697 per
3149 3625 3425 3695 mcipsum
3475 3626 3830 3694 suspendere

2132 3720 2284 3775 novi.
2315 3720 2379 3773 In
2408 3717 2582 3770 medio
2623 3715 2900 3785 Ephraim
2926 3723 3008 3771 est
3058 3720 3295 3780 sanctus,
3341 3729 3472 3770 cum
3521 3714 3578 3768 in
3641 3713 3828 3782 ipsius

2130 3808 2406 3863 rationem
2439 3805 2756 3863 meditullio
2785 3803 3103 3860 voluntatis
3143 3803 3312 3873 quasi
3347 3817 3536 3872 regem
3569 3802 3827 3858 circum—

2129 3903 2315 3951 stante
2355 3895 2615 3951 exercitu
2666 3894 2861 3949 inserit
2917 3893 3086 3948 Deus.
3134 3893 3250 3946 Non
3297 3890 3448 3946 enim
3497 3890 3830 3961 ingreditur

2129 3987 2419 4049 civitatem,
2467 3981 2606 4052 quia
2648 3995 2762 4035 non
2818 3979 3124 4046 inhabitat,
3167 3979 3279 4033 imo
3337 3979 3437 4032 vix
3486 3979 3825 4034 summatim

2129 4071 2343 4141 aspirat
2393 4069 2799 4126 conscientiam
2867 4068 3140 4124 vitiorum
3202 4066 3548 4123 tumultibus
3602 4065 3825 4122 obstre-

2131 4165 2378 4228 pentem.

2199 4247 2364 4300 Vens.
2401 4247 2485 4302 to.
2519 4274 2591 4286 —
2623 4265 2650 4296 α
2687 4245 2812 4300 Post
2842 4243 3150 4300 Dominum
3195 4241 3600 4308 ambulabunt,
3649 4242 3822 4312 quasi

2135 4353 2162 4386 ιο
2194 4333 2280 4389 leo
2316 4334 2526 4403 rugiet,
2567 4333 2706 4404 quia
2748 4333 2864 4402 ipse
2910 4331 3120 4401 rugiet,
3168 4339 3224 4386 et
3273 4329 3666 4385 formidabunt
3719 4328 3823 4384 lilii

324 4421 470 4491 quit,
532 4419 671 4488 quid
729 4418 953 4481 faciam,
1000 4417 1139 4488 quia
1169 4419 1307 4470 sicut
1364 4416 1575 4471 Adama
1606 4433 1804 4486 ponam
1850 4424 1920 4484 te,
1961 4425 2011 4473 et

2194 4422 2382 4477 maris.
2429 4443 2449 4470 ιι
2493 4422 2780 4489 Rationes,
2821 4420 3106 4476 voluntati
3146 4419 3330 4474 insita:
3362 4423 3483 4488 post
3525 4419 3823 4472 Dominum

323 4511 464 4563 sicut
511 4507 741 4562 Seboim.
784 4506 1006 4562 Adama
1051 4507 1462 4574 interpretatur
1517 4510 1748 4559 terrena.
1793 4507 2015 4563 Seboim

322 4601 485 4652 statio
516 4595 651 4666 ejus,
683 4612 852 4661 mare,
885 4595 972 4650 vel
1020 4611 1190 4664 capra
1219 4609 1419 4658 eorum,
1472 4594 1560 4648 vel
1609 4595 1852 4649 damula.
1886 4596 2017 4652 Pri-

323 4701 482 4742 mum
525 4685 704 4756 igitur
752 4699 914 4740 mens
959 4683 1208 4739 hominis
1235 4681 1308 4737 ad
1353 4680 1444 4736 sui
1492 4683 1919 4752 protectionem,
1952 4691 2017 4740 ut

319 4775 558 4841 Adama,
595 4773 844 4844 ponitur,
896 4780 959 4828 ut
991 4771 1375 4828 indesinenter
1421 4784 1774 4844 quacunque
1806 4771 2017 4828 virtute

323 4864 718 4932 pra-eminent,
746 4861 992 4932 propria:
1027 4860 1375 4916 terrenitatis
1421 4861 1528 4917 sub
1558 4873 1677 4929 qua
1714 4859 1866 4930 degit
1897 4874 2013 4916 me-

319 4959 592 5007 moretur.
625 4950 732 5006 Sed
781 4965 896 5004 non
951 4949 1008 5004 in
1058 4949 1166 5004 hac
1217 4949 1396 5020 hujus
1437 4947 1788 5004 infirmitatis
1823 4949 2016 5004 consi-

317 5039 607 5093 deratione
655 5037 954 5106 pigrescat,
1005 5037 1102 5091 sed
1148 5041 1448 5094 stationem
1499 5037 1557 5091 in
1611 5035 1754 5090 mari
1793 5037 2014 5092 consti-

318 5133 460 5188 tuat.
497 5134 561 5181 ut
590 5125 820 5190 scilicet,
853 5123 1001 5180 inter
1032 5124 1360 5181 tentationis
1388 5125 1643 5181 assultus
1700 5132 1852 5180 stare
1897 5140 2012 5180 non

316 5215 517 5269 cadere
546 5220 856 5278 assuescat,
909 5227 1013 5268 nec
1045 5213 1306 5282 pulsatus
1331 5223 1591 5270 versetur
1621 5220 1724 5268 aut
1752 5221 2010 5282 proruat,

315 5301 410 5356 sed
445 5302 680 5370 caprino
717 5314 871 5356 more
913 5301 1176 5356 animum
1221 5301 1292 5356 ad
1324 5301 1455 5357 boni
1493 5301 1680 5356 ardua
1737 5301 2014 5370 propositi

317 5404 540 5460 semper
565 5389 914 5460 exporrigat,
951 5390 1007 5445 in
1035 5406 1152 5461 quo
1183 5398 1376 5446 tamen
1405 5405 1650 5446 acumen
1681 5390 2012 5446 nullomodo

314 5478 570 5534 discreta:
601 5478 931 5534 subtilitatis
976 5480 1223 5534 amittat.
1281 5479 1465 5547 Capra
1491 5478 1645 5534 enim
1693 5479 2010 5534 arduorum

313 5573 397 5621 est
424 5575 713 5636 appetens,
747 5567 983 5622 damula
1027 5581 1161 5620 vero
1195 5565 1346 5620 unde
1394 5566 1632 5621 sortitur
1676 5573 1731 5621 et
1777 5580 2005 5632 nomen,

315 5652 496 5710 multa
539 5655 825 5711 luminum
874 5655 998 5710 acie
1049 5653 1287 5740 pollens.
1336 5673 1364 5700 «
1409 5656 1767 5710 Conversum
1813 5662 1897 5709 est
1949 5655 2006 5708 in

2123 4509 2444 4576 ambulant,
2505 4509 2644 4563 dum
2705 4507 2958 4578 primum
3012 4507 3156 4562 ratio
3210 4507 3324 4563 Deo
3381 4505 3708 4576 subjicitur,
3769 4514 3824 4562 et

2124 4605 2538 4666 consequenter
2600 4597 2864 4666 deinceps
2935 4595 3141 4651 rationi
3198 4595 3514 4651 voluntatis
3579 4594 3820 4652 habitus

2121 4685 2534 4740 obsecundant.
2568 4685 2696 4754 Ipsa
2742 4684 2908 4748 ratio,
2941 4696 3072 4752 quae
3116 4696 3294 4751 supra
3334 4683 3404 4738 ob
3443 4681 3534 4736 sui
3576 4682 3822 4739 firmita-

2124 4780 2236 4828 tem
2269 4772 2480 4828 dicitur
2506 4779 2760 4840 sanctus,
2795 4773 2958 4840 quasi
2986 4773 3063 4824 leo
3093 4771 3268 4840 rugit.
3297 4769 3437 4826 dum
3465 4783 3538 4825 ex
3570 4769 3820 4826 clamore

2121 4861 2269 4931 ejus,
2303 4861 2395 4916 cui
2427 4864 2578 4914 uo
2621 4859 2909 4924 innititur,
2954 4857 3136 4914 divini
3187 4857 3401 4912 scilicet
3443 4857 3681 4927 eloquii,
3728 4859 3822 4913 be-

2122 4949 2315 5006 stiales
2348 4949 2738 5018 undecunque
2769 4954 2976 5013 motus,
3010 4945 3178 5016 quasi
3222 4946 3379 5016 regia
3423 4946 3675 5015 quadam
3706 4959 3821 5001 au-

2119 5037 2398 5103 ctoritate,
2430 5043 2711 5105 perterret
2737 5045 2792 5092 et
2820 5036 3093 5090 concutit.
3141 5034 3288 5103 Ipsa,
3321 5033 3578 5102 inquam,
3617 5036 3819 5098 rugiet,

2119 5131 2170 5179 et
2196 5125 2308 5189 filii
2336 5127 2504 5178 maris
2532 5123 2932 5190 formidabant,
2982 5137 3116 5178 cum
3160 5129 3261 5176 aut
3284 5135 3354 5176 ex
3409 5121 3620 5176 interni
3669 5136 3821 5176 seve-

2119 5215 2286 5270 ritate
2318 5214 2544 5285 judicii,
2599 5222 2700 5270 aut
2736 5221 2886 5270 certe
2935 5212 3326 5269 recordatione
3377 5211 3593 5281 peccati
3643 5213 3713 5267 ad
3761 5227 3820 5267 se

2120 5317 2350 5359 versum
2388 5312 2595 5370 erecta,
2631 5302 2778 5356 filios
2827 5301 3024 5368 maris,
3057 5301 3112 5356 id
3152 5308 3236 5356 est
3279 5308 3468 5356 motus
3515 5301 3821 5356 saeculares

2117 5390 2424 5446 formidare
2453 5391 2603 5458 facit,
2639 5398 2696 5446 et
2723 5398 2942 5460 quanto
2973 5390 3156 5460 magis
3185 5389 3464 5444 alterutro
3509 5387 3814 5454 imbuitur,

2117 5485 2276 5534 tanto
2312 5480 2498 5549 magis
2545 5478 2830 5548 quidquid
2878 5479 3051 5534 menti
3101 5476 3410 5546 temporale
3449 5483 3504 5532 et
3552 5475 3815 5532 transito—

2115 5570 2266 5622 rium
2293 5568 2540 5631 insonat,
2577 5574 2946 5636 perterretur.

2187 5654 2356 5710 Vens.
2396 5657 2481 5707 ll.
2513 5683 2580 5693 —
2607 5674 2634 5700 ‹‹
2670 5655 2737 5708 Et
2762 5654 3086 5709 avolabunt
3109 5653 3276 5723 quasi
3304 5653 3428 5708 avis
3445 5667 3514 5708 ex
3537 5653 3798 5723 .Egypto,
