3950 6424
182 376 277 429 401

899 379 1364 437 TROPOLOGIE
1407 382 1474 437 IN
1516 383 1708 444 OSEE,
1755 384 1936 439 AMOS
1975 384 2060 439 ΕΤ
2097 385 2238 440 «ΙΕΒ.
2275 415 2342 425 —-
2369 387 2497 441 LIB.
2542 388 2638 442 III.
2690 389 2756 443 IN
2796 388 2993 443 OSEE.

3599 395 3700 447 402

182 530 209 554 n
242 516 295 563 et
327 508 495 578 quasi
542 509 811 566 columba
859 511 929 567 de
982 518 1134 567 terra
1184 512 1573 581 Assyriorum,
1607 521 1662 568 et
1699 513 1877 569 collo-
1916 514 2345 572 Asaeculariter
2397 517 2621 586 placere
2672 519 2956 575 desiderat
3016 521 3086 576 de
3158 531 3523 580 excremento
3581 526 3701 581 vir-

181 617 204 644 ι
248 597 392 653 cabo
418 611 514 653 eos
540 597 598 653 in
624 598 891 655 domibus
920 600 1062 656 suis.
1101 622 1123 649 ι
1160 603 1288 655 Filii
1322 604 1491 656 maris
1521 619 1589 656 ea:
1632 602 1883 671 Egypt!)

176 688 341 753 quasi
368 689 486 740 avis
517 687 768 756 avolant,
802 689 940 744 dum
974 689 1278 745 instinctus
1306 691 1611 760 superbiae,
1644 692 1745 761 qui
1785 706 1884 761 per

176 787 344 829 avem
395 775 704 846 figuratur,
755 792 828 833 ex
876 777 1090 834 inlimis
1132 794 1189 835 se
1219 780 1515 834 desideriis
1559 780 1782 848 allevat,
1828 788 1884 836 et

179 871 518 931 prtesentem
594 878 896 920 maerorem
936 867 1149 936 gaudio
1202 868 1487 937 spirituali
1551 877 1882 925 commutat.

175 950 458 1021 Egyptus
511 953 665 1009 enim
720 970 995 1009 mcerorem
1054 958 1261 1027 signat.
1328 959 1497 1023 Quasi
1538 959 1782 1011 columba
1823 959 1882 1013 in

176 1038 275 1095 illa
304 1041 426 1097 sine
454 1042 596 1110 felle,
630 1044 725 1099 sed
756 1045 990 1101 seducta
1017 1046 1140 1102 sine
1171 1046 1359 1114 corde,
1396 1047 1466 1100 de
1504 1053 1650 1101 terra
1699 1052 1883 1116 Assy-

171 1131 383 1185 riorum
428 1131 639 1199 avolat,
696 1147 829 1189 cum
872 1148 1039 1190 omne
1073 1135 1213 1190 illud
1262 1149 1295 1190 a
1344 1150 1402 1190 se
1441 1146 1697 1192 removet
1725 1137 1881 1207 quod

173 1219 505 1287 pomposius
553 1220 611 1274 in
656 1221 765 1276 hoc
818 1223 1036 1278 mundo
1084 1238 1151 1277 ac
1209 1224 1489 1279 curialius
1540 1233 1723 1293 putat.
1768 1226 1883 1280 Hoc

170 1308 327 1361 enim
378 1309 634 1364 aulicum
694 1318 878 1366 sonat.
928 1314 991 1366 In
1039 1313 1283 1366 domibus
1328 1315 1440 1366 suis
1493 1329 1577 1366 eos
1622 1313 1877 1378 collocat,

170 1410 306 1450 eum
348 1396 421 1451 ad
481 1397 889 1455 conscientiam
948 1408 1243 1456 revocatos
1296 1414 1330 1455 a
1368 1415 1475 1456 sua
1530 1401 1879 1471 dispersione

168 1484 479 1542 coadunat.

239 1573 412 1629 Vens.
470 1578 556 1631 l2.
616 1607 677 1615 ——
718 1596 746 1626 ‹‹
791 1576 1180 1633 Circumdcdit
1240 1594 1327 1634 tne
1382 1579 1439 1634 in
1495 1579 1878 1650 negotiatione

164 1683 194 1710 ››
228 1661 527 1731 Ephraim,
588 1672 643 1721 et
694 1664 754 1719 in
839 1665 966 1721 dolo
1005 1667 1211 1723 domus
1259 1668 1453 1723 Israel.
1523 1688 1549 1720 »
1603 1669 1877 1738 Ephraim

1996 611 2210 660 tutum.

2066 693 2238 750 Vens.
2269 698 2318 749 2.
2353 724 2424 734 —
2457 720 2477 742 ι
2526 696 2818 752 Iudicium
2866 712 3006 769 ergo
3062 699 3291 754 Domini
3343 714 3475 756 cum
3527 702 3696 769 Juda,

1998 804 2025 830 ››
2055 790 2111 838 et
2177 784 2425 839 visitatio
2486 799 2660 854 super
2704 786 2897 841 Iacob.
2953 808 2980 835 »
3032 788 3163 843 Cum
3218 789 3365 842 Iuda
3424 790 3697 857 judicium

1994 874 2213 925 Domini
2231 880 2331 938 est,
2371 872 2510 942 quia
2550 872 2609 928 in
2656 874 2867 930 virtute
2898 875 3292 941 confessionis,
3342 877 3701 934 discretionis

1993 961 2302 1029 Spirituum
2334 962 2620 1017 subtilitas
2652 964 3007 1032 permaxime
3042 965 3361 1020 necessaria
3384 973 3488 1021 est.
3520 968 3699 1036 Super

1990 1050 2168 1104 Jacob
2195 1053 2443 1104 visitatio
2475 1050 2555 1117 lit,
2584 1066 2716 1106 cum
2748 1052 2805 1106 in
2828 1053 3273 1123 supplantandis
3294 1054 3450 1109 vitiis
3488 1056 3696 1111 rationi

1992 1147 2202 1194 nostra;
2235 1146 2417 1194 metus
2448 1139 2659 1194 divinze
2710 1140 2944 1195 ultionis
2997 1156 3223 1210 semper
3253 1143 3483 1198 assistit.
3546 1146 3697 1198 Visi-

1994 1230 2128 1281 tatio
2158 1229 2309 1282 enim
2346 1229 2651 1298 aliquoties
2706 1244 2809 1298 pro
2862 1233 3144 1298 punitione
3174 1233 3427 1300 ponitur.
3467 1256 3487 1281 ι
3520 1234 3697 1289 Juxta

1996 1337 2016 1363 ι
2055 1316 2178 1370 vias
2214 1318 2342 1385 ejus
2370 1324 2425 1371 et
2467 1316 2638 1386 juxta
2681 1317 3119 1372 adinventiones
3153 1320 3280 1387 ejus
3335 1320 3531 1375 reddet
3559 1321 3630 1376 ei.
3673 1344 3689 1368 ο

1978 1405 2151 1472 juxta
2192 1408 2315 1458 vias
2366 1403 2482 1473 ejus
2513 1406 2562 1457 ei
2614 1405 2891 1471 redditur,
2948 1420 3079 1461 cum
3136 1406 3458 1462 intellectus
3506 1416 3696 1465 noster

1991 1507 2093 1562 pro
2141 1492 2425 1563 cujusque
2489 1494 2701 1548 erroris
2771 1494 3092 1563 quantitate
3144 1497 3579 1565 compungitur,
3640 1506 3696 1551 et

1989 1581 2156 1651 quasi
2222 1596 2322 1650 pro
2385 1582 2686 1636 commisso
2746 1582 3001 1651 vapulat,
3053 1583 3192 1638 dum
3244 1583 3459 1638 doloris
3504 1584 3692 1639 intimi

1988 1669 2257 1726 talionem
2314 1669 2596 1739 petulanti
2667 1670 2962 1741 quondam
3034 1672 3229 1726 animo
3301 1680 3690 1741 repraesentat.

160 1749 358 1849 Deum.
396 1754 454 1804 in
484 1754 849 1819 negotiatione
896 1754 1234 1822 circumdat,
1296 1770 1427 1811 cum
1482 1756 1873 1825 praesidentem
1914 1796 1955 1849 Β
1987 1757 2410 1812 Adinventiones
2464 1764 2658 1814 autem
2701 1766 2839 1814 sunt
2894 1773 3263 1829 quaecunque
3320 1758 3377 1814 in
3422 1760 3694 1815 humanis

160 1836 269 1892 sibi
345 1836 402 1892 in
463 1838 575 1894 Deo
663 1839 944 1895 rationem
998 1840 1192 1910 gloriae
1251 1840 1439 1896 inanis
1506 1843 1875 1898 mercimonio

160 1934 526 1997 coangustat.
558 1926 706 1994 Quid
753 1928 908 1983 enim
963 1937 1047 1983 est
1082 1929 1185 1983 nisi
1222 1930 1520 1999 negotiari,
1577 1946 1676 2000 pro
1710 1931 1873 2003 vulgi

162 2015 460 2071 favoribus
485 2016 629 2072 bene
684 2016 955 2086 operari?
980 2018 1257 2086 Ephraim
1293 2033 1430 2089 ergo
1475 2020 1657 2075 Deum
1712 2036 1873 2086 nego-

161 2105 387 2158 tiatione
453 2104 795 2169 circumdat,
837 2119 970 2161 cum
1025 2107 1095 2161 ad
1148 2107 1503 2176 recipiendas
1559 2123 1660 2178 pro
1701 2109 1873 2164 bene-

160 2191 323 2248 factis
374 2192 594 2260 laudes,
640 2195 975 2249 sentientem
1022 2210 1155 2251 cum
1205 2195 1316 2251 Deo
1348 2196 1615 2265 spiritum
1658 2197 1873 2253 volun-

159 2282 294 2337 tatis
359 2284 586 2339 vanitas
646 2284 951 2354 persuadet
993 2293 1048 2340 et
1085 2285 1299 2341 incitat.
1356 2289 1557 2340 Domus
1596 2288 1775 2340 Israel
1814 2290 1872 2340 in

158 2372 281 2425 dolo
339 2372 679 2438 circumdat,
720 2388 853 2428 cum
896 2376 1245 2429 conscientia
1293 2374 1511 2430 carnali
1570 2375 1868 2444 appetitui,

158 2458 315 2528 quod
352 2466 435 2513 est
467 2458 661 2525 Israel,
697 2473 876 2528 prona
915 2459 973 2515 in
1006 2462 1307 2529 superficie
1346 2462 1725 2532 cogitationis,
1771 2464 1871 2518 im-

160 2559 317 2615 perio
376 2548 612 2603 rationis
670 2548 1064 2617 obtemperare
1095 2564 1153 2603 se
1184 2549 1450 2615 simulat;
1495 2566 1625 2621 quae
1677 2555 1867 2607 tamen

152 2636 644 2704 opportunitatem
671 2637 940 2706 peccandi
974 2645 1323 2706 aucupatur,
1346 2640 1391 2692 si
1422 2638 1606 2706 liceat,
1635 2659 1661 2688 ‹‹
1690 2640 1869 2695 Iudas

162 2745 183 2770 ο
228 2732 422 2779 autem
481 2726 637 2780 testis
684 2725 972 2780 descendit
1017 2741 1146 2780 Clllll
1186 2726 1316 2791 Deo,
1367 2734 1420 2781 et
1466 2742 1597 2782 cum
1655 2729 1867 2783 sanctis

158 2831 184 2862 ι
230 2811 427 2868 fidelis.
465 2835 492 2862 »
524 2812 685 2879 Quod
736 2821 821 2869 est
862 2814 1093 2869 dicere:
1136 2814 1543 2871 Plenitentialis
1590 2816 1865 2871 confessio

154 2916 288 2971 quae
320 2901 475 2971 quod
522 2901 581 2957 in
610 2901 775 2958 nobis
807 2903 957 2958 Deus
999 2902 1244 2973 judicat,
1296 2904 1419 2973 ipsa
1448 2905 1621 2960 etiam
1652 2904 1865 2974 pariter

153 2990 518 3057 condemnat,
554 3012 575 3038 ε
605 2992 652 3046 si
683 2991 835 3046 enim
887 2992 1262 3061 nosmetipsos
1297 2992 1713 3061 judicaremus,
1746 3006 1861 3048 non

1988 1846 2191 1902 usibus
2220 1846 2407 1902 debito
2433 1854 2658 1902 natura:
2704 1854 3038 1916 supersunt.
3088 1848 3203 1902 Has
3235 1850 3285 1901 ei
3320 1848 3524 1914 reddit,
3557 1864 3688 1905 cum

1985 1935 2093 1991 sibi
2155 1935 2258 2005 ipsi
2317 1934 2741 1991 intellectuallis
2794 1935 2887 1990 ille
2937 1935 3121 2005 judex
3175 1935 3286 1991 sub
3318 1936 3691 2005 paenitudinis

1985 2022 2329 2078 accerbitate
2351 2022 2618 2078 restituit.

2055 2112 2227 2169 Vens.
2280 2114 2496 2166 34.—
2556 2135 2575 2159 ε
2639 2112 2704 2167 In
2771 2118 2932 2167 utero
3013 2110 3412 2181 supplantavit
3454 2112 3686 2167 fratrem

1984 2219 2011 2249 ιο
2053 2214 2256 2267 suum;
2289 2207 2344 2255 et
2391 2200 2448 2255 in
2505 2199 2838 2255 fortitudine
2890 2214 2997 2255 sua
3033 2200 3285 2255 directus
3314 2208 3394 2256 est
3425 2215 3557 2256 cum
3584 2214 3689 2255 an-

1986 2310 2006 2335 ι
2052 2289 2197 2359 gelo.
2233 2290 2302 2344 Et
2334 2287 2579 2343 invaluit
2601 2289 2670 2343 ad
2704 2288 3000 2358 angelum,
3032 2296 3087 2343 et
3136 2288 3491 2343 confortatus
3519 2298 3622 2343 est.
3661 2312 3679 2335 ι

1978 2378 2042 2431 In
2064 2381 2216 2430 utero
2252 2380 2504 2443 fratrem,
2534 2377 2885 2445 supplantat,
2919 2392 3050 2431 cum
3085 2377 3236 2431 intra
3282 2376 3683 2432 conscientiam

1979 2465 2229 2519 carnalis
2256 2464 2607 2535 rigiditatem
2650 2465 2940 2534 appetitus
2979 2464 3319 2533 przecipitat.
3349 2467 3415 2519 In
3454 2468 3680 2531 fortitu-

1977 2553 2104 2607 dine
2131 2568 2233 2607 ειμι
2260 2568 2381 2605 cum
2434 2554 2642 2618 Angelo
2681 2552 2974 2623 dirigitur,
3003 2566 3137 2607 cum
3167 2552 3403 2607 libertas
3434 2552 3679 2617 arbitrii,

1976 2656 2095 2713 qua
2124 2642 2325 2698 fortius
2356 2641 2499 2697 nihil
2530 2650 2633 2708 est,
2666 2642 2911 2696 sermoni
2945 2641 3161 2708 divino,
3214 2641 3314 2711 qui
3344 2641 3442 2696 Dei
3473 2643 3545 2697 ad
3582 2657 3685 2697 nos

1976 2730 2369 2786 internuntius
2416 2736 2522 2794 est,
2598 2728 2887 2784 irremisse
2931 2727 3218 2783 innititur.
3269 2728 3367 2781 Ad
3412 2730 3682 2795 Angelum

1976 2819 2291 2884 invalescit,
2366 2832 2501 2873 cum
2561 2831 2636 2872 ex
2713 2816 2928 2886 eloquii
2987 2815 3444 2886 frequentatione
3499 2816 3682 2873 divini

1973 2914 2172 2963 contra
2214 2905 2531 2962 contrarias
2579 2904 2939 2961 fortitudines
2982 2904 3281 2974 spirituale
3340 2904 3396 2959 in
3450 2903 3571 2959 dies
3601 2919 3684 2959 ro-

1974 2996 2087 3051 bur
2139 2994 2428 3050 accrescit.
2485 2993 2873 3059 Confortatur,
2916 2993 3054 3047 dum
3107 2992 3257 3048 inter
3300 2993 3680 3048 tentationum

154 3079 359 3149 utique
404 3078 805 3149 judicaremur
836 3080 888 3145 (I
934 3081 1053 3136 Cor.
1083 3096 1142 3143 II,
1214 3079 1322 3150 3l).
1382 3101 1407 3126 ››
1461 3081 1525 3135 In
1569 3080 1678 3135 hoc
1739 3081 1859 3150 ipso
1896 3085 1936 3140 C
1971 3082 2287 3145 molimina,
2319 3093 2613 3149 nusquam
2647 3079 2854 3134 mentis
2880 3078 3039 3149 rigor
3069 3086 3277 3134 nutare
3300 3080 3671 3148 permittitur.

154 3182 274 3221 cum
308 3170 412 3222 Deo
468 3170 619 3222 testis
668 3167 961 3236 descendit,
997 3168 1053 3223 id
1096 3175 1179 3223 est
1211 3167 1569 3233 humiliatur,
1622 3168 1762 3237 quia
1786 3168 1860 3223 ab

155 3255 431 3325 Ephraim
469 3263 523 3312 et
554 3256 750 3323 Israel,
793 3263 910 3311 tam
968 3257 1231 3326 superbis
1261 3271 1437 3325 quant
1469 3257 1743 3322 subdolis,
1786 3257 1858 3311 ad

156 3345 306 3400 hanc
340 3344 582 3414 simplici
630 3344 943 3415 dejectione
980 3344 1318 3400 recurritur.
1365 3346 1445 3398 Et
1498 3361 1617 3398 cum
1654 3348 1858 3399 sanctis

151 3432 334 3503 ﬁdelis
380 3440 483 3498 est,
532 3433 670 3489 dum
725 3433 1128 3498 humilitatem,
1163 3448 1337 3502 quam
1384 3433 1465 3488 eis
1505 3434 1561 3488 in
1592 3434 1857 3504 praesenti

152 3520 418 3589 imperat,
467 3520 525 3575 in
569 3522 862 3591 sequentis
911 3520 1107 3576 saeculi
1149 3520 1498 3576 exaltatione
1553 3521 1853 3591 glorificat.

148 3608 364 3663 Fidelis
417 3623 555 3679 ergo
603 3608 835 3674 dicitur,
869 3610 1010 3679 quia
1060 3610 1217 3680 quod
1271 3610 1437 3664 modo
1489 3610 1726 3679 spondet
1748 3610 1856 3665 lide

148 3695 502 3766 sempiterna
530 3696 746 3752 sanctis
775 3697 1139 3767 exsequitur.

800 3785 1032 3842 CAPUT
1057 3785 1183 3841 XII.

222 3873 394 3930 Vens.
435 3876 481 3929 ί.
514 3903 587 3915 -
619 3895 646 3923 ‹‹
690 3873 965 3943 Ephraim
1018 3874 1199 3944 pascit
1239 3882 1477 3929 ventum
1507 3882 1561 3930 et
1590 3875 1856 3946 sequitur

156 3985 178 4009 ι
217 3970 504 4018 aestum.»
557 3962 833 4031 Ephraim
881 3967 1099 4017 ventum
1155 3963 1356 4033 pascit,
1390 3963 1528 4018 dum
1578 3964 1851 4028 ventosis,

154 4050 210 4106 id
267 4059 350 4106 est
409 4050 773 4122 loquacibus,
815 4065 1099 4107 novarum
1158 4050 1369 4105 scilicet
1400 4065 1595 4106 rerum
1633 4051 1856 4121 cupidis

148 4140 423 4196 efferendi
478 4140 836 4196 suaslaudes
888 4154 1094 4196 causas
1140 4140 1423 4195 attribuit.
1468 4140 1583 4194 Hoc
1640 4140 1855 4195 dicitur

152 4227 427 4297 Ephraim
461 4227 663 4295 facere,
697 4228 836 4298 quia
867 4228 1089 4298 adjacet
1121 4226 1405 4283 voluntati
1426 4227 1648 4282 laudari
1688 4227 1847 4282 velle.

149 4317 411 4384 Sequitur
450 4323 659 4374 zstum,
718 4318 858 4386 quia
893 4331 1012 4386 quo
1056 4315 1240 4386 magis
1298 4315 1554 4370 exterius
1609 4314 1849 4369 restrin-

1977 3189 1997 3216 ι
2037 3167 2219 3223 Flevit
2243 3174 2298 3222 et
2335 3166 2563 3237 rogavit
2611 3179 2767 3221 eum.
2809 3185 2829 3211 ι
2877 3164 2943 3219 In
2985 3164 3124 3219 ﬂetu
3173 3164 3383 3220 humor
3436 3164 3671 3222 interior

1970 3256 2042 3311 ad
2070 3255 2355 3311 exteriora
2384 3254 2629 3309 elicitur.
2664 3254 2824 3309 Flere
2872 3267 3009 3323 ergo
3040 3253 3274 3321 dicitur,
3313 3253 3416 3323 qui
3446 3268 3674 3310 omnem

1969 3344 2300 3399 interiorem
2333 3343 2628 3399 mollitiem
2681 3355 2996 3397 exsuccare
3036 3348 3301 3403 conatur,
3350 3342 3534 3412 Rogat
3563 3356 3674 3397 an-

1969 3433 2182 3503 gelum,
2239 3432 2338 3501 qui
2401 3432 2456 3486 in
2506 3445 2737 3487 summa
2786 3431 2957 3487 habet
3011 3430 3380 3486 veneratione
3410 3438 3464 3485 et
3506 3445 3672 3487 reve-

1967 3521 2153 3578 rentia
2185 3522 2281 3577 Dei
2327 3521 2606 3576 verbum:
2636 3542 2663 3568 «
2710 3520 2773 3575 In
2807 3519 3000 3576 Bethel
3048 3520 3268 3575 invenit
3296 3532 3450 3587 eum,
3507 3527 3563 3575 et
3594 3520 3670 3575 ibi

1969 3633 1991 3659 ι
2037 3611 2263 3667 locutus
2293 3618 2377 3665 est
2418 3614 2553 3664 an
2592 3609 2907 3665 nobiscum.
2936 3609 3129 3679 (Vens.
3243 3607 3260 3677 )
3284 3608 3353 3663 Et
3391 3607 3671 3664 Dominus

1970 3723 1991 3748 ι
2029 3701 2182 3755 Deus
2208 3699 2591 3765 exercituum,
2626 3697 2907 3753 Dominus
2937 3696 3265 3754 memoriale
3294 3696 3441 3767 ejus.
3496 3718 3516 3743 ι
3560 3697 3667 3752 Be—

1964 3788 2080 3845 thel
2128 3787 2541 3857 interpretatur
2593 3786 2782 3840 domus
2833 3788 2947 3839 Dei.
3017 3787 3081 3841 In
3144 3785 3336 3841 Bethel
3395 3784 3666 3856 angelum

1963 3879 2188 3942 invenit,
2248 3890 2382 3931 cum
2422 3875 2605 3930 Deum
2657 3873 3105 3929 inhabitatorem
3174 3887 3380 3945 gerens
3411 3888 3510 3943 per
3543 3874 3669 3943 ejus

1962 3962 2369 4033 aspirationem
2427 3961 2611 4017 divini
2658 3961 2873 4031 eloquii
2926 3974 3140 4016 arcana
3185 3961 3439 4028 discutit,
3473 3975 3588 4031 quo
3612 3968 3669 4016 et

1963 4052 2186 4122 prolata
2242 4060 2479 4107 auctore
2545 4052 2830 4121 cognovit.
2875 4050 3151 4119 Quisquis
3204 4049 3357 4104 enim
3398 4051 3668 4119 mysteria

1962 4142 2394 4211 Scripturarum
2420 4140 2543 4195 sine
2574 4139 2668 4194 Dei
2694 4139 2911 4208 Spiritu
2942 4152 3196 4194 reserare
3229 4152 3389 4207 posse
3416 4153 3474 4192 se
3511 4139 3664 4192 testi-

1962 4237 2098 4293 mat,
2152 4229 2322 4299 plane
2382 4230 2557 4284 veluti
2624 4228 2747 4283 sine
2788 4228 3107 4283 luminibus
3166 4226 3382 4281 alienos
3422 4226 3664 4296 parietes

1958 4331 2237 4372 erroneus
2266 4315 2477 4385 palpat.
2513 4316 2598 4370 Ibi
2627 4316 2904 4370 nobiscum
2956 4316 3236 4385 loquitur,
3295 4314 3435 4384 quia
3464 4329 3665 4370 secun-

150 4380 327 4476 git-ur,
375 4420 441 4459 eo
491 4380 749 4460 interius
782 4380 968 4475 magis
1012 4380 1220 4474 ﬂagrat
1278 4403 1601 4459 fervoribus
1638 4417 1847 4458 carna-
1889 4380 2100 4461 l)dum
2159 4380 2313 4475 quod
2364 4380 2403 4459 ξι
2460 4404 2572 4459 Deo
2633 4412 2830 4473 pectus
2878 4380 3118 4474 legentis
3166 4380 3471 4469 imbuitur,
3524 4418 3655 4457 mox

149 4492 293 4549 lium
346 4493 793 4549 incentivorum.
855 4494 937 4548 Ac
1002 4493 1050 4547 si
1105 4493 1362 4548 diceret:
1416 4492 1662 4547 Favorcs
1716 4491 1852 4547 foris

146 4582 383 4651 expetit,
407 4582 504 4637 sed
536 4589 691 4637 tanto
719 4595 852 4637 eum
895 4581 1210 4650 petulantia
1252 4581 1458 4636 durius
1487 4579 1622 4635 urit.
1662 4602 1681 4627 ι
1712 4580 1852 4635 Tota

151 4691 173 4718 ι
212 4670 304 4725 die
336 4670 702 4725 mendacium
749 4677 805 4725 et
836 4670 1159 4725 vastitatem
1193 4669 1553 4738 multiplicat,
1582 4676 1636 4723 et
1666 4668 1851 4724 foedus

147 4778 180 4813 ν
218 4773 351 4815 cum
385 4758 632 4827 Assyriis
662 4758 904 4824 intiit,et
928 4759 1114 4814 oleum
1147 4758 1206 4813 in
1226 4759 1538 4827 .Egyptum
1563 4757 1796 4813 ferebat.
1824 4780 1844 4805 ι

148 4854 262 4903 tota
308 4848 398 4901 die
445 4847 786 4901 mendacium
839 4847 1339 4916 multiplicatﬁqui
1383 4845 1600 4915 jugiter
1646 4845 1850 4901 alienis

146 4936 315 4993 labiis
374 4950 475 5005 per
527 4948 692 4990 suam
748 4934 1092 5003 hypocrisim
1149 4935 1473 4989 occasiones
1537 4935 1847 4990 mentiendi

147 5021 567 5078 subministrat.
621 5019 726 5076 Sed
755 5023 1066 5074 vastitatem
1120 5021 1481 5090 multiplicat,
1536 5022 1677 5091 quia
1731 5038 1849 5091 quo

147 5111 334 5181 magis
382 5109 579 5165 extolli
610 5123 669 5163 se
700 5109 882 5175 audit,
930 5124 995 5164 eo
1044 5109 1408 5165 desolationis
1456 5111 1695 5165 internae
1744 5112 1844 5165 de—

145 5207 295 5256 serta
324 5197 547 5259 dilatat,
574 5198 713 5253 dum
746 5198 1055 5254 verborum
1089 5198 1323 5254 llorente
1352 5200 1537 5268 copia,
1570 5214 1702 5268 quae
1732 5213 1846 5253 non

148 5287 417 5343 videntur
474 5285 714 5341 incuriae
788 5286 1099 5355 mancipat.
1176 5286 1371 5340 Foedus
1421 5302 1541 5340 cum
1596 5288 1847 5355 Assyriis

147 5376 272 5442 init,
320 5375 461 5431 dum
501 5388 633 5429 cum
689 5374 777 5429 his
805 5373 905 5443 qui
938 5373 1327 5443 temporaliter
1347 5374 1673 5444 gloriantur
1695 5388 1847 5431 una-

144 5462 318 5518 nimis
366 5463 447 5517 fit.
494 5462 679 5517 Oleum
735 5464 796 5516 in
832 5465 1126 5531 Egyptum
1173 5470 1381 5531 portat,
1444 5463 1546 5532 qui
1599 5463 1846 5532 gratiam

146 5551 244 5606 Dei
314 5551 370 5606 in
419 5564 674 5607 vacuum
732 5565 789 5606 se
838 5551 1114 5620 recepisse
1160 5566 1273 5605 non
1319 5551 1563 5619 trepidat
1611 5553 1683 5619 (II
1724 5552 1842 5606 Cor.

146 5655 219 5706 VI,
280 5640 350 5706 l).
385 5639 458 5694 Et
482 5640 540 5693 in
591 5641 885 5707 Egyplum
921 5638 1027 5694 fert
1067 5639 1259 5701 oleum,
1309 5637 1411 5708 qui
1470 5638 1847 5695 saecularibus

1956 4508 2134 4550 sacrae
2184 4494 2407 4563 pagina:
2458 4492 2845 4548 consentiente
2898 4493 3200 4559 sententia,
3232 4491 3521 4562 quidquid
3552 4493 3659 4547 ob—

1957 4591 2213 4638 strusum
2240 4582 2457 4651 pridem
2484 4581 2777 4637 obstiterat
2809 4580 3029 4650 liquido
3058 4580 3335 4650 aperitur.

2028 4668 2357 4724 Notandum
2413 4667 2569 4737 quod
2609 4665 2983 4736 singulariter
3013 4667 3082 4721 de
3129 4681 3187 4722 se
3243 4666 3485 4735 loquens
3514 4665 3658 4720 sub—

1953 4755 2152 4826 junxit
2199 4762 2478 4819 extremo,
2527 4755 2823 4808 nobiscum.
2859 4754 3135 4809 Inventus
3178 4754 3328 4807 enim
3371 4755 3432 4806 in
3467 4751 3660 4806 Bethel

1955 4844 2237 4897 nobiscum
2269 4842 2548 4911 loquitur,
2580 4842 2721 4911 quia
2751 4849 2961 4896 sanctze
2993 4841 3321 4911 cujuspiam
3361 4840 3657 4896 conscien-

1958 4931 2068 4998 tiae,
2104 4946 2235 5000 qua:
2279 4931 2392 4985 Deo
2441 4930 2660 4999 hospite
2690 4930 2921 5000 gaudet,
2968 4945 3171 4984 sensus
3201 4929 3259 4984 in
3308 4942 3471 4985 sacra
3501 4929 3657 4985 Scri-

1960 5030 2132 5090 ptura
2189 5020 2570 5088 perscrutanti
2630 5019 2873 5085 divinos,
2908 5034 3038 5074 cum
3073 5018 3293 5088 aliquid
3344 5018 3653 5074 obscurum

1958 5107 2313 5173 inclaruerit,
2382 5107 2631 5176 profecto
2688 5107 2810 5162 sine
2863 5108 3082 5161 invidia
3121 5121 3155 5161 a
3206 5107 3321 5161 Deo
3361 5106 3470 5161 sibi
3522 5106 3657 5161 data

1955 5196 2141 5252 celare
2162 5196 2485 5265 impatiens,
2510 5203 2611 5250 aut
2642 5195 2923 5250 locutione
2955 5204 3056 5250 aut
3092 5194 3306 5264 scripto
3362 5209 3467 5251 nec
3497 5208 3657 5249 mora

1954 5292 2010 5340 et
2040 5284 2166 5339 aliis
2214 5297 2528 5353 propagare
2555 5283 2849 5353 gaudebit.
2879 5284 2993 5339 Nec
3031 5283 3217 5339 solum
3263 5282 3524 5353 angelus,
3562 5283 3654 5338 sed

1952 5380 2007 5428 et
2067 5374 2328 5426 Dominus
2355 5374 2498 5425 Deus
2532 5375 2866 5426 emerciluum
2900 5374 3172 5425 nobiscum
3205 5371 3481 5441 loquitur.
3517 5373 3658 5440 quia

1955 5461 2240 5532 quidquid
2291 5460 2348 5515 in
2386 5460 2583 5516 eodem
2630 5475 2792 5516 sacro
2838 5461 3065 5531 eloquio
3096 5461 3401 5530 reperitur,
3434 5461 3506 5515 ab
3540 5460 3659 5529 ipso

1957 5549 2191 5605 indubie
2221 5549 2512 5619 panditur,
2554 5549 2657 5619 qui
2706 5549 2959 5619 priorum
2992 5548 3397 5605 exercitiorum
3430 5558 3658 5604 nostro-

1953 5653 2083 5697 rum
2136 5637 2424 5709 benignus
2472 5637 2749 5705 incentor,
2806 5653 2936 5709 qua:
3009 5639 3098 5694 his
3176 5638 3389 5694 sanctis
3452 5637 3658 5693 studiis
