3950 6414
318 376 422 431 403

1221 377 1290 430 ν.
1337 375 1672 432 GUIBEBTI
1711 378 2006 434 ABBATIS
2043 378 2097 434 S.
2135 377 2373 432 ΙΑΒΙᾸΞ
2414 376 2505 432 DE
2544 375 2935 432 NOVIGENTO

3713 377 3828 431 404

325 505 757 576 impenduntur,
828 520 950 562 esse
1013 506 1310 576 probatur.
1369 508 1674 564 Exercitus
1739 509 1893 564 enim
1941 509 2012 565 ab
2049 509 2097 563 Α
2128 508 2438 579 imaginem
2520 508 2858 576 sanctitatis,
2929 523 3062 579 quae
3108 521 3144 563 a
3193 508 3418 564 cunctis
3471 509 3678 566 honori
3725 511 3836 566 ha-

322 594 621 648 eret-cendo
645 594 878 656 dicitur,
925 602 978 649 et
1007 603 1090 650 est
1149 598 1283 649 Deus
1341 601 1694 662 exercituum,
1737 597 1830 652 cui
1877 597 2020 652 mili-

326 691 450 739 tant
489 683 763 737 exercitia
817 683 1144 738 animorum
1199 687 1475 750 Dominus,
1519 685 1834 738 memoriale
1878 688 2016 754 ejus.

327 772 596 842 superius
640 771 866 826 dixerat
925 774 1182 826 Dominus
1245 773 1387 826 Deus
1438 777 1793 842 exercituum,
1865 789 2022 830 nunc

328 863 494 916 iterat
550 861 721 916 etiam
779 863 1057 926 Dominus,
1104 869 1167 915 ut
1209 876 1308 930 per
1361 862 1465 916 hoc
1515 865 1718 918 innuat
1754 863 2021 918 eumdem

326 964 445 1005 esse
495 948 826 1014 Dominum,
869 949 968 1018 qui
1001 951 1148 1004 sacri
1182 949 1337 1003 verbi
1383 950 1545 1004 nobis
1575 951 1830 1006 studium
1877 951 2022 1006 sub-

330 1037 638 1102 ministrat,
688 1036 786 1106 qni
845 1037 1136 1105 quondam
1187 1051 1286 1106 per
1339 1037 1744 1106 prophetarum
1803 1053 1927 1106 ora,
1957 1053 2024 1094 ea

330 1141 461 1196 quae
490 1126 615 1195 ejus
652 1125 896 1194 gratiam
931 1126 985 1178 in
1016 1139 1214 1179 eorum
1247 1125 1406 1179 libris
1438 1139 1471 1178 a
1519 1127 1682 1180 nobis
1713 1127 1887 1182 anxie
1915 1142 2023 1182 ex-

330 1213 651 1284 quiruntur
700 1212 923 1267 locutus
974 1212 1178 1267 fuerat.
1205 1213 1529 1266 Mrmoriale
1559 1223 1749 1269 autem
1781 1218 1896 1282 ejus
1921 1216 2025 1271 hoc

329 1310 413 1358 est
445 1305 507 1356 ut
537 1300 636 1370 qui
680 1301 975 1370 quondam
1037 1315 1138 1370 per
1185 1301 1309 1356 illos
1364 1303 1635 1372 antiquos
1685 1304 1832 1358 mira
1878 1318 2021 1374 prae-

329 1389 574 1451 dixerat,
635 1403 750 1442 non
800 1389 1075 1443 minorem
1119 1389 1402 1458 hodieque
1431 1390 1489 1444 in
1543 1391 1706 1445 nobis
1753 1392 2024 1447 virtutem

328 1492 594 1534 exercere
639 1477 928 1540 credatur,
977 1477 1191 1546 quibus
1239 1477 1382 1532 tanti
1441 1477 1660 1533 consilii
1713 1481 2026 1548 penetralia

330 1565 658 1620 subintrare
734 1564 1031 1619 humiliter
1106 1565 1504 1633 quaerentibus
1565 1566 1760 1621 donat.
1827 1591 1845 1616 α
1915 1569 2027 1623 Ha-

331 1654 548 1719 bentes,
603 1674 623 1700 ι
689 1653 878 1722 inquit
933 1652 1259 1721 Apostolus,
1330 1653 1595 1708 eumdem
1651 1677 1672 1704 ι
1737 1655 2024 1724 spiritum,

338 1763 358 1788 »
397 1740 704 1805 credimus,
797 1743 1028 1809 propter
1069 1739 1224 1810 quod
1282 1748 1337 1796 et
1392 1739 1688 1810 loquimur
1769 1743 1846 1811 (ll
1896 1745 2024 1798 Cor.

341 1849 362 1876 ι
400 1842 520 1894 XVI,
557 1831 668 1894 l3).
706 1847 728 1875 ι

407 1916 577 1970 Vens.
608 1919 659 1969 6.
694 1945 760 1953 —
797 1938 817 1962 ε
875 1916 943 1970 Et
1000 1923 1063 1971 tu
1115 1915 1186 1970 ad
1220 1915 1401 1971 Deum
1439 1923 1605 1972 tuum
1648 1920 2027 1990 converteris;

338 2025 358 2049 ι
401 2003 858 2059 misericordiam
914 2011 969 2059 et
1022 2003 1308 2074 judicium
1363 2006 1604 2071 custodi,
1656 2014 1710 2061 et
1752 2022 1919 2077 spera
1974 2011 2030 2065 in

337 2112 357 2139 ι
405 2093 518 2147 Deo
549 2100 648 2148 tuo
695 2105 938 2160 semper.
987 2113 1012 2139 ιο
1073 2093 1141 2146 Ει
1172 2092 1247 2144 ad
1294 2095 1457 2146 Deum
1496 2107 1668 2149 suum
1721 2095 1876 2151 haud
1918 2098 2032 2152 du-

333 2181 493 2236 bium
551 2179 695 2250 quin
733 2180 904 2234 lacob
953 2187 1054 2234 aut
1090 2181 1269 2235 Judas
1297 2183 1671 2245 convertitur,
1722 2197 1854 2240 cum
1888 2187 2032 2242 ratio

334 2267 800 2338 pcenitentialiter
850 2281 1075 2336 semper
1125 2269 1420 2334 conlitens,
1453 2267 1602 2323 inter
1648 2281 2031 2336 supernorum

334 2356 666 2426 largitiones
707 2369 1017 2410 munerum
1066 2355 1136 2408 ad
1163 2369 1322 2422 eum,
1373 2369 1406 2409 a
1437 2370 1556 2424 quo
1605 2365 2030 2426 praerogantur,

334 2452 652 2512 respectare
704 2450 990 2498 monetur.
1056 2443 1487 2497 Misericordiam
1530 2450 1580 2496 et
1615 2444 1889 2512 judicium
1929 2459 2032 2499 cu-

335 2531 548 2587 stodire
595 2530 858 2601 jubetur,
917 2538 982 2586 ut
1051 2531 1264 2585 scilicet
1313 2530 1372 2585 in
1414 2532 1700 2600 praesenti,
1769 2531 1814 2586 si
1891 2532 2033 2587 bene

337 2619 622 2689 invigilet,
675 2633 733 2674 se
818 2619 912 2673 Dei
969 2618 1414 2674 misericordiam
1497 2628 1862 2689 reperturum
1917 2635 2032 2676 non

336 2709 614 2778 desperet,
669 2707 757 2762 sin
813 2715 1027 2774 autem,
1078 2707 1136 2762 in
1181 2707 1375 2762 futuro
1399 2707 1685 2778 judicium
1733 2708 2031 2764 miserabi-

337 2797 446 2852 lem
480 2795 870 2866 przestoletur;
925 2795 1122 2866 sicque
1163 2795 1311 2850 inter
1339 2811 1495 2864 spem
1550 2796 1950 2852 misericordiae
1978 2807 2032 2853 et

338 2892 556 2940 metum
597 2884 798 2954 judicii
850 2886 1214 2951 constitutus,
1259 2885 1330 2939 ad
1377 2899 1532 2954 spem
1581 2886 1814 2955 pronior
1870 2886 2028 2941 inve-

338 2973 556 3040 niatur,
590 2981 654 3028 ut
703 2973 887 3044 magis
950 2987 1144 3028 amore
1192 2986 1368 3043 quam
1420 2974 1602 3029 tinore
1654 2975 1940 3043 trahatur,
2000 2988 2030 3028 a

338 3061 568 3116 nemine
600 3061 752 3116 enim
811 3061 1155 3131 quidquam,
1217 3061 1326 3117 nisi
1384 3063 1492 3118 sub
1521 3077 1714 3118 amore
1743 3071 2030 3132 speratur,
2069 3093 2111 3150 ο

336 3157 392 3204 et
425 3150 530 3204 hoc
579 3157 664 3205 est
711 3149 868 3220 quod
900 3149 1108 3204 dicitur
1141 3164 1154 3202 :
1205 3151 1376 3220 Spera
1413 3153 1473 3205 in
1502 3154 1726 3206 Domino
1774 3151 1880 3206 Deo
1941 3158 2031 3206 tuo

335 3251 562 3306 semper.

407 3325 578 3382 Vsus.
602 3325 656 3380 7.
682 3354 750 3367 —
787 3348 808 3374 ι
843 3325 1139 3392 Chanaan,
1176 3325 1234 3381 in
1294 3339 1472 3382 manu
1502 3326 1629 3396 ejus
1673 3331 1886 3382 statera
1931 3328 2032 3383 do-

342 3434 363 3461 ι
397 3413 538 3479 losa,
577 3413 928 3469 calumniam
983 3415 1203 3469 dilexit.
1243 3436 1264 3461 ι
1317 3414 1589 3470 Chanaan
1625 3415 2036 3484 interpretatur

334 3504 659 3568 negotiator.
717 3501 1020 3571 Negotium
1081 3508 1272 3556 autem
1329 3501 1400 3556 ad
1457 3501 1804 3571 hypocrisitn
1855 3518 2034 3572 supra

337 3588 595 3644 diximus
645 3589 944 3657 pertinere.
993 3591 1057 3642 In
1109 3605 1274 3642 manu
1316 3603 1454 3660 ergo
1509 3591 1772 3646 Chanaan
1829 3597 2036 3646 statera

337 3677 526 3730 dolosa
553 3682 657 3740 est,
718 3675 858 3746 quia
891 3676 946 3730 in
998 3691 1168 3745 opere
1198 3677 1628 3746 hypocritarum
1679 3679 1820 3735 nihil
1876 3681 2034 3750 pensi

336 3772 392 3820 et
445 3763 723 3819 moderati
760 3771 863 3818 est.
899 3764 953 3819 Si
995 3765 1148 3820 enim
1181 3764 1323 3820 bene
1383 3767 1818 3836 perpenderent,
1877 3783 2034 3824 nun-

339 3865 518 3922 quam
575 3852 1044 3908 buccinatoribus
1094 3855 1216 3909 suis
1262 3854 1595 3910 inanitatem
1657 3871 1775 3911 suae
1830 3858 2035 3912 mentis

338 3941 428 3997 vel
472 3941 658 4010 operis
703 3942 846 3998 tanti
905 3942 1239 3998 venderent.
1305 3943 1357 3998 Si
1408 3945 1561 3999 enim
1615 3952 1787 4000 tantae
1829 3947 2036 4001 vacui-

337 4029 440 4086 tati
495 4043 701 4086 nomen
757 4031 1094 4096 sanctitatis,
1155 4031 1310 4100 quod
1355 4031 1512 4086 omni
1561 4032 1830 4088 thesauro
1883 4049 2036 4104 prai-

339 4118 636 4188 ponderat,
687 4131 999 4188 exaequare
1053 4118 1216 4185 velis,
1271 4133 1386 4174 non
1434 4119 1558 4174 dico
1601 4135 1714 4176 non
1765 4129 1896 4188 stat,
1938 4122 2034 4177 sed

339 4220 591 4262 necesse
639 4214 839 4276 potest,
883 4208 1026 4276 quia
1064 4206 1212 4261 inter
1265 4207 1402 4262 nihil
1457 4216 1513 4264 et
1541 4208 1760 4278 aliquid
1799 4224 2034 4279 compa-

339 4292 489 4348 ratio
518 4292 680 4348 nulla
709 4300 949 4348 constat.
1000 4293 1363 4350 Calumniam
1396 4311 1630 4366 quoque
1659 4297 1866 4368 diligit,
1896 4299 2037 4368 quia

2130 597 2335 652 beatur
2363 598 2603 652 ostendi.
2638 619 2658 645 ι
2710 597 2919 652 Omnes
2951 596 3170 652 labores
3217 596 3326 652 mei
3376 612 3492 652 non
3530 597 3837 654 invenient

2134 707 2154 733 ι
2201 686 2340 740 mihi
2369 685 2731 755 iniquitatem
2754 698 2930 754 quam
2955 684 3202 754 peccavi.
3245 706 3266 732 ι
3303 683 3461 750 Quod
3482 693 3563 739 est
3593 685 3788 740 dicere
3818 700 3833 737 :

2129 773 2347 828 Idcirco
2397 774 2552 827 omni
2611 787 2748 827 cura
2833 780 2886 825 et
2939 771 3130 826 labore
3194 772 3251 825 in
3288 772 3475 826 colore
3536 771 3839 841 religionis

2129 875 2418 926 exerceor,
2455 869 2520 916 ut
2565 861 2823 915 videlicet
2863 860 3074 915 nemini
3129 874 3351 926 eorum,
3401 860 3501 930 qui
3553 875 3642 915 me
3689 860 3838 915 efl‘e—

2131 957 2288 1012 runt,
2337 950 2531 1004 veniat
2580 949 2636 1004 in
2695 949 2958 1004 notitiam
3040 948 3316 1018 iniquitas
3389 963 3516 1003 mea
3568 948 3837 1004 interior.

2130 1036 2502 1104 Quod'dicit,
2582 1053 2689 1090 non
2761 1039 3053 1101 invenient,
3113 1038 3195 1091 sic
3249 1045 3334 1092 est
3407 1051 3475 1092 ac
3520 1037 3567 1092 si
3618 1038 3840 1092 diceret

2131 1125 2476 1188 abscondent,
2506 1133 2668 1181 utest
2701 1125 2842 1180 illud
2875 1139 2888 1179 :
2922 1143 2951 1174 ii
3006 1125 3230 1181 Clausis
3268 1139 3385 1180 non
3431 1125 3659 1195 aperuit
3697 1139 3842 1181 car-

2133 1228 2316 1269 cerem
2344 1216 2505 1282 (Isai.
2539 1229 2655 1281 xw,
2693 1215 2801 1283 l7),
2831 1235 2852 1261 ι
2896 1212 3054 1282 quod
3088 1221 3171 1268 est
3203 1213 3482 1267 obstrusit.

2206 1329 2379 1385 Vnus.
2429 1333 2480 1383 9.
2514 1360 2582 1369 —
2613 1353 2634 1377 ε
2697 1330 2768 1385 Et
2821 1344 2927 1399 ego
2977 1329 3252 1385 Dominus
3312 1329 3461 1384 Deus
3514 1335 3671 1395 tuus,
3732 1327 3843 1398 qui

2139 1438 2160 1466 ι
2199 1418 2374 1473 eduxi
2409 1426 2458 1474 te
2489 1418 2557 1474 de
2593 1427 2744 1473 terra
2785 1417 3040 1488 Egypti,
3083 1417 3274 1472 adhuc
3298 1417 3494 1472 sedere
3543 1425 3596 1472 te
3627 1417 3844 1472 faciam

2137 1527 2164 1555 »
2221 1507 2278 1561 in
2339 1507 2745 1572 tabernaculis,
2833 1508 2982 1561 sicut
3044 1505 3099 1560 in
3147 1505 3354 1560 diebus
3424 1504 3771 1559 festivitatis.
3817 1524 3840 1549 ι

2139 1595 2354 1650 Eduxit
2391 1610 2494 1650 nos
2553 1597 2696 1649 Deus
2752 1594 2822 1646 de
2853 1600 2999 1647 terra
3046 1597 3290 1661 zEgypti,
3339 1593 3440 1662 qui
3489 1593 3558 1647 de
3581 1591 3847 1647 tenebris

2137 1682 2408 1738 vitiorum
2468 1683 2524 1737 in
2577 1681 2914 1737 admirabile
2958 1681 3152 1737 lumen
3208 1695 3383 1736 suum
3426 1695 3530 1736 nos
3583 1679 3843 1735 vocavit.

2137 1770 2331 1825 Adhuc
2415 1774 2473 1824 in
2545 1771 2914 1825 tabernaculis
2983 1770 3168 1824 sedere
3240 1784 3342 1824 nos
3431 1767 3614 1828 faciet,
3701 1782 3846 1823 cum

2140 1858 2404 1928 quandiu
2489 1859 2929 1928 peregrinamur
2994 1871 3028 1912 a
3091 1858 3350 1924 Domino,
3425 1856 3690 1927 quandiu
3779 1857 3844 1910 in

2141 1946 2246 2001 hoc
2302 1947 2676 2002 tabernaculo
2726 1946 3155 2016 ingeniiscimus
3201 1945 3420 2014 gravati
3470 1944 3662 1999 debita
3723 1943 3842 1998 hu-

2141 2033 2400 2099 militate,
2465 2035 2621 2104 quod
2693 2035 2959 2104 signatur
3031 2033 3301 2099 sessione,
3355 2047 3458 2087 nos
3531 2032 3838 2102 deprimet.

2146 2144 2164 2170 ι
2203 2121 2450 2190 Surgite,
2512 2123 2721 2192 inquit,
2773 2130 3074 2192 postquam
3122 2121 3379 2176 sederitis
3429 2123 3596 2189 (Psal.
3641 2135 3844 2187 cxxvr,

2141 2211 2214 2276 2).
2255 2232 2274 2257 ι
2305 2211 2704 2266 Tabernacula
2755 2219 2946 2265 autem
2991 2210 3506 2279 peregrinantium,
3549 2209 3638 2264 vel
3682 2209 3848 2263 mili-

2141 2300 2389 2352 tantium
2438 2305 2588 2352 sunt.
2634 2298 2835 2353 Militia
2860 2299 3010 2353 enim
3058 2298 3177 2352 vita
3207 2297 3452 2352 hominis
3479 2297 3597 2362 (Job
3626 2312 3724 2361 vu,
3763 2297 3842 2362 l).

2141 2386 2210 2440 Et
2245 2387 2350 2440 hoc
2404 2391 2544 2439 sicut
2590 2389 2648 2439 in
2677 2386 2868 2440 diebus
2921 2389 3247 2453 festivitatis
3295 2386 3558 2452 facimus,
3604 2385 3848 2456 quando

2139 2457 2562 2544 depressionem
2602 2483 2858 2530 nostram
2912 2476 2968 2529 in
3021 2474 3285 2544 praesenti
3325 2473 3626 2529 luminosze
3686 2473 3850 2528 illius

2139 2563 2256 2632 spei
2281 2563 2494 2633 gaudio
2518 2577 2648 2618 vere
2678 2563 2818 2618 festo
2847 2576 3306 2632 compcnsamus.

2217 2685 2381 2739 Vens.
2441 2686 2525 2740 lO.
2558 2713 2629 2725 —
2660 2707 2680 2733 α
2718 2687 2788 2741 Et
2818 2685 3046 2740 locutus
3105 2699 3233 2740 sum
3280 2699 3455 2754 super
3500 2684 3840 2754 prophetas,

2146 2793 2167 2820 ι
2203 2781 2256 2828 et
2276 2787 2380 2842 ego
2414 2773 2694 2827 visionem
2729 2771 3130 2842 multiplicavi,
3159 2781 3214 2827 et
3247 2773 3303 2826 in
3327 2786 3502 2826 manu
3528 2772 3847 2840 propheta-

2145 2881 2168 2908 ι
2212 2876 2340 2916 rum
2375 2861 2724 2916 assimilatus
2758 2875 2907 2916 sum.
2946 2882 2966 2908 ι
2994 2862 3167 2930 Super
3218 2862 3512 2930 prophetas
3561 2860 3845 2916 Dominus

2141 2951 2417 3022 loquitur,
2454 2966 2584 3006 cum
2614 2951 2766 3006 ultra
2794 2951 3054 3006 omnium
3100 2951 3590 3020 providentiarum
3613 2959 3841 3006 nostra-

2140 3053 2270 3094 rum
2305 3039 2808 3110 perspicacitatem,
2858 3053 2964 3094 sua
3007 3038 3127 3093 sola
3180 3038 3530 3108 aspiratione
3581 3053 3684 3094 nos
3732 3039 3844 3093 do-

2140 3142 2266 3183 cere
2317 3127 2614 3197 dignatur.
2673 3127 2950 3182 Visionem
2998 3141 3234 3197 quoque
3281 3126 3648 3196 multiplicat,
3698 3127 3841 3182 dum

2141 3231 2240 3286 per
2280 3216 2544 3272 eumdem
2617 3215 2950 3272 instinctum
2999 3216 3056 3270 in
3105 3223 3302 3270 nostra
3355 3214 3844 3270 intellectualitate

2141 3305 2320 3360 aciem
2349 3304 2706 3359 discretionis
2727 3311 3085 3373 augmentat.
3145 3305 3208 3358 1n
3236 3319 3406 3356 manu
3447 3302 3847 3372 prophetarum
3907 3299 3917 3310 '

2141 3392 2512 3458 assimilatur,
2561 3392 2700 3447 dum
2748 3392 3120 3461 providentim
3161 3399 3370 3446 nostrze
3401 3389 3738 3446 exercitium
3768 3389 3845 3444 ad

2140 3479 2640 3548 contemplandam
2695 3480 2868 3534 etiam
2925 3479 3137 3534 divinae
3192 3477 3548 3533 celsitudinis
3593 3476 3845 3546 speciem

2141 3582 2440 3638 assurgere
2496 3567 2826 3622 aemulatur.
2874 3566 3020 3622 Nota
3087 3579 3263 3636 quam
3319 3565 3628 3636 vigilanter
3687 3565 3846 3618 dicat

2141 3655 2514 3711 assimilatur.
2547 3661 2697 3709 le
2726 3655 2908 3710 Omne
2947 3662 3138 3710 autem
3182 3653 3367 3708 simile
3420 3667 3534 3708 non
3565 3660 3647 3708 est
3690 3651 3842 3707 idem

2141 3745 2297 3814 quod
2349 3744 2486 3798 illud
2517 3744 2608 3799 cui
2639 3743 2824 3798 simile
2867 3742 3099 3797 dicitur.
3161 3741 3480 3796 Assimilari
3510 3755 3646 3810 ergo
3691 3741 3846 3796 Deus

2145 3833 2196 3887 in
2222 3846 2401 3888 manu
2433 3832 2845 3902 prophetarum
2899 3831 3062 3897 solet,
3096 3845 3228 3886 cum
3280 3831 3468 3885 omnis
3495 3829 3673 3885 nostri
3702 3843 3844 3884 con-

2141 3921 2328 3977 tuitus
2369 3934 2542 3990 opera
2587 3919 2900 3975 scintillare
2930 3919 2989 3974 in
3029 3920 3210 3976 Deum
3248 3919 3475 3985 nititur,
3517 3933 3621 3974 nec
3646 3926 3842 3974 tamen

2140 4016 2225 4064 est
2255 4009 2406 4064 Deus
2437 4007 2589 4078 quod
2625 4007 2797 4063 videt.

2213 4123 2382 4179 Vens.
2432 4127 2512 4177 lt.
2562 4153 2633 4163 —
2678 4141 2707 4174 ii
2740 4121 2794 4177 Si
2845 4122 3057 4177 Galaad
3110 4121 3343 4189 idolum,
3389 4129 3577 4177 tamen
3621 4121 3843 4177 frustra

2148 4233 2169 4259 ι
2211 4219 2376 4268 erant
2405 4211 2462 4266 in
2491 4211 2690 4280 Galgal
2719 4211 2900 4266 bobus
2931 4210 3306 4265 immolantes.
3345 4232 3365 4258 ι
3400 4210 3613 4266 Galaad
3653 4209 3840 4265 inter-

2143 4306 2406 4369 pretatur
2464 4315 2699 4353 acervus
2741 4301 3051 4353 testimonii.
3099 4297 3260 4364 Quod
3306 4306 3390 4354 est
3429 4298 3615 4354 dicere
3645 4313 3658 4352 :
3691 4297 3744 4353 Si
3771 4297 3836 4353 hi

339 4380 608 4450 quisquis
691 4381 943 4437 externis
1013 4381 1308 4439 favoribus
1368 4384 1546 4440 attolli
1612 4386 1841 4455 appetit,
1915 4385 2026 4440 illis
2066 4391 2109 4444 D
2139 4387 2242 4457 qui
2275 4386 2513 4442 inferius
2566 4386 2903 4451 dilatantur,
2935 4392 2988 4440 et
3023 4399 3194 4456 penes
3231 4386 3412 4441 Deum
3454 4385 3601 4440 male
3645 4399 3837 4454 angu-

338 4469 610 4525 omnibus
660 4484 887 4525 necesse
929 4478 1012 4526 est
1060 4470 1332 4540 invideat,
1385 4487 1532 4543 quos
1586 4481 1688 4529 aut
1720 4473 1906 4542 potius
1934 4482 2036 4529 aut

339 4557 554 4627 pariter
606 4557 826 4614 laudari
880 4559 1064 4615 audit.
1113 4559 1271 4626 Quod
1311 4559 1358 4615 si
1419 4561 1654 4628 invidet,
1713 4570 1862 4616 certe
1900 4576 2035 4617 mox

338 4648 714 4718 consequitur
764 4655 828 4704 ut
896 4648 986 4704 his
1044 4648 1261 4719 quibus
1320 4649 1590 4706 inviderit
1645 4649 2035 4706 amantissime

337 4734 588 4804 deroget.

407 4823 578 4879 Vitas.
630 4827 682 4880 8.
739 4855 809 4864 —
853 4846 875 4873 ι
937 4826 1008 4881 Et
1064 4825 1213 4882 dixit
1251 4826 1569 4895 Ephraim:
1620 4826 2034 4882 Verumtamen

342 4931 364 4959 ι
407 4911 567 4966 dives
611 4911 850 4968 effectus
895 4927 1042 4977 sum.
1105 4913 1300 4969 inveni
1335 4913 1554 4969 idolum
1611 4914 1770 4969 mihi.
1799 4935 1819 4961 ι
1871 4914 2031 4980 Quod

335 4999 564 5055 vocavit
609 5001 904 5066 Chanaan,
966 5001 1073 5056 hoc
1117 5001 1287 5057 etiam
1342 5002 1532 5057 innuit
1589 5017 1690 5071 per
1731 5003 2029 5072 Ephraim.

337 5086 392 5141 Si
421 5087 576 5142 enim
640 5086 736 5142 ille
783 5089 1122 5158 negotiator,
1177 5097 1231 5144 et
1283 5090 1373 5145 hic
1420 5089 1682 5160 frugifer,
1731 5091 1898 5160 plane
1926 5106 2032 5146 ne-

335 5174 555 5245 gotium
613 5174 930 5245 hypocrisis
982 5191 1099 5232 non
1143 5179 1400 5249 emergit,
1459 5179 1566 5233 nisi
1625 5180 1693 5234 de
1731 5179 2031 5248 superficie

333 5263 479 5333 ejus,
531 5277 662 5333 quae
690 5271 930 5331 putatur
987 5265 1266 5336 frugifera
1293 5267 1552 5322 actionis.
1587 5269 1685 5323 Est
1724 5281 1860 5338 ergo
1891 5280 1958 5322 ac
1981 5268 2028 5323 si

334 5351 512 5408 dicat:
539 5350 884 5422 Quicunque
921 5353 980 5408 in
1005 5361 1214 5410 statera
1268 5355 1377 5410 mei
1413 5355 1642 5411 habitus
1679 5363 1734 5411 et
1777 5363 2027 5410 externae

334 5437 804 5494 considerationis
849 5440 921 5495 sit
959 5441 1144 5509 dolus,
1189 5457 1294 5513 ego
1341 5450 1530 5498 tamen
1587 5442 1746 5497 dives
1789 5442 2024 5508 efficior,

333 5524 472 5578 dum
499 5537 602 5594 per
639 5525 896 5580 omnium
941 5526 1173 5598 linguas
1229 5530 1569 5598 quotidiana
1598 5529 1846 5585 rumoris
1879 5543 2024 5598 aug-

332 5611 682 5668 mentatione
737 5627 1091 5682 promoveor.
1153 5619 1342 5671 Inveni
1395 5617 1602 5672 idolum
1669 5617 1828 5683 mihi,
1885 5617 2024 5686 quia

2142 4482 2373 4530 stantur
2432 4474 2704 4530 vitiorum
2764 4473 2905 4529 acsi
2959 4473 3241 4529 idolorum
3293 4473 3548 4529 cultibus
3598 4473 3834 4540 instant,

2145 4575 2380 4632 pensare
2427 4561 2746 4617 debuerant
2775 4561 2915 4632 quia
2962 4563 3236 4617 vitiorum
3269 4562 3591 4618 volutabris
3618 4561 3838 4617 frustra

2141 4665 2261 4706 sese
2303 4651 2700 4718 immersitant,
2735 4665 2866 4706 cum
2891 4651 2968 4705 nil
3001 4650 3156 4706 aliud
3190 4651 3497 4720 explicent.
3531 4651 3642 4706 nisi
3680 4651 3834 4720 quod

2140 4739 2319 4793 aciem
2379 4738 2584 4794 mentis
2627 4739 2684 4793 in
2726 4738 3128 4793 hebetudinem
3185 4737 3480 4793 bestialem
3535 4738 3837 4794 mactando

2137 4834 2508 4882 commutent.
2569 4827 2768 4896 Galgal
2825 4827 2976 4881 enim
3011 4826 3353 4880 volutabrum
3401 4826 3833 4896 interpretatur.

2138 4915 2456 4970 Volutabro
2494 4914 2542 4969 si
2579 4929 2736 4985 ergo,
2787 4922 2853 4970 ut
2907 4915 2989 4969 sic
3029 4914 3239 4978 dicam,
3303 4915 3468 4969 bobus
3513 4914 3833 4981 immolant,

2137 5018 2272 5060 cum
2315 5004 2600 5072 spirituali
2647 5003 2943 5058 alacritate
2987 5017 3221 5058 recussa
3248 5018 3370 5058 sese
3425 5003 3835 5072 ponderositati

2137 5091 2347 5156 carnis,
2407 5090 2572 5160 quasi
2656 5090 2864 5146 stolida
2956 5090 3252 5158 animalia,
3299 5091 3444 5147 foede
3507 5098 3829 5146 attrectant.

2143 5201 2163 5228 ι
2197 5179 2342 5234 Nam
2388 5187 2443 5234 et
2472 5178 2682 5234 altaria
2725 5192 2928 5235 eorum
2968 5178 3135 5248 quasi
3193 5179 3384 5234 acervi
3432 5194 3606 5248 super
3643 5179 3832 5234 sulcos

2141 5289 2162 5316 ι
2199 5266 2344 5338 agri.
2383 5289 2403 5314 ι
2441 5265 2718 5337 Superius
2747 5267 2918 5336 paulo
2943 5281 3142 5321 eorum
3193 5266 3397 5322 altaria
3444 5267 3696 5322 diximus
3725 5267 3830 5337 hy-

2138 5355 2484 5422 pocritarum
2540 5355 2847 5424 proposita.
2881 5355 2944 5410 In
2973 5369 3088 5424 quo
3112 5355 3265 5410 enim
3297 5355 3536 5425 quilibet
3579 5355 3826 5422 ipsorum

2133 5441 2259 5496 vult
2318 5441 2607 5508 honorari,
2664 5441 2824 5497 verbi
2875 5441 3078 5512 gratia,
3140 5442 3343 5512 vigilat
3381 5443 3504 5508 iste,
3583 5442 3827 5498 abstinet

2136 5529 2248 5596 ille,
2304 5531 2406 5583 iste
2443 5529 2587 5594 silet,
2651 5529 2707 5583 in
2763 5543 2903 5599 qua,
2955 5529 3218 5598 inquam,
3272 5529 3626 5586 institutione
3676 5530 3824 5586 volet

2134 5616 2376 5686 insignis
2421 5616 2639 5683 haberi,
2669 5617 2837 5685 quasi
2866 5631 3027 5672 aram
3056 5619 3340 5687 proponit,
3380 5631 3554 5686 super
3579 5631 3756 5688 quam
3791 5632 3826 5674 a
