3950 6426
191 389 294 440 -ῑῡξῑ

907 389 1373 445 ΪΒΟΡΟιΟϐΙιΕ
1415 391 1479 443 ΙΝ
1517 391 1714 449 OSEE,
1753 391 1880 444 ΛΜ(

2109 390 2259 445 JER.
2313 418 2370 428 —
2411 388 2539 443 LIB.
2581 389 2658 444 Ill
2719 389 2789 443 IN
2821 387 3020 444 OSEE.

3605 393 3707 444 406

191 523 524 581 levitatibus
574 525 874 582 hominum
921 526 1125 583 debeat
1171 527 1456 582 venerari.
1509 527 1642 582 Haec
1687 527 1895 581 altaria
1931 529 1980 582 Α
2009 540 2149 582 num
2178 525 2374 596 lapsus
2419 527 2492 582 ad
2531 539 2730 582 eorum
2774 534 3113 598 perpetuam
3157 526 3453 584 infamiam
3496 543 3707 599 propa-

190 617 354 683 quasi
395 617 578 669 acervi
609 616 784 670 sulcos
825 617 952 683 agri
995 615 1162 682 fiunt,
1193 630 1324 670 cum
1374 615 1465 670 his
1510 614 1729 686 quibus
1758 628 1897 685 prae-

191 703 404 768 dicant,
451 711 508 759 et
549 717 726 774 super
763 719 910 774 quos
950 704 1264 775 magisterii
1304 704 1646 760 auctoritate
1691 703 1895 778 praesi-

191 791 326 848 dere
364 792 715 859 desiderant,
757 794 922 864 quasi
955 793 1130 850 sulcis
1169 794 1296 862 agri
1333 807 1576 848 acervus
1613 791 1890 848 efliciunt.

191 881 453 936 Acervus
484 881 637 936 enim
669 881 715 936 si
754 882 828 938 sit
851 882 908 937 in
937 882 1130 950 sulcis,
1163 895 1466 952 nunquam
1499 895 1596 936 eos
1622 879 1894 949 permittit

191 967 476 1038 attingere
531 969 602 1024 ad
652 969 904 1040 alicujus
950 970 1254 1025 utilitatem
1305 969 1507 1039 frugis.
1563 970 1624 1023 Et
1679 967 1731 1022 hi
1791 967 1893 1038 qui

191 1056 458 1113 simulate
499 1058 822 1127 praesident,
869 1058 1008 1114 dum
1057 1057 1232 1114 dubia
1278 1057 1542 1128 exempla
1581 1064 1890 1125 ostentant,

191 1159 306 1200 non
349 1153 466 1202 tam
510 1146 808 1203 instruunt
845 1145 1134 1216 simplices
1165 1161 1430 1217 quosque
1461 1159 1636 1216 quam
1675 1158 1893 1216 aggra-

189 1239 331 1287 vant

261 1356 434 1411 Vens.
487 1359 570 1410 12.
610 1385 684 1397 -
743 1379 764 1406 ι
815 1357 984 1428 Fugit
1030 1355 1204 1412 Jacob
1256 1356 1313 1412 in
1356 1355 1644 1425 regionem
1691 1355 1888 1424 Syriae,

193 1466 212 1489 ιν
252 1452 307 1499 et
338 1445 574 1500 servivit
605 1445 780 1500 Israel
806 1445 861 1499 in
896 1460 1094 1512 uxore,
1118 1453 1172 1500 et
1203 1445 1259 1499 in
1294 1459 1533 1500 uxorem
1561 1441 1830 1498 sertavit.
1863 1463 1884 1489 ι

182 1533 250 1586 In
281 1535 552 1598 regionem
591 1535 768 1600 Syria
794 1533 955 1587 Jacob
987 1533 1172 1604 fugit,
1209 1547 1340 1588 cum
1387 1532 1624 1602 spiritus
1672 1538 1889 1598 noster,

181 1621 275 1676 cui
330 1620 471 1675 vitia
519 1621 931 1691 supplantandi
980 1621 1235 1677 oflicium
1281 1629 1382 1686 est,
1427 1629 1590 1676 extra
1645 1633 1888 1674 sensua-

183 1709 403 1764 litatem
446 1709 704 1779 corporis
749 1709 806 1764 in
851 1709 1154 1766 sublimem
1203 1711 1463 1765 habitum
1514 1708 1741 1774 mentis,
1782 1707 1885 1777 qui

183 1798 519 1868 temporalia
594 1798 1050 1868 supergreditur,
1115 1798 1288 1867 juxta
1347 1797 1704 1866 Apostolum,
1769 1795 1882 1850 Deo
1921 1809 1962 1864 Β

178 1885 406 1941 excedit
452 1887 528 1953 (II
551 1888 670 1942 Cor.
716 1901 769 1950 v,
809 1888 918 1954 f3).
962 1885 1199 1956 Fugisse
1238 1893 1430 1940 autem
1464 1885 1695 1948 dicitur,
1743 1881 1884 1953 quia

178 1983 235 2030 et
288 1975 472 2030 David
529 1988 564 2029 a
617 1975 827 2030 forensi
894 1975 1137 2044 strepitu
1192 1974 1420 2045 fugiens
1470 1973 1769 2043 elongasse
1824 1985 1883 2026 se

178 2071 426 2119 testatur
453 2065 614 2129 (Psal.
647 2079 758 2129 LIV,
785 2064 860 2132 8).
895 2063 1056 2134 Syria
1086 2063 1235 2119 enim
1255 2063 1504 2117 sublimis
1537 2061 1880 2130 interpreta-

179 2159 296 2207 tur.
350 2151 434 2207 Ibi
486 2153 540 2206 in
579 2167 760 2208 uxore
803 2153 999 2216 servit,
1040 2152 1179 2206 dum
1223 2165 1326 2221 pro
1354 2149 1727 2220 subjuganda
1774 2147 1880 2204 sibi

179 2242 410 2310 propria
461 2241 756 2296 voluntate
797 2256 854 2296 se
883 2241 1113 2296 deserit.
1149 2241 1308 2296 Uxor
1347 2239 1500 2295 enim
1547 2246 1740 2294 nostra
1769 2253 1879 2293 vo-

177 2330 371 2384 luntas
405 2339 508 2394 est,
555 2329 695 2400 quia
739 2329 967 2385 nullum
1012 2329 1226 2384 bonum
1273 2335 1376 2395 est,
1431 2329 1536 2382 nisi
1584 2328 1736 2397 quod
1783 2341 1879 2381 vo-

175 2417 425 2473 luntarie
465 2418 544 2473 fit.
587 2417 720 2473 Sine
767 2418 877 2473 hac
918 2431 1056 2488 ergo
1101 2417 1334 2487 spiritus
1374 2425 1586 2483 noster,
1639 2415 1741 2485 qui
1788 2415 1878 2470 vir

172 2511 275 2562 est.
327 2505 469 2561 nihil
515 2505 706 2562 efficit.
754 2506 862 2572 Qui
911 2515 1103 2562 autem
1156 2506 1350 2571 servit,
1396 2504 1632 2559 alterius
1673 2502 1874 2558 ditioni

172 2609 232 2649 se
281 2594 469 2649 tradit.
523 2595 590 2650 Ut
636 2609 772 2665 ergo
814 2596 958 2649 hanc
1008 2594 1231 2652 habeat.
1281 2592 1575 2648 desideriis
1625 2591 1746 2648 suis
1793 2605 1876 2646 re-

172 2683 424 2738 nuntiat.
469 2681 574 2738 Sed
619 2683 999 2752 quaerendum
1049 2681 1190 2751 quid
1232 2681 1454 2752 fugiat?
1500 2679 1874 2736 conformita—

175 2780 286 2826 lt‘lll
321 2771 576 2826 videlicet
604 2785 824 2836 eorum,
870 2785 1122 2841 quorum
1167 2779 1349 2826 eteius
1389 2773 1445 2823 in
1475 2771 1672 2834 Galgul
1711 2769 1873 2822 bobus

177 2859 452 2922 immolat,
485 2866 540 2914 et
580 2859 680 2928 qui
713 2867 850 2915 sunt
874 2862 938 2914 ut
963 2859 1143 2912 acervi
1179 2874 1341 2926 super
1366 2860 1487 2912 illos
1526 2858 1699 2910 sulcos
1725 2859 1871 2923 agri,

173 2947 278 3018 qui
341 2947 517 3017 juxta
569 2947 695 3012 Job,
758 2955 910 3002 terra
961 2947 1240 3002 adversus
1295 2961 1466 3001 suum
1524 2945 1873 3000 reclamante

171 3034 472 3100 cultorem,
523 3033 739 3103 pariter
785 3033 996 3088 dellent
1045 3034 1181 3103 (Job.
1230 3047 1386 3097 xxxi,
1437 3036 1551 3100 38).
1603 3031 1765 3085 Jacob
1813 3033 1873 3084 in

170 3138 340 3176 umore
376 3123 614 3176 servavit
655 3121 810 3176 haud
839 3121 1084 3176 dubium
1132 3121 1272 3191 quin
1308 3135 1443 3174 oves
1481 3120 1694 3186 Labau,
1737 3133 1871 3174 cum
1911 3105 1952 3160 (ἶ
2153 3092 2169 3159 (

171 3225 274 3280 per
311 3210 759 3266 contubernium
789 3209 952 3265 bona:
983 3223 1102 3264 suae
1137 3209 1355 3279 jugalis
1384 3222 1612 3280 gregem
1649 3207 1874 3262 cohibet

170 3299 278 3369 piae
303 3297 680 3370 cogitationis.

241 3415 404 3470 Vens.
443 3416 523 3468 13.
553 3443 624 3452 -
651 3434 678 3462 (ι
718 3413 784 3468 In
812 3411 1084 3482 propheta
1132 3419 1324 3467 autem
1355 3412 1558 3467 eduxit
1597 3411 1873 3467 Dominus

173 3526 194 3550 ι
243 3503 415 3558 Israel
459 3503 528 3557 de
577 3503 823 3572 .Egypto
866 3509 921 3556 et
973 3501 1028 3556 in
1077 3502 1348 3570 propheta
1391 3508 1654 3556 servatus
1703 3508 1805 3556 est.
1843 3521 1864 3547 ι

166 3593 234 3647 In
281 3591 553 3661 propheta
603 3591 669 3644 de
718 3593 952 3659 Egypto
1000 3591 1174 3645 Israel
1229 3589 1516 3653 educitur,
1577 3603 1709 3644 cum
1771 3603 1872 3658 per

165 3679 352 3736 futuri
407 3679 614 3750 judicii
670 3679 1088 3749 providentiam
1147 3677 1526 3734 alIectualitas
1586 3686 1783 3732 nostra
1838 3690 1869 3732 θ

165 3769 429 3825 saeculari
479 3767 874 3838 prosecutione
913 3767 1248 3823 secluditur.
1291 3767 1408 3822 Nisi
1447 3765 1599 3822 enim
1633 3774 1687 3821 et
1719 3765 1872 3821 bona

165 3865 222 3914 et.
261 3857 414 3912 mala
460 3856 767 3926 prudentia
813 3855 1136 3912 Christiana
1166 3855 1531 3926 prospiceret,
1575 3868 1866 3924 nusquam

167 3953 271 4002 aut
314 3959 507 4001 amore
562 3953 664 4000 aut
718 3947 918 4001 timore
971 3945 1297 4000 traheretur
1351 3953 1453 4000 aut
1513 3945 1756 4014 fugeret.
1809 3947 1871 3998 In

165 4036 432 4105 propheta
495 4048 730 4104 quoque
795 4035 1038 4089 eductus
1094 4035 1161 4087 de
1211 4037 1482 4102 Egypto,
1555 4041 1866 4099 servatur,

167 4123 310 4194 quia
381 4123 506 4178 sine
573 4123 673 4179 tali
747 4122 1073 4192 provisione
1145 4126 1450 4192 praesentia
1505 4129 1868 4178 contemnere

171 4212 578 4282 incipientibus
650 4212 1089 4282 perseverantiae
1166 4210 1488 4266 constantia
1566 4225 1680 4265 non
1757 4225 1871 4266 ser-

171 4310 363 4358 vatur.

244 4417 415 4472 Vnus.
471 4417 554 4472 14.
610 4444 678 4455 -
744 4437 762 4464 ο
825 4415 907 4470 Ad
968 4415 1326 4470 iracundiam
1385 4429 1474 4470 me
1536 4416 1868 4484 provocavit
1906 4404 1950 4458 Ι)

175 4530 197 4555 ι.
233 4505 508 4576 Ephraim
553 4504 610 4558 in
641 4503 1131 4560 amaritudinibus
1173 4504 1312 4568 suis,
1360 4511 1416 4558 et
1458 4505 1698 4573 sanguis
1743 4504 1870 4573 ejus

176 4619 197 4644 ι
233 4609 407 4665 super
435 4607 568 4650 eum
604 4593 814 4661 veniet,
854 4601 907 4648 et
955 4593 1327 4662 opprobrium
1371 4592 1499 4662 ejus
1533 4593 1788 4647 restituet
1817 4592 1869 4648 ei

171 4682 448 4738 Dominus
493 4683 644 4737 Deus
685 4695 848 4736 suus.
883 4702 911 4729 ››
956 4681 1238 4747 Quoniam
1275 4681 1550 4750 Ephraim
1581 4681 1653 4736 ad
1688 4681 1869 4750 hypo-

168 4772 447 4827 critarum
483 4770 929 4841 significantiam
977 4769 1149 4825 semel
1179 4769 1510 4836 eduximus,
1545 4771 1659 4825 voti
1691 4770 1867 4824 nostri

169 4868 255 4916 est
285 4859 549 4930 quandiu
593 4866 786 4914 textus
837 4873 952 4913 non
989 4858 1172 4914 oberit
1201 4859 1540 4914 continuare
1580 4859 1734 4928 quod
1765 4874 1872 4914 cm-

170 4949 382 5020 pimus.
415 4949 508 5004 Ad
550 4948 895 5001 iracundiam
933 4948 1198 5016 Ephraim
1245 4948 1426 5002 Deum
1469 4951 1526 5002 in
1565 4951 1679 5002 suis
1709 4963 1870 5000 ama—

165 5037 507 5092 ritudinibus
552 5044 839 5106 provocat,
870 5051 1001 5091 cum
1047 5035 1123 5099 hi,
1166 5037 1264 5106 qui
1307 5037 1376 5092 de
1409 5051 1516 5091 sua
1554 5035 1870 5092 fructuosi-

167 5135 284 5184 tate
331 5141 392 5182 se
423 5127 667 5198 jactant,
700 5140 802 5196 per
832 5125 1120 5181 interioris
1165 5139 1296 5181 eum
1339 5126 1612 5195 nequitiae
1659 5124 1868 5180 amari-

169 5215 424 5272 cationes
455 5214 700 5269 irritant.
735 5215 972 5281 Sanguis
1003 5213 1119 5283 ejus
1159 5229 1320 5282 super
1359 5230 1478 5268 eam
1517 5214 1694 5281 venit,
1735 5229 1870 5270 cum

169 5310 536 5375 peccatorum
576 5303 856 5358 diuturna
897 5301 1201 5358 occultatio
1246 5317 1342 5357 eos
1388 5303 1872 5374 supergrediendo

170 5391 385 5449 obruit.
449 5391 779 5457 Sanguinem
843 5404 944 5460 pro
999 5396 1218 5460 peccato
1275 5390 1408 5460 poni
1465 5392 1636 5447 etiam
1695 5390 1872 5462 vulgo

171 5481 396 5536 celebre
442 5486 546 5534 est.
583 5481 952 5549 Opprobrium
1003 5482 1053 5534 ei
1106 5483 1363 5535 Dominus
1419 5479 1687 5547 restituit,
1739 5494 1873 5534 cum

172 5584 261 5630 ea.
319 5582 453 5637 quae
514 5569 582 5624 ad
647 5568 740 5624 Dei
798 5568 1298 5637 exprobrationem
1360 5567 1744 5623 indesinenter
1799 5568 1874 5623 ab

172 5660 256 5714 eis
293 5657 754 5724 committuntur,
804 5671 904 5726 per
939 5656 1326 5726 apertissimos
1369 5657 1627 5723 turpium
1674 5654 1874 5711 crimi-

2003 614 2222 671 lantur.

2645 703 2880 760 CAPUT
2919 705 3073 760 XIII.

2075 793 2247 849 Vens.
2283 797 2332 848 1.
2365 825 2433 833 -
2481 814 2502 841 ι
2563 793 2853 862 Loquente
2912 793 3186 862 Ephraim
3238 793 3444 850 horror
3498 795 3705 852 invasit

2009 902 2032 929 ι
2087 881 2282 949 Israel,
2341 890 2396 938 et
2452 881 2695 951 deliquit
2757 881 2815 936 in
2877 881 3008 937 Baal
3067 891 3122 938 et
3180 890 3446 939 mortuus
3511 892 3615 940 est.
3679 907 3698 931 ι

2002 971 2272 1040 Ephraim
2320 969 2584 1040 loquitur
2623 973 2681 1026 et
2725 971 2894 1025 Israel
2928 971 3132 1026 horror
3159 971 3401 1039 invadit,
3435 987 3565 1028 cum
3599 974 3703 1043 hy-

2001 1059 2353 1129 pocritarum
2409 1059 2751 1130 plerumque
2799 1059 2854 1114 in
2907 1058 3218 1130 Scriptura:
3267 1074 3444 1116 sacra}
3493 1062 3702 1118 disser-

2001 1147 2254 1203 tionibus
2299 1147 2528 1218 eloquio
2573 1147 2888 1215 intonante,
2935 1155 2988 1202 et
3021 1147 3396 1204 subtilissima
3420 1149 3488 1206 de
3519 1151 3703 1206 mori—

1999 1235 2110 1291 bus
2139 1236 2488 1306 disputante,
2530 1249 2644 1302 eos,
2695 1235 2794 1305 qui
2839 1251 2972 1290 eum
3023 1237 3137 1291 Deo
3179 1236 3348 1306 dirigi
3400 1246 3698 1308 appetunt,

1997 1337 2249 1395 magnus
2309 1325 2418 1380 sub
2471 1337 2672 1379 eorum
2731 1323 3130 1392 przvdieatione
3178 1331 3362 1380 terror
3415 1327 3698 1394 concutit;

1998 1427 2116 1482 quo
2172 1413 2324 1466 enim
2383 1411 2559 1482 vulgo
2618 1411 3062 1466 miserabiliores
3121 1411 3301 1466 videri
3352 1412 3697 1478 desiderant,

1995 1513 2062 1554 eo
2105 1499 2564 1554 disertitudinem
2610 1513 2775 1553 suam
2821 1506 3174 1554 ostentantes
3203 1500 3271 1553 de
3302 1500 3702 1557 subtilioribus

1998 1593 2264 1642 tractant.
2315 1586 2419 1641 Sed
2455 1587 2602 1641 inter
2639 1586 2760 1641 haec
2802 1589 2858 1638 in
2890 1589 3027 1642 Baal
3055 1587 3358 1658 delinquit,
3391 1603 3521 1643 cum
3553 1589 3696 1644 nihil

1993 1689 2194 1730 eorum
2245 1689 2377 1744 qua:
2429 1674 2689 1745 loquitur
2738 1674 2913 1730 menti
2968 1689 3088 1731 suae
3136 1677 3469 1740 admovens,
3518 1677 3699 1734 instar

1992 1762 2287 1818 simulacri
2320 1762 2600 1818 miraculo
2643 1763 2951 1827 duntaxat,
2993 1763 3354 1820 audientium
3399 1765 3698 1821 Dominica

1994 1851 2174 1906 verba
2219 1851 2534 1922 prostituit.
2602 1852 2672 1906 Et
2719 1851 2984 1919 moritur,
3041 1852 3182 1922 quia
3234 1852 3536 1908 immemor
3593 1868 3695 1909 eo-

1991 1953 2124 1995 rum
2169 1955 2300 2009 quze
2343 1939 2554 1996 dixerit
2603 1940 2658 1995 in
2707 1939 3160 2010 inseqsibilitatis
3213 1947 3504 2011 stuporem
3551 1956 3695 1996 con-

1989 2029 2258 2084 vertitur.

2062 2117 2244 2174 Vsns.
2271 2121 2325 2171 2.
2359 2150 2426 2157 —
2467 2139 2487 2165 ι
2522 2118 2592 2172 Et
2623 2131 2779 2173 nunc
2809 2116 3157 2173 addiderunt
3195 2118 3266 2173 ad
3304 2118 3690 2188 peccandum;

1996 2225 2017 2252 ι
2052 2202 2429 2276 feceruntque
2478 2205 2586 2260 sibi
2617 2205 2903 2261 conilatile
2947 2206 3016 2261 de
3060 2214 3298 2277 argento
3347 2221 3472 2273 suo,
3525 2206 3690 2276 quasi

1993 2313 2016 2341 ι
2049 2293 2484 2350 similitudinem
2538 2293 2843 2356 idolorum,
2894 2293 3119 2349 factura
3165 2293 3454 2349 artiﬁcum
3507 2301 3690 2349 totum

1989 2401 2017 2433 ι»
2047 2390 2148 2437 est.
2188 2405 2206 2429 ι
2265 2383 2345 2436 Et
2373 2399 2534 2448 nunc,
2570 2382 2622 2437 id
2663 2389 2748 2437 est
2781 2382 2836 2436 in
2869 2382 2978 2438 hoc
3011 2383 3130 2452 ipso
3173 2382 3518 2452 praedicandi
3555 2395 3691 2451 pro—

1985 2469 2196 2542 posito;
2250 2471 2325 2524 ad
2361 2471 2694 2540 peccandum
2728 2471 2969 2537 addunt,
3020 2485 3153 2526 cum
3203 2471 3310 2527 sibi
3359 2485 3490 2541 quae
3543 2471 3690 2526 bona

1983 2560 2259 2616 dixerunt
2319 2560 2667 2615 ascribentes
2735 2559 2975 2614 verbum
3036 2559 3132 2614 Dei
3183 2559 3511 2615 adulterare
3574 2573 3688 2613 non

1987 2648 2279 2704 desinunt.
2317 2649 2435 2704 Etsi
2483 2649 2636 2704 enim
2679 2663 2750 2704 ex
2784 2649 2898 2703 Deo
2950 2662 3066 2702 non
3107 2655 3296 2703 tamen
3347 2662 3539 2703 coram
3573 2648 3688 2702 Deo

1983 2737 2218 2806 dicunt;
2261 2737 2328 2790 de
2381 2741 2606 2804 argento
2656 2751 2752 2790 suo
2801 2736 2908 2790 sibi
2951 2737 3220 2805 conﬂatile
3261 2735 3500 2800 faciunt,
3552 2751 3683 2792 cum

1982 2823 2052 2880 de
2116 2825 2446 2894 eloquentia
2497 2839 2605 2880 sua
2668 2825 2844 2894 inepti
2902 2825 3008 2880 sibi
3081 2824 3241 2895 vulgi
3301 2825 3682 2894 frequentiam

1981 2914 2234 2970 conﬂare
2256 2915 2496 2969 contend
2509 2923 2632 2970 unt.
2653 2915 2954 2982 Argentum
2982 2929 3083 2984 pro
3102 2916 3406 2984 eloquentia
3427 2914 3680 2984 ponitur,

1983 3009 2048 3056 ut
2077 3009 2159 3057 est
2193 3017 2206 3055 :
2259 3024 2278 3049 ι
2313 3001 2557 3071 Eloquia
2595 3002 2821 3058 Domini
2852 3010 3155 3071 argentum
3213 3003 3345 3072 igne
3383 3003 3683 3057 examina-

2179 3092 2322 3142 Psal.
2359 3105 2436 3154 xl,
2478 3091 2552 3159 7).
2592 3113 2612 3139 ι
2672 3091 2788 3145 Hoc
2821 3091 3110 3145 conﬂatile
3157 3090 3322 3159 quasi
3367 3090 3684 3147 similitudo

1982 3175 2267 3232 idolorum
2289 3186 2390 3242 est,
2417 3177 2558 3248 quia
2582 3186 2695 3233 tota
2726 3177 2820 3233 illa
2841 3177 2971 3232 vilis
2994 3177 3304 3248 plebeculze
3317 3179 3683 3249 coaggeratio

1981 3279 2085 3334 pro
2123 3265 2242 3320 solo
2275 3267 2545 3336 ligmento
2575 3281 2695 3322 suae
2725 3266 3120 3321 ostentationis
3155 3273 3268 3336 est;
3309 3274 3364 3322 et
3393 3275 3679 3336 quantum

1979 3354 2053 3408 ad
2083 3362 2375 3410 auctorem
2413 3357 2676 3424 pertinet,
2707 3355 2972 3426 quaedam
3001 3355 3071 3410 de
3107 3354 3204 3411 Dei
3239 3355 3296 3410 in
3319 3355 3532 3410 diaboli
3563 3357 3683 3410 cul-

1979 3450 2102 3498 tum
2136 3443 2414 3513 sacrilega
2446 3443 2742 3499 translatio
2763 3452 2865 3499 est.
2901 3444 3146 3500 Factura
3179 3443 3464 3500 artiﬁcum
3500 3451 3680 3500 totum

1977 3540 2082 3600 est,
2111 3532 2548 3602 quiaquidquid
2573 3534 2829 3588 exterius
2849 3541 3184 3602 operantur,
3209 3539 3390 3588 totum
3412 3532 3536 3588 sine
3561 3532 3681 3588 ulla

1975 3620 2235 3677 veritatis
2258 3622 2579 3678 constantia
2596 3637 2628 3691 q
2641 3622 2845 3677 uodam
2872 3623 3214 3676 lineamenta
3238 3621 3440 3677 fucata:
3461 3636 3584 3676 com
3594 3636 3682 3691 po-

1978 3710 2203 3766 sitionis
2247 3719 2500 3780 aptatur.
2559 3733 2580 3758 «
2617 3711 2714 3765 His
2746 3710 2851 3780 ipsi
2882 3711 3084 3766 dicunt
3113 3725 3124 3764 :
3158 3709 3456 3766 Immolate
3485 3709 3678 3765 homi-

1983 3819 2005 3846 ι
2041 3813 2141 3854 nes
2187 3797 2398 3854 vitulos
2444 3799 2767 3854 adorantes.
2809 3820 2829 3845 ι
2886 3798 3046 3866 Quod
3095 3805 3276 3854 totum
3325 3806 3410 3854 est
3438 3799 3624 3854 dicere
3661 3813 3673 3852 :

1977 3886 2122 3952 Quid
2179 3886 2316 3942 tales
2358 3893 2509 3942 219
2553 3886 2772 3942 faciunt
2825 3887 2933 3953 his,
2980 3901 3128 3957 quas
3167 3887 3439 3943 exhibere
3483 3887 3681 3942 viden-

1979 3982 2076 4031 tur
2108 3975 2460 4047 imaginibus
2497 3975 2834 4042 sanctitatis,
2877 3975 2984 4030 nisi
3021 3975 3174 4046 quod
3206 3990 3375 4045 opere
3400 3975 3677 4042 clamant,

1977 4072 2269 4134 quatenus
2319 4065 2532 4120 vitulos
2575 4065 2834 4130 adorent,
2891 4073 2945 4121 et
2993 4065 3047 4119 id
3094 4064 3282 4134 ipsum
3338 4064 3494 4135 quod
3541 4073 3678 4120 sunt

1978 4153 2240 4208 homines
2270 4153 2351 4208 eis
2396 4153 2726 4209 immolent?
2782 4155 2992 4208 i‘itulos
3036 4154 3236 4208 adorat
3269 4152 3537 4222 quisquis
3577 4167 3676 4220 pe-

1978 4240 2238 4297 tulantiae
2271 4241 2582 4297 mundanae
2612 4256 2670 4296 se
2700 4242 2999 4313 subjugat.
3035 4242 3104 4297 Et
3129 4249 3340 4296 natura
3366 4248 3556 4296 tamen
3595 4247 3680 4295 est

1978 4329 2148 4384 vituli
2185 4345 2307 4385 esse
2339 4344 2440 4398 pro
2471 4329 2726 4400 ingenita
2757 4329 3094 4386 lentitudine
3139 4329 3540 4400 ponderosum,
3581 4329 3675 4384 sed

1979 4432 2083 4488 pro
2111 4426 2276 4474 aetate
2323 4419 2619 4475 lascivum.
2652 4417 2811 4484 Quod
2858 4419 2914 4473 in
2962 4418 3274 4488 hypocritis
3317 4426 3488 4488 patet,
3539 4432 3680 4488 quo-

1978 4521 2111 4562 rum
2143 4508 2447 4563 maturitas
2494 4507 2554 4562 in
2603 4507 2943 4563 habitudine
2976 4507 3154 4573 ﬂoret,
3196 4507 3292 4563 scd
3325 4508 3548 4563 hireina
3590 4507 3676 4562 in-

1979 4600 2263 4656 trinsecus
2307 4600 2623 4670 petulantia
2667 4600 2818 4655 fetet.
2869 4599 2936 4655 Hi
2968 4614 3105 4671 ergo
3141 4599 3307 4655 vituli
3335 4599 3674 4666 adorantur,

1977 4690 2065 4745 vel
2124 4689 2353 4745 adorari
2413 4689 2512 4745 tali
2559 4689 2822 4759 exemplo
2868 4695 3192 4752 monentur,
3233 4687 3378 4744 'cum
3423 4688 3552 4744 talis
3582 4704 3677 4744 eo-

1980 4792 2111 4834 rum
2151 4785 2336 4835 status
2363 4792 2473 4850 pro
2507 4777 2689 4850 gloria
2721 4777 2970 4832 nominis
2998 4785 3274 4847 tanquam
3323 4776 3675 4832 venerationi

1980 4867 2282 4923 habendus
2329 4867 2787 4922 commendatur.
2835 4866 2996 4924 Unde
3038 4866 3120 4921 eis
3165 4865 3422 4921 homines
3467 4865 3677 4920 immo—

1979 4955 2120 5021 lant,
2155 4970 2286 5011 cum
2333 4954 2773 5010 rationalitatem
2809 4967 2974 5009 suam
3005 4955 3113 5009 sub
3149 4961 3309 5010 tanta
3341 4953 3678 5010 bestialitate

1978 5041 2292 5098 trucidant.

2052 5129 2224 5184 Vnus.
2256 5131 2308 5182 3.
2341 5159 2408 5168 —-
2437 5149 2459 5177 ι
2505 5127 2721 5184 Idcirco
2749 5135 2921 5183 erunt
2952 5127 3121 5197 quasi
3151 5127 3334 5183 nubes
3371 5128 3674 5194 matutina,

1987 5239 2007 5265 ι
2062 5224 2118 5272 et
2159 5217 2328 5287 quasi
2373 5231 2468 5272 ros
2508 5216 2830 5272 matitunus
2879 5215 3286 5286 pertransiens.
3325 5235 3347 5263 ι
3401 5215 3546 5282 Quia
3579 5217 3675 5282 ita,

1981 5301 2192 5372 inquit,
2233 5301 2305 5356 ad
2354 5301 2601 5356 aliorum
2645 5301 2951 5372 perniciem
2987 5299 3377 5369 przvdieabiles
3416 5301 3536 5356 ﬁeri
3575 5315 3680 5372 ap-

1984 5398 2207 5461 petunt,
2271 5393 2431 5458 quasi
2477 5389 2641 5444 nubes
2693 5392 2966 5444 matutina
3002 5403 3073 5444 ex
3124 5390 3325 5444 merito
3373 5403 3478 5444 suo
3522 5389 3676 5455 ﬁent,

1985 5479 2126 5550 quia
2157 5479 2360 5534 insulae
2401 5492 2603 5534 eorum
2633 5477 2836 5534 laudes
2861 5493 2994 5534 cum
3038 5477 3427 5547 perfunctoria
3453 5493 3676 5547 pompa,

1985 5569 2099 5623 Deo
2145 5581 2344 5622 eorum
2396 5565 2686 5636 nequitias
2735 5574 3040 5636 retegente,
3098 5567 3153 5620 in
3211 5575 3498 5620 momento
3543 5566 3678 5619 deli-

1985 5656 2153 5711 cient.
2201 5653 2397 5710 Nubes
2441 5652 2595 5710 enim
2639 5653 2926 5709 matutina
2975 5666 3189 5708 aurora
3229 5666 3439 5709 cursus
3480 5666 3681 5722 prove-
