3950 6474
274 391 379 446 407

1164 387 1206 440 ν
1281 383 1616 442 GUiBERTl
1657 383 1950 440 ABBATIS
1987 383 2044 438 S.
2089 383 2327 438 ΜΑΒΙᾸΞ
2365 383 2456 440 DE
2498 383 2884 441 NOVIGENTO

3675 383 3798 439 408

277 521 450 578 hente
477 534 599 575 esse
647 532 782 574 mox
815 517 1040 573 desinit.
1078 517 1188 573 Bos
1227 517 1417 572 itidem
1452 515 1566 571 sole
1598 515 1970 570 incalescente
2006 515 2053 568 Α
2083 513 2350 582 voluptas
2375 514 2550 569 menti
2571 513 2892 570 lnxnrianti
2913 512 3254 581 innascitur,
3277 515 3588 572 crudelitas
3601 516 3798 571 etiam

276 610 570 678 disparere
607 607 926 663 consuevit.
977 606 1139 673 Quod
1186 605 1537 674 expositione
1585 619 1698 658 non
1736 603 1969 672 indiget,

278 697 419 767 quia
470 695 527 750 in
572 694 705 764 ipsis
752 694 1184 764 hypocritarnm
1229 693 1530 748 eventibus
1582 707 1722 760 pene
1765 691 1975 745 indesi-

278 792 480 840 nenter
505 783 708 838 elucet.
749 804 768 830 ι
808 782 966 837 Sicut
995 781 1183 850 pulvis
1218 781 1444 836 turbine
1475 788 1675 849 raptus
1700 793 1773 834 ex
1818 793 1972 846 area,

281 895 308 923 ››
342 881 397 929 ct
437 872 584 928 sicut
611 871 822 942 :fnmus
865 871 933 926 de
975 868 1242 924 fumario.
1277 891 1296 916 ι
1347 869 1494 923 Area
1544 875 1736 922 nostra
1777 872 1976 920 sancta

282 961 538 1018 Ecclesia
589 968 692 1022 est.
743 960 832 1015 vel
863 958 1172 1028 cujuslibet
1217 956 1665 1012 conversationis
1711 954 1976 1024 religiosa

284 1050 572 1120 professio.
627 1053 713 1103 Ea:
753 1049 860 1103 hac
893 1064 1022 1101 area
1060 1049 1246 1116 puli-is
1295 1047 1508 1099 turbine
1556 1045 1798 1112 rapitur,
1842 1056 1974 1097 cum

285 1138 565 1194 mentium
613 1135 952 1191 instabilitas
996 1135 1067 1189 ad
1105 1134 1328 1189 illicitos
1366 1141 1546 1196 actus,
1593 1131 1805 1187 diaboli
1837 1131 1977 1186 ﬂatu

281 1233 428 1291 acta,
461 1239 494 1279 a
537 1224 824 1293 proposito
867 1223 1208 1278 dimovi-tur.
1243 1223 1395 1276 Sicut
1421 1235 1655 1290 quoque
1697 1223 1883 1285 fumus
1914 1218 1980 1272 de

280 1315 523 1381 fumario
565 1320 720 1377 sunt,
766 1311 926 1381 quia,
978 1325 1109 1365 cum
1161 1324 1259 1378 per
1309 1310 1530 1364 favores
1569 1309 1684 1362 alta
1715 1307 1979 1377 petierint

281 1409 510 1470 repente
544 1401 897 1469 dispereunt.
943 1399 1094 1454 Sicut
1134 1413 1367 1467 quoque
1390 1398 1570 1466 fumus
1606 1397 1976 1462 intuentium,

283 1490 398 1544 imo
443 1488 964 1550 circumstantium,
1009 1487 1207 1542 oculos
1239 1494 1519 1556 aggravat
1543 1494 1598 1540 et
1629 1484 1976 1554 perstringit,

283 1578 361 1633 ita
392 1592 506 1632 non
540 1576 706 1631 modo
755 1575 1124 1644 simplicium,
1173 1575 1268 1628 sed
1311 1581 1366 1629 et
1406 1582 1746 1643 argutorum
1779 1572 1982 1627 intelli-

288 1667 510 1735 gentias
557 1664 830 1719 simulata
873 1663 1177 1732 aliquoties
1205 1663 1392 1717 virtus
1437 1662 1691 1717 obducit.
1735 1661 1834 1716 liis
1875 1659 1981 1716 rite

283 1753 590 1822 hypocrita
635 1758 1067 1819 comparantur,
1119 1749 1221 1819 qui
1265 1747 1524 1818 lapsibus
1562 1747 1870 1818 inopinatis
1903 1747 1974 1802 ad

283 1841 539 1896 subitum
571 1852 605 1894 a
634 1853 739 1894 suo
766 1847 988 1894 tumore
1019 1837 1317 1892 reiiantnr.

356 1929 526 1984 Vens.
559 1929 612 1981 4.
642 1958 709 1966 —
747 1948 766 1973 ι
816 1927 937 1996 Ego
968 1933 1160 1996 autem
1193 1924 1471 1980 Dominus
1517 1925 1670 1979 Deus
1708 1931 1846 1979 tuus
1875 1923 1976 1994 qui

288 2039 307 2064 ι
342 2015 520 2072 eduxi
575 2023 624 2070 te
677 2014 745 2069 de
800 2023 956 2069 terra
997 2013 1247 2083 IEgypti,
1295 2021 1348 2068 et
1397 2013 1575 2067 Deum
1623 2012 1843 2082 absque
1888 2026 1976 2066 me

291 2128 310 2152 ι
348 2104 580 2169 nescies,
639 2110 695 2158 et
749 2101 1000 2156 salvator
1057 2115 1170 2156 non
1227 2108 1312 2156 est
1366 2108 1572 2170 prater
1629 2115 1736 2154 me.
1777 2125 1798 2147 ιο
1833 2100 1978 2155 Sunt

283 2192 451 2248 multi
484 2191 587 2261 qui
621 2191 768 2246 bona
797 2204 865 2245 ex
901 2189 1140 2244 veritate
1171 2194 1521 2258 proponunt,
1552 2195 1606 2242 et
1635 2187 1978 2257 aliquandiu

285 2280 345 2335 in
387 2280 496 2335 hoc
543 2280 667 2348 ipso
711 2278 1044 2348 persistunt,
1087 2284 1146 2332 at
1192 2292 1325 2332 cum
1355 2277 1578 2332 laudari
1621 2291 1678 2332 se
1708 2277 1976 2339 audiunt,

285 2369 357 2423 ad
405 2367 723 2436 appetitum
775 2366 970 2436 gloria
1017 2373 1240 2421 mutata
1285 2365 1596 2420 intentione
1638 2380 1697 2420 se
1745 2365 1979 2420 transfe-

286 2462 444 2512 runt.
487 2455 587 2510 Est
613 2469 750 2524 ergo
793 2467 860 2508 ac
889 2455 935 2508 si
969 2454 1056 2508 his
1097 2453 1353 2508 diceret:
1402 2452 1723 2508 Meminisse
1767 2453 1978 2509 dcbue-

289 2544 450 2608 ratis,
499 2542 658 2613 quod
713 2556 811 2596 vos
866 2541 1001 2596 olim
1066 2542 1136 2596 de
1184 2541 1550 2596 tenebrarum
1601 2549 1872 2611 potestate
1923 2543 1980 2597 in

287 2645 531 2702 regnum
582 2628 899 2686 dilectionis
953 2644 1090 2684 mea
1135 2629 1531 2684 transtulerim
1589 2631 1725 2697 (Col.
1771 2645 1808 2697 ι,
1867 2633 1978 2698 13),

287 2734 378 2775 me
408 2717 579 2773 semel
629 2717 856 2788 cognito
908 2719 1094 2772 omnis
1141 2717 1294 2772 Deus
1343 2731 1540 2772 recens
1585 2731 1619 2773 a
1669 2718 1831 2773 vobis
1878 2718 1982 2773 de-

291 2808 494 2863 buerat
538 2804 790 2871 excludi,
841 2811 896 2859 et
943 2805 1101 2859 salus
1149 2812 1360 2869 vestra,
1394 2819 1572 2874 quam
1612 2806 1982 2874 providentia

289 2902 492 2950 vestra
522 2893 830 2962 studioque
857 2892 1160 2958 ascribitis,
1191 2893 1328 2947 mihi
1364 2893 1720 2962 potissimum
1751 2895 1982 2950 debuis-

288 2991 370 3038 set
417 2981 646 3044 ascribi,
688 2981 828 3050 quia
876 2981 922 3034 si
975 2980 1161 3034 velitis
1207 2980 1418 3036 salvari
1461 2996 1549 3036 me
1581 2983 1980 3050 pratermisso,

288 3067 579 3124 fallimini.
627 3068 857 3138 Absque
899 3069 1012 3123 Deo
1056 3068 1159 3124 scit
1203 3069 1405 3137 Deum,
1456 3070 1549 3125 cni
1587 3071 1770 3140 magis
1805 3085 1982 3141 quam

289 3159 440 3214 Deus
462 3158 567 3214 coli
595 3159 816 3229 adjacet
845 3158 1073 3213 vitium.

362 3247 530 3303 Vens.
579 3250 630 3313 5,
683 3247 734 3300 6.
767 3275 840 3288 —
882 3269 904 3294 ι
957 3247 1078 3316 Ego
1123 3245 1369 3315 cognovi
1421 3253 1474 3301 te
1517 3245 1573 3300 in
1622 3247 1862 3312 deserto,
1922 3245 1981 3300 in

291 3357 320 3388 ιο
355 3344 510 3392 terra
541 3334 885 3390 solitudinis.
931 3335 1105 3390 Juxta
1152 3347 1368 3402 pascua
1412 3348 1539 3401 sua,
1587 3342 1642 3391 et
1690 3333 1982 3403 adimpleti

295 3447 315 3473 ι
351 3432 506 3490 sunt,
570 3431 625 3478 et
673 3421 938 3488 saturati,
993 3430 1048 3477 et
1111 3421 1486 3476 elevaverunt
1531 3435 1630 3477 cor
1676 3436 1870 3488 suum,
1927 3427 1983 3476 et

294 3535 318 3562 ι
351 3512 508 3568 obliti
540 3517 678 3566 sunt
714 3511 843 3565 mei.
882 3531 902 3557 ι
937 3511 1001 3563 In
1029 3508 1236 3562 deserto
1280 3523 1374 3563 eos
1403 3509 1687 3577 cognovit,
1721 3508 1984 3578 quandiu

293 3601 554 3657 videlicet
618 3597 954 3654 saecularem
1007 3609 1241 3651 exosam
1299 3596 1552 3652 habuere
1602 3597 1981 3666 frequentiam

289 3705 388 3746 eos
436 3686 799 3758 approbavit.
854 3687 1018 3741 Nosse
1067 3683 1220 3738 enim
1279 3684 1376 3739 Dei
1434 3684 1738 3754 approbare
1777 3693 1880 3740 est.
1925 3687 1984 3740 in

293 3783 442 3832 terra
505 3773 819 3829 solitudinis
873 3771 1239 3842 cognoscitur
1300 3771 1568 3842 quisquis
1615 3771 1983 3830 instabilitate

291 3859 501 3914 mentis
557 3873 752 3914 secum
809 3857 1120 3914 habitantis
1173 3859 1348 3929 (terra
1392 3861 1546 3915 enim
1601 3861 1654 3916 in
1704 3868 1981 3918 aternum

293 3950 420 4015 stat)
449 3947 665 4018 {(Eccle.
701 3964 738 4014 ι,
765 3948 816 4016 4)
866 3961 900 4002 a
949 3947 1064 4002 Deo
1111 3955 1407 4017 gratanter
1457 3957 1806 4018 acceptatur.
1865 3949 1984 4005 No-

293 4036 532 4092 tandum
583 4035 737 4106 quod
781 4035 850 4090 de
897 4036 1150 4090 secunda
1199 4051 1458 4105 persona,
1510 4038 1654 4092 mori
1685 4039 1980 4104 Hebraico,

295 4125 367 4180 ad
416 4124 642 4182 tertiam
690 4137 992 4193 personam
1037 4124 1259 4178 transit.
1293 4125 1478 4178 Just-ta
1513 4141 1722 4194 pascua
1759 4142 1860 4180 sua
1889 4141 1980 4182 co-

292 4217 654 4282 gnoscuntur
702 4210 804 4279 qui
853 4210 910 4264 in
943 4209 1156 4265 divina
1197 4210 1448 4266 lectionis
1490 4213 1698 4280 pabulo
1748 4213 1987 4270 fideliter

293 4313 361 4354 ac
411 4297 708 4354 humiliter
751 4296 1126 4352 obiectantur.
1178 4299 1250 4352 At
1298 4313 1430 4353 vero
1474 4299 1806 4370 implentur,
1852 4317 1982 4356 cum

2078 599 2494 670 indignationis
2538 615 2710 669 penes
2748 600 2889 656 alios
2917 609 2970 656 et
2998 601 3230 657 invidia
3261 612 3590 672 generatur.
3627 605 3800 659 Deus

2079 702 2219 757 ergo
2251 690 2353 743 hoc
2382 689 2462 743 eis
2482 697 2688 755 exstat,
2720 689 2888 758 cujus
2910 689 3228 745 efficientia
3255 704 3490 747 causam
3523 698 3796 761 prastat,

2083 777 2235 831 unde
2267 777 2538 845 psalmus,
2571 792 2699 832 cum
2741 791 3003 844 perverso
3037 779 3479 847 pervertendum
3511 795 3648 836 eum
3679 779 3802 834 cla-

2083 872 2201 920 mat
2259 866 2422 934 (Psal.
2459 880 2616 931 xvni,
2650 868 2762 932 26).
2820 871 3015 920 Lua-na
3049 867 3202 921 enim
3248 867 3477 922 crudele
3503 875 3558 924 et
3607 877 3797 938 petu—

2083 951 2203 1007 lnin
2259 961 2342 1008 est
2396 954 2628 1008 animal.
2682 956 2744 1008 in
2801 957 2895 1007 eia
2943 969 3176 1024 quoque
3221 957 3576 1025 Assyriorum
3621 957 3802 1025 quasi

2081 1040 2292 1109 pardus
2340 1050 2422 1096 est
2449 1046 2547 1107 eis,
2593 1057 2728 1098 cum
2775 1042 2890 1097 lata
2919 1050 2974 1097 et
3019 1044 3271 1112 spatiosa
3322 1043 3678 1099 sectantibus
3713 1043 3798 1098 ob

2085 1129 2415 1185 morborum
2464 1144 2701 1185 suorum
2749 1130 3104 1196 varietatem,
3150 1132 3368 1200 quibus
3399 1131 3526 1186 aliis
3555 1131 3800 1201 placere

2086 1221 2357 1286 gestiunt,
2411 1233 2604 1287 poenas
2650 1219 2922 1288 permittit
2973 1218 3127 1274 luere
3167 1220 3481 1274 subitanea
3517 1219 3800 1288 praecipi-

2087 1306 2334 1360 tationis.
2378 1307 2600 1361 Pardus
2637 1307 2790 1361 enim
2830 1313 2884 1363 et
2913 1307 3141 1362 varium
3177 1315 3231 1362 et
3262 1321 3334 1362 ex
3381 1307 3556 1362 nimio
3603 1320 3799 1362 cursu

2087 1395 2146 1449 in
2178 1403 2414 1449 mortem
2444 1409 2694 1464 praceps
2726 1394 2938 1450 animai
2967 1403 3072 1450 est.

2157 1482 2328 1538 Vens.
2359 1483 2414 1536 8.
2442 1510 2515 1523 —
2551 1505 2570 1530 σ
2609 1483 2922 1538 Orcurram
2951 1483 3031 1538 eis
3057 1483 3224 1553 quasi
3255 1498 3391 1540 ursa
3419 1484 3600 1553 raptis
3628 1490 3801 1538 catu-

2094 1592 2113 1618 ι
2150 1569 2236 1625 iis.
2270 1593 2289 1618 ι
2346 1571 2515 1636 Quasi
2554 1587 2685 1624 ursa
2739 1574 2918 1640 raptis
2966 1573 3163 1626 catulis
3205 1575 3282 1625 eis
3330 1572 3480 1628 Deus
3535 1571 3804 1628 occurrit

2089 1673 2220 1714 cum
2253 1658 2633 1715 insecutiones
2665 1668 2840 1729 atque
2874 1660 3160 1716 molestias
3191 1661 3261 1716 ab
3293 1661 3380 1716 his
3411 1660 3512 1730 qui
3541 1676 3636 1716 eos
3667 1660 3803 1716 lau-

2089 1747 2225 1802 dare
2269 1747 2544 1813 solebant,
2590 1756 2643 1803 et
2671 1749 2841 1804 etiam
2887 1749 2976 1804 sui
3019 1753 3202 1818 operis
3243 1749 3646 1819 vilipensiones
3674 1749 3802 1804 im-

2085 1836 2276 1891 mittit.
2311 1837 2452 1892 Ursa
2495 1836 2646 1892 enim
2680 1837 2859 1906 raptis
2894 1837 3103 1892 fetibus
3134 1836 3373 1894 ferocior
3396 1846 3498 1906 est,
3543 1846 3600 1894 et
3639 1838 3799 1893 nihil

2084 1931 2167 1979 est
2211 1925 2366 1994 quod
2411 1925 2594 1994 magis
2639 1940 2840 1981 eorum
2872 1933 3121 1981 mentem
3167 1926 3375 1982 obruat
3406 1941 3582 1996 quam
3626 1927 3794 1997 quod

2085 2014 2220 2083 quis
2247 2028 2344 2068 eos
2375 2014 2446 2068 ab
2479 2029 2716 2083 operum
2753 2029 2990 2070 suorum
3027 2015 3192 2070 laude
3219 2015 3425 2084 privat.
3463 2015 3636 2080 Quasi
3656 2030 3800 2068 ursa

2085 2115 2226 2171 ergo
2259 2116 2562 2157 occurrere
2606 2101 2838 2168 dicitur,
2879 2116 3009 2156 cum
3038 2103 3118 2156 eis
3151 2101 3434 2171 judicium
3467 2100 3800 2156 secundum

2087 2190 2542 2244 convenientiam
2575 2197 2799 2245 natura
2827 2189 3076 2245 hestialis
3101 2190 3380 2245 exeritur.
3413 2212 3434 2238 ι
3460 2190 3529 2244 Ει
3558 2188 3800 2243 dirum—

2092 2298 2112 2324 »
2153 2291 2282 2347 pam
2319 2277 2589 2332 interiora
2623 2277 2830 2346 jecoris
2855 2292 3054 2332 eorum
3097 2291 3109 2330 :
3142 2285 3196 2332 et
3224 2291 3560 2332 consumam
3587 2291 3686 2331 eos
3713 2274 3799 2330 ibi

2089 2389 2116 2416 ›
2153 2367 2320 2435 quasi
2371 2367 2475 2431 leo,
2535 2367 2711 2422 bestia
2756 2366 2880 2436 agri
2937 2367 3153 2421 scindet
3198 2379 3313 2420 eos.
3369 2388 3388 2413 ι
3455 2364 3797 2421 Secundum

2089 2455 2352 2524 physicos
2405 2455 2592 2525 jecore
2639 2469 2921 2509 amamus.
2978 2455 3129 2509 Deus
3177 2468 3316 2524 ergo
3357 2455 3557 2521 jecoris
3604 2469 3800 2507 eorum

2087 2545 2351 2597 interiora
2395 2543 2719 2612 disrumpit,
2764 2557 2895 2598 cum
2939 2542 3146 2597 occulti
3193 2542 3404 2597 amoris
3443 2541 3799 2612 petulantias

2089 2631 2305 2700 quibus
2349 2631 2597 2685 insolens
2645 2630 2876 2685 animus
2919 2630 3242 2685 oblectatur
3285 2634 3453 2700 quasi
3498 2629 3796 2700 quodam-

2090 2719 2256 2774 modo
2293 2727 2637 2774 exenterans
2667 2719 3054 2788 undecunque
3081 2718 3364 2787 patefacit.
3397 2719 3480 2772 Ibi
3508 2733 3591 2770 eos
3627 2721 3798 2787 quasi

2091 2807 2168 2860 leo
2214 2805 2518 2868 consumit,
2565 2805 2703 2860 dum
2752 2812 2964 2859 statum
3017 2819 3237 2871 eorum,
3279 2805 3380 2874 qui
3413 2805 3516 2858 sibi
3565 2803 3793 2872 aliquid

2091 2909 2210 2949 esse
2257 2894 2626 2958 videbantur,
2675 2892 2774 2962 ibi,
2825 2893 2877 2947 id
2910 2900 2994 2948 est
3039 2892 3095 2947 in
3147 2893 3255 2948 hac
3295 2892 3545 2947 carnalis
3595 2892 3796 2961 lapsus

2091 2981 2339 3036 fmditate
2363 2981 2643 3036 exinanit.
2677 2981 2746 3036 Et
2792 2981 2899 3036 hoc
2929 2980 3059 3036 facit
3103 2980 3267 3048 quasi
3300 2979 3406 3047 leo,
3439 2979 3666 3035 assultu
3695 2979 3794 3034 vi—

2092 3070 2288 3125 delicet
2317 3077 2530 3139 aperto,
2563 3083 2674 3123 non
2702 3083 2735 3122 a
2764 3069 2968 3135 cauda,
3005 3068 3060 3123 id
3080 3076 3164 3123 est
3194 3068 3456 3133 latenter,
3492 3075 3555 3123 ut
3586 3068 3789 3123 draco.

2091 3158 2243 3214 Nihil
2273 3157 2424 3212 enim
2459 3158 2642 3227 magis
2678 3157 3015 3226 contiguum
3059 3155 3235 3220 rigori
3266 3157 3573 3226 superbia,
3608 3169 3793 3226 quam

2091 3245 2198 3301 sub
2229 3246 2334 3300 hac
2365 3244 2645 3314 liquefieri
2677 3244 2854 3299 solere
2900 3243 3151 3299 mollitie.
3185 3245 3289 3299 Per
3332 3257 3540 3314 agrum
3573 3243 3795 3298 incom-
3883 3301 3894 3312 ,

2093 3336 2312 3403 positus
2352 3339 2506 3387 no
2547 3340 2600 3388 et
2629 3331 2969 3388 Christiana
3003 3331 3347 3386 urbanitatis
3392 3333 3620 3386 nescius
3661 3331 3794 3386 ani-

2091 3437 2222 3478 mus
2271 3420 2628 3490 intelligitur.
2661 3419 2772 3474 Per
2813 3419 3072 3486 bestiam,
3110 3419 3280 3488 cujus
3311 3419 3503 3474 feralis
3548 3427 3604 3474 et
3631 3419 3796 3474 indo-

2093 3511 2230 3566 mita
2258 3517 2468 3564 natura
2510 3507 2886 3579 dignoscitur,
2929 3505 3236 3576 appetitus.
3281 3507 3470 3561 Bestia
3500 3509 3636 3576 agri
3663 3523 3794 3576 ergo

2091 3615 2177 3654 eos
2206 3597 2430 3663 scindit,
2471 3611 2626 3658 cum,
2681 3595 2860 3650 velint
2902 3595 3106 3661 nolint,
3153 3595 3466 3664 corporalis
3501 3597 3793 3666 appetitus

2091 3687 2362 3758 ingenita
2403 3683 2881 3754 concupiscentia
2923 3684 3071 3753 ipsos
3111 3683 3470 3753 impatientes
3513 3685 3790 3750 efficiens,

2092 3774 2261 3842 quasi
2298 3773 2684 3840 eviscerando,
2719 3772 2924 3843 quales
2961 3771 3116 3842 apud
3147 3787 3206 3827 se
3232 3772 3574 3838 habeantur,
3601 3781 3791 3830 osten-

2091 3863 2195 3920 dit.

2164 3951 2334 4008 Vens.
2365 3953 2416 4004 9.
2459 3978 2528 3989 —
2573 3971 2593 3998 ι
2631 3948 2878 4004 Perditio
2922 3955 3042 4015 tua,
3079 3947 3273 4014 lsrael,
3301 3949 3701 4005 tantummodo
3729 3949 3788 4004 in

2099 4060 2120 4084 ι
2156 4052 2244 4093 me
2285 4036 2572 4092 auxilium
2619 4043 2808 4091 tuum.
2863 4058 2884 4082 -
2939 4035 3201 4091 Israelem
3235 4049 3410 4105 supra
3456 4036 3796 4092 dixeramus

2092 4140 2188 4182 eos
2218 4125 2318 4194 qui
2360 4139 2433 4180 ex
2467 4124 2668 4180 talium
2701 4124 3195 4178 mercenariorum
3245 4123 3486 4179 ﬁdeliter
3513 4138 3611 4179 ore
3650 4139 3794 4193 pen-

2094 4213 2322 4274 debant.
2355 4221 2409 4267 et
2442 4227 2571 4267 cum
2601 4213 2714 4266 Deo
2754 4213 3070 4267 secundum
3109 4211 3511 4281 etymologiam
3545 4212 3792 4269 nominis

2095 4301 2265 4372 dirigi
2295 4300 2623 4369 cupiebant.
2660 4299 2762 4354 Hic
2789 4300 3003 4354 dicitur
3030 4300 3267 4367 perditio
3298 4307 3412 4365 tua,
3463 4315 3530 4354 ac
3558 4301 3603 4355 si
3632 4299 3786 4357 dice-

294 4387 476 4442 fastus
521 4399 594 4440 ex
623 4385 874 4441 scientia
904 4385 1230 4454 copiositate
1267 4388 1607 4456 concipitur.
1643 4389 1991 4445 Saturantur
2029 4391 2074 4446 D
2103 4398 2184 4446 ret
2212 4405 2224 4443 :
2261 4389 2348 4444 'l‘u
2381 4397 2430 4444 te
2459 4387 2754 4444 existimas
2784 4387 3069 4457 perditum
3103 4402 3243 4451 esse,
3276 4389 3414 4457 quia
3462 4388 3565 4442 tibi
3607 4389 3786 4444 conti-

297 4489 430 4530 cum
459 4479 560 4529 aut
588 4472 836 4541 fastidio,
877 4481 979 4529 aut
1005 4475 1275 4542 superbia
1303 4489 1468 4531 sacra
1495 4476 1796 4532 volumina
1822 4479 1990 4546 quasi

297 4561 654 4618 scientissimi
712 4576 818 4617 nec
867 4570 1186 4632 respectare
1232 4562 1569 4634 dignantur,
1604 4572 1658 4619 et
1708 4573 1784 4629 ut,
1819 4565 1992 4636 juxta

297 4651 606 4723 psalmum,
647 4651 834 4706 dicam
868 4666 880 4705 :
915 4651 1154 4707 Omnem
1185 4665 1374 4707 escam
1401 4653 1596 4707 anima
1623 4667 1821 4708 eorum
1856 4655 1990 4708 abo-

296 4741 554 4796 minatur
585 4740 746 4808 (Psal.
779 4755 890 4807 cv1,
928 4742 1032 4807 l8).
1061 4740 1156 4796 Cor
1181 4755 1338 4794 suum
1356 4740 1602 4808 elevant,
1627 4755 1756 4796 cum
1780 4742 1996 4810 sapien.

294 4829 433 4886 tiam
477 4841 644 4884 suam
693 4828 912 4898 ubique
963 4828 1372 4897 percelebrant.
1425 4831 1527 4884 Cor
1571 4829 1724 4884 enim
1757 4843 1862 4898 pro
1895 4846 1992 4886 sa-

292 4919 506 4988 pientia
527 4917 584 4971 in
597 4915 908 4984 Scripturis
919 4916 1173 4984 ponitur,
1196 4916 1336 4986 quia
1354 4916 1614 4986 loquitur
1632 4917 1782 4972 Deus
1795 4932 1989 4986 pacem

297 5008 356 5062 in
390 5005 478 5060 his
502 5004 622 5074 {qui
651 5010 1070 5059 convertuntur
1098 5004 1170 5058 ad
1196 5018 1294 5058 cor
1321 5005 1494 5073 (Psal.
1526 5021 1757 5072 Lxxxw,
1799 5008 1875 5076 9),
1904 5010 1993 5064 sin

297 5093 463 5159 alias,
497 5091 587 5146 vel
625 5099 774 5146 certe
807 5091 946 5160 quia
987 5091 1156 5146 corde
1202 5093 1477 5160 sapimus.
1511 5093 1611 5149 Dei
1639 5095 1990 5151 obliviscun-

296 5189 414 5247 tur,
457 5178 516 5234 in
546 5191 798 5248 quorum
828 5177 1099 5234 cordibus
1126 5179 1362 5235 confusa
1384 5181 1579 5236 omnia
1607 5181 1728 5238 sine
1755 5183 1994 5240 rationis

297 5267 636 5324 auctoritate
661 5265 951 5322 feruntur.

367 5356 540 5412 VEns.
573 5355 628 5409 7.
659 5383 730 5393 —
765 5375 786 5403 ι
837 5355 908 5410 Et
937 5367 1036 5410 ero
1066 5355 1342 5426 eisjquasi
1375 5357 1570 5425 leana,
1603 5359 1752 5415 sicut
1779 5359 1992 5428 pardus

297 5467 325 5494 ιι
361 5445 420 5499 in
447 5443 564 5513 gvia
612 5441 994 5512 Assyriorum.
1031 5463 1058 5490 »
1116 5442 1215 5499 Est
1269 5449 1343 5498 eis
1393 5447 1544 5502 Dens
1589 5449 1752 5516 quasi
1799 5447 1987 5516 (cana,

295 5533 435 5588 dum
480 5546 553 5587 ex
601 5531 752 5586 bono
795 5531 1111 5586 secundum
1159 5533 1312 5602 quod
1361 5533 1666 5589 videbatur
1692 5549 1880 5603 opere,
1911 5543 1986 5603 et,

297 5620 454 5691 quod
499 5625 786 5690 quantum
834 5619 905 5675 ad
955 5617 1141 5688 ipsum
1191 5635 1335 5689 opus
1382 5622 1643 5690 pertinet,
1699 5623 1799 5678 Dei
1843 5630 1984 5689 erat,

2100 4478 2244 4550 gerit
2313 4476 2576 4546 exemplo
2645 4484 2701 4531 et
2749 4477 2980 4530 monitis
3036 4475 3236 4531 talium
3310 4475 3788 4532 damnaticiornm

2101 4564 2593 4634 horripilationem
2649 4563 2908 4634 aliquam
2956 4564 3026 4618 ad
3073 4562 3462 4632 paenitendum
3521 4564 3788 4620 benevole

2100 4654 2445 4723 concepisse.
2493 4651 2775 4718 Quoniam
2827 4651 3004 4719 igitur
3049 4651 3209 4706 vides
3249 4664 3347 4705 eos
3386 4650 3443 4704 in
3475 4663 3581 4705 sua
3626 4649 3790 4704 lenti-

2100 4742 2299 4799 tudine
2328 4742 2634 4810 languisse,
2663 4739 3060 4795 tantummodo
3093 4739 3148 4792 in
3177 4751 3267 4792 me
3295 4746 3463 4794 tuum
3487 4737 3583 4793 tibi
3617 4738 3787 4794 auxi-

2101 4831 2242 4886 lium
2267 4829 2499 4898 expedit
2537 4829 2904 4883 convertisse.

2171 4919 2344 4976 Vens.
2379 4920 2464 4972 io.
2499 4945 2572 4956 —
2625 4938 2647 4965 ι
2687 4916 2794 4972 Ubi
2844 4923 2926 4970 est
2979 4929 3081 4970 rex
3113 4915 3290 4971 tuus?
3338 4915 3589 4970 maxime
3635 4929 3788 4972 nunc

2107 5029 2127 5054 ι
2158 5007 2339 5062 salvet
2369 5014 2421 5061 te
2449 5005 2508 5060 in
2537 5005 2807 5060 omnibus
2833 5003 3080 5059 urbibus
3119 5003 3254 5058 tuis.
3294 5024 3313 5049 ι
3349 5003 3431 5058 Ac
3459 5003 3503 5056 si
3535 5002 3782 5058 diceret:

2099 5097 2186 5152 Tu
2224 5103 2278 5152 te
2333 5103 2432 5150 tuo
2480 5093 2809 5164 magisterio
2849 5093 3312 5162 gratulabundus
3363 5092 3787 5162 supergaudere

2099 5183 2394 5252 volueras;
2443 5190 2497 5238 et
2541 5181 2710 5250 quasi
2756 5196 2861 5250 ego
2887 5195 3016 5236 sum
3048 5179 3232 5246 Pauli,
3267 5194 3372 5249 ego
3405 5194 3534 5235 sum
3565 5180 3780 5248 Cepha,

2095 5286 2204 5342 ego
2259 5285 2386 5327 sum
2445 5269 2642 5340 Apollo
2695 5269 2884 5324 dicere
2930 5282 3184 5338 caperas
3237 5270 3284 5334 (Ι
3311 5270 3441 5321 Cor.
3495 5283 3533 5335 ι,
3584 5267 3687 5338 12),
3731 5278 3784 5325 et

2095 5374 2224 5416 ecce
2249 5373 2444 5429 regem
2475 5367 2660 5424 tuum,
2693 5358 2762 5414 de
2790 5373 2907 5426 quo
2938 5357 3079 5411 falso
3107 5370 3462 5426 speraveras,
3502 5370 3576 5410 ex
3605 5356 3782 5426 hypo-

2096 5445 2226 5499 crisi
2274 5444 2546 5500 decidisse
2591 5443 2942 5498 consideras.
3000 5443 3103 5498 Hic
3151 5444 3400 5498 maxime
3433 5445 3782 5500 necessarius

2097 5532 2198 5588 tibi
2226 5540 2348 5588 erat
2379 5541 2461 5596 ut,
2499 5532 2553 5586 in
2584 5531 2855 5586 omnibus
2887 5531 3127 5586 urbibus
3153 5531 3284 5599 tuis,
3311 5531 3363 5586 id
3393 5539 3476 5586 est
3504 5533 3782 5588 conscien-

2096 5621 2307 5678 tiarum
2355 5621 2791 5690 conceptaculis,
2822 5620 3116 5675 salutifero
3158 5629 3209 5676 te
3241 5620 3493 5676 muniret
3528 5622 3780 5692 exemplo
