3950 6420
122 405 231 460 409

126 640 156 668 ››
192 633 259 675 ac
287 620 599 690 principes.
634 642 653 669 ι
692 622 770 677 Ac
803 622 852 677 si
878 621 1029 677 dicat
1062 638 1074 676 :
1110 624 1179 679 Et
1212 624 1264 678 hi
1298 632 1433 679 sunt
1458 638 1604 694 quos
1636 622 1691 678 in
1719 636 1829 677 ex-

126 716 309 764 tremo
337 709 603 765 examine
634 724 737 779 pro
781 719 1097 779 spontanea
1144 712 1432 781 pauperie,
1485 727 1585 782 pro
1633 710 1828 767 saeculi

125 798 649 865 abrenuntiatione,
709 814 966 855 sessuros
1029 815 1163 856 cum
1196 802 1455 857 Domino
1501 801 1827 872 jactitabas.

130 886 352 943 Dicitur
380 896 574 942 autem
608 888 713 942 hoc
742 902 844 957 pro
878 899 1034 957 parte
1063 904 1261 944 eorum
1296 891 1397 960 qui
1440 892 1685 946 scienter
1718 890 1829 958 hy-

129 975 364 1044 pocritis
406 975 621 1041 favent,
671 984 726 1031 et
776 977 871 1031 tali
920 977 1235 1048 disciplinae
1275 979 1513 1034 obtentu
1563 979 1827 1034 favorum

129 1064 385 1133 gestiunt
415 1064 712 1134 applicari.
739 1066 977 1130 Judices,
1020 1067 1280 1136 inquam,
1315 1070 1417 1133 tui,
1450 1076 1516 1123 ut
1552 1068 1825 1137 opinaris,

25 1184 33 1205 .
127 1166 246 1206 non
280 1152 398 1209 Dei.
436 1154 514 1208 De
549 1154 635 1208 his
670 1154 865 1208 dixisti
901 1169 912 1209 :
962 1158 1048 1208 Da
1076 1157 1215 1209 mihi
1259 1172 1409 1224 reges
1452 1162 1502 1210 et
1529 1159 1826 1227 principes,

130 1239 187 1294 id
212 1250 314 1303 est,
354 1244 423 1296 de
453 1242 666 1296 talibus
696 1243 900 1311 optasti
934 1251 996 1298 ut
1023 1244 1125 1299 tibi
1158 1244 1620 1313 principarentur
1656 1255 1709 1301 et
1740 1260 1828 1301 re-

129 1337 351 1399 gerent,
388 1331 490 1400 qui
536 1331 593 1385 in
633 1346 737 1386 suo
779 1340 831 1387 te
868 1333 1217 1401 discipulatu
1255 1334 1533 1404 obsequia
1570 1334 1826 1405 diligere,

126 1424 185 1472 et
216 1416 483 1475 affectare
513 1419 710 1474 laudes
740 1419 1085 1476 imbuerent.
1119 1420 1279 1488 Quod
1311 1423 1482 1478 etiam
1515 1438 1672 1478 nunc
1700 1437 1828 1478 cre-

126 1505 234 1559 bro
272 1508 669 1576 perspicimus,
724 1516 787 1563 ut
835 1523 949 1563 non
993 1510 1178 1565 solum
1225 1511 1677 1580 hypocritarum,
1733 1510 1829 1567 sed

123 1593 302 1648 etiam
338 1596 725 1663 probabilium
776 1596 1032 1651 virorum
1079 1599 1473 1654 contuberniis
1511 1615 1569 1654 se
1612 1600 1831 1654 immer-

122 1691 288 1752 gant,
323 1692 385 1739 ut
425 1685 850 1753 quodammodo
889 1685 1075 1741 eidem
1122 1688 1226 1757 qui
1266 1688 1349 1743 eis
1377 1688 1688 1744 exhibetur
1725 1688 1827 1742 ho-

25 1793 31 1805 ο
123 1770 253 1827 nori
293 1773 738 1828 communicent.

199 1860 371 1917 Vens.
412 1864 491 1914 tl.
523 1893 591 1901 —
628 1885 645 1910 ι
688 1862 842 1917 Dabo
884 1862 986 1919 tibi
1025 1877 1219 1934 regem
1264 1863 1323 1918 in
1365 1864 1560 1920 furore
1598 1879 1740 1931 meo,
1775 1870 1829 1919 et

126 1971 156 1999 ιι
190 1950 448 2005 auferam
496 1950 555 2005 in
606 1950 1000 2019 indignatione
1043 1966 1188 2007 mea.
1228 1975 1248 1999 ι
1285 1952 1366 2007 Ne
1414 1953 1700 2022 queraris,
1735 1952 1828 2008 in-

125 2050 328 2107 quam,
381 2039 536 2108 quod
599 2054 761 2109 reges
813 2039 1090 2109 gloriosos
1142 2039 1422 2107 amiseris,
1480 2041 1577 2096 sed
1639 2041 1831 2110 potius

126 2140 373 2195 querere
401 2141 592 2195 regem
628 2131 685 2181 in
714 2131 904 2195 furore
931 2145 1042 2183 meo
1074 2131 1177 2183 tibi
1214 2129 1493 2197 dandum,
1526 2130 1688 2186 illum
1720 2129 1829 2185 sci-

126 2213 261 2270 licet
287 2216 385 2284 qui
437 2230 539 2285 pro
578 2230 745 2286 ptena
791 2218 1003 2288 peccati
1049 2218 1269 2273 miseris
1301 2218 1584 2289 infligitur
1628 2232 1829 2288 repro-

125 2303 269 2358 bum
301 2318 532 2359 sensum
570 2319 582 2358 :
626 2312 680 2359 et
718 2306 763 2360 si
806 2319 925 2375 qua
979 2306 1078 2361 tibi
1115 2306 1359 2361 verioris
1407 2304 1823 2376 intelligentiae,

25 2388 36 2411 ’
124 2406 262 2461 quae
292 2392 484 2447 adhuc
514 2400 565 2448 te
609 2402 787 2465 regat,
822 2394 1068 2450 scintilla
1113 2395 1403 2462 resederit,
1434 2394 1587 2464 juste
1611 2395 1829 2464 judicio

123 2477 543 2548 indignationis
572 2481 883 2537 auferetur.

194 2566 368 2622 Vens.
434 2571 606 2624 l2.—
667 2592 687 2618 ι
735 2570 1015 2641 Colligata
1061 2571 1140 2626 esl
1205 2571 1481 2642 iniquitas
1525 2570 1820 2642 Ephraim,

122 2672 150 2704 ι›
183 2654 590 2713 absconditum
642 2667 936 2726 peccatum
982 2659 1127 2730 ejus.
1179 2683 1198 2708 ι
1255 2661 1538 2731 Vulgares
1586 2661 1827 2730 quilibet

122 2751 452 2809 peccatores
499 2744 570 2798 ad
619 2745 990 2801 confessionis
1015 2746 1259 2817 gratiam
1292 2747 1559 2803 facillime
1600 2756 1821 2816 pertra-

122 2829 370 2897 buntur,
404 2832 703 2901 hypocrita
749 2835 847 2889 vix
891 2843 992 2890 aut
1036 2849 1371 2906 nunquam;
1420 2836 1560 2906 quia
1602 2838 1702 2907 qui
1752 2837 1825 2892 ad

122 2916 232 2973 hoc
277 2919 517 2987 laborat,
561 2930 624 2976 ut
666 2923 982 2979 sanctitatis
1019 2924 1251 2979 nomine
1293 2926 1628 2992 honoretur,
1672 2940 1824 2981 nun-

25 2992 34 3009 ’
118 3016 303 3071 quam
336 3005 405 3058 ad
437 3006 540 3060 hoc
570 3013 633 3061 ut
676 3006 891 3062 fmdum
937 3007 1007 3062 de
1048 3022 1107 3062 se
1155 3006 1452 3077 quidpiam
1484 3006 1826 3063 conﬁteatur

839 402 1299 461 TROPOLOGl/E
1339 404 1405 460 IN
1442 403 1644 461 OSEE.
1687 402 1870 460 AMOS
1910 402 1995 458 ET
2033 402 2182 459 .IER.
2225 426 2294 446 —
2334 401 2462 457 LIB.
2504 400 2603 456 III.
2644 402 2713 457 IN
2753 400 2959 458 OSEE.

25 584 31 598 ,
131 553 153 579 ι
192 531 261 586 Et
286 530 512 602 judices
542 530 648 597 tui,
702 532 772 587 de
810 532 1027 602 quibus
1065 534 1261 590 dixisti
1296 550 1308 589 :
1353 535 1436 590 Da
1476 534 1614 590 mihi
1662 547 1827 604 reges
1862 535 1909 588 Α
1941 533 2140 588 mortis
2169 540 2272 599 est,
2306 546 2439 588 cum
2474 532 2750 590 mentium
2787 532 3323 589 insensibilitatibus
3351 529 3637 587 illabendo

3532 399 3636 454 410

1937 620 2257 677 recalelicat
2315 622 2602 691 quidquid
2670 622 2744 678 ibi
2813 622 3122 691 torpidum,
3174 620 3461 690 quidquid
3514 618 3637 675 sine

1938 718 2097 766 motu
2126 710 2231 781 piae
2263 710 2665 766 rationalitatis
2692 718 2794 767 est.
2826 711 2882 766 Si
2921 710 3128 765 ctelum
3172 716 3416 765 vocatur
3441 707 3637 763 anima

1932 798 2097 868 justi,
2143 813 2258 854 non
2309 800 2590 854 immerito
2634 799 2871 869 iniquus
2922 799 3164 870 quilibet
3213 797 3443 853 nomine
3484 795 3636 851 desi—

1939 896 2153 957 gnatur
2179 887 2409 943 inferni.
2448 888 2534 943 Fit
2582 903 2721 959 erga
2765 889 2917 944 Deus
2965 902 3192 943 morsus
3244 885 3471 951 inferni,
3503 896 3636 938 cum

1939 990 2038 1045 per
2068 990 2189 1032 suae
2215 975 2579 1046 aspirationis
2610 978 2874 1047 illapsum
2898 976 3368 1047 praegustandum
3389 988 3447 1029 se
3467 971 3637 1029 exhi-

1940 1065 2031 1119 bet
2064 1064 2374 1131 peccatoris
2400 1066 2705 1136 cujuslibet
2735 1066 2914 1122 cordi.

2008 1155 2173 1210 Vens.
2202 1157 2287 1208 t5.
2312 1184 2380 1194 —
2413 1178 2437 1200 «ι
2469 1154 2789 1211 Consolatio
2831 1154 3165 1211 abscondita
3201 1160 3284 1209 est
3335 1153 3408 1207 ab
3455 1150 3639 1206 oculis

1945 1263 1964 1288 ι
2000 1242 2155 1297 meis.
2196 1242 2343 1309 Quia
2384 1241 2499 1311 ipse
2541 1244 2688 1297 inter
2728 1242 2932 1296 fratres
2957 1241 3183 1296 dividit.
3229 1238 3539 1308 »Superins
3568 1237 3638 1292 de

1938 1331 2275 1386 contritione
2296 1331 2544 1387 filiorum
2593 1331 2842 1397 dixerat,
2888 1345 3046 1385 nunc
3087 1331 3156 1385 de
3203 1328 3400 1383 eadem
3433 1326 3634 1381 subin-

1939 1419 2169 1475 ferendo
2235 1419 2491 1489 replicat.
2556 1421 2859 1475 Consolatio
2920 1416 3293 1474 absconditur
3338 1416 3407 1469 ab
3470 1415 3640 1469 oculis

1941 1509 2060 1575 Dei,
2093 1523 2224 1563 cum
2261 1509 2408 1564 inter
2437 1509 2683 1563 adversa
2726 1508 3023 1578 praesentis
3059 1506 3275 1572 szeculi,
3320 1505 3407 1560 vel
3441 1502 3639 1573 quaeli-

1939 1597 2032 1651 bet
2091 1596 2204 1651 alia
2250 1596 2477 1667 ﬂagella
2535 1598 2655 1662 Dei,
2724 1596 2952 1651 nullum
3020 1594 3327 1663 temporale
3371 1591 3637 1647 solatium

1938 1685 2244 1753 patiuntur
2298 1685 2356 1738 in
2404 1699 2463 1740 se
2521 1683 2821 1739 admittere
2874 1682 3059 1738 sancti
3113 1681 3245 1737 viri.
3279 1682 3385 1735 Per
3439 1680 3638 1735 oculos

1937 1772 2090 1828 enim
2123 1772 2222 1828 Dei
2254 1773 2435 1828 sancti
2470 1772 2874 1843 intelliguntur
2896 1778 2952 1827 et
2989 1770 3157 1837 docti,
3191 1769 3293 1840 qui
3324 1769 3477 1824 viam
3507 1782 3637 1838 pro-

1942 1862 2137 1918 vident
2182 1863 2446 1919 Ecclesiae
2481 1863 2727 1933 corpori,
2768 1862 2859 1918 vel
2906 1861 3077 1918 etiam
3125 1860 3412 1916 illustrata
3462 1873 3496 1914 a
3524 1860 3638 1914 Deo

1938 1949 2169 2007 claritas
2198 1951 2598 2006 intellectualis
2628 1950 2809 2006 nostri
2847 1950 3087 2021 ingenii.
3122 1949 3318 2005 Omnis
3341 1963 3480 2018 ergo
3508 1962 3641 2003 con-

1939 2039 2138 2095 solatio
2180 2040 2250 2095 ab
2290 2040 2378 2095 his
2421 2039 2816 2103 absconditur,
2873 2038 3012 2108 quia
3060 2038 3384 2108 prosperari
3434 2038 3488 2091 in
3531 2037 3638 2091 hac

1939 2129 2053 2195 via,
2084 2136 2185 2184 aut
2218 2129 2363 2183 inter
2392 2129 2591 2184 divina
2627 2128 2870 2183 verbera
2916 2127 2987 2181 ad
3030 2128 3315 2182 modicum
3355 2124 3638 2194 respirare

1940 2216 1998 2270 in
2029 2217 2241 2272 talibus
2265 2216 2610 2272 omnimodis
2648 2217 3051 2271 adversantur.
3101 2214 3231 2269 Ideo
3259 2229 3390 2269 cum
3426 2213 3636 2268 Rachel

1938 2303 2123 2359 noluit
2152 2304 2432 2359 consolari
2466 2306 2679 2372 (Matth.
2720 2306 2909 2371 11,18),
2942 2302 3081 2373 quia
3107 2303 3279 2372 justis
3324 2300 3638 2356 ineffabilia

1935 2393 2125 2448 sciunt
2156 2394 2395 2462 praemia
2433 2394 2769 2463 praeparari,
2802 2406 2934 2448 cum
2975 2391 3145 2446 etiam
3195 2392 3313 2460 ipsc
3357 2390 3634 2457 infernus,

1936 2480 2036 2550 qui
2064 2481 2184 2551 jam
2213 2496 2286 2537 ex
2317 2490 2477 2551 parte
2506 2482 2675 2551 quasi
2706 2481 3018 2536 mordendo
3048 2480 3267 2547 libavit,
3301 2493 3475 2548 quam
3503 2492 3637 2533 sua-

1935 2570 2025 2624 vis
2067 2571 2137 2625 sit
2186 2571 2465 2626 Dominus
2499 2574 2644 2623 inter
2689 2572 2895 2637 fratres
2938 2569 3181 2637 dividat,
3220 2569 3273 2623 id
3330 2575 3413 2623 est
3460 2568 3637 2623 beata:

1934 2658 2214 2727 portionis
2245 2659 2561 2714 mercedem
2601 2658 2751 2714 inter
2788 2674 2884 2715 eos
2913 2660 3016 2728 qui
3050 2658 3232 2714 sancti
3278 2665 3412 2712 sunt
3443 2664 3496 2711 et
3532 2670 3634 2711 vo-

1933 2755 2164 2814 cantur,
2199 2748 2461 2817 accipiat.
2504 2770 2523 2796 ι
2568 2748 2830 2803 Adducet
2868 2756 3128 2803 urentem
3170 2755 3402 2801 ventum
3439 2745 3635 2800 Domi—

1940 2850 2104 2892 »nus
2152 2836 2221 2891 de
2272 2836 2493 2892 deserto
2544 2836 2989 2892 ascendentem:
3048 2844 3103 2891 et
3167 2836 3401 2891 siccabit
3461 2847 3636 2890 venas

1935 2944 1963 2976 ι)
1997 2924 2143 2995 ejus,
2174 2933 2228 2980 et
2258 2924 2535 2980 desolabit
2571 2924 2777 2980 fontem
2807 2926 2950 2995 ejus,
2991 2932 3047 2980 et
3087 2925 3204 2994 ipse
3248 2923 3476 2993 diripiet
3507 2923 3635 2978 the-

1937 3033 1959 3062 »
1986 3025 2228 3068 saurum
2271 3012 2459 3067 omnis
2496 3011 2651 3067 vasis
2692 3012 3102 3067 desiderabilis.
3148 3033 3167 3058 ι
3223 3011 3304 3067 Ne
3341 3025 3478 3081 ergo
3517 3018 3634 3067 ter-

119 3091 442 3148 inducitur.
493 3096 771 3163 Iniquitas
809 3109 948 3166 ergo
989 3096 1257 3165 Ephraim
1306 3096 1633 3167 colligatur,
1684 3096 1825 3166 quia
1862 3125 1904 3179 ο
1935 3108 2148 3165 reatur,
2207 3107 2307 3155 aut
2363 3107 2500 3155 τω·
2573 3115 2673 3171 pro
2731 3100 2929 3170 aliqua
2979 3100 3315 3155 difficultate
3378 3101 3636 3168 desperet

116 3195 431 3251 nunquam
462 3183 635 3239 ullius
668 3185 933 3253 puritatis
973 3185 1204 3255 eloquio
1235 3185 1306 3240 ab
1327 3186 1612 3241 obstinato
1656 3185 1825 3240 corde

26 3336 27 3339 η
119 3270 452 3326 resolvitur.
521 3274 801 3327 Peccatum
855 3273 1011 3328 illius
1077 3272 1473 3341 absconditur,
1533 3275 1673 3343 quia
1729 3273 1825 3329 via

116 3357 247 3427 ejus
280 3360 515 3415 minime
543 3362 653 3416 Deo
683 3362 992 3428 revelatur,
1025 3362 1238 3431 quippe
1267 3375 1302 3416 a
1330 3375 1447 3432 quo
1481 3361 1623 3417 nihil
1657 3376 1822 3431 pror-

120 3458 245 3509 sus,
277 3445 373 3500 sed
404 3460 438 3499 a
466 3447 584 3502 solo
615 3448 834 3503 mundo
859 3456 1180 3517 separatur.

194 3534 368 3590 Vens.
437 3538 518 3589 13.
564 3566 630 3575 —
674 3560 694 3584 ι
748 3536 979 3592 Dolores
1026 3537 1401 3606 parturientis
1464 3538 1694 3593 venient
1738 3538 1819 3603 ei;

127 3638 148 3665 ι
184 3618 306 3687 ipse
367 3620 519 3677 filius
576 3636 691 3677 non
738 3622 986 3691 sapiens.
1037 3646 1057 3671 ι
1114 3626 1328 3678 Dolores
1361 3628 1726 3694 parturientis
1774 3627 1825 3679 ei

26 3754 29 3763 ,
122 3709 388 3777 veniunt,
430 3725 561 3766 cum
592 3712 937 3768 acutissima:
980 3712 1334 3769 titillationes
1372 3714 1563 3769 carnis
1591 3723 1822 3770 uterum

123 3798 333 3852 mentis
358 3798 486 3868 ejus
507 3800 881 3869 abrumpunt.
919 3800 1025 3857 Sed
1056 3800 1206 3858 inter
1244 3802 1367 3858 haec
1394 3805 1511 3872 ipse
1537 3803 1689 3873 ﬁlius
1717 3819 1823 3857 non

122 3886 343 3952 sapiens
370 3894 473 3954 est,
513 3888 653 3957 quia
696 3903 827 3944 cum
872 3889 1053 3945 lilium
1098 3892 1195 3946 Dei
1238 3906 1296 3947 se
1340 3891 1517 3962 imlgo
1556 3893 1821 3948 cantitari

126 3973 396 4042 gaudeat,
443 3977 559 4044 ipse
619 3983 809 4032 tamen
861 3993 969 4032 non
1026 3982 1249 4047 sapiens
1307 3988 1408 4047 est,
1463 3980 1603 4049 quia
1641 3981 1823 4036 Deum

126 4060 351 4118 Patrem
394 4064 450 4118 in
495 4064 610 4120 ullo
653 4066 922 4121 laetificat.
965 4067 1143 4123 Filius
1186 4068 1337 4122 enim
1374 4070 1622 4138 sapiens,
1650 4069 1823 4137 juxta

125 4147 504 4220 Salomonem,
556 4153 805 4211 lzetilicat
861 4164 1079 4226 patrem
1132 4158 1308 4225 (Prov.
1358 4172 1413 4224 χ,
1463 4161 1532 4224 1).
1578 4178 1606 4208 α
1654 4158 1822 4213 Nunc

130 4258 149 4283 ι
183 4242 336 4295 enim
362 4255 478 4297 non
508 4244 680 4299 stabit
707 4244 765 4299 in
813 4246 1151 4301 contritione
1180 4247 1452 4302 filiorum.
1490 4247 1678 4315 (Vens.
1718 4249 1819 4314 li.)

25 4344 30 4359 ο
130 4346 150 4369 ι
187 4327 261 4383 De
291 4342 469 4385 manu
500 4332 695 4387 mortis
744 4333 998 4390 liberabo
1045 4348 1158 4401 eos,
1201 4335 1268 4390 de
1319 4342 1499 4390 morte
1540 4336 1819 4391 redimam

1935 3189 2028 3245 ille
2060 3188 2375 3258 quondam,
2405 3188 2507 3257 qui
2531 3189 2698 3244 modo
2718 3190 2895 3243 Deum
2926 3188 3324 3258 praegustavit,
3350 3187 3630 3253 infernus,

1933 3278 2073 3348 quia
2132 3277 2365 3330 adducet
2418 3280 2677 3331 Dominus
2741 3282 2957 3330 ventum
3033 3281 3293 3337 urentem,
3362 3274 3629 3344 spiritum

1932 3364 2196 3421 videlicet
2234 3365 2480 3435 quiquid
2534 3366 2665 3421 foedi
2712 3374 2795 3420 est
2836 3365 3079 3421 interius
3141 3364 3399 3420 humoris
3446 3363 3633 3419 exsic—

1932 3462 2178 3520 cantem,
2234 3454 2337 3523 qui
2375 3464 2582 3509 ventus
2627 3455 2694 3508 de
2740 3456 2947 3509 deserto
2990 3454 3266 3519 ascendit,
3318 3455 3386 3509 de
3447 3460 3633 3508 mente

1891 3564 1897 3569 ·
1929 3542 2159 3609 scilicet,
2188 3542 2281 3598 cui
2312 3543 2601 3608 exsilium,
2626 3543 2743 3598 imo
2772 3544 3018 3600 solitudo
3048 3552 3131 3599 est
3160 3544 3433 3610 mundus,
3456 3556 3633 3598 emer-

1933 3631 2047 3702 git;
2089 3646 2263 3701 quem
2316 3645 2528 3701 sponsa
2572 3633 2626 3686 in
2667 3633 2916 3687 Canticis
2962 3633 3033 3687 ad
3084 3633 3447 3703 perﬂandum
3498 3632 3632 3687 hor-

1928 3727 2054 3777 tum
2080 3734 2254 3776 suum
2285 3734 2531 3776 evocans
2562 3729 2624 3776 ut
2656 3722 2847 3777 veniat
2891 3737 2963 3777 ex
2997 3723 3227 3777 nomine
3262 3721 3398 3791 petit
3439 3722 3627 3792 (Cant.
3730 3744 3735 3749 ο

1933 3824 2008 3875 ιν,
2055 3810 2164 3875 16).
2212 3811 2262 3865 ls
2291 3809 2465 3865 siccat
2513 3810 2629 3879 ejus
2668 3826 2852 3876 venas,
2902 3825 3036 3866 cum
3080 3811 3441 3881 cogitationis
3490 3823 3634 3864 mea-

1931 3905 2027 3953 tus
2067 3897 2315 3953 obstruit
2361 3912 2463 3968 per
2499 3912 2678 3969 quam
2715 3908 2931 3955 veteres
2973 3900 3109 3955 olim
3158 3900 3517 3969 permittebat
3558 3898 3632 3953 il-

1931 3987 2047 4042 labi
2102 3988 2387 4043 lascivias.
2440 3991 2658 4043 Fontcm
2705 3989 2824 4057 ejus
2876 3988 3110 4056 desolat,
3158 4003 3290 4044 cum
3350 3986 3630 4056 originem

1930 4077 2243 4132 mundanae
2275 4077 2607 4133 intentionis
2634 4077 2745 4132 sub
2777 4076 2953 4133 unius
2978 4077 3243 4133 desiderii
3272 4075 3633 4145 simplicitate

1928 4164 2266 4235 conflagrat.
2296 4165 2469 4231 Quasi
2499 4166 2651 4220 enim
2681 4165 3005 4236 frequentia
3039 4173 3123 4221 est
3156 4165 3628 4231 inhabitantium,

1928 4252 2029 4308 ubi
2075 4253 2470 4323 multiplicitas
2499 4259 2584 4309 est
2622 4256 3006 4324 appetituum.
3049 4256 3197 4311 Fons
3238 4269 3375 4325 ergo
3405 4253 3631 4309 desola—

1932 4347 2046 4407 tur,
2082 4355 2214 4396 cum
2248 4342 2442 4397 saeculi
2494 4342 2772 4397 memoria
2822 4357 2935 4397 usu
2975 4341 3391 4411 cogitationum
3441 4340 3629 4395 neuti-

130 4435 149 4459 ι
183 4429 294 4471 eos.
332 4439 353 4464 ι
392 4420 564 4484 Nunc,
606 4420 662 4476 id
708 4429 813 4487 est,
850 4422 910 4478 in
962 4423 1242 4492 praesenti,
1291 4423 1556 4493 quandiu
1603 4425 1816 4480 scilicet
1857 4429 1899 4483 D
1928 4443 2104 4499 quam
2150 4427 2577 4499 frequentatur.
2627 4431 2790 4486 Tunc
2839 4430 3092 4500 primum
3135 4430 3253 4499 ipse
3297 4430 3366 4485 de
3410 4429 3632 4483 inferno

127 4500 291 4559 hodie
333 4504 563 4574 dicitur,
611 4510 671 4562 in
715 4514 1033 4565 contritione
1072 4512 1323 4581 ﬁliorum
1364 4528 1470 4565 non
1517 4520 1647 4580 stat,
1681 4514 1822 4582 quia

123 4603 217 4645 eos
264 4593 562 4659 Dominus,
613 4612 744 4652 cum
804 4598 860 4654 in
915 4599 1106 4656 labore
1175 4600 1475 4655 hominum
1537 4615 1649 4655 non
1707 4602 1821 4657 sint

125 4679 295 4746 (Psal.
342 4698 516 4751 Lxxn,
574 4686 649 4753 5),
695 4702 827 4743 cum
882 4689 1233 4757 hominibus,
1265 4697 1460 4758 utpote
1516 4704 1660 4759 quos
1705 4704 1818 4745 non

125 4768 342 4839 recipit,
389 4781 454 4828 ut
504 4773 647 4830 filios
693 4791 807 4831 non
855 4777 1106 4848 flagellat
1155 4779 1337 4847 (Hebr.
1382 4794 1479 4840 xu,
1532 4779 1606 4849 6).
1650 4780 1820 4836 Filios

123 4857 274 4913 enim
313 4860 372 4915 in
412 4860 518 4916 hoc
560 4865 778 4918 mundo
829 4866 1092 4935 conterit,
1132 4882 1280 4936 quos
1330 4867 1400 4922 ad
1439 4870 1816 4926 aeternitatem

25 4942 29 4953 '
125 4944 504 5016 subrigendos
528 4950 714 5022 elegit.
753 4953 864 5008 Hos
894 4956 959 5008 de
993 4971 1159 5009 manu
1193 4959 1381 5010 mortis
1415 4957 1636 5024 liberat,
1673 4973 1818 5028 quos

123 5031 190 5086 de
246 5039 663 5107 perpetratione
713 5043 927 5111 peccati
978 5058 1135 5099 nunc
1188 5045 1392 5100 salvat.
1454 5068 1473 5094 α
1512 5046 1816 5102 Peccatum

121 5121 270 5179 enim
332 5127 567 5183 intravit
624 5130 929 5197 mundum,
1019 5140 1073 5188 et
1125 5147 1226 5202 per
1302 5141 1598 5203 peccatum
1666 5150 1818 5192 mors

125 5206 302 5275 (Rom.
352 5230 408 5281 ν,
478 5219 587 5285 l2),
649 5239 676 5266 ››
724 5218 990 5275 effectum
1046 5234 1147 5290 pro
1190 5234 1368 5275 causa
1412 5221 1621 5289 posuit.
1667 5226 1816 5287 Quos

125 5306 312 5356 autem
360 5304 426 5357 de
468 5321 637 5359 manu
667 5310 857 5362 mortis
883 5308 1105 5377 liberat,
1150 5310 1323 5365 etiam
1380 5309 1446 5363 de
1498 5316 1668 5365 morte
1726 5327 1813 5367 re-

124 5382 304 5455 dimit,
334 5407 465 5449 cum
499 5408 645 5463 quos
686 5409 857 5464 opere
886 5405 1147 5464 exuerat,
1191 5398 1406 5466 pariter
1447 5410 1482 5452 a
1524 5398 1814 5453 mortifero

26 5540 28 5547 ,
125 5485 351 5547 quoque
379 5482 452 5537 ab
492 5482 747 5552 ejusdem
793 5500 958 5553 poena
1004 5494 1290 5556 perpetuae
1324 5487 1519 5542 mortis
1546 5487 1809 5542 absolvit.

129 5579 151 5605 ι
187 5562 295 5620 Ero
324 5583 476 5625 mors
507 5577 625 5637 tua,
653 5586 687 5625 o
719 5588 887 5640 mors,
924 5589 1023 5629 ero
1053 5589 1280 5630 morsus
1314 5583 1470 5642 tuus,
1505 5574 1745 5631 inferne.
1784 5598 1805 5625 ι

125 5646 371 5721 Exponit
417 5660 709 5730 quomodo
754 5676 838 5715 eos
876 5663 943 5716 de
978 5652 1146 5718 morte
1190 5663 1407 5719 liberet.
1459 5665 1611 5720 Deus
1658 5678 1812 5721 mors

1928 4518 2136 4573 caelum
2188 4518 2401 4575 factum
2460 4521 2777 4573 thesaurum
2831 4523 3006 4573 omnis
3053 4522 3200 4573 vasis
3232 4518 3631 4587 desiderabilis

1929 4605 2145 4675 diripit,
2178 4621 2310 4661 cum
2341 4622 2496 4673 eum,
2532 4608 2589 4662 in
2623 4622 2740 4677 quo
2761 4614 2897 4663 sunt
2923 4622 3121 4663 omnes
3141 4607 3395 4663 thesauri
3413 4607 3632 4676 sapien-

1927 4694 2022 4750 tia;
2061 4695 2351 4752 Christum
2388 4696 2520 4765 (Col.
2574 4713 2634 4761 ιι,
2673 4697 2746 4765 3),
2786 4710 2819 4750 a
2855 4696 3027 4766 cujus
3067 4695 3422 4751 vestimentis
3475 4709 3627 4764 myr-

1927 4784 2056 4851 rha,
2118 4793 2172 4840 et
2230 4792 2414 4855 gutta,
2468 4794 2522 4840 et
2574 4786 2730 4840 casia
2786 4785 3088 4854 profluunt
3145 4784 3314 4853 (Psat.
3360 4796 3509 4847 xuv,
3559 4780 3628 4848 9).

1926 4873 2369 4944 scilicet'genus
2406 4889 2575 4929 omne
2616 4874 2899 4929 virtutum
2956 4873 3258 4942 purilicato
3295 4871 3415 4941 jam
3459 4869 3630 4925 corde

1927 4963 2292 5032 constringit.
2328 4963 2397 5017 Et
2428 4963 2748 5017 notandum
2787 4962 2940 5031 quod
2983 4962 3197 5017 dicitur
3230 4960 3453 5030 diripit;
3487 4960 3627 5012 diri-

1920 5067 2051 5121 pere
2081 5051 2237 5107 enim
2276 5054 2335 5105 in
2374 5052 2623 5105 diversas
2670 5057 2856 5119 partes
2895 5066 3088 5119 rapere
3141 5057 3243 5105 est.
3294 5050 3629 5103 Thesaurum

1924 5153 2065 5209 ergo
2109 5141 2283 5193 omnis
2328 5141 2477 5193 vasis
2526 5138 2907 5193 desiderabilis
2953 5136 3168 5207 diripit,
3218 5137 3316 5207 qui
3367 5136 3628 5192 omnium

1925 5233 2279 5293 sanctorum,
2322 5226 2410 5281 vel
2454 5226 2760 5293 virtutum,
2810 5226 2912 5296 qui
2956 5226 3015 5281 in
3046 5226 3271 5283 Christo
3300 5232 3626 5286 censentur.

1922 5314 2189 5384 exempla
2218 5328 2693 5385 quaquaversum
2714 5316 2770 5369 in
2798 5330 2856 5370 se
2887 5315 3196 5371 contrahit.

2559 5404 2793 5460 CAPUT
2836 5403 2985 5460 XIV.

1994 5490 2163 5545 Vens.
2206 5493 2250 5543 l.
2278 5521 2343 5531 —-
2389 5513 2409 5538 ι
2455 5493 2650 5547 Pereat
2698 5491 2979 5557 Samaria,
3016 5492 3291 5561 quoniam
3342 5492 3412 5547 ad
3463 5505 3624 5546 ama-

1922 5599 1950 5630 »
1984 5578 2294 5634 ritudinem
2328 5582 2637 5635 concitavit
2667 5581 2850 5636 Deum
2881 5595 3073 5635 suum.
3110 5601 3136 5630 »
3170 5581 3254 5635 Ac
3296 5581 3341 5635 si
3367 5581 3577 5635 diceret
3609 5596 3622 5637 :

1922 5669 2111 5724 Pereat
2140 5668 2212 5725 ab
2251 5668 2769 5737 exemplilicatione
2811 5668 3065 5724 fidelium
3108 5669 3407 5724 exterioris
3438 5668 3626 5727 homi-
