3950 6424
383 395 480 449 411

1238 393 1300 445 V.
1349 391 1678 446 GUIBEBTI
1739 391 2031 446 ABBATIS
2087 394 2143 446 S.
2211 391 2460 448 EARIJ‘E
2520 392 2609 446 DE
2659 390 3054 446 NOVIGENTO

3793 390 3896 441 412

382 528 474 585 nis
512 541 782 599 perversa
825 527 924 582 illa
969 525 1250 591 custodia,
1299 527 1570 596 quoniam
1621 526 1679 581 in
1725 540 1838 581 non
1878 533 2076 581 custo—
2113 523 2163 579 A
2192 525 2353 582 nulla
2395 541 2494 595 spe
2531 526 2650 597 jam
2699 533 2964 596 occupat,
3008 532 3294 595 quantum
3348 525 3421 579 ad
3469 525 3712 580 salutem
3748 532 3894 581 tem-

381 616 592 673 diendo
659 614 990 671 interiorem
1055 614 1235 669 Deum
1293 628 1488 680 suum,
1545 627 1612 668 ac
1668 613 1712 667 si
1771 613 2082 683 vigilanter

377 705 589 760 diceret
622 721 635 758 :
672 703 796 759 Non
837 701 1153 772 quemlibet
1191 709 1518 766 externum,
1563 701 1656 756 sed
1697 700 1949 772 judicem
1985 702 2079 757 in-

381 799 610 846 ternum
683 787 1017 858 provocavit
1074 787 1144 841 ad
1184 787 1644 842 amaritudinem.
1712 809 1732 836 ‹
1770 788 1834 842 In
1891 787 2079 858 gladio

387 900 410 925 ι
445 885 656 948 pereat,
725 876 948 946 parvuli
1010 889 1211 930 eorum
1275 875 1582 942 elidantur,
1650 883 1704 931 et
1767 875 1890 931 fetae
1954 878 2081 946 ejus

387 988 408 1014 ι
445 965 864 1021 discindantur.
905 986 925 1012 ι
965 965 1220 1019 Samaria
1261 966 1320 1017 in
1359 964 1542 1029 gladio
1579 963 1744 1033 perit,
1787 979 1918 1020 cum
1960 967 2080 1034 ipsa

383 1053 610 1109 subtilis
663 1054 720 1108 in
770 1052 858 1107 sui
903 1051 1297 1107 observatione
1338 1051 1641 1116 vigilantia
1683 1051 1985 1116 deseritur,
2047 1065 2081 1105 a

381 1143 830 1210 constipatorum
861 1154 1122 1205 suorum,
1156 1139 1258 1210 qui
1289 1139 1339 1194 ei
1370 1139 1784 1204 adulabantur,
1817 1139 2080 1209 frequen-

381 1229 480 1286 tia.
558 1230 714 1298 Szepc
779 1229 933 1284 enim
1005 1229 1196 1283 evenit
1276 1236 1340 1283 ut
1415 1228 1543 1282 talis
1616 1229 2081 1296 deprehendatur

381 1317 607 1380 astutia.
653 1318 805 1373 unde
851 1319 912 1371 in
960 1317 1147 1386 gladio
1189 1317 1455 1386 signatur
1500 1317 1804 1372 discordia.
1855 1319 2081 1372 Parvuli

379 1423 560 1462 eorum
589 1407 905 1472 eliduntur,
947 1421 1080 1462 cum
1122 1405 1270 1460 allisi
1301 1406 1369 1459 ad
1429 1413 1646 1474 petram
1688 1419 1722 1459 a
1752 1419 1872 1460 sua;
1904 1406 2076 1460 hebe-

382 1497 602 1552 tudinis
657 1495 876 1552 duritia
940 1495 1412 1562 confringuntur.
1475 1494 1711 1550 Parvuli
1773 1503 1909 1551 sunt
1973 1497 2075 1566 qui

380 1585 572 1640 adhuc
626 1585 698 1640 ad
751 1584 805 1639 id
858 1583 1029 1638 officii
1070 1584 1244 1638 rudes
1293 1591 1448 1638 sunt.
1497 1585 1636 1638 Feta
1691 1584 1808 1650 ejus
1865 1584 2076 1640 discin-

377 1673 618 1740 duntur,
675 1687 810 1728 cum
865 1672 922 1726 bi
977 1671 1081 1740 qui
1131 1671 1410 1727 diuturno
1468 1679 1606 1728 sunt
1663 1672 1851 1727 studio
1898 1673 2077 1742 hujus

379 1762 522 1817 artis
579 1760 809 1826 imbuti,
863 1767 919 1815 et
975 1773 1130 1829 spem
1187 1774 1497 1829 concepere
1558 1759 1679 1829 jam
1738 1760 1907 1826 lucri,
1959 1776 2076 1830 quo

2189 614 2440 683 poralem
2486 615 2707 681 attinet,
2772 614 3015 668 animos.
3058 614 3234 680 Super
3286 629 3483 682 equum
3531 630 3638 667 non
3686 628 3892 670 ascen-

2187 701 2398 767 dimus,
2458 716 2588 757 cum
2650 702 2943 756 saecularis
2991 701 3340 756 excellentiae
3392 701 3750 757 nobilitatem
3801 716 3893 756 re—

2187 789 2466 858 spuimus.
2517 791 2693 858 Opera
2733 805 2991 842 manuum
3030 794 3343 842 nostrarum
3392 788 3544 844 ultra
3594 789 3728 845 deos
3776 804 3893 844 non

2187 877 2452 941 dicimus,
2484 892 2616 932 cum
2661 877 2732 932 ad
2777 877 3170 946 spectaculum
3218 885 3426 933 nostra;
3471 877 3633 933 bona;
3659 892 3893 934 conver-

2187 966 2444 1028 sationis.
2503 973 2781 1036 tanquam
2842 966 2912 1019 ad
2962 965 3211 1034 alicujus
3263 964 3596 1021 idololatriae
3639 967 3882 1032 cultum,

2187 1068 2558 1124 nequaquam
2620 1055 2967 1109 lenocinium
3010 1053 3267 1108 ridiculae
3324 1054 3694 1123 vulgaritatis
3746 1055 3884 1109 asci-

2187 1142 2419 1196 scimus.
2475 1142 2830 1196 Praeterierat
2871 1156 2958 1196 me
3006 1141 3218 1196 divina:
3268 1142 3587 1196 tcstilicatio
3641 1142 3879 1198 locutio-

2187 1231 2297 1297 nis,
2368 1231 2523 1300 quod
2592 1230 2793 1299 utique
2855 1245 2953 1298 per
3002 1244 3218 1299 equum
3286 1231 3645 1300 signiﬁcetur
3709 1231 3885 1286 fastus

2188 1318 2384 1389 glorize
2449 1320 2797 1388 temporalis,
2872 1326 2933 1373 ut
2997 1325 3124 1372 est:
3190 1318 3276 1373 Ab
3335 1319 3724 1388 increpatione
3789 1319 3887 1374 Dei

2185 1408 2380 1474 Jacob,
2427 1407 2884 1462 dormitaverunt
2933 1406 3035 1476 qui
3079 1405 3465 1461 ascenderunt
3503 1409 3884 1476 equos(Psal.

2188 1511 2355 1560 Lxxv,
2389 1496 2462 1562 7).
2509 1497 2643 1564 Ejus
2686 1497 2784 1564 qui
2823 1498 2881 1548 in
2920 1509 2985 1549 eo
3019 1500 3097 1548 est
3131 1495 3280 1548 Deus
3321 1494 3626 1550 miseretur
3661 1497 3888 1564 pupilli,

2187 1584 2348 1653 quia,
2400 1592 2700 1652 postquam
2744 1598 2904 1638 mens
2947 1597 2981 1636 a
3024 1582 3318 1652 praesentis
3350 1582 3544 1637 saeculi
3595 1596 3652 1637 se
3697 1580 3891 1636 omni-

2187 1673 2356 1727 moda
2394 1671 2782 1728 consolatione
2825 1672 3075 1741 deponit,
3123 1679 3180 1726 et
3226 1671 3392 1740 quasi
3447 1669 3660 1726 diaboli
3710 1669 3891 1740 patris

2188 1761 2338 1815 ultro
2387 1760 2722 1820 fomentum,
2769 1759 2877 1814 sub
2908 1774 3024 1828 quo
3056 1758 3444 1822 nutriebatur,
3476 1757 3708 1823 amittit,
3738 1766 3795 1813 et
3831 1773 3885 1812 sc

379 1849 620 1905 obtentu
661 1848 783 1904 haec
821 1847 1052 1912 faciant,
1097 1847 1280 1914 rimis,
1334 1856 1397 1903 ut
1447 1849 1527 1904 sic
1567 1848 1777 1916 dicam,
1825 1851 2074 1918 patenti-
2115 1865 2155 1919 Β
2188 1855 2334 1903 ττι
2402 1847 2783 1902 misericordis
2832 1847 2930 1902 Dei
2982 1847 3102 1916 jam
3159 1845 3476 1901 visceribus
3533 1845 3885 1909 intromittit;

381 1937 512 2000 bus,
561 1943 617 1992 et
672 1937 740 1992 ad
791 1936 932 2005 quid
979 1936 1231 2004 aspirent
1275 1935 1501 2005 publice
1547 1944 1940 2004 exponuntur.
2001 1939 2076 1992 De

379 2024 505 2081 fetis
545 2024 634 2079 bis
666 2024 721 2079 in
755 2024 1068 2094 Evangelio
1106 2023 1318 2078 dicitur
1352 2039 1365 2078 :
1397 2025 1490 2078 ναξ
1540 2025 1977 2094 praegnantibus
2020 2033 2076 2081 et

376 2112 832 2168 mammantibus
864 2113 1008 2179 (Luc.
1043 2128 1152 2177 xxi,
1175 2111 1290 2176 23)!

446 2199 618 2256 Vnus.
669 2203 723 2252 2.
775 2229 849 2242 —
903 2222 924 2249 ι
960 2199 1324 2266 Convertere,
1384 2199 1576 2265 Israel,
1643 2199 1716 2255 ad
1766 2199 2074 2255 Dominum

384 2289 624 2344 nDeum
693 2296 880 2354 tuum,
958 2286 1235 2356 quoniam
1307 2287 1573 2343 corruisti
1643 2287 1698 2342 in
1771 2288 2075 2357 iniquitate

375 2396 403 2424 ιο
437 2382 552 2431 tua.
587 2395 614 2425 ι)
659 2375 742 2431 Ad
771 2389 866 2430 eos
895 2375 1110 2444 quibus
1140 2375 1486 2444 imprecatus
1526 2375 1714 2431 fuerat
1762 2375 1895 2431 facit
1929 2391 2073 2445 apo-

377 2463 692 2533 stropham.
731 2464 811 2519 Ac
850 2463 897 2518 si
938 2463 1132 2518 dicat:
1174 2462 1458 2529 Quoniam
1509 2466 1569 2516 in
1601 2466 1913 2533 iniquitate.
1955 2479 2075 2534 qua

376 2565 511 2606 cum
553 2551 666 2606 Deo
705 2550 876 2620 dirigi
917 2549 1173 2614 volebas,
1224 2557 1279 2606 et
1328 2550 1619 2606 Altissimo
1677 2550 1878 2606 similis
1930 2553 2069 2618 ﬂeri,

374 2638 518 2695 dum
548 2639 734 2704 illum,
781 2638 882 2708 qui
931 2639 982 2694 ei
1021 2639 1339 2694 debebatur
1376 2639 1648 2694 honorem
1681 2639 1780 2695 tibi
1830 2654 2072 2710 arroga-

378 2726 498 2793 bas,
558 2729 832 2788 corruisti.
889 2727 944 2782 id
991 2735 1076 2782 est
1119 2728 1193 2783 ab
1259 2727 1417 2782 inani
1484 2743 1583 2796 spe
1631 2729 1912 2784 decidisti.
1980 2729 2074 2782 Ad

377 2817 667 2869 Dominum
725 2818 889 2869 Deum
941 2820 1113 2880 tuum,
1169 2816 1241 2871 ad
1297 2830 1429 2871 eum
1490 2817 1750 2872 videlicet
1808 2832 1922 2872 non
1977 2816 2071 2872 cui

377 2917 595 2972 suppar
651 2903 748 2970 sis,
807 2904 905 2959 sed
972 2904 1142 2974 cujus
1206 2904 1470 2973 subjaces
1534 2905 1758 2968 ditioni,
1823 2913 1878 2960 et
1945 2905 2070 2975 qui,

377 2991 696 3047 secundum
763 2991 917 3061 quod
987 2993 1157 3054 Deus.
1223 2991 1420 3046 arcani
1485 2992 1566 3046 tui
1631 2991 1812 3062 judex
1877 3000 1961 3048 est
2017 3000 2072 3047 et

372 3080 758 3136 simulationis
782 3081 960 3146 testis,
995 3081 1222 3136 tandem
1254 3085 1574 3134 convertere.

446 3169 618 3226 Vnus.
667 3171 716 3224 3.
752 3199 821 3208 -—
854 3191 876 3218 ι
921 3169 1120 3225 Tollite
1167 3168 1463 3224 vobiscum
1509 3169 1706 3234 verba,
1740 3175 1795 3224 et
1824 3183 2066 3224 conver-

371 3276 402 3310 ι
449 3256 633 3314 timini
685 3259 758 3314 ad
817 3258 1146 3314 Dominum.
1185 3279 1206 3304 ι
1267 3257 1457 3313 Verba
1519 3257 1576 3312 in
1643 3257 1954 3326 Scripturis
2016 3266 2072 3313 et

371 3344 749 3400 saecularibus
805 3351 861 3400 et
912 3345 1144 3412 nostris,
1196 3357 1297 3412 pro
1341 3343 1514 3412 nugis
1563 3350 1618 3397 et
1673 3343 1883 3398 fabulis
1935 3345 2069 3413 poni

367 3431 568 3487 solent.
612 3432 773 3487 Unde
815 3431 1097 3487 Ovidius:
1145 3453 1165 3479 ι
1216 3431 1397 3486 Verba
1441 3430 1540 3485 dat
1585 3430 1771 3485 omnis
1825 3444 2006 3485 amor.
2043 3452 2064 3478 ι

370 3520 440 3574 Et
497 3519 676 3575 David
733 3519 805 3574 ad
865 3519 1097 3574 fratrem
1155 3533 1214 3573 se
1273 3517 1648 3587 culpantem:
1712 3540 1728 3566 ι
1767 3517 2065 3586 Nunquid,

371 3607 581 3678 inquit,
622 3621 738 3662 non
777 3607 1021 3663 verbum
1072 3608 1200 3662 est?
1235 3628 1256 3653 ι
1301 3606 1353 3674 (ι
1391 3609 1518 3674 Reg.
1553 3621 1692 3671 xvu,
1741 3605 1858 3674 29.)
1902 3607 2069 3662 Tollit

367 3696 532 3749 verba
562 3695 664 3764 qui
703 3694 864 3765 vulgi
912 3709 971 3750 se
1015 3695 1308 3750 laudantis
1347 3695 1576 3764 despuit
1615 3694 1916 3750 lenocinia.
1961 3695 2067 3750 Sed

371 3782 512 3852 quia
568 3782 648 3838 nil
705 3782 852 3838 tollit
895 3782 998 3852 qui
1051 3797 1110 3838 se
1158 3783 1369 3852 pariter
1415 3797 1530 3839 non
1581 3783 1744 3849 tollit,
1799 3783 2068 3837 vobiscum

316 3884 322 3889 '
371 3870 625 3938 additur,
681 3879 744 3927 ut
791 3871 1008 3927 falsitas
1048 3886 1284 3941 operum
1329 3886 1462 3927 cum
1514 3871 1825 3926 verborum
1857 3870 2068 3926 adula-

373 3957 625 4014 tionibus
663 3958 952 4029 abigatur.
997 3959 1089 4014 Ad
1121 3961 1406 4013 Dominum
1447 3965 1890 4021 convertuntur,
1932 3971 2066 4012 cum

369 4047 436 4102 ad
478 4047 526 4102 ei
561 4047 681 4116 jam
724 4047 1068 4116 placendum
1099 4061 1173 4103 ex
1220 4054 1332 4102 toto
1385 4053 1712 4102 vertuntur.
1771 4047 1887 4100 Hoc
1909 4044 2062 4101 enim

369 4151 465 4190 con
526 4135 846 4205 praepositio
913 4135 1208 4204 praemissa
1271 4135 1574 4205 significat.
1648 4155 1669 4182 ι
1732 4133 1909 4189 Dicite
1963 4134 2062 4190 ei:

375 4244 394 4270 ι
430 4223 670 4279 Omnem
714 4223 876 4278 aufer
924 4222 1306 4292 iniquitatem,
1356 4231 1412 4278 et
1467 4221 1661 4292 accipe
1713 4221 1960 4286 bonum;
2010 4229 2066 4276 et

372 4332 392 4358 ι
426 4311 729 4366 reddemus
761 4309 971 4366 vitulos
1013 4310 1298 4366 labiorum
1335 4318 1686 4367 nostrorum.
1727 4333 1747 4358 ι
1783 4311 2065 4365 Dominus

2183 1938 2310 2005 ejus
2357 1936 2606 2005 profecto
2650 1943 2790 1990 tunc
2842 1935 3165 2001 miseretur,
3214 1934 3354 2004 quia
3393 1934 3580 1989 aliena
3617 1933 3885 2004 benigni-

2190 2033 2276 2080 tas
2306 2040 2418 2079 nun
2450 2031 2772 2093 separatur.

2256 2113 2424 2168 Vens.
2458 2114 2511 2167 5.
2546 2141 2613 2151 _
2653 2133 2680 2159 α
2711 2111 2937 2166 Sanabo
2978 2110 3348 2166 contritiones
3386 2123 3608 2177 eorum,
3640 2109 3880 2180 diligam

2186 2223 2206 2248 ι
2241 2215 2336 2255 eos
2391 2207 2723 2270 spontanee.
2779 2221 2798 2247 ι
2846 2201 3202 2255 Contritiones
3252 2215 3434 2252 eorum
3485 2206 3670 2261 sanat,
3731 2199 3870 2253 dum

2181 2298 2549 2344 veternum-um
2637 2287 2980 2342 detrimenta
3071 2295 3435 2356 peccatorum
3529 2287 3878 2342 restituendo

2183 2383 2534 2446 compensat.
2566 2377 2868 2444 Spontauee
2907 2390 2992 2428 eos
3039 2375 3248 2443 diligit,
3298 2389 3430 2430 cum
3483 2389 3596 2429 non
3645 2375 3880 2444 superfi-

2181 2465 2264 2519 cie
2299 2473 2481 2529 tenus,
2517 2465 2610 2518 sed
2642 2464 2747 2517 sibi
2784 2463 3001 2532 integre
3031 2472 3086 2518 et
3127 2471 3562 2533 perseveranter
3590 2463 3877 2532 astringit.

2180 2554 2284 2609 Cui
2338 2552 2479 2607 illud
2507 2551 2906 2619 evangelicum
2942 2551 3113 2619 paulo
3142 2551 3502 2620 subrespicit.
3537 2551 3682 2606 Cum
3727 2552 3884 2606 enim

2185 2641 2493 2695 Dominum
2552 2639 2789 2708 quidam
2861 2638 3252 2694 sciscitaretur
3293 2639 3620 2694 adolescens
3669 2639 3887 2707 quibus

2183 2729 2356 2782 vitam
2403 2735 2676 2781 aeternam
2726 2728 2950 2780 actibus
3003 2735 3338 2791 mereretur,
3377 2735 3433 2781 et
3484 2727 3602 2796 ipse
3643 2727 3691 2780 ei
3742 2726 3889 2795 legis

2181 2815 2454 2870 mandata
2485 2815 2878 2883 praetenderet,
2909 2814 3143 2884 juvenis
3170 2815 3291 2869 haec
3323 2816 3519 2870 eadem
3543 2815 3615 2870 ab
3648 2815 3886 2871 ineunte

2178 2919 2302 2958 aevo
2363 2918 2422 2957 se
2468 2917 2724 2957 servasse
2775 2903 3086 2971 respondit.
3135 2903 3240 2959 Ubi
3298 2903 3680 2973 subjungitur
3725 2905 3881 2972 quod

2177 2993 2344 3047 Jesus
2388 2992 2636 3046 intuitus
2678 2991 2942 3046 dilexerit
2980 3005 3136 3046 eum.
3186 2991 3290 3047 Cui
3326 2999 3514 3046 tamen
3556 3006 3690 3047 cum
3725 3001 3882 3060 post-

2179 3081 2415 3136 modum
2452 3081 2520 3134 de
2553 3079 2752 3134 mundi
2795 3079 3294 3134 abrenuntiatione
3343 3094 3508 3134 novae
3557 3079 3699 3148 legis
3741 3081 3884 3136 scita

2181 3174 2542 3237 proponeret,
2569 3167 2747 3222 tristis
2787 3168 3124 3222 abscessisse
3171 3181 3307 3222 mox
3337 3167 3571 3230 dicitur,
3599 3169 3884 3236 quoniam

2183 3255 2366 3310 multa
2437 3255 2732 3324 possidens
2782 3255 2940 3310 dives
2990 3263 3134 3310 esset
3193 3255 3412 3325 (Matth.
3467 3269 3583 3313 xxx.
3629 3257 3698 3308 l6
3766 3259 3881 3323 2'2).

2179 3345 2347 3400 Hunc
2404 3358 2540 3412 ergo
2585 3357 2858 3410 amorem,
2917 3351 2971 3398 et
3034 3343 3189 3398 illam
3236 3343 3430 3398 Achab
3479 3343 3631 3412 regis
3677 3344 3884 3412 perﬁdi

2179 3430 2644 3500 perfunctoriam,
2692 3445 2869 3500 quam
2923 3445 3024 3501 pro
3079 3432 3325 3486 demisso
3373 3433 3556 3500 capite
3607 3433 3887 3489 Dominus

2175 3518 2311 3573 olim
2343 3518 2664 3574 laudaverit
2696 3519 3100 3586 humilitatem,
3141 3520 3278 3585 haec,
3333 3519 3596 3588 inquam,
3627 3529 3884 3591 utraque

2174 3615 2371 3661 utrum
2403 3615 2738 3675 spontanea,
2768 3608 2918 3663 sicut
2951 3609 3042 3663 hic
3074 3609 3301 3678 legitur,
3338 3607 3638 3663 dilectione
3669 3609 3874 3679 digna-

2176 3701 2270 3749 tus
2320 3693 2409 3760 sit,
2463 3694 2743 3764 conjicere
2795 3696 2988 3751 velim.
3043 3696 3098 3750 Si
3149 3703 3529 3765 spontaneum
3586 3703 3670 3750 est
3717 3698 3876 3767 quod

2175 3783 2334 3838 nullo
2363 3791 2620 3853 cogente,
2671 3783 2846 3839 nullis
2870 3785 3062 3839 causis
3103 3784 3538 3854 subjacentibus
3570 3783 3649 3850 ﬁt,
3685 3785 3878 3855 majus

2174 3871 2233 3926 in
2267 3872 2381 3926 Deo
2414 3871 2552 3926 mihi
2587 3871 2835 3939 videtur,
2870 3887 3048 3942 quam
3087 3873 3134 3928 si
3179 3887 3251 3927 ex
3307 3872 3505 3927 merito
3553 3873 3644 3928 sit.
3698 3872 3860 3940 Quod

2173 3959 2326 4016 enim
2387 3961 2589 4015 merito
2646 3960 2910 4026 refertur,
2973 3961 3230 4016 debitum
3285 3967 3390 4023 est,
3457 3960 3613 4030 quod
3677 3971 3873 4016 autem

2175 4048 2354 4119 gratis
2396 4049 2735 4118 ingenitum.
2791 4052 2934 4104 Cum
2978 4050 3109 4119 quis
3153 4049 3496 4119 obsequium
3539 4057 3716 4116 amat,
3761 4065 3874 4106 ces-

2173 4144 2337 4192 sante
2397 4135 2585 4192 ofticio
2652 4136 2961 4194 lentescere
3013 4137 3154 4192 solet
3222 4135 3480 4201 affectus,
3547 4137 3868 4208 gratuitum

2173 4233 2388 4290 autem,
2435 4240 2503 4280 ea
2531 4239 2649 4295 qua
2677 4226 2846 4294 coepit
2889 4226 3256 4282 ultroneitate
3297 4225 3589 4294 perdurat.
3634 4225 3867 4293 Sponta-

2171 4329 2264 4366 nee
2289 4327 2424 4383 ergo
2455 4313 2595 4368 mihi
2629 4313 2858 4369 videtur
2885 4313 3074 4370 dictus
3104 4312 3288 4383 diligi,
3338 4312 3441 4382 qui
3471 4312 3593 4368 sine
3650 4325 3871 4381 praece-

371 4406 613 4470 rogatur
673 4405 738 4454 ut
793 4399 1016 4454 auferat
1071 4401 1440 4468 iniquitatem,
1499 4413 1631 4454 cum
1689 4399 1757 4454 de
1808 4397 2065 4454 exhibito
2105 4401 2372 4464 Ddentia
2418 4400 2552 4456 boni
2607 4401 2932 4471 cujuspiam
2992 4400 3348 4471 dignoscitur
3393 4400 3582 4471 allegi.
3633 4400 3868 4456 Perfun-

369 4487 519 4543 bono
584 4501 770 4556 opere,
837 4487 1171 4556 duplicitate
1235 4495 1472 4554 remota,
1539 4487 1789 4543 debitam
1850 4485 2066 4556 petitur

369 4576 701 4645 puritatem.
763 4575 1031 4645 Accipere
1088 4577 1281 4630 bonum
1337 4590 1569 4647 quoque
1629 4576 1861 4645 petitur,
1931 4574 2066 4630 boni

369 4663 582 4720 scilicet
635 4664 889 4720 exercitii
947 4665 1158 4729 studia,
1229 4679 1480 4735 quorum
1545 4663 1717 4719 laude
1763 4669 1818 4718 et
1884 4661 2066 4733 gloria

366 4751 772 4809 fraudabatur.
818 4753 1111 4809 Labiorum
1155 4759 1460 4808 nostrorum
1505 4753 1703 4808 vitulos
1747 4752 2062 4816 reddimus,

370 4843 495 4901 illos
555 4844 821 4900 videlicet
886 4859 1034 4914 quos
1099 4844 1420 4900 adorandus
1483 4851 1550 4900 ut
1633 4841 2068 4899 immolarentur

369 4931 629 4988 homines
663 4932 833 5002 impie
858 4932 1272 5001 clamabamus,
1303 4933 1442 4988 dum
1479 4929 1853 5002 petulantiam
1885 4931 2067 4986 inter-

371 5033 460 5074 nae
491 5018 758 5086 levitatis,
793 5034 910 5090 qua
941 5020 1010 5076 de
1040 5019 1302 5090 populari
1335 5018 1612 5088 obsequio
1649 5017 2065 5088 gaudebamus,

371 5120 550 5177 quam
589 5107 760 5162 etiam
806 5109 1016 5164 nostris
1059 5109 1314 5178 ipsorum
1361 5107 1528 5164 labiis
1570 5106 1808 5162 incitare
1848 5105 2067 5161 soleba-

373 5208 517 5256 mus.
544 5208 643 5264 per
667 5195 1076 5252 confessionem
1101 5196 1216 5252 Deo
1243 5201 1724 5265 representamus.

441 5283 614 5340 Vnus.
666 5285 720 5337 4.
751 5313 823 5324 --
881 5305 909 5334 ‹‹
970 5284 1154 5339 Assur
1203 5297 1320 5340 non
1384 5283 1632 5339 salvabit
1700 5297 1823 5349 nos,
1893 5293 2069 5351 super

371 5391 401 5421 π
432 5386 648 5442 equum
692 5385 808 5427 non
852 5371 1249 5439 ascendemus,
1297 5386 1402 5428 nec
1447 5372 1706 5429 dicemus
1753 5370 1947 5425 ultra:
1983 5368 2068 5423 Dii

373 5481 394 5507 »
433 5459 612 5515 nostri
653 5473 826 5528 opera
876 5473 1160 5516 manuum
1199 5467 1545 5527 nostrarum,
1589 5459 1731 5529 quia
1785 5457 1934 5528 ejus,
1967 5455 2070 5527 qui

387 5567 405 5594 ι
446 5546 503 5601 in
543 5555 594 5602 te
639 5554 724 5600 est
767 5547 1131 5602 misereberis
1193 5547 1417 5618 pupilli.
1457 5569 1478 5595 ι
1514 5549 1695 5602 Assur
1731 5561 1838 5600 non
1885 5545 2071 5600 salvat

372 5647 484 5694 nos,
509 5647 644 5688 cum
672 5631 834 5703 regia
862 5633 1131 5704 cognitio,
1181 5642 1236 5690 et
1273 5633 1466 5691 aulica
1504 5631 1804 5704 promotio,
1846 5638 2072 5687 nostros

2173 4489 2419 4546 ctorium
2476 4497 2667 4546 autem
2727 4489 2785 4545 in
2852 4491 2967 4544 Deo
3032 4490 3109 4545 nil
3163 4497 3264 4552 est,
3327 4496 3429 4544 aut
3487 4487 3871 4544 vicissitudini

2172 4577 2511 4644 obnoxium,
2547 4586 2612 4634 ut
2637 4577 2790 4648 quod
2822 4577 2990 4634 semel
3021 4577 3303 4644 dilexerit,
3337 4577 3664 4632 suboriente
3696 4589 3871 4632 causa

2172 4667 2384 4723 cassari
2446 4681 2582 4722 mox
2657 4666 2849 4736 possit,
2913 4666 3008 4721 sed
3084 4666 3238 4736 quod
3304 4665 3517 4721 dicitur
3580 4665 3868 4732 dilexisse,

2173 4754 2418 4810 ostendit
2467 4755 2740 4825 juvenem
2794 4753 3228 4810 conversatione
3280 4753 3579 4818 forinseca,
3645 4753 3721 4809 ab
3789 4753 3872 4808 bis

2173 4843 2273 4912 qui
2305 4857 2436 4898 eum
2470 4842 2729 4898 viderent
2759 4842 2922 4914 diligi
2968 4842 3237 4912 potuisse.
3269 4841 3370 4898 Cui
3428 4841 3621 4896 sensui
3665 4841 3871 4897 accidit

2175 4930 2331 5000 quod
2360 4930 2572 4986 dicitur
2604 4946 2616 4985 :
2650 4931 2902 4986 Intuitus
2929 4945 3064 4986 eum
3103 4931 3286 4986 Iesus.
3330 4929 3445 4985 Nec
3489 4929 3726 4993 frustra,
3773 4945 3870 4984 nec

2173 5019 2326 5076 enim
2356 5033 2491 5074 eum
2533 5033 2650 5074 non
2696 5026 2954 5074 noverat.
3005 5019 3110 5076 Cui
3143 5017 3328 5074 simile
3353 5025 3436 5074 est
3466 5017 3620 5086 quod
3664 5017 3737 5073 de
3769 5017 3870 5072 fide

2175 5105 2528 5162 centurionis
2575 5105 2787 5161 dicitur
2835 5105 3158 5162 admiratus
3208 5105 3425 5174 (Matth.
3477 5120 3598 5170 vm,
3651 5105 3759 5174 lO).
3803 5105 3871 5159 Et

2175 5193 2316 5262 quid
2347 5193 2406 5248 in
2453 5193 2791 5250 centurione
2831 5193 3156 5250 mirabatur
3197 5208 3368 5264 quem
3413 5193 3555 5248 nihil
3599 5207 3716 5248 non
3753 5207 3788 5248 a
3816 5206 3870 5247 se

2175 5282 2386 5338 habere
2432 5291 2689 5349 noverat,
2751 5283 2861 5338 nisi
2911 5283 3068 5354 quod
3109 5281 3322 5350 dignus
3375 5280 3654 5337 miraculo
3702 5281 3869 5338 homo

2178 5369 2324 5425 idem
2357 5370 2824 5427 monstrabatur?
2853 5371 3129 5442 Sequitur
3160 5385 3172 5424 :
3209 5393 3230 5418 ι
3265 5369 3412 5436 Quia
3436 5383 3677 5425 aversus
3706 5379 3808 5436 est,
3845 5391 3862 5416 ι

2177 5457 2387 5526 inquit,
2443 5480 2464 5506 ι
2501 5457 2664 5514 furor
2727 5473 2891 5514 meus
2941 5459 3013 5514 ab
3062 5459 3159 5514 eis.
3201 5479 3222 5505 ι
3279 5457 3366 5511 Ab
3422 5460 3499 5511 eis
3551 5459 3714 5522 furor
3776 5455 3864 5511 Dei

2177 5545 2480 5613 avertitur,
2518 5561 2652 5602 cum
2695 5546 2883 5602 cordis
2926 5546 3206 5601 hactenus
3244 5544 3657 5614 imptenitentis
3695 5544 3866 5599 obsti-

2178 5631 2335 5688 natio
2377 5631 2726 5688 dimovetur.
2769 5634 2836 5688 In
2877 5631 3040 5688 nullo
3080 5631 3234 5688 enim
3272 5630 3458 5702 magis
3493 5631 3646 5686 Deus
3675 5638 3868 5686 contra
