3950 6422
79 385 189 439 413

804 382 1263 441 TROPOLOGUE
1303 384 1376 439 IN
1415 384 1618 451 OSEE,
1657 383 1838 442 ΑΜοὸ
1875 385 1964 441 ΕΤ
2002 383 2158 448 JER,
2190 414 2258 422 -
2290 383 2418 439 LIB.
2459 383 2554 437 Ill.
2598 381 2667 436 IN
2706 381 2902 439 OSEE.

3504 384 3609 437 414

80 514 379 572 hominem
412 516 583 573 fuerit
611 531 789 588 quam
833 530 967 573 cum
999 529 1193 587 pravae
1235 516 1597 573 conscientiae
1623 516 1791 573 duri-
1829 516 1879 572 A
1905 523 2009 584 est,
2049 516 2253 572 ﬂorent
2278 529 2413 571 cum
2458 515 2531 569 ad
2575 529 2843 585 supernae
2875 516 3075 585 patria
3105 504 3358 572 laetitiam
3393 515 3606 572 indesi-

84 604 230 660 tiam
265 620 380 661 non
403 606 639 662 emollit.

156 694 333 749 Vens.
384 697 436 748 6.
500 726 569 736 —
601 719 619 743 -
657 698 761 750 Ero
819 695 987 765 quasi
1046 709 1160 763 ros,
1222 694 1397 752 Israel
1450 695 1798 765 germinabit

89 803 111 829 ι
148 783 323 852 quasi
366 783 572 849 lilium,
618 792 673 839 et
716 788 979 853 erumpet
1009 784 1178 839 radix
1225 786 1352 855 ejus
1399 792 1462 840 ut
1511 785 1793 841 Libani.»

83 870 190 924 Est
238 871 389 926 Deus
435 875 597 940 quasi
647 888 754 937 ros,
814 887 947 927 cum
999 873 1200 943 gratia;
1247 888 1367 927 suae
1415 874 1798 943 temperantia

84 958 394 1028 refrigerat
438 969 627 1015 motus
668 961 873 1016 mentis
920 960 1149 1031 ignitus.
1198 963 1377 1015 Israel
1420 965 1581 1030 quasi
1619 963 1797 1016 lilium

85 1049 402 1117 germinat,
464 1065 595 1105 cum
678 1050 1073 1105 sanctimonize
1129 1049 1428 1117 desiderio,
1496 1051 1619 1107 sine
1678 1066 1798 1121 qua

86 1137 278 1192 Deum
324 1153 492 1194 nemo
538 1139 772 1203 videbit,
826 1138 1227 1193 ﬂorentissime
1277 1139 1503 1209 ﬂagrat.
1563 1140 1631 1194 In
1680 1154 1797 1209 quo

84 1227 414 1282 notandum
448 1228 602 1297 quod
641 1228 829 1282 lilium
872 1234 927 1281 et
957 1227 1184 1282 sarculo
1213 1228 1532 1293 excolatur,
1579 1235 1632 1283 et
1665 1229 1796 1284 ﬁmo

83 1314 401 1382 aliquoties
451 1317 829 1371 humectetur.
875 1315 1037 1381 Quod
1086 1330 1200 1371 non
1249 1316 1664 1372 inconcinnum
1712 1325 1798 1373 est

85 1403 363 1468 castitati,
413 1418 545 1473 quae
581 1412 636 1459 et
684 1404 1043 1459 abstinentiae
1094 1404 1342 1475 ligonem
1397 1405 1702 1471 desiderat,
1743 1413 1800 1461 et

83 1499 353 1546 veterum
401 1501 760 1561 peccatorum
810 1494 1306 1549 recordationibus
1359 1478 1428 1549 ad
1479 1495 1568 1550 sui
1614 1502 1800 1550 custo-

84 1582 245 1636 diam
276 1583 667 1651 providentior
691 1591 898 1639 exstat.
941 1585 1101 1640 Unde
1144 1592 1201 1639 et
1241 1585 1299 1640 in
1332 1584 1580 1640 Canticis
1612 1585 1797 1641 lilium

84 1672 446 1727 convallium
497 1673 709 1728 dicitur
739 1674 924 1743 (Cant.
962 1688 1023 1743 ιι,
1067 1674 1137 1744 1),
1175 1674 1315 1744 quia
1354 1673 1630 1743 pudicitia
1671 1688 1796 1743 per-

87 1774 360 1816 severare
393 1776 505 1815 non
538 1769 739 1830 potest,
774 1763 881 1816 nisi
940 1776 1072 1831 quae
1120 1762 1409 1831 profunda
1463 1761 1550 1817 sui
1616 1763 1798 1831 ipsius

88 1848 475 1918 vilipensione
523 1851 805 1905 munitur.
858 1850 1086 1906 Israelis
1132 1851 1305 1904 radix
1362 1850 1444 1905 nil
1499 1850 1656 1905 aliud
1710 1858 1796 1906 est

89 1951 276 2006 quam
321 1938 562 1993 ﬁrmitas
602 1938 949 1994 intentionis.
985 1939 1118 1994 Haec
1168 1939 1423 2007 erumpit
1469 1944 1532 1993 ut
1575 1941 1794 2006 Libani,

90 2026 236 2091 sive,
309 2033 372 2082 ut
429 2027 486 2082 in
550 2028 664 2083 alia
731 2028 1103 2083 translatione
1159 2035 1241 2083 est
1301 2028 1500 2083 LXX:
1537 2047 1564 2078 α
1621 2029 1799 2084 Mittet

91 2114 318 2169 radices
360 2128 497 2170 suas
543 2116 709 2185 quasi
765 2116 1038 2183 Libanus,
1077 2138 1098 2164 ι
1134 2130 1267 2171 cum
1322 2117 1640 2172 secundum
1690 2131 1799 2172 ex-

90 2203 414 2260 cellentiam
449 2205 752 2261 exterioris
798 2205 1006 2274 operis,
1055 2212 1280 2260 constat
1323 2204 1581 2260 soliditas
1622 2220 1655 2260 a
1686 2206 1799 2260 Deo

89 2294 364 2350 radicatze
395 2307 496 2362 per
526 2294 865 2349 charitatem
895 2293 1276 2365 cogitationis.
1305 2294 1623 2349 Cedrorum
1643 2295 1798 2351 enim

90 2384 408 2453 proceritas
440 2382 660 2439 radices
700 2383 915 2438 dicitur
959 2382 1169 2438 habere
1219 2397 1583 2452 summopere
1631 2384 1797 2439 altas.

92 2473 221 2528 Non
253 2473 408 2528 enim
454 2480 634 2541 potest
666 2474 892 2541 pondus
938 2471 1162 2527 arboris
1199 2472 1419 2542 grande
1465 2474 1797 2540 subsistere,

93 2560 296 2615 subter
324 2560 505 2629 posita
538 2560 697 2614 brevi
724 2568 779 2615 et
808 2559 1033 2614 inﬁrma
1065 2560 1275 2615 radice.

169 2649 341 2704 Vens.
366 2653 419 2703 7.
472 2679 541 2688 —
576 2666 603 2699 α
644 2649 818 2703 Ibunt
866 2648 1010 2703 rami
1050 2648 1178 2718 ejus
1249 2669 1269 2695 ι
1302 2649 1470 2702 Rami
1506 2649 1625 2715 eius
1661 2656 1805 2704 eunt

96 2722 234 2793 cum
282 2751 454 2806 opera
502 2737 764 2792 ordinate
811 2736 1119 2792 distributa
1167 2737 1492 2806 proficiunt.
1536 2739 1602 2793 Et
1649 2746 1800 2793 recte

101 2835 225 2896 post
251 2827 461 2882 radicis
498 2826 885 2888 altitudinem,
926 2840 1220 2882 ramorum
1271 2827 1574 2898 subjungit
1604 2828 1804 2882 dilata-

101 2914 522 2984 tionem,quia,
555 2915 694 2970 dum
739 2914 984 2985 quilibet
1026 2914 1083 2969 in
1130 2914 1540 2970 beneﬁcientiae
1589 2916 1804 2971 exhibi-

101 3004 253 3059 tione
284 3003 649 3067 distenditur,
701 3017 928 3058 neeesse
954 3010 1039 3058 est
1092 3010 1156 3058 ut
1204 3003 1386 3072 prius,
1437 3003 1483 3058 si
1536 3018 1799 3072 perseve-

1908 614 2111 662 nenter
2153 606 2428 676 aspirant,
2470 614 2525 661 et
2565 620 2790 661 venena
2830 606 3103 662 vitiorum
3137 608 3382 676 proprias
3417 606 3605 662 virtu-

1908 697 1979 753 tis
2008 697 2182 752 odore
2223 696 2612 766 undecunque
2654 695 3014 766 propulsant.
3060 696 3191 752 Haac
3221 696 3373 751 enim
3416 696 3609 752 vinea-

1906 801 2038 842 rum
2104 785 2465 856 dignoscitur
2529 792 2743 840 natura
2801 785 3129 840 ﬂorentium
3199 807 3220 834 ι
3257 793 3321 841 ut
3387 785 3609 842 soleant

1904 875 2195 942 examina,
2246 874 2294 929 si
2356 873 2432 929 ibi
2488 874 2600 929 sint
2653 874 2933 944 contigui,
2987 874 3187 945 fugare
3229 874 3603 943 serpentium.

1906 985 1934 1015 α
1987 963 2312 1020 Memoriale
2359 963 2486 1033 ejus
2521 967 2671 1016 Q23
2719 963 2868 1017 sicut
2911 964 3113 1017 vinum
3174 962 3397 1023 Libani.
3436 984 3458 1011 ι
3496 964 3604 1016 Me—

1903 1054 2129 1108 moriale
2161 1051 2303 1123 justi
2362 1051 2671 1118 cujuslibet
2723 1065 2835 1105 non
2890 1051 3049 1107 aliud
3098 1058 3182 1107 est
3226 1066 3405 1121 quam
3447 1051 3610 1120 spiri-

1904 1143 2078 1199 tualis
2141 1140 2593 1196 conversationis
2658 1140 2908 1209 gloriosa
2971 1140 3182 1209 opinio,
3260 1139 3610 1195 intellectua-

1908 1232 2047 1287 lium
2101 1232 2628 1295 odoramentorum,
2675 1237 2730 1284 et
2788 1229 3075 1298 praecipue
3121 1228 3347 1283 eximiae
3395 1228 3606 1284 discre-

1909 1320 2094 1385 tionis,
2146 1318 2406 1389 apprime
2441 1317 2701 1372 redolens
2747 1318 3128 1372 condimento.
3170 1318 3371 1370 Vinum
3414 1324 3607 1372 autem

1905 1411 2104 1464 Libani
2147 1408 2468 1464 secundum
2517 1407 2764 1462 litteram
2818 1405 3127 1477 pigmentis
3170 1406 3481 1460 admistum
3533 1404 3609 1459 di-

1905 1498 2077 1553 citur.

1978 1587 2148 1643 Vens.
2183 1590 2236 1639 9.
2269 1616 2336 1624 —
2371 1606 2392 1634 ι
2430 1583 2729 1653 Ephraim,
2779 1583 2925 1653 quid
2962 1582 3105 1638 nihil
3152 1582 3306 1637 ultra
3354 1580 3546 1636 idola?
3580 1602 3604 1630 ι

1908 1676 1989 1731 Ac
2046 1675 2090 1729 si
2153 1673 2482 1729 diceretzo
2541 1681 2602 1728 tu
2640 1672 2788 1727 male
2844 1672 3103 1742 frugifer,
3165 1672 3264 1741 qui
3315 1678 3366 1725 te
3395 1670 3607 1726 olivam

1910 1762 2050 1817 falso
2113 1761 2468 1817 fructiferam
2525 1761 2582 1815 in
2652 1760 2819 1815 domo
2878 1759 2975 1815 Dei
3031 1759 3372 1828 appretiaris
3426 1767 3480 1814 et
3523 1760 3611 1828 ja-

1910 1859 2229 1919 ctas,cum,
2272 1851 2423 1906 sicut
2468 1850 2563 1905 hic
2605 1849 2794 1916 audis,
2850 1849 2907 1903 in
2960 1849 3235 1903 memoria
3281 1856 3497 1903 teterna
3539 1847 3611 1902 sit

1903 1941 2098 2009 justus
2149 1942 2321 2010 (Psal.
2377 1956 2491 2003 cxr,
2550 1940 2624 2009 7),
2682 1946 2737 1994 et
2772 1938 3045 1993 memoria
3091 1945 3307 1993 acterna
3356 1938 3428 1992 sit
3467 1935 3608 2005 justi

1908 2045 2041 2087 cum
2075 2030 2363 2092 laudibus,
2402 2044 2509 2086 cur
2537 2036 2602 2085 tu
2633 2028 2734 2084 tibi
2771 2029 2931 2083 inani
2971 2027 3161 2083 studio
3197 2033 3447 2082 statuam
3481 2025 3610 2080 lon-

1910 2134 2086 2189 gaevas
2114 2119 2301 2174 laudis
2336 2119 2559 2189 erigere
2596 2117 2836 2173 niteris?
2862 2118 2931 2171 Et
2962 2116 3280 2171 notandum
3314 2114 3466 2184 quod
3516 2113 3611 2168 ad-

1908 2208 2068 2263 ditur
2118 2210 2257 2262 mihi
2303 2222 2370 2263 ac
2421 2208 2466 2261 si
2494 2207 2828 2262 diceretur:
2883 2206 3001 2260 Hoc
3047 2211 3161 2260 tute
3191 2202 3612 2270 singularitatis

1913 2296 2149 2362 idolum,
2194 2296 2349 2365 quod
2396 2294 2666 2359 celebras,
2712 2293 2852 2348 mihi
2904 2292 3092 2362 potius
3131 2305 3308 2362 quam
3350 2291 3443 2345 alii
3485 2289 3610 2344 cui-

1910 2398 2085 2454 quam
2119 2384 2388 2454 objectas.
2427 2405 2446 2431 α
2484 2384 2604 2453 Ego
2630 2382 2962 2448 exaudiam,
3018 2388 3072 2437 et
3120 2381 3365 2450 dirigam
3397 2392 3552 2433 eum.
3584 2400 3606 2425 ο

1911 2474 1979 2529 Et
2007 2484 2091 2529 est
2116 2487 2318 2529 sensus
2355 2488 2366 2527 :
2412 2473 2519 2537 Tu,
2562 2472 2857 2540 Ephraim,
2910 2471 3009 2526 tibi
3066 2484 3273 2525 nomen
3315 2468 3612 2538 quaeritas,

1909 2562 2007 2618 sed
2049 2577 2165 2633 quo
2216 2570 2269 2618 te
2310 2561 2515 2631 majori
2561 2574 2794 2617 rumore
2844 2559 3197 2630 promulgas,
3252 2573 3317 2613 eo
3359 2557 3552 2611 minus
3580 2571 3615 2611 a

1910 2664 2001 2703 me
2028 2648 2160 2704 sciri
2192 2656 2247 2704 et
2273 2649 2563 2713 exaudiri,
2592 2648 2737 2718 quin
2776 2648 2949 2703 etiam
2980 2646 3152 2715 dirigi
3198 2653 3248 2699 te
3278 2644 3442 2705 scias,
3481 2657 3614 2697 cum

1913 2746 1975 2794 tu
2008 2738 2105 2793 tibi
2142 2746 2344 2794 auctor
2373 2738 2604 2804 existas,
2649 2745 2702 2792 te
2739 2751 2837 2806 per
2876 2744 2928 2791 te
2973 2735 3219 2805 dirigere
3265 2732 3491 2802 gestias.
3529 2732 3615 2787 Is—

1912 2828 2122 2883 raelem
2172 2841 2308 2882 vero
2346 2834 2600 2893 econtra,
2640 2827 2740 2896 qui
2789 2827 2910 2881 haec
2942 2825 3065 2894 ipsa
3103 2838 3137 2878 a
3178 2838 3265 2878 me
3296 2822 3416 2877 solo
3462 2834 3616 2889 repo-

1912 2919 2037 2981 scit,
2064 2916 2376 2971 exaudiam
2413 2916 2626 2986 pariter
2654 2923 2707 2969 et
2738 2915 3005 2984 dirigam.
3042 2933 3069 2963 α
3103 2913 3222 2981 Ego
3266 2918 3330 2966 ut
3374 2909 3615 2964 abietem

1918 3005 2282 3070 »vircntem;
2346 3018 2416 3059 ex
2485 3018 2577 3057 me
2629 3003 2852 3058 fructus
2916 3003 3042 3069 ejus
3117 3000 3386 3054 inventus
3447 3005 3549 3053 est.
3588 3019 3609 3043 ι·

101 3105 230 3147 rare
287 3098 589 3160 proponat.
630 3091 747 3146 alta
789 3091 995 3146 mentis
1045 3091 1453 3147 deliberatione
1503 3090 1795 3147 fundatur.
1842 3112 1881 3167 ο
1914 3097 1981 3148 Ut
2009 3094 2252 3152 abietem.
2298 3092 2506 3162 inquit,
2547 3094 2807 3144 virentem
2838 3091 3075 3156 dirigam
3122 3104 3263 3151 cum,
3310 3100 3425 3156 quo
3455 3085 3613 3140 vide-

104 3201 128 3230 ι
166 3180 237 3235 Et
293 3179 402 3234 erit
450 3179 617 3250 quasi
657 3179 810 3235 oliva
853 3179 1038 3249 gloria
1077 3179 1224 3249 ejus,
1269 3187 1324 3234 et
1366 3180 1507 3234 odor
1552 3181 1680 3249 ejus
1736 3188 1801 3235 ut

105 3291 124 3315 ι
164 3268 381 3324 Libani.
416 3287 445 3319 ››
481 3269 655 3332 Quasi
689 3269 836 3321 oliva
868 3269 1048 3335 gloria
1084 3268 1202 3335 ejus
1240 3275 1347 3334 est,
1396 3268 1499 3336 qui
1529 3268 1801 3337 operibus

102 3356 503 3414 misericordiae
552 3357 884 3412 exuberans
928 3363 1031 3411 est.
1075 3355 1240 3411 Oliva
1282 3356 1435 3412 enim
1484 3356 1590 3411 olei
1641 3357 1801 3412 ferax

99 3453 202 3513 est,
233 3453 288 3501 et
316 3445 455 3500 dum
485 3444 628 3500 alios
678 3445 768 3514 pie
811 3445 1025 3500 refovet
1055 3444 1222 3514 quasi
1256 3453 1647 3515 unguentum,
1684 3462 1801 3517 quo

98 3534 319 3590 dolores
382 3533 741 3603 mitigantur,
810 3532 1099 3588 debilibus
1167 3533 1399 3603 praebet.
1485 3534 1586 3589 Vel
1652 3535 1801 3590 sicut

97 3622 242 3675 oliva
289 3622 468 3689 gloria
538 3620 654 3690 ejus
718 3636 838 3677 esse
894 3622 1125 3688 dicitur,
1194 3622 1337 3692 quia
1395 3623 1548 3678 nitor
1602 3624 1799 3693 gloriae

98 3709 403 3776 interioris,
452 3724 583 3779 quae
632 3710 755 3765 oleo
804 3710 1162 3781 designatur,
1223 3711 1615 3768 testimonium
1661 3728 1797 3768 con-

97 3797 348 3854 scientiae
413 3799 487 3853 ab
556 3798 821 3868 Apostolo
887 3799 1221 3854 nominatur
1274 3800 1350 3869 (ll
1402 3801 1521 3856 Cor.
1584 3815 1621 3865 ι,
1686 3805 1795 3873 l2).

101 3887 245 3943 Odor
265 3885 381 3956 ejus
426 3892 487 3941 ut
535 3887 733 3941 Libani
773 3894 876 3952 est,
922 3901 1055 3942 cum
1106 3886 1389 3957 quidquid
1438 3889 1576 3960 agit,
1637 3891 1802 3960 quid-

102 3975 243 4045 quid
302 3975 583 4045 loquitur,
646 3974 932 4044 quidquid
996 3974 1226 4045 cogitat,
1295 3983 1397 4031 aut
1461 3977 1647 4031 oratio
1698 3982 1801 4031 aut

103 4063 443 4134 contiguum
500 4063 746 4119 orationi
796 4071 896 4118 est.
947 4063 1202 4119 Libanus
1244 4064 1399 4119 enim
1444 4067 1567 4119 thus
1626 4065 1798 4120 inter-

105 4159 382 4222 pretatur.
448 4152 610 4208 Unde
669 4152 728 4206 in
787 4150 1051 4221 psalmo:
1127 4174 1148 4199 «
1202 4152 1517 4223 Dirigatur,
1588 4153 1797 4223 inquit,

103 4242 284 4298 oratio
335 4256 461 4298 mea
513 4242 661 4298 sicut
711 4242 1011 4297 incensum
1064 4243 1235 4311 (Psal.
1286 4258 1410 4311 cxe,
1462 4245 1539 4311 2).
1598 4264 1617 4291 ι
1682 4245 1797 4298 Et:

108 4356 129 4381 ι
164 4331 315 4387 Odor
344 4333 815 4387 vestimentorum
865 4338 1121 4399 tuorum,
1171 4331 1225 4387 id
1253 4339 1335 4388 est
1360 4346 1620 4402 operum,
1652 4333 1804 4389 sicut

99 4420 240 4476 odor
267 4419 661 4490 thuris(Cant.
691 4435 767 4484 ιν,
802 4422 914 4485 tl).
955 4441 977 4466 ι

172 4509 342 4565 Vens.
394 4511 447 4564 8.
494 4538 563 4547 —
599 4528 624 4558 α
678 4507 1102 4565 Convertentur
1149 4509 1410 4565 sedentes
1465 4508 1524 4565 in
1590 4510 1799 4565 umbra

106 4620 127 4644 ι
162 4597 306 4667 ejus,
335 4595 531 4652 vivent
558 4596 765 4663 tritico,
808 4604 863 4653 et
906 4597 1319 4668 germinabunt
1348 4598 1513 4668 quasi
1544 4598 1731 4654 vinea.
1772 4621 1792 4647 ι

99 4686 347 4742 Sedentes
414 4688 472 4739 in
536 4686 731 4739 umbra
794 4687 915 4753 ejus
981 4694 1423 4753 convertuntur,
1487 4702 1619 4743 cum
1696 4689 1799 4759 qui

97 4773 355 4844 exemplo
400 4788 601 4830 eorum
645 4789 703 4829 se
753 4774 1068 4843 applicant,
1114 4775 1186 4830 ad
1246 4775 1421 4830 vitam
1470 4791 1528 4832 se
1585 4785 1798 4834 sanctze

97 4862 543 4919 conversationis
579 4862 909 4918 immutant.
956 4865 1024 4919 In
1068 4865 1265 4918 umbra
1311 4864 1539 4919 lsraelis
1575 4867 1794 4934 sedent,

101 4952 199 5021 qui
255 4950 365 5007 sub
407 4952 757 5020 protectione
805 4951 951 5021 ejus,
1012 4954 1113 5023 qui
1156 4968 1289 5009 cum
1342 4954 1453 5009 Deo
1500 4955 1793 5027 dirigitur,

99 5053 213 5095 sese
289 5039 617 5094 humiliant.
685 5039 888 5096 Sedere
962 5042 1116 5096 enim
1157 5042 1501 5098 humilitatis
1549 5052 1652 5111 est,
1743 5054 1797 5101 et

98 5127 431 5198 hujusmodi
490 5128 746 5183 nubibus
799 5129 1006 5185 caelum
1077 5131 1228 5187 Deus
1292 5132 1534 5201 operire,
1604 5133 1659 5189 id
1714 5142 1797 5190 est

100 5223 390 5286 protegere
446 5215 607 5272 solet.
670 5216 892 5272 Vivunt
942 5221 1142 5285 tritico,
1198 5218 1292 5275 illo
1340 5220 1601 5277 videlicet
1639 5223 1794 5292 quod

97 5305 304 5360 cadens
335 5304 392 5359 in
423 5312 634 5360 terram
667 5314 980 5370 mortuum,
1016 5307 1263 5364 multum
1318 5308 1572 5365 fructum
1602 5311 1795 5367 attulit

99 5407 279 5465 grano
328 5394 513 5463 (Joan.
582 5408 682 5452 xu.
750 5395 841 5461 24,
914 5398 1022 5463 25).
1081 5412 1198 5466 quo
1263 5398 1435 5453 etiam
1502 5399 1794 5457 frumento

97 5481 274 5537 valles
316 5481 620 5537 abundare
680 5482 957 5539 dicuntur
1014 5485 1073 5539 in
1132 5486 1347 5554 psalmo
1410 5489 1577 5555 (Psal.
1638 5504 1788 5557 wa,

103 5568 204 5638 14),
276 5567 416 5637 quia
483 5567 670 5636 gratia
728 5569 901 5625 datur
958 5570 1164 5626 humili
1230 5572 1519 5628 duntaxat
1575 5576 1788 5631 animo.

100 5658 269 5723 Quasi
323 5658 486 5709 vinea
550 5655 898 5725 germinant,
953 5659 1095 5725 sive,
1143 5667 1207 5717 ut
1256 5661 1398 5717 alias
1446 5664 1791 5720 translatum

1910 3182 2041 3237 licet
2074 3181 2383 3236 humiliora
2428 3180 2484 3234 in
2532 3179 2790 3248 praesenti
2826 3178 2895 3232 de
2946 3191 3004 3231 se
3046 3176 3233 3241 sentit,
3290 3182 3447 3229 tanto
3477 3188 3610 3228 cum

1910 3268 2217 3340 proceriori
2276 3269 2572 3337 majestate
2623 3266 2941 3331 sustollam,
3001 3272 3055 3319 et
3113 3262 3361 3318 virorem
3430 3261 3609 3316 beatae

1912 3357 2284 3428 perennitatis
2314 3357 2658 3426 impendam.
2702 3356 2816 3411 Nec
2860 3355 2911 3409 id
2947 3352 3180 3422 injuria.
3220 3351 3362 3406 Nam
3395 3353 3608 3415 fructus

1910 3448 2028 3516 ejus
2066 3463 2133 3501 ea:
2167 3462 2249 3500 me
2288 3446 2583 3501 invenitur
2616 3460 2629 3499 :
2670 3444 2882 3499 scilicet
2924 3458 2995 3499 ex
3031 3456 3152 3497 meo
3189 3454 3316 3495 rore
3355 3438 3607 3509 procedit

1911 3535 2197 3606 quidquid
2230 3534 2309 3604 pii
2339 3534 2513 3589 studii
2539 3534 2620 3589 illi
2651 3534 2991 3588 innascitur.

1981 3624 2145 3680 Vens.
2184 3626 2266 3680 l0.
2301 3654 2369 3663 —-
2402 3645 2429 3671 «
2461 3624 2599 3689 inis
2625 3624 2852 3692 sapiens
2903 3630 2957 3677 et
3001 3619 3280 3689 intelliget
3323 3616 3466 3672 ista?
3511 3616 3604 3671 In-

1915 3736 1935 3761 »
1972 3713 2229 3783 telligens
2286 3722 2341 3769 et
2400 3712 2535 3769 sciet
2592 3714 2731 3768 hare.
2770 3735 2791 3759 ι
2864 3712 3092 3781 Sapiens
3150 3712 3261 3762 ista
3320 3706 3602 3775 intelligit,

1910 3803 2050 3872 quia
2106 3802 2301 3872 procul
2337 3802 2512 3858 dubio
2557 3801 2661 3857 nisi
2713 3800 2872 3871 prius
2923 3800 3055 3869 quis
3112 3797 3299 3853 cordis
3349 3796 3604 3864 palatum

1909 3892 2117 3946 caelesti
2150 3905 2352 3960 sapore
2381 3891 2677 3957 condierit,
2708 3903 3015 3958 nunquam
3045 3887 3116 3942 ad
3173 3883 3606 3951 intelligentiam

1911 3981 2118 4037 horum
2148 3995 2278 4050 quae
2308 3980 2458 4035 dicta
2506 3986 2662 4046 sunt,
2704 3979 2986 4047 attingere
3028 3975 3252 4045 poterit.
3289 3975 3607 4046 Intelligens

1913 4083 2047 4125 vero
2074 4069 2176 4125 scit
2203 4068 2347 4139 quia
2375 4082 2475 4138 per
2513 4067 2886 4123 subtilitatem
2932 4062 3291 4121 discretionis
3329 4060 3400 4114 ad
3430 4059 3610 4115 scien-

1911 4160 2070 4223 tiam,
2114 4158 2165 4213 id
2209 4165 2294 4213 est
2322 4158 2783 4228 experimentum
2833 4162 3044 4210 sanctas
3083 4150 3321 4212 actionis
3368 4149 3602 4207 accedit.

1910 4249 2048 4315 Quae
2078 4250 2265 4303 autem
2305 4247 2418 4301 sint
2450 4246 2570 4301 haec
2609 4260 2740 4315 quae
2783 4245 3016 4300 scienda
3058 4253 3217 4311 sunt,
3249 4258 3608 4315 consequen-

1912 4344 1996 4392 ter
2026 4336 2416 4405 proscquitur.
2468 4356 2488 4383 ι
2538 4334 2685 4400 Quia
2719 4342 2904 4400 rectas,
2958 4335 3167 4404 inquit,
3211 4335 3318 4391 viae
3360 4334 3605 4398 Domini,

1843 4411 1939 4473 1)»
1986 4432 2041 4479 et
2086 4423 2230 4493 justi
2274 4423 2658 4478 ambulabunt
2704 4422 2764 4477 in
2814 4424 2915 4491 eis,
2972 4424 3443 4493 praevaricatores
3494 4437 3611 4479 cor-

1910 4533 1937 4563 »
1970 4520 2139 4568 ruent
2171 4512 2228 4567 in
2268 4511 2369 4568 eis.
2408 4534 2427 4559 ι
2489 4513 2601 4564 νέω
2638 4513 2871 4575 Domini,
2912 4526 3046 4567 cum
3086 4514 3406 4568 secundum
3451 4512 3609 4581 psal-

1909 4616 2067 4657 mum
2099 4602 2211 4657 sint
2252 4599 2643 4656 misericordia
2682 4607 2737 4655 et
2776 4600 2989 4655 veritas
3020 4601 3191 4662 (Psal.
3277 4614 3435 4665 xxiv,
3488 4600 3604 4669 l0);

1904 4691 2281 4746 misericordia
2339 4704 2457 4761 qua
2499 4697 2824 4759 peccatores
2872 4688 3197 4758 paenitendo
3245 4689 3609 4744 reducuntur

1905 4781 1977 4836 ad
2017 4781 2267 4845 veniam,
2302 4781 2505 4833 veritas
2555 4792 2674 4848 qua
2720 4778 3041 4833 secundum
3090 4778 3256 4833 ﬁdem
3306 4777 3607 4846 promisso-

1908 4883 2038 4924 rum
2082 4869 2222 4938 justi
2263 4868 2573 4923 trahantnr
2609 4866 2681 4921 ad
2734 4866 3004 4938 gloriam;
3048 4872 3206 4919 recta:
3256 4873 3412 4931 sunt,
3466 4865 3606 4921 dum

1904 4972 2007 5012 nec
2057 4965 2338 5026 peccator,
2373 4956 2417 5010 si
2449 4956 2771 5023 pmniterat,
2807 4968 2841 5009 a
2874 4953 3058 5023 gloria
3098 4954 3455 5019 excluditur,
3504 4969 3608 5009 nec

1898 5045 2093 5115 justus
2121 5045 2228 5100 nisi
2266 5060 2399 5100 cum
2432 5044 2625 5099 labore
2664 5044 2918 5098 maximo
2961 5044 3031 5098 ad
3070 5043 3331 5099 eamdem
3364 5043 3607 5113 gloriam

1852 5205 1863 5215 .
1904 5133 2119 5189 intrare
2168 5132 2544 5202 permittitur,
2600 5133 2715 5187 Deo
2757 5131 2837 5187 ita
2885 5139 3238 5201 temperante
3285 5138 3349 5188 ut
3405 5139 3608 5187 neuter

1902 5237 2007 5278 suo
2037 5222 2158 5292 pari
2191 5221 2542 5291 prmjudicet,
2574 5220 2713 5276 dum
2745 5228 2801 5276 et
2824 5220 3020 5291 justus
3053 5219 3224 5275 habet
3253 5221 3409 5290 quod
3439 5220 3606 5275 inno-

1902 5320 2098 5367 center
2142 5310 2406 5373 emeruit,
2441 5324 2546 5366 nec
2587 5310 2779 5366 minus
2831 5310 2998 5365 aliter
3043 5310 3308 5379 possidet,
3352 5308 3455 5380 qui
3485 5309 3603 5365 vim

1902 5414 2081 5467 regno
2136 5400 2410 5455 caelorum
2470 5398 2765 5455 inferendo
2826 5400 3101 5455 violenter
3157 5398 3297 5454 illud
3348 5398 3605 5468 abripuit

1905 5489 2125 5559 (Matth.
2154 5503 2232 5549 χι.
2275 5490 2374 5547 12).
2407 5490 2551 5542 ,Ιηεεὶ
2588 5490 2647 5543 in
2680 5492 2757 5542 eis
2785 5488 3107 5553 ambulant,
3142 5488 3283 5557 quia
3315 5488 3435 5544 sive
3467 5503 3601 5557 pcc-

1903 5586 2082 5644 cator,
2114 5578 2233 5632 sive
2261 5576 2456 5645 justus
2486 5577 2575 5636 sit.
2615 5584 2916 5646 postquam
2962 5576 3018 5631 in
3056 5577 3138 5631 eis
3182 5577 3303 5631 sive
3348 5590 3449 5645 per
3480 5591 3599 5646 pce-

1901 5664 2224 5731 nitentiam,
2258 5679 2361 5721 seu
2391 5679 2493 5735 per
2517 5663 2802 5734 justitiam
2833 5664 3186 5731 cohabitant,
3226 5665 3299 5720 ad
3338 5665 3437 5720 Dei
3478 5680 3599 5721 ma-
