3950 6416
354 369 456 422 415

1240 371 1306 427 ν.
1352 373 1682 430 GUIBEBTI
1721 375 2015 432 ABBATIS
2052 378 2106 432 S.
2151 377 2392 434 ΜΑΒΗΣ
2435 380 2524 436 DE
2567 381 2964 438 NOVIGENTO

3776 389 3882 441 416

355 517 495 558 num
519 519 689 574 aequa
718 513 867 561 sorte
895 505 1126 562 deducti
1165 522 1278 562 non
1327 508 1632 578 dispariter
1683 525 1886 565 nomen
1920 525 2042 580 por-
2078 515 2124 566 Α
2155 513 2306 569 tione
2332 516 2707 585 suscepimus.
2743 517 2868 586 Ipse
2915 517 3112 588 igitur,
3145 519 3316 589 cujus
3346 520 3706 576 munditiam
3748 536 3877 576 sor-

355 597 496 646 tant.
557 594 630 647 At
688 594 1153 662 praevaricatores
1209 595 1265 650 in
1315 598 1396 651 eis
1441 605 1743 664 corruunt,
1799 600 1899 668 qui
1949 607 2050 654 aut

348 679 503 749 juste
531 680 784 748 vivendi,
809 690 911 738 aut
943 685 1302 752 postmodum
1331 687 1638 754 paenitendi
1667 687 1802 756 jura
1825 702 2048 743 cassare

354 782 468 823 non
500 777 785 825 metuunt.
832 771 1057 826 Gratias
1106 773 1286 828 sancti
1318 773 1568 842 Spiritus
1608 775 2046 844 omnipotentis-

353 856 511 910 simaa
557 857 893 927 benignitati
933 860 1254 926 referimus,
1305 862 1475 930 cujus
1516 862 1920 930 aspirationem
1955 865 2050 920 im-

356 943 542 998 meriti
587 952 642 1000 et
694 945 913 1017 indigni
963 948 1019 1002 in
1060 949 1252 1004 fistula
1296 950 1412 1004 oris
1455 951 1634 1004 nostri
1686 964 1791 1005 sua
1835 952 2046 1022 digna-

2158 601 2256 656 des
2288 612 2494 658 nostrm
2537 620 2651 660 non
2707 614 3092 675 przegravant,
3129 622 3196 662 ea
3233 623 3364 678 qua:
3415 623 3516 678 per
3556 625 3670 665 nos
3724 611 3876 665 dixit

2157 690 2226 743 ad
2271 691 2578 747 electorum
2629 707 2864 747 suorum
2920 695 3000 748 sic
3049 704 3267 750 mentes
3311 698 3601 764 extendat,
3659 706 3732 754 ut
3781 713 3879 767 per

2158 778 2279 833 haec
2332 779 2455 849 ipsa
2498 782 2578 836 cis
2625 782 3054 838 condimentum
3107 799 3227 839 sua:
3274 784 3702 842 dulcorationis
3769 787 3876 841 im-

2157 869 2383 936 pendaL

1198 1277 1728 1438 VEN.
1867 1276 3004 1441 GUIBERTI

617 1551 801 1663 AD
889 1551 1900 1666 TROPOLOGIAS
1989 1557 2135 1666 IN
2229 1560 2618 1670 AMOS
2714 1563 3583 1676 PROPHETAM

1843 1785 2355 1860 PR(EMIUM.

1959 1948 2246 1960 ————_

419 2078 566 2127 ,υ
599 2074 770 2129 Amos
793 2082 1054 2130 sanctum
1090 2076 1287 2130 eadem
1339 2091 1456 2146 qua
1482 2077 1906 2134 elaboravimus
1933 2092 2042 2133 caa-

347 2167 468 2217 tera
494 2162 803 2226 intentione
833 2163 1254 2232 praesumimus.
1289 2164 1470 2229 illum,
1501 2165 1600 2235 qui
1627 2165 1695 2221 de
1718 2181 1888 2236 grege
1907 2181 2039 2221 eum

347 2249 419 2305 ad
444 2258 706 2306 armenta
743 2251 1104 2308 transtulerit
1143 2260 1198 2306 et
1237 2253 1304 2307 de
1355 2254 1484 2308 rudi
1536 2262 1592 2309 et
1645 2255 1857 2324 agresti
1895 2255 2041 2310 inter

346 2338 663 2408 spiritualis
713 2339 889 2394 curize
941 2340 1213 2408 primates
1249 2341 1522 2407 evexerit,
1569 2343 2041 2410 przecordialibus

347 2425 612 2494 suspiriis
685 2426 1039 2496 invocantes,
1090 2433 1380 2497 quatenus
1461 2430 1862 2486 intellectualis
1913 2432 2039 2502 ejus

349 2515 606 2570 buccinae
639 2514 966 2585 fragoribus
1002 2516 1256 2585 torpidas
1287 2518 1464 2572 nostri
1509 2518 1687 2572 animi
1731 2520 2039 2576 surditates

346 2602 702 2669 excutiat,et
735 2603 942 2672 ipsum,
981 2605 1080 2674 qui
1125 2605 1306 2661 factus
1333 2615 1416 2662 est
1453 2608 1502 2662 ei
1561 2622 1738 2662 sonus
1779 2607 2034 2675 interior,

345 2689 611 2759 spiritum
641 2692 724 2746 sic
751 2691 1035 2759 infundat,
1089 2700 1152 2748 ut
1196 2694 1318 2750 voci
1362 2703 1589 2761 nostrze,
1636 2711 1813 2766 quam
1863 2698 1934 2752 ab
1974 2713 2039 2752 eo

348 2775 582 2832 haurire
628 2777 737 2834 ﬁde
779 2777 1017 2834 indubia
1061 2795 1164 2835 nos
1209 2781 1517 2846 credimus,
1560 2797 1754 2838 vocem
1808 2784 2039 2839 virtutis

2155 2077 2542 2136 vivificatorize
2583 2082 2652 2136 ad
2702 2083 2960 2138 omnium
3006 2084 3108 2154 qui
3157 2084 3397 2155 legerint
3448 2087 3866 2144 instructiones

2155 2174 2438 2230 immittat.
2494 2169 2618 2226 Tibi
2669 2186 2826 2240 ergo,
2895 2173 3203 2228 reverende
3259 2175 3531 2242 magister
3587 2177 3719 2245 (16),
3791 2177 3858 2232 in

2151 2276 2324 2330 quem
2358 2276 2486 2337 non.
2508 2260 2670 2314 modo
2713 2267 2926 2326 nostra,
2978 2260 3073 2314 sed
3117 2268 3172 2315 et
3213 2275 3316 2316 nos
3362 2263 3694 2332 appuimus,
3745 2268 3851 2335 qui

2153 2350 2404 2404 inﬁnitas
2429 2349 2677 2402 scientiae
2705 2348 2900 2417 copias
2946 2350 3169 2403 cunctis
3200 2350 3323 2404 sine
3355 2350 3531 2406 livore
3579 2367 3847 2408 commu-

2150 2437 2325 2502 nit-as,
2381 2437 2553 2492 totius
2600 2451 2885 2492 summam
2937 2437 3289 2508 corrigendie
3321 2447 3530 2494 nostra:
3569 2441 3854 2496 orationis

2149 2525 2516 2594 imponimus.
2581 2533 2641 2580 ut
2696 2540 2893 2580 secure
2934 2525 3136 2580 dilates
3181 2534 3282 2581 aut
3328 2528 3559 2584 minuas
3605 2530 3648 2582 si
3702 2531 3854 2599 quid

2149 2613 2277 2682 plus
2305 2628 2473 2682 zequo
2519 2614 2784 2669 minusve
2823 2613 3035 2669 dixisse
3083 2621 3180 2669 tuo
3214 2614 3431 2684 judicio
3473 2616 3711 2686 reperiri
3763 2633 3863 2687 po-

2149 2710 2406 2757 terimus.

1733 2955 2022 3000 EXPLICIT
2069 2956 2438 3001 PROfEMIUM.

1681 3271 1964 3344 LIBER
2021 3270 2492 3358 QUARTUS.

907 3477 1734 3573 TROPOLOGUE
1832 3479 1958 3572 IN
2052 3477 2384 3576 AMOS
2469 3481 3261 3577 PROPHETAM.

1027 3825 1260 3882 CAPUT
1299 3827 1340 3881 Ι.

411 3967 584 4023 Vens.
621 3971 668 4022 l.
705 3998 773 4008 —-
820 3988 846 4018 α
887 3968 1076 4024 Verba
1104 3970 1298 4037 Amos,
1333 3969 1434 4040 qui
1480 3970 1587 4025 fuit
1629 3970 1683 4024 in
1727 3969 2033 4039 pastorali-

344 4076 366 4103 ι
404 4055 512 4112 bus
544 4054 666 4128 [al.,
709 4057 1057 4126 pastoribus]
1104 4057 1171 4114 de
1211 4058 1455 4122 Thecue,
1498 4072 1629 4128 quae
1669 4057 1811 4112 vidit
1860 4072 2034 4127 super

341 4166 363 4192 ι
399 4144 590 4211 Israel,
640 4145 696 4200 in
744 4145 948 4200 diebus
983 4145 1128 4200 Oziaa
1175 4146 1325 4213 regis
1379 4145 1548 4213 Juda,
1603 4152 1659 4202 et
1719 4146 1774 4200 in
1831 4147 2035 4202 diebus

338 4253 367 4282 ιν
397 4233 696 4288 .leroboam
742 4233 840 4288 ﬁlii
882 4233 1012 4288 Joas
1050 4235 1201 4303 regis
1244 4233 1438 4299 Israel,
1483 4241 1614 4290 ante
1670 4235 1816 4290 duos
1850 4249 2034 4291 annos

336 4341 364 4367 ι»
403 4329 567 4375 terrae
601 4329 807 4375 motus.
839 4339 866 4370 ιι
917 4323 1089 4376 Amos
1156 4322 1564 4392 interpretatur
1608 4325 1846 4394 populus
1883 4325 2034 4378 avul-

335 4422 448 4461 sus.
479 4407 732 4477 Populus
760 4423 891 4464 vero
921 4409 1162 4464 avulsus
1197 4417 1281 4465 est
1321 4410 1730 4481 cogitationum
1762 4411 2031 4481 frequen-

339 4495 434 4562 tia,
469 4511 602 4565 quae
641 4496 816 4552 nullis
863 4497 1244 4554 intentionum
1283 4499 1574 4554 radicibus
1613 4499 1823 4554 saeculo
1855 4499 2034 4556 affixa

335 4593 438 4651 est,
487 4584 582 4641 sed
631 4593 745 4641 tota
786 4586 859 4641 ab
911 4587 1037 4656 ejus
1091 4600 1286 4642 amore
1339 4595 1607 4656 exempta
1660 4587 1761 4642 soli
1812 4587 2029 4644 intelle-

335 4675 617 4732 ctualitati
654 4675 856 4732 innixa
885 4685 988 4733 est.
1027 4677 1214 4747 Hujus
1258 4677 1419 4731 Amos
1459 4677 1624 4730 verba
1667 4684 1824 4744 sunt,
1864 4692 2031 4748 quae-

335 4779 568 4834 cunque
611 4763 1000 4834 spiritualium
1050 4775 1312 4821 motuum
1363 4765 1513 4821 acies
1542 4765 1610 4821 de
1655 4773 1865 4821 natura
1911 4781 2030 4822 Vir-

337 4859 522 4908 tutum
556 4867 732 4922 super
757 4853 1098 4910 discretione
1135 4854 1445 4924 spirituum
1483 4861 1728 4910 tractare
1769 4862 2026 4924 possunt.

333 4939 388 4994 Is
422 4931 654 5010 quoque
699 4943 756 4995 in
780 4942 1147 5010 pastoralibus
1191 4950 1534 5010 commanet,
1581 4942 1722 5011 quia
1770 4942 1828 4997 in
1869 4945 2030 5000 verbi

335 5025 432 5081 Dei
484 5027 696 5096 pabulo
742 5029 884 5084 dum
933 5029 1144 5085 talibus
1190 5030 1428 5085 desudat
1467 5030 1526 5085 in
1567 5029 1792 5098 studiis,
1839 5031 2029 5088 inedia

2072 3791 2303 3861 Csuper
2358 3794 2536 3847 Israel
2605 3793 2776 3859 videt,
2827 3795 2967 3864 quia
3017 3793 3266 3864 qualiter
3311 3809 3444 3851 cum
3505 3797 3618 3853 Deo
3665 3798 3848 3872 dirigi

2142 3880 2338 3949 possit,
2382 3881 2489 3936 sub
2538 3882 2744 3937 horum
2789 3883 3096 3938 verborum
3129 3882 3233 3938 sibi
3267 3883 3725 3942 discussionibus
3759 3888 3851 3943 in-

2140 3969 2398 4024 terlucet.
2451 3969 2622 4024 Israel
2674 3970 2823 4025 enim
2875 3971 3112 4026 directus
3167 3974 3280 4037 Dei,
3323 3972 3412 4027 vel
3455 3989 3576 4028 cum
3613 3975 3724 4029 Deo
3751 3976 3846 4032 di-

2139 4057 2308 4113 citur.
2342 4059 2414 4111 In
2439 4057 2626 4112 diebus
2653 4059 2796 4114 Ozias
2822 4063 2966 4128 regis
2992 4060 3138 4114 Juda
3174 4061 3338 4114 verba
3369 4061 3658 4130 videntur,
3695 4065 3845 4133 quia

2139 4145 2248 4202 nisi
2287 4160 2360 4201 ex
2408 4147 2644 4202 rationis
2684 4147 3024 4203 auctoritate
3074 4148 3296 4205 sibimet
3335 4149 3498 4218 prius
3553 4150 3842 4220 imperare

2138 4249 2301 4290 mens
2332 4235 2574 4302 noverit,
2609 4235 2929 4304 spiritualia
2962 4236 3295 4292 nullatenus
3323 4237 3520 4307 aliqua
3542 4238 3839 4309 attingun-

2137 4330 2252 4379 tur.
2302 4323 2466 4379 Ozias
2515 4323 2666 4379 enim
2698 4327 2989 4392 imperium
3042 4327 3264 4380 Domini
3299 4325 3526 4381 dicitur.
3577 4326 3684 4392 Qui
3729 4342 3834 4383 rex

2137 4419 2222 4466 est
2254 4411 2424 4478 Iuda,
2474 4413 2616 4482 quia
2653 4412 2727 4467 ad
2773 4427 2968 4468 veram
3013 4413 3223 4482 peccati
3273 4414 3683 4471 confessionem
3731 4415 3835 4470 tali

2140 4497 2387 4567 impulsa
2440 4499 2718 4570 regimine
2777 4501 3115 4568 perducitur
3160 4502 3540 4572 [conscientia
3597 4503 3835 4558 Initium

2138 4586 2292 4642 enim
2324 4587 2630 4656 bonorum,
2658 4587 2936 4643 confessio
2983 4588 3269 4645 malorum
3323 4599 3424 4646 est.
3457 4591 3636 4646 Iudas
3674 4605 3839 4646 nam-

2139 4687 2254 4743 que
2301 4677 2687 4741 confessionem
2738 4684 2924 4731 sonat.
2979 4677 3278 4732 Jeroboam
3336 4691 3570 4748 quoque
3617 4677 3837 4749 dijudi-

2138 4766 2282 4820 catio
2338 4764 2548 4834 populi,
2601 4765 2732 4819 Joas
2793 4780 2947 4818 mora
2998 4768 3218 4819 Domini
3272 4765 3700 4834 interpretatur.
3765 4766 3835 4820 In

2139 4853 2326 4906 diebus
2363 4866 2499 4923 ergo
2552 4853 2842 4908 Jeroboam
2877 4855 3024 4921 regis
3055 4855 3224 4907 Israel
3269 4853 3433 4906 verba
3485 4854 3650 4920 ﬁunt,
3700 4869 3834 4910 cum

2137 4955 2212 4996 ex
2244 4941 2470 4995 interna
2497 4939 2837 4995 discretione
2867 4954 2934 4996 ac
2958 4940 3003 4996 si
3039 4940 3234 5010 populi
3273 4941 3681 5012 dijudicatione
3697 4956 3833 4997 con-

2137 5027 2484 5097 templativze
2535 5028 3335 5098 perspicacitateslprodeunt.
3375 5029 3482 5094 Qui
3537 5029 3835 5085 Jeroboam

336 5114 456 5184 ipse
486 5085 673 5170 inulla
717 5116 955 5186 adjacet.
1004 5117 1231 5173 Thecuc
1291 5126 1485 5175 autem
1549 5119 1606 5174 in
1665 5085 2026 5187 tubamVJve-l
2059 5085 2110 5174 ,θ
2140 5085 2293 5172 ﬁlius
2338 5118 2468 5172 Joas
2512 5085 2744 5184 dicitur,
2791 5116 2931 5186 quia
2975 5085 3052 5173 ex
3095 5117 3292 5173 divina
3347 5117 3406 5173 in
3444 5117 3654 5172 nostris
3702 5132 3836 5174 cor-

337 5203 617 5256 buccinam
642 5203 906 5259 vertitur.
943 5205 1014 5260 Et
1056 5219 1188 5275 qua:
1231 5209 1554 5262 sonorosior
1584 5207 1758 5262 menti
1786 5207 2032 5264 buccina

333 5290 646 5360 instrepere
696 5292 966 5360 przevalet
1029 5307 1205 5362 quam
1264 5294 1477 5350 divinae
1536 5295 1761 5365 paginae
1813 5294 2031 5350 intelli-

335 5379 547 5448 gentia,
611 5394 764 5450 quaa,
835 5380 1220 5438 somnolentos
1271 5382 1450 5438 animi
1510 5391 1696 5438 status
1750 5396 2028 5454 arguens,

337 5465 574 5522 terribili
634 5482 738 5522 nos
785 5466 857 5521 ad
901 5467 1101 5524 divina
1154 5469 1458 5527 revisenda
1510 5485 1650 5527 voce
1706 5470 1852 5526 ciet?
1900 5472 2033 5528 Haec

406 5623 424 5686 (
435 5621 522 5692 l6)
554 5623 609 5678 S.
641 5623 990 5680 Norbertum
1018 5625 1302 5696 intelligit.

2137 5205 2309 5260 dibus
2351 5205 2795 5260 commoratione
2846 5205 3133 5274 quidquid
3187 5206 3351 5261 bonae
3389 5205 3722 5261 subtilitatis
3749 5213 3834 5261 est

2138 5293 2307 5348 nobis
2339 5292 2679 5348 innascitur.
2712 5293 2816 5348 Hic
2846 5307 2946 5348 rex
2990 5293 3162 5349 Israel
3191 5301 3295 5360 est,
3342 5293 3482 5364 quia
3506 5293 3833 5350 directionis

2138 5381 2208 5436 ad
2247 5381 2428 5435 Deum
2459 5389 2666 5436 nostrae
2714 5381 2976 5450 specialis
3013 5381 3136 5436 dux
3167 5389 3222 5437 et
3267 5381 3526 5436 incentor
3559 5389 3662 5436 est.
3693 5382 3831 5436 Ante

2139 5469 2274 5523 duos
2313 5484 2481 5523 annos
2520 5479 2677 5523 terra
2705 5471 2881 5524 motus
2926 5469 3105 5525 verba
3133 5477 3474 5537 cernuntur,
3506 5483 3641 5524 cum
3673 5477 3828 5527 ante-
