3950 6416
60 382 172 441 M7

777 380 1239 442 TROPOLOGIIE
1276 378 1351 441 IN
1389 382 1592 449 OSEE,
1635 384 1818 442 AMOS
1857 378 1943 439 ΕΤ
1981 378 2139 442 JER.
2167 417 2237 427 -—
2278 386 2405 443 LIB.
2449 384 2540 447 IV.
2584 390 2650 447 IN
2690 391 2897 448 AMOS.

3492 396 3597 451 418

60 530 255 585 quam
291 515 350 571 in
381 515 695 573 virtutibus
721 530 1185 587 promoveamnr,
1223 523 1325 572 ant
1373 518 1543 573 linem
1587 515 1775 587 perfe-
1815 519 1862 569 A
1893 525 2172 588 tanquam
2224 520 2566 577 naturaliter
2620 523 2689 577 ad
2740 523 2891 579 mala
2933 524 3219 593 feruntur,
3274 528 3331 582 in
3381 528 3594 586 eisdem

62 606 290 661 ctionis
329 605 706 675 attingamus,
741 621 874 677 quae
914 606 1030 662 duo
1083 621 1217 663 cum
1263 606 1484 677 integre
1526 606 1787 662 animum

63 700 231 748 συιδ
293 695 646 750 obtinuerint
695 704 980 761 nostrum,
1035 704 1245 751 terram
1296 706 1549 751 nostram
1602 696 1657 751 id
1705 703 1789 751 est

63 797 315 838 carnem
346 800 381 839 a
410 798 516 839 suo
546 784 795 854 pondere
825 784 1138 851 dimovent,
1174 785 1245 840 ad
1287 785 1394 840 hoc
1428 792 1491 840 ut
1520 799 1652 840 cum
1684 799 1790 840 suo

66 872 250 928 corde
277 873 539 929 exultare
567 887 694 929 eam
728 872 941 928 faciant
982 873 1039 927 in
1073 874 1255 928 Deum
1287 873 1509 929 vivum.
1560 874 1624 928 In
1651 872 1791 943 lipsa

68 962 235 1015 enim
267 969 467 1017 nostra
492 962 743 1017 novitate
773 963 1066 1031 consopita
1108 962 1527 1033 aliquantisper
1548 962 1791 1031 strepitu

69 1050 380 1118 vitiorum,
437 1052 507 1107 ad
558 1050 1046 1106 examinationem
1097 1051 1189 1106 sui
1246 1050 1501 1120 ipsorum
1560 1052 1793 1106 acuitur

69 1139 335 1195 intuitus
368 1139 717 1196 animorum.

147 1227 327 1283 Vens.
388 1231 440 1281 2.
495 1257 569 1269 —
630 1252 649 1277 α
688 1228 758 1283 Et
807 1227 1001 1283 dixit:
1055 1228 1334 1283 Dominus
1375 1227 1445 1283 de
1496 1228 1633 1284 Sion
1693 1243 1792 1283 rn-

70 1314 219 1384 giet,
254 1324 309 1371 et
339 1316 409 1371 de
441 1316 754 1372 Jerusalem
796 1315 957 1372 dabit
995 1330 1191 1372 vocem
1234 1330 1421 1371 suam.
1458 1336 1485 1365 ι»
1534 1318 1793 1371 Dominus

71 1403 144 1456 de
209 1406 347 1459 Sion
404 1404 581 1474 rugit,
647 1418 779 1459 cum
840 1403 898 1459 in
962 1404 1084 1473 ipso
1142 1412 1350 1460 nostrae
1403 1404 1796 1460 conversionis

70 1492 344 1559 exordio,
398 1500 705 1563 postquam
749 1500 963 1548 statum
1008 1501 1268 1549 nostrum
1314 1493 1500 1548 metiri
1531 1501 1585 1548 et
1625 1491 1793 1563 quasi

70 1580 374 1649 speculari
401 1582 765 1651 coeperimus,
799 1596 833 1637 a
880 1581 1097 1652 gemitu
1139 1581 1326 1637 cordis
1366 1582 1541 1637 nostri
1581 1582 1641 1636 in
1671 1582 1796 1651 ipsa

72 1669 267 1723 nostri
300 1669 553 1738 ipsorum
582 1669 1035 1725 consideratione
1066 1670 1351 1740 rngimus.
1386 1673 1458 1724 De
1488 1670 1794 1740 {Jerusalem

69 1774 262 1812 vocem
328 1773 485 1811 suam
543 1760 802 1813 Dominus
861 1759 980 1825 dat,
1056 1772 1189 1813 cum
1244 1772 1316 1813 ex
1370 1757 1794 1827 perseverantia

73 1846 297 1902 doloris
332 1846 541 1902 interni
589 1847 969 1916 experientia,
1021 1848 1190 1917 quasi
1237 1846 1456 1902 visione
1510 1846 1666 1916 pacis
1714 1847 1790 1900 in-

74 1933 416 2005 depta,|nil
458 1934 579 2004 jam
638 1935 870 1991 bestiale
926 1950 995 1991 ac
1049 1949 1290 2001 saevum,
1351 1935 1510 2005 quod
1562 1934 1794 2004 rugitus

74 2023 394 2094 signiﬁcat,
446 2024 544 2078 sed
590 2023 917 2079 humanum
964 2038 1133 2079 omne
1177 2037 1245 2078 ac
1291 2037 1555 2079 serenum
1617 2024 1790 2079 senti-

78 2121 210 2177 tur;
246 2111 401 2182 quod
427 2126 540 2167 vox
570 2120 756 2166 sonat.
791 2112 942 2167 Dens
972 2112 1127 2167 enim
1162 2112 1220 2167 in
1251 2112 1417 2167 nobis
1449 2112 1626 2182 rugit,
1659 2127 1793 2167 cum

78 2215 154 2256 ex
181 2200 439 2255 immissa
468 2200 625 2256 cordi
657 2208 851 2255 nostro
891 2200 1253 2270 plenitudine
1300 2200 1605 2271 rugitnum
1648 2215 1793 2257 cau-

79 2304 178 2344 sas
246 2288 472 2358 ingerit.
541 2290 663 2345 «Et
723 2289 1002 2345 luxerunt
1058 2288 1313 2359 speciosa
1350 2298 1668 2359 pastorum,
1739 2297 1794 2345 et

80 2378 413 2434 exsiccatus
467 2385 549 2433 est
610 2386 808 2434 vertex
862 2377 1128 2433 Carmeli.
1194 2378 1454 2447 Speciosa
1508 2383 1795 2447 pastorum

82 2467 310 2538 lugent,
344 2481 477 2523 cum
507 2480 580 2522 ex
613 2467 824 2521 divinae
846 2465 999 2521 vocis
1028 2466 1233 2523 auditu
1254 2480 1431 2522 sacrae
1460 2466 1790 2537 Scripturte,

85 2556 309 2626 quibus
349 2554 664 2625 speciosius
707 2554 778 2610 ad
834 2554 1164 2611 interiorem
1215 2562 1443 2625 pastum
1492 2554 1632 2611 nihil
1686 2562 1791 2622 est,

86 2645 285 2700 luctus
330 2644 495 2700 nobis
537 2643 863 2700 occasiones
912 2643 1232 2700 insinuant.
1288 2644 1405 2700 Nisi
1446 2644 1600 2699 enim
1645 2645 1796 2699 Deus

88 2733 255 2801 prius
299 2732 473 2788 menti
523 2732 864 2799 insonuerit,
910 2732 1132 2787 fructus
1181 2732 1493 2803 legentium
1533 2733 1593 2787 in
1632 2746 1796 2787 sacra

88 2822 307 2893 pagina
354 2821 555 2877 nullus
592 2821 721 2877 erit.
772 2822 961 2875 Vertex
1004 2820 1239 2876 Carmeli
1275 2819 1619 2886 exsiccatur,
1661 2833 1795 2875 cum

88 2910 458 2966 cervicositas
490 2910 774 2965 intestinae
815 2908 1091 2975 mollitiei,
1139 2922 1257 2977 qua
1300 2907 1449 2963 inter
1490 2906 1630 2962 vitia
1668 2906 1793 2961 len-

88 2999 355 3055 tescendo
401 2998 694 3069 quondam
743 3005 943 3053 contra
977 2998 1157 3052 Deum
1207 3002 1520 3064 tumuerat,
1567 3002 1797 3064 sumpta

85 3089 209 3158 jam
285 3096 485 3143 contra
549 3100 781 3143 carnem
839 3086 1134 3156 propriam
1186 3085 1421 3154 Spiritus
1487 3085 1795 3140 rebellione

91 3180 373 3246 duratur;
405 3176 701 3231 Carmelus
731 3175 884 3231 enim
915 3176 1092 3229 mollis
1126 3174 1559 3242 interpretatur.

162 3267 333 3322 Vens.
385 3268 434 3320 3.
463 3294 535 3306 —
570 3287 590 3313 α
630 3265 763 3319 Haec
810 3264 948 3318 dicit
996 3262 1321 3318 Dominus:
1377 3261 1561 3331 Super
1609 3262 1796 3317 tribus

96 3376 123 3404 »
156 3355 467 3411 sceleribus
517 3352 801 3419 Damasci,
861 3360 915 3407 et
965 3366 1142 3420 super
1195 3358 1449 3421 quatuor
1498 3365 1613 3405 non
1658 3365 1795 3405 con-

96 3465 122 3495 »
158 3452 373 3500 vertam
419 3458 576 3510 eum,
625 3457 690 3498 eo
751 3441 907 3512 quod
956 3439 1357 3497 trituraverint
1409 3440 1465 3494 in
1524 3439 1796 3508 plaustris

97 3554 123 3584 ››
171 3533 363 3589 ferreis
420 3531 654 3588 Galaad.
697 3554 723 3579 ››
812 3530 1128 3585 Damascus
1197 3528 1412 3585 dicitur
1474 3531 1797 3596 sanguinem

97 3623 296 3688 bibens,
352 3621 440 3677 vel
488 3620 669 3674 oculus
713 3621 1018 3685 sanguinis.
1047 3618 1153 3674 Per
1203 3617 1437 3673 oculum
1468 3618 1792 3688 sanguinis,

96 3712 169 3766 ad
206 3718 498 3781 peccatum
542 3723 724 3779 prona
774 3707 1116 3777 designatur
1164 3705 1423 3773 intentio,
1473 3721 1605 3776 quze
1656 3714 1796 3762 tunc

97 3800 436 3871 sanguinem
468 3798 631 3864 bibit,
663 3812 796 3853 cum
838 3811 896 3851 se
943 3795 1159 3866 peccati
1201 3796 1523 3866 ingurgitat
1570 3796 1789 3851 deside-

97 3888 201 3945 rio.
251 3887 383 3942 Tria
434 3886 649 3942 scelera
704 3887 1021 3941 Damascus
1072 3884 1263 3952 habet,
1306 3898 1439 3940 cum
1492 3892 1617 3954 post
1664 3900 1796 3954 sng-

100 3978 406 4048 gestionem
475 3974 834 4030 delectationi
903 3982 1079 4045 atque
1143 3974 1448 4029 consensui
1512 3972 1790 4043 subjacet.

99 4068 269 4135 Super
297 4071 530 4133 quatuor
580 4078 714 4119 vero
746 4065 1035 4118 sceleribus
1087 4078 1194 4116 non
1243 4063 1621 4129 convertitur,
1656 4064 1796 4133 quia

99 4156 169 4211 ad
215 4155 528 4211 libertatem
580 4153 765 4208 redire
812 4151 1035 4208 arbitrii
1064 4151 1467 4207 difficillimum
1498 4159 1600 4219 est,
1636 4159 1795 4221 post-

98 4258 273 4315 quam
334 4243 392 4297 in
440 4250 738 4311 peccatum
791 4241 980 4311 operis
1025 4240 1391 4296 exsecutione
1444 4242 1791 4309 proceditur.

98 4336 238 4389 Cum
266 4333 419 4388 enim
448 4325 750 4387 volnntate'
778 4331 912 4400 quis
958 4330 1164 4396 ruerit,
1249 4329 1308 4384 in
1344 4343 1514 4384 nsum
1555 4328 1676 4399 jam
1721 4343 1794 4384 ex

1896 607 2379 676 concupiscentiis
2408 609 2822 667 absorbnntnr.

1967 693 2140 750 Vens.
2170 696 2235 763 ι5.
2287 726 2355 734 —-—
2387 716 2415 747 tt
2460 698 2530 752 Et
2585 707 2877 756 conteram
2930 710 3146 757 vectem
3208 703 3497 771 Damasci,
3544 711 3598 760 et

1900 804 1919 830 ι
1954 781 2282 851 dirperdam
2323 785 2700 843 habitatorem
2743 790 2812 845 de
2843 805 3044 860 campo
3092 792 3249 858 idoli,
3299 802 3354 848 et
3400 802 3599 849 tenen-

1898 891 1926 920 ››
1982 878 2095 926 tem
2148 882 2406 942 sceptum
2461 876 2529 930 de
2582 877 2748 932 domo
2807 879 3136 949 voluptatis.
3181 903 3201 929 ι
3233 882 3422 938 Vectis
3480 883 3599 936 Da-

1901 960 2077 1015 masci
2126 962 2443 1019 conteritur
2482 980 2614 1020 cum
2668 967 2776 1022 Deo
2830 968 2972 1023 facto
3029 970 3271 1039 propitio
3319 970 3599 1024 mentium

1899 1047 2213 1115 obstacula,
2260 1050 2511 1106 admissa
2554 1052 2931 1121 plenitudine,
2975 1056 3367 1111 resolvuntur.
3422 1056 3601 1111 Habi-

1902 1143 2111 1192 totores
2171 1138 2237 1191 de
2282 1154 2469 1207 campo
2526 1142 2661 1194 idoli
2709 1142 3149 1211 disperduntur,
3206 1159 3338 1200 cum
3390 1146 3600 1201 mentis

1904 1223 2165 1293 licentiae,
2199 1239 2331 1294 quze
2374 1226 2481 1280 hac
2524 1227 2769 1297 illacqne
2811 1244 2909 1297 per
2964 1230 3253 1299 appetitus
3290 1232 3601 1287 criminum

1901 1310 2290 1381 vagabantur,
2347 1321 2401 1368 et
2446 1313 2715 1369 familiari
2772 1317 3009 1373 cuilibet
3058 1318 3199 1373 vitio
3248 1333 3316 1373 ac
3360 1319 3405 1373 si
3455 1320 3602 1375 idolo

1905 1398 2182 1454 inservire
2209 1400 2577 1469 videbantur,
2611 1404 2684 1458 ab
2718 1404 2825 1460 hac
2857 1405 3153 1460 mansione
3187 1407 3442 1462 indebita
3470 1422 3602 1463 suc-

1903 1486 2197 1541 ciduutur.
2230 1487 2450 1543 Tenens
2481 1496 2750 1560 sceptrum
2780 1492 2845 1544 de
2870 1492 3025 1546 domo
3056 1495 3351 1562 voluptatis
3381 1495 3603 1564 disper-

1903 1572 2079 1640 ditur,
2122 1586 2253 1629 cum
2298 1575 2693 1645 principalitas
2743 1578 3098 1643 intentionis,
3156 1582 3328 1651 cujus
3375 1595 3605 1637 summa

1903 1669 2025 1716 erat
2053 1662 2333 1731 voluptati
2371 1666 2781 1722 conscientiam
2812 1668 3095 1735 addicere,
3137 1678 3191 1725 et
3228 1671 3396 1739 quasi
3430 1685 3600 1725 man-

1903 1748 2217 1804 sionariam
2249 1750 2457 1821 facere,
2486 1753 2721 1808 omnino
2774 1755 3122 1811 destituitur.
3161 1776 3188 1805 ιι
3242 1758 3313 1812 Et
3365 1758 3600 1814 transfe-

1835 1830 1872 1883 B
1909 1858 1929 1885 ι
1967 1845 2127 1893 retur
2174 1839 2423 1908 populus
2480 1840 2658 1911 Syriae
2708 1841 2988 1913 Cyrenen,
3051 1845 3187 1900 dicit
3240 1846 3602 1905 Dominus.»

1904 1923 2068 1993 Syria
2099 1925 2511 1997 interpretatur
2560 1931 2840 1999 sublimis;
2871 1933 3089 2002 Cyrene
3118 1934 3379 1988 hwredem
3406 1937 3600 2001 lsonat.

1860 2084 1871 2090 ⁸
1904 2012 2161 2082 Populus
2190 2029 2327 2086 ergo
2371 2017 2546 2086 Syrize
2584 2018 2862 2089 Cyrencm
2911 2022 3280 2089 transfertur,
3314 2038 3447 2079 cum
3482 2024 3605 2079 vul-

1904 2102 2133 2170 garium
2166 2111 2427 2159 motuum
2459 2107 2907 2174 superciliositas
2948 2109 3004 2163 in
3037 2111 3230 2165 animo
3276 2113 3347 2166 ad
3377 2119 3604 2168 aeternae

1906 2187 2251 2246 haereditatis
2275 2190 2412 2261 jura
2445 2195 2761 2262 quaerenda
2788 2196 3092 2267 redigitur.

1975 2277 2145 2334 Vens.
2198 2283 2250 2334 6.
2302 2309 2375 2322 —
2408 2303 2429 2329 ι
2484 2283 2617 2338 Haec
2651 2283 2787 2339 dicit
2833 2286 3113 2342 Dominus
3147 2303 3157 2341 :
3193 2288 3377 2358 Super
3418 2289 3606 2344 tribus

1910 2384 1929 2409 ι
1965 2364 2277 2421 sceleribus
2318 2366 2480 2422 Gazae
2515 2375 2570 2423 et
2616 2382 2790 2437 super
2818 2378 3073 2439 quatuor
3110 2387 3222 2427 non
3272 2377 3602 2428 convertam

1909 2478 1929 2503 »
1965 2469 2111 2523 eam,
2149 2470 2214 2511 eo
2249 2457 2404 2526 quod
2446 2458 2804 2514 transtulerit
2842 2461 3230 2528 captivitatem
3274 2461 3601 2531 perfectam,

1908 2553 2027 2601 «ut
2083 2545 2448 2601 concluderet
2504 2560 2630 2602 eam
2686 2546 2743 2601 in
2797 2548 3072 2603 ldnmeea.
3104 2570 3131 2598 ››
3196 2551 3341 2604 Gaza
3395 2550 3607 2606 dicitur

1901 2632 2173 2699 fortitudo
2211 2632 2348 2702 ejus.
2391 2632 2445 2689 Si
2477 2634 2810 2701 Damascus,
2858 2650 2929 2690 ex
2960 2637 3128 2692 oculo
3158 2638 3481 2709 sanguinis,
3520 2638 3607 2694 in-

1905 2721 2185 2793 telligitur
2214 2722 2451 2778 intentio
2491 2737 2691 2793 prava,
2733 2726 2900 2792 Gaza,
2940 2741 3039 2795 per
3068 2727 3157 2782 sui
3192 2727 3601 2793 fortitudinem,

1906 2812 2063 2867 haud
2092 2811 2336 2867 dubium
2369 2812 2512 2882 quin
2545 2813 2893 2869 contrariam
2916 2815 3115 2870 eadem
3154 2814 3395 2871 intentio
3420 2816 3607 2886 signi-

1907 2899 2171 2955 ﬁcabitur
2227 2898 2533 2955 obdurata.
2594 2901 2770 2969 Super
2823 2903 2998 2957 tribus
3050 2905 3362 2971 sceleribus,
3423 2905 3478 2960 id
3523 2912 3608 2960 est

1906 2987 2144 3057 ingenii,
2209 2987 2516 3052 memorize,
2570 2996 2625 3044 et
2670 3004 2814 3045 usus
2860 2993 3412 3062 transgressionibus
3457 2994 3608 3049 Deus

1906 3075 2284 3140 convertitur,
2322 3077 2461 3146 quia
2511 3077 2901 3146 interioribus,
2929 3089 2984 3135 et
3015 3081 3157 3150 [ευρ.
3200 3082 3308 3151 his]
3356 3096 3487 3151 quze
3535 3083 3606 3136 ad

1905 3163 2253 3232 operationis
2306 3164 2721 3219 exhibitionem
2788 3180 2904 3220 non
2965 3170 3393 3239 pertrahuntur
3434 3168 3606 3223 citius

1906 3252 2058 3307 Deus
2101 3251 2444 3321 propitiatur
2479 3266 2655 3321 quam
2706 3252 2796 3307 his
2826 3268 2957 3323 quae
3006 3255 3075 3308 ad
3124 3255 3369 3310 aliorum
3400 3269 3606 3310 corru~

1907 3342 2156 3410 ptionem
2191 3354 2290 3409 per
2324 3342 2591 3410 exempla
2619 3342 2937 3397 ducuntur.
2987 3344 3163 3411 Super
3193 3350 3429 3412 quatuor
3470 3358 3607 3399 vero

1904 3446 2011 3483 non
2040 3428 2421 3496 convertitur,
2453 3429 2593 3499 quia
2626 3430 2765 3484 dum
2799 3428 2871 3484 ad
2909 3431 3248 3485 exercitium
3289 3431 3602 3500 corporale,

1906 3519 2060 3589 quod
2104 3526 2358 3589 quatuor
2393 3517 2687 3573 elementis
2729 3517 3186 3587 administratur,
3249 3520 3473 3575 trinitas
3510 3518 3608 3575 illa

1908 3607 2233 3673 intrinseca,
2281 3620 2457 3677 quam
2499 3606 2773 3673 diximus,
2827 3607 2947 3663 sive
2998 3608 3161 3674 ratio,
3214 3608 3503 3677 voluntas,
3552 3616 3609 3663 et

1905 3695 2145 3752 allectus
2190 3696 2533 3766 pervenerit,
2573 3694 2759 3751 facilis
2798 3698 3095 3752 conversio
3142 3697 3215 3752 ad
3264 3696 3609 3767 integritatis

1905 3786 2170 3842 habitum
2200 3786 2535 3841 nullatenus
2559 3785 2689 3841 erit.
2735 3784 2843 3851 Qui
2886 3785 3041 3841 enim
3093 3785 3228 3841 facit
3284 3793 3604 3855 peccatum,

1906 3888 2110 3930 servus
2138 3882 2221 3929 est
2252 3874 2464 3945 peccati
2508 3874 2687 3943 (Joan.
2722 3888 2840 3939 Vill,
2883 3874 2992 3943 34),
3039 3873 3211 3943 cujus
3248 3874 3607 3942 experientia

1906 3963 2207 4034 prieteritm
2254 3978 2374 4019 suae
2442 3978 2664 4019 venosze
2727 3962 3049 4019 dulcedinis
3116 3963 3419 4017 immemor
3483 3976 3604 4018 esse

1905 4067 2021 4107 non
2068 4050 2290 4121 poterit.
2339 4052 2518 4107 Aliter
2568 4051 2723 4106 enim
2770 4050 3057 4105 memoriae
3110 4058 3319 4105 nostrae
3371 4061 3601 4107 contre—

1904 4148 2056 4195 ctata
2100 4148 2155 4195 et
2200 4154 2384 4206 sensa,
2434 4140 2599 4195 aliter
2627 4139 2875 4211 cogitata
2922 4140 3243 4195 referimus.
3307 4140 3446 4207 Non,
3507 4139 3606 4194 in-

1905 4228 2049 4299 quit.
2078 4231 2383 4281 convertam
2419 4243 2555 4294 eam,
2583 4242 2641 4281 eo
2671 4227 2817 4296 quod
2844 4228 3189 4281 transtulerit
3234 4229 3610 4296 captivitatem

1898 4319 2217 4385 perfectam,
2272 4314 2327 4369 id
2386 4322 2469 4370 est
2521 4314 2809 4384 quidquid
2869 4313 3122 4380 virtutis,
3188 4313 3479 4384 quidquid
3546 4314 3603 4369 in

99 4421 425 4478 necessitate
462 4419 836 4489 pertrahitur.
882 4417 1097 4474 Galaad
1142 4417 1356 4473 dicitur
1384 4433 1606 4471 acervus
1638 4420 1794 4471 testi-
1833 4428 1878 4481 ι)
1908 4406 2100 4462 animo
2149 4403 2515 4475 professionis
2572 4404 2735 4459 bonae
2789 4404 3097 4465 resistent.
3156 4403 3214 4459 in
3265 4402 3609 4460 diabolicam

98 4513 280 4566 monii.
335 4511 403 4565 In
447 4510 717 4578 plaustris
774 4510 970 4575 ferreis
1025 4506 1241 4563 Galaad
1297 4505 1612 4573 trituravit,
1656 4522 1791 4562 cum

99 4598 394 4656 malitiosis
451 4597 865 4669 cogitationum
909 4594 1380 4664 lrevolutionibus
1436 4594 1599 4651 bonze
1654 4609 1791 4650 con-

100 4686 342 4745 scientiae
374 4686 429 4741 in
474 4701 531 4741 se
572 4685 985 4751 testimonium,
1015 4683 1191 4755 quod,
1231 4684 1403 4753 juxta
1432 4684 1790 4753 Apostolnm,

102 4774 290 4848 glorite
350 4773 457 4829 sibi
521 4787 642 4827 esse
706 4772 1001 4840 debuerat,
1071 4772 1382 4828 destruunt
1435 4779 1492 4827 et
1556 4772 1793 4827 concul-

100 4872 229 4922 cant
267 4865 343 4933 (Il
384 4865 501 4921 Cor.
538 4881 576 4931 ι,
631 4867 736 4931 12).
776 4865 998 4918 Ferrum
1043 4862 1198 4919 enim
1255 4876 1358 4932 pro
1408 4862 1626 4915 malitia
1659 4863 1793 4933 poni

103 4955 253 5010 solet.

171 5040 339 5096 Vens.
372 5040 424 5093 4.
458 5070 526 5078 -
560 5060 580 5087 ι
622 5039 689 5094 Ει
718 5039 941 5094 mittam
989 5038 1180 5109 ignem
1222 5037 1280 5092 in
1323 5036 1560 5092 domum
1602 5037 1792 5106 Azael,

108 5154 134 5179 ››
180 5139 232 5186 et
277 5128 575 5184 devorabit
634 5128 831 5183 domos
879 5127 1170 5183 Benadab.
1230 5148 1250 5174 ι
1287 5126 1455 5181 Azael
1508 5126 1795 5196 interpre-

108 5228 256 5275 tatur
294 5221 445 5272 visus
493 5221 616 5284 Deo,
668 5216 936 5272 Benadab
989 5218 1138 5286 ﬁlius
1184 5230 1532 5286 spontaneus.
1575 5216 1636 5269 In
1694 5215 1798 5269 do-

109 5322 245 5362 mum
274 5306 443 5359 Λεαρί
483 5304 630 5375 ignis
681 5305 950 5370 mittitur,
997 5320 1131 5360 cum
1173 5304 1297 5375 ipsa
1338 5304 1482 5360 ratio
1520 5303 1800 5380 vitiorum

108 5395 394 5454 desideriis
424 5394 732 5451 inrestnare
764 5394 1136 5465 permittitur,
1178 5409 1310 5464 quae
1352 5394 1669 5464 aliquando
1699 5395 1799 5450 Dei

108 5486 321 5543 visione
358 5482 640 5555 [insigniri
689 5483 1011 5538 videbatur.
1064 5484 1276 5537 Domus
1320 5482 1574 5537 Benadab
1624 5482 1801 5538 devo-

108 5581 327 5637 rantur,
372 5586 504 5626 cum
544 5571 778 5626 habitus
816 5570 1140 5626 carnalium
1171 5569 1505 5637 affectuum,
1539 5569 1642 5639 qni
1673 5577 1800 5625 tan-

106 5674 277 5733 quam
311 5659 411 5714 filii
443 5672 516 5714 ex
537 5664 811 5726 corrupta
832 5656 1051 5714 ratione
1071 5664 1362 5724 creantur,
1383 5664 1439 5712 et
1468 5655 1572 5726 qui
1601 5664 1803 5727 sponte

1904 4495 2295 4564 vitiorumque
2334 4493 2658 4549 traduxerit
2704 4491 3058 4549 servitutem.
3122 4493 3191 4548 Et
3231 4492 3339 4547 hoc
3386 4492 3603 4560 fecerit,

1902 4591 1963 4640 ut
1993 4584 2329 4639 concluderet
2357 4599 2475 4637 eam
2517 4586 2574 4636 in
2640 4583 2905 4648 Idumam,
2974 4581 3030 4636 id
3084 4589 3167 4637 est
3207 4589 3271 4637 ut
3331 4581 3453 4637 sine
3486 4581 3608 4636 ulla

1903 4674 2304 4730 retractatione
2355 4678 2506 4727 πθ
2551 4672 2808 4742 spiritus,
2860 4678 3145 4727 coerceret
3182 4670 3438 4725 animam
3495 4670 3605 4726 sub

1903 4762 2341 4833 morigeratione
2405 4769 2678 4817 terrena:
2744 4762 2981 4815 Itlnmea
3045 4760 3197 4815 enim
3267 4764 3480 4813 terrena
3522 4759 3608 4814 di-

1900 4853 2073 4911 citur.
3607 4890 3623 4909 .

1978 4943 2148 4999 Vens.
2173 4942 2228 5007 7,
2262 4943 2315 4996 8.
2348 4970 2419 4982 —
2454 4962 2474 4987 ι
2508 4941 2578 4996 Ει
2606 4940 2829 4996 mittam
2860 4938 3047 5008 ignem
3079 4938 3134 4992 in
3160 4951 3393 4993 murum
3420 4936 3605 5006 Gazae,

1908 5054 1935 5081 ((
1964 5041 2019 5087 et
2049 5029 2348 5086 devorabit
2374 5029 2525 5084 zedes
2552 5027 2698 5098 ejus.
2735 5028 2805 5082 Et
2841 5027 3170 5097 disperdam
3223 5026 3606 5083 habitatorem

1912 5144 1930 5170 ι
1967 5121 2036 5177 de
2089 5120 2280 5186 Azoto,
2330 5126 2386 5174 et
2429 5125 2714 5174 tenentem
2772 5124 3062 5186 sceptrum
3114 5116 3184 5172 de
3234 5116 3534 5172 Ascalone.
3578 5140 3599 5165 «

1906 5210 2066 5281 Ignis
2098 5208 2345 5264 mittitur
2374 5209 2431 5261 ia
2460 5223 2675 5261 murum
2715 5208 2893 5272 Gaza,
2952 5220 3087 5261 cum
3135 5206 3612 5274 concupiscentia

1910 5298 2138 5355 immitti
2181 5296 2489 5368 permittnr
2529 5297 2588 5352 in
2635 5296 2906 5352 exteriori
2952 5295 3230 5360 custodia,
3293 5309 3426 5365 qua:
3472 5309 3611 5364 pro-

1909 5387 2170 5444 saeculari
2204 5388 2499 5442 honestate
2537 5385 2849 5441 adhibetur
2895 5385 2967 5440 ad
3006 5383 3399 5454 palliationem
3446 5383 3612 5440 forti-

1910 5476 2129 5533 tudinis
2155 5489 2454 5545 perversae.
2493 5476 2547 5530 Is
2571 5475 2810 5530 devorat
2840 5473 2979 5528 aedes
3003 5475 3142 5542 ejus,
3174 5486 3309 5528 cum
3329 5472 3615 5529 subvertit

1908 5573 1963 5621 et
1994 5572 2182 5620 vastat
2213 5564 2494 5635 quidquid
2531 5563 2852 5633 Speciosam
2897 5570 2952 5617 et
2986 5561 3194 5616 decens
3231 5567 3316 5616 est
3348 5560 3403 5614 in
3452 5559 3609 5616 fora-

1910 5656 2051 5712 stica
2078 5652 2416 5710 habitudine
2449 5652 2596 5722 ejus.
2635 5652 2918 5722 Disperdit
2959 5652 3109 5706 Deus
3140 5649 3500 5704 habitatorem
3546 5648 3613 5701 de
