3950 6422
341 381 445 433 H9

1239 376 1295 430 V.
1342 372 1683 433 GUIBERTI
1719 374 2022 430 ABBATIS
2059 375 2116 431 S.
2161 373 2398 430 MARUE
2435 373 2524 430 DE
2565 374 2959 430 NOVIGEN'I‘O

3755 384 3864 436 420

341 512 534 574 Azoto,
571 521 704 564 cum
743 505 1033 576 quidquid
1071 505 1487 561 rationabiliter
1533 504 1738 573 ineptis
1781 503 2030 558 motibus
2069 508 2114 560 Α
2142 503 2420 558 debuerat
2445 505 2630 574 (Eccli.
2660 517 2799 571 xxx,
2832 505 2946 571 24),
2984 506 3085 562 iste
3125 505 3859 566 indesinenterinficiendo

341 593 800 669 per’interiorem
847 593 963 648 vim
999 592 1280 647 dominari
1331 599 1530 660 potest.
1595 591 1667 646 ad
1715 591 2035 660 deprimen-

339 690 480 744 dum
556 684 881 742 tentationis
953 682 1283 738 incendium
1359 679 1668 735 miserabili
1738 681 2033 749 perturbat

339 775 698 833 exterminio.
763 773 1046 844 Disperdit
1096 771 1265 827 etiam
1325 776 1583 824 tenentem
1649 775 1921 838 sceptrum
1968 769 2035 823 de

339 865 630 931 Ascalone,
659 876 790 917 cum
842 862 1001 916 bona
1032 859 1344 915 voluntatis
1392 859 1697 914 scintillam
1744 858 1899 929 justo
1928 874 2033 913 suo

338 951 655 1020 exstinguit
697 949 940 1020 judicio,
971 963 1100 1018 qua
1141 946 1295 1016 regio
1328 961 1481 1001 more
1529 946 1821 1001 flammam
1869 947 2028 1001 euhi-

339 1039 472 1094 bere
535 1035 892 1106 dignoscitur
955 1034 1183 1090 infamis
1258 1034 1753 1103 concupiscentia.
1820 1035 2032 1090 Azotus

337 1124 490 1181 enim
519 1125 845 1189 incendium,
885 1123 1126 1178 Ascalon
1163 1125 1306 1189 ignis
1361 1125 1590 1188 infamis
1636 1121 1866 1178 dicitur.
1901 1141 1929 1173 ix
1961 1123 2031 1178 Et

338 1238 366 1264 ››
397 1221 723 1270 convertam
758 1226 992 1266 manum
1044 1225 1225 1265 meam
1264 1225 1438 1280 super
1477 1211 1736 1266 Accaron
1789 1219 1843 1267 et
1891 1211 2031 1282 peri-

341 1324 363 1352 ι
401 1304 545 1358 bunt
601 1301 860 1370 reliquia
929 1297 1425 1354 Philisthinorum.
1493 1299 1720 1367 :Super
1782 1301 2028 1354 Accaron

334 1405 553 1444 manum
578 1402 742 1444 suam
783 1388 932 1442 Deus
975 1385 1277 1452 convertit,
1310 1385 1546 1454 quando
1581 1385 2026 1442 consolationem

335 1477 618 1532 internam
685 1475 943 1546 perutilis
1001 1473 1382 1530 eruditionem
1449 1474 1690 1530 tristitia
1758 1477 2029 1532 anostris

332 1566 624 1621 mentibus
647 1579 759 1619 non
789 1565 1015 1618 avertit.
1049 1563 1306 1617 Accaron
1337 1562 1490 1617 enim
1520 1563 1756 1617 eruditio
1785 1567 2028 1620 tristitia

332 1655 563 1710 dicitur.
609 1655 878 1721 Reliquiae
934 1651 1384 1705 Philislhinorum
1435 1659 1696 1720 pereunt,
1736 1666 1868 1707 cum
1919 1653 2025 1708 mi-

331 1741 510 1796 nutia
550 1739 962 1809 cogitationum
1012 1745 1253 1792 terrena
1298 1738 1522 1806 potione
1572 1738 1883 1808 voluptatis
1928 1739 2024 1794 in-

330 1829 551 1884 ebriare
599 1804 928 1893 solentium,
977 1825 1050 1881 ab
1099 1804 1314 1881 animo
1335 1804 1739 1882 oblitterantur
1776 1835 1831 1883 et
1861 1828 2022 1884 exci-
2063 1804 2104 1859 Β

330 1916 648 2062 “31:15.9.
688 2033 762 2046 —
800 2027 827 2050 «ι
887 2003 1018 2058 Hac
1057 2001 1193 2058 dicit
1241 2001 1563 2058 Dominus:
1615 2003 1796 2072 Super
1843 2002 2027 2058 tribus

330 2117 358 2145 »
391 2094 700 2151 sceleribus
748 2092 901 2163 Tyri,
933 2099 987 2148 et
1034 2105 1210 2160 super
1251 2097 1506 2161 quatuor
1544 2105 1659 2146 non
1694 2099 2026 2146 convertam

334 2204 356 2232 ι
393 2197 546 2249 eum,
578 2196 643 2238 eo
684 2181 836 2252 quod
879 2179 1264 2235 concluserint
1293 2178 1680 2247 captivitatem
1717 2179 2022 2248 perfectam

331 2293 357 2320 »
387 2272 445 2327 in
469 2271 742 2338 ldumaa,
767 2276 821 2325 et
856 2282 971 2324 non
1003 2267 1117 2323 sint
1139 2266 1417 2322 recordati
1441 2265 1672 2320 foederis
1687 2265 1952 2322 fratrum.
1993 2284 2020 2316 ι

326 2357 513 2427 Tyrus
541 2356 953 2425 interpretatur
981 2355 1257 2418 angustia.
1291 2351 1362 2406 Et
1393 2365 1524 2421 qua
1546 2352 1729 2422 major
1754 2353 2023 2423 angustia

327 2458 502 2514 quam
533 2457 621 2509 ea,
656 2443 725 2498 de
755 2456 873 2512 qua
903 2441 1115 2496 dicitur
1147 2455 1160 2493 :
1196 2462 1215 2487 ι
1253 2440 1433 2495 Eruet
1465 2447 1517 2495 te
1545 2441 1613 2495 de
1642 2453 1738 2496 ore
1773 2449 2021 2511 angusto

327 2530 599 2588 latissime
657 2530 772 2601 (Job
829 2543 1029 2596 xxxvi,
1094 2527 1210 2597 l6);
1247 2549 1269 2576 ι
1333 2527 1402 2583 Et
1452 2527 1678 2582 David:
1741 2529 2016 2598 «Neque,

324 2620 536 2692 inquit,
597 2627 800 2690 urgeat
877 2631 1052 2688 super
1106 2631 1195 2672 me
1235 2623 1443 2686 puteus
1496 2631 1557 2672 os
1623 2631 1797 2672 suum
1851 2617 2016 2686 (Psal.

321 2723 513 2775 vaui,
551 2709 661 2779 f6).
697 2727 725 2759 ν»
777 2707 908 2762 Tria
964 2720 1102 2775 ergo
1147 2706 1360 2761 scelera
1402 2705 1536 2774 Tyri
1599 2704 1657 2759 in
1715 2711 1919 2772 mente,
1963 2711 2018 2760 et

321 2807 575 2868 quatuor
611 2795 925 2866 corporalis
964 2793 1282 2849 efficientia
1324 2808 1449 2848 eam
1481 2794 1736 2850 converti
1780 2808 1892 2848 non
1933 2793 2009 2848 si-

320 2893 489 2951 nunt,
549 2883 826 2940 nimirum
885 2897 1016 2952 qna
1067 2882 1245 2952 ipsam
1297 2883 1420 2937 sine
1475 2881 1594 2938 ulla
1648 2883 2018 2938 confessionis

318 2971 695 3040 respiratione
725 2971 876 3026 intra
905 2983 1141 3025 suorum
1164 2969 1470 3025 criminum
1493 2970 1826 3040 voraginem
1848 2969 2014 3024 clau-

317 3057 482 3114 dunt.
533 3057 681 3112 Gaza
719 3057 988 3126 superius
1038 3056 1327 3112 transtulit
1375 3061 1435 3110 ut
1481 3057 1835 3123 concluderet,
1908 3057 2014 3111 ista

213 3198 221 3207 ,
317 3147 594 3206 conclusit,
641 3144 781 3215 quia
828 3158 925 3213 per
975 3143 1327 3200 incrementa
1375 3144 1665 3214 nequitia,
1721 3145 1874 3215 quod
1921 3144 2014 3200 ille

317 3234 494 3291 animi
543 3233 776 3289 habitus
824 3231 1140 3302 proposuit,
1197 3233 1287 3287 hic
1344 3233 1486 3287 facie
1525 3233 1814 3288 offirmata
1867 3249 2016 3290 com-

318 3323 512 3394 plevit.
568 3321 796 3376 Fa'deris
845 3323 1089 3387 fratrum
1139 3336 1244 3374 non
1292 3321 1690 3390 recordamur,
1731 3323 1872 3393 quia
1915 3338 2014 3379 ra-

317 3411 489 3468 tionis
532 3411 935 3480 appetitusque
973 3409 1223 3464 carnalis
1271 3423 1342 3464 ex
1373 3409 1572 3464 eadem
1612 3419 1820 3475 mente,
1871 3425 1939 3467 ac
1966 3413 2010 3467 si

318 3512 595 3571 germana
653 3498 1001 3562 fraternitas,
1063 3496 1205 3566 quid
1255 3495 1363 3552 sibi
1414 3504 1573 3552 muto
1628 3499 1900 3555 custodia
1947 3515 2014 3556 ac

318 3586 658 3644 obeditionis
688 3581 949 3650 debeant,
979 3598 1094 3639 non
1127 3583 1504 3653 perpendunt.

390 3676 561 3733 Vnus.
607 3671 693 3726 lO.
743 3694 763 3720 ι
819 3672 890 3726 Et
933 3670 1154 3726 mittam
1214 3670 1403 3740 ignem
1464 3670 1522 3726 in
1569 3685 1805 3729 murum
1856 3674 2009 3744 Tyri,

319 3787 348 3813 ››
383 3771 438 3820 et
468 3760 764 3818 devorabit
793 3760 940 3816 ades
966 3759 1112 3828 ejus.
1146 3777 1173 3808 π
1205 3758 1367 3824 Quod
1398 3765 1480 3814 est
1509 3758 1696 3816 dicere
1729 3775 1741 3814 :
1774 3761 2009 3818 Omnem

318 3849 657 3906 exteriorem
714 3846 1018 3914 cautelam,
1072 3859 1190 3916 qua
1253 3861 1371 3901 sua
1425 3847 1706 3904 honestati
1757 3852 2013 3918 providet

318 3937 589 4008 turpibus
626 3935 1103 4005 concupiscentiis
1131 3935 1427 3990 evidenter
1451 3935 1634 3990 addici
1665 3937 2007 4005 permittam.

319 4025 482 4082 Unde
509 4031 565 4080 et
589 4023 1024 4080 sensualitatum
1055 4022 1181 4093 ejus
1219 4022 1709 4079 circumstantiam
1743 4039 2010 4084 consum-

319 4114 500 4185 ptioni
525 4121 713 4182 aperte
741 4111 1064 4182 subjiciam.

389 4203 558 4259 Vens.
603 4205 686 4256 ll.
718 4232 785 4240 —
820 4217 850 4252 α
879 4201 1010 4255 Hac
1047 4198 1184 4254 dicit
1230 4200 1508 4258 Dominus
1543 4221 1555 4261 :
1600 4207 1783 4279 Super
1827 4206 2012 4264 tribus

322 4310 344 4338 ι
376 4289 688 4346 sceleribus
720 4288 923 4353 Edom,
956 4294 1010 4342 et
1035 4301 1210 4356 super
1239 4298 1490 4358 quatuor
1529 4311 1646 4353 non
1672 4305 2009 4354 convertam

2145 591 2460 658 perturbat.
2514 594 2766 646 Fui-orem
2815 608 2973 648 suum
3018 597 3167 650 ultra
3229 603 3394 662 tenet,
3442 599 3584 654 dum
3637 615 3763 655 non
3788 601 3862 656 le-

2143 677 2370 731 nocinio
2417 677 2825 746 titillationum,
2885 681 3036 750 quod
3085 683 3348 739 naturale
3394 693 3496 752 est,
3553 687 3650 741 sed
3701 687 3859 744 furo-

2141 765 2304 820 ribus
2335 769 2847 836 perpetrationum,
2891 770 3047 839 quod
3089 770 3441 828 diabolicum
3481 783 3584 840 est,
3614 776 3859 844 explere

2141 855 2531 924 quodcunque
2587 857 2832 925 cupierit
2909 857 3090 913 ardet.
3165 860 3606 928 Indignationem
3689 879 3857 919 suam

2141 958 2308 1010 usque
2353 947 2409 997 in
2461 945 2623 1008 ﬁnem
2672 954 2884 1014 servat,
2933 947 3074 1003 dum
3128 963 3240 1004 non
3305 965 3405 1019 per
3455 951 3854 1022 ignorantiam

2139 1040 2240 1088 aut
2271 1032 2658 1089 infirmitatem
2688 1044 2900 1105 peccat,
2945 1037 3042 1092 sed
3087 1038 3294 1096 avertit
3318 1054 3519 1098 aurem
3561 1055 3732 1099 suam
3777 1058 3852 1100 ne

2139 1119 2234 1176 Dei
2267 1121 2447 1191 legem
2470 1123 2670 1179 audiat
2701 1128 2886 1192 (Prov.
2921 1141 3119 1192 xxvnt,
3153 1129 3231 1198 9).

2211 1227 2380 1283 Vens.
2436 1232 2518 1283 l2.
2570 1259 2638 1270 —
2671 1252 2690 1278 ι
2724 1231 2936 1286 Mittam
2978 1231 3168 1302 ignem
3216 1233 3274 1290 in
3319 1235 3594 1305 Theman,
3640 1246 3695 1294 et
3742 1239 3850 1294 de-

2136 1336 2165 1365 ιι
2227 1316 2450 1373 vorabit
2499 1319 2649 1374 ades
2697 1320 2900 1376 Bosra.
2964 1343 2991 1370 ι
3041 1322 3298 1379 Theman
3355 1324 3568 1382 dicitur
3619 1333 3846 1396 auster;

2135 1404 2308 1460 Bosra
2338 1407 2743 1461 tribulationem
2781 1418 2964 1464 sonat.
3009 1411 3070 1464 In
3101 1417 3307 1477 austro,
3350 1413 3452 1482 qui
3497 1422 3706 1470 ventus
3753 1424 3846 1471 est

2136 1493 2380 1563 tepidus,
2417 1495 2568 1565 ignis
2599 1496 2947 1563 immittitur,
2979 1513 3111 1554 cum
3144 1513 3305 1554 mens
3326 1501 3563 1556 remissa
3585 1510 3640 1558 et
3667 1503 3844 1573 vapi-

2135 1582 2209 1637 da
2261 1585 2557 1640 atrocitate
2599 1587 2924 1641 tentationis
2953 1587 3228 1644 nutritur.
3290 1589 3466 1644 Edes
3505 1590 3692 1646 Bosra
3733 1593 3841 1648 de-

2137 1678 2433 1739 vorantur,
2474 1688 2606 1728 cum
2659 1688 2933 1730 sensuum
2989 1679 3348 1732 extrinsecus
3397 1680 3846 1736 immoderantia

2136 1757 2582 1829 inexplebilibus
2649 1763 2932 1819 malorum
3022 1764 3244 1834 laqueis
3308 1772 3654 1824 coarctatur.
3725 1769 3840 1826 Cui

2137 1849 2386 1904 concinit
2435 1849 2575 1905 illud
2622 1851 2763 1906 Job:
2801 1873 2826 1899 «
2871 1851 3235 1910 Considerate
3273 1855 3504 1911 semitas
3549 1857 3840 1929 Theman,

2137 1935 2341 1992 itinera
2375 1938 2542 2004 Saba,
2592 1946 2648 1994 et
2679 1948 3002 2008 exspectate
3051 1941 3341 2011 paulisper
3370 1945 3502 2014 (Job
3540 1961 3615 2010 vr,
3653 1948 3763 2014 f9).
3803 1968 3833 1996 ς

2134 2027 2204 2082 Ει
2261 2028 2319 2082 in
2373 2036 2634 2094 vacante,
2684 2029 2870 2097 scopis
2928 2030 3209 2086 mundata
3263 2031 3431 2087 domo
3476 2035 3835 2105 septemplex

2131 2115 2368 2184 spiritus
2392 2115 2716 2186 ingreditur
2745 2116 2895 2186 (Luc.
2929 2131 3011 2183 χι,
3034 2120 3148 2188 26).

2201 2221 2372 2278 Vens.
2410 2223 2494 2275 f3.
2521 2249 2588 2262 —-
2620 2241 2648 2272 at
2686 2221 2818 2276 Hac
2857 2223 2993 2278 dicit
3033 2225 3312 2280 Dominus
3345 2241 3358 2280 :
3404 2225 3590 2297 Super
3636 2229 3831 2285 tribus

2128 2330 2158 2360 ››
2189 2309 2497 2364 sceleribus
2527 2309 2774 2365 filiorum
2808 2311 3072 2380 Ammon,
3103 2320 3156 2368 et
3200 2328 3374 2384 super
3421 2325 3675 2386 quatuor
3707 2333 3828 2373 non

2133 2419 2153 2446 ι
2180 2405 2509 2453 convertam
2549 2412 2702 2464 eum,
2735 2413 2801 2454 eo
2845 2400 3000 2468 quod
3047 2399 3421 2459 dissecuerint
3458 2415 3828 2474 praegnantes

2128 2505 2156 2538 ››
2187 2485 2399 2541 Galaad
2431 2486 2501 2540 ad
2527 2486 2888 2542 dilatandum
2924 2488 3234 2545 terminum
3283 2505 3476 2547 suum.
3517 2514 3537 2538 ι
3574 2494 3829 2549 Ammon

2125 2573 2535 2643 interpretatur
2575 2577 2810 2643 populus
2859 2580 3120 2630 maeroris.
3156 2576 3210 2631 Si
3241 2577 3544 2647 disciplina
3585 2581 3641 2634 in
3668 2594 3831 2650 pra-

2124 2663 2267 2718 senti
2313 2662 2571 2717 interoris
2589 2670 2692 2730 est,
2740 2677 2872 2733 qua
2905 2663 3156 2720 fructum
3182 2666 3614 2734 pacatissimum
3637 2669 3833 2726 reddit

2123 2750 2310 2818 (Hebr.
2341 2765 2437 2814 xu,
2473 2748 2579 2820 ll),
2620 2758 2674 2805 et
2717 2750 2786 2805 de
2819 2752 3016 2820 nuptis
3045 2751 3280 2821 dicitur,
3311 2754 3466 2823 quod
3499 2754 3830 2810 tribulatio-

2122 2853 2248 2893 nem
2283 2837 2573 2894 habebunt
2599 2838 2929 2908 hujusmodi
2963 2842 3006 2905 (1
3043 2841 3162 2896 Cor.
3189 2856 3284 2906 vn,
3313 2843 3437 2910 28);
3467 2842 3612 2912 quid
3647 2851 3829 2913 putas

2121 2936 2333 2996 agatur
2361 2926 2512 2994 apud
2541 2941 2634 2981 eos
2659 2928 2759 2996 qui
2795 2927 3027 2998 flagitiis
3057 2928 3402 2997 inserviunt,
3429 2931 3538 2987 sub
3569 2942 3835 3002 quorum

2121 3015 2344 3084 lingua,
2379 3015 2553 3085 juxta
2586 3016 2891 3084 psalmum,
2928 3016 3089 3072 labor
3129 3025 3184 3073 et
3215 3018 3376 3073 dolor
3417 3028 3588 3087 sunt;
3627 3023 3829 3087 (Psal.,

2053 3099 2094 3153 C
2123 3117 2177 3164 Χ,
2212 3107 2263 3156 7.
2277 3113 2290 3170 )
2323 3103 2387 3157 Hi
2419 3117 2622 3158 causas
2655 3118 2768 3157 non
2799 3105 3168 3160 convertendi
3215 3107 3445 3174 habent,
3484 3108 3639 3178 quod
3670 3109 3835 3166 vide-

2122 3189 2252 3246 licet
2295 3198 2658 3260 pragnantes
2703 3191 2916 3246 Galaad
2969 3192 3269 3258 dissecent,
3320 3202 3507 3250 motus
3539 3195 3827 3253 nimirum

2123 3278 2446 3343 rationales,
2490 3279 2592 3348 qui
2632 3278 2976 3334 naturaliter
3017 3280 3236 3350 aliqua,
3278 3286 3343 3337 ut
3399 3283 3622 3346 assolet,
3669 3283 3833 3341 bona

2121 3367 2474 3435 concipiunt,
2513 3367 2584 3422 ad
2623 3367 2952 3422 dilationem
2985 3383 3106 3423 sua
3151 3371 3425 3440 nequitia
3467 3385 3658 3441 prava
3696 3387 3836 3430 eru-

2124 3455 2332 3524 ptionis
2375 3455 2524 3510 ferro
2575 3455 2920 3510 discindant.
2961 3455 3176 3512 Galaad
3225 3459 3436 3514 dicitur
3479 3475 3700 3516 acervus
3733 3467 3829 3516 te-

2121 3545 2384 3609 stimonii,
2417 3543 2520 3613 qui
2561 3557 2674 3599 non
2712 3552 2795 3599 est
2823 3544 2973 3599 alius
3005 3546 3110 3599 nisi
3141 3547 3381 3616 quidam
3409 3547 3572 3603 bona
3603 3551 3827 3620 cogita-

2122 3631 2292 3687 tionis
2327 3639 2614 3702 aggestus,
2656 3633 2826 3702 cujus
2879 3633 2951 3687 ad
2990 3633 3254 3690 effectum
3298 3635 3572 3690 ducenda
3621 3651 3824 3694 coram

2122 3733 2186 3774 eo
2227 3717 2382 3774 testis
2417 3727 2500 3774 est
2543 3719 2774 3775 animus
2820 3721 3130 3777 Terminum
3184 3731 3378 3778 autem
3432 3725 3656 3787 dilatat.
3709 3729 3824 3796 qui

2121 3808 2194 3862 ad
2226 3811 2371 3863 ua
2415 3807 2768 3878 propositum
2807 3823 3088 3879 perversa
3135 3811 3474 3881 expletionis
3516 3813 3814 3872 inastuat.

2192 3922 2362 3978 Vens.
2399 3923 2482 3976 14.
2517 3952 2582 3961 -
2605 3942 2631 3971 ‹‹
2656 3922 2726 3978 Et
2747 3922 3091 3978 succendam
3113 3922 3300 3994 ignem
3326 3925 3384 3980 in
3406 3940 3640 3982 murum
3662 3927 3825 3984 Rab-

2121 4031 2150 4059 »
2179 4009 2316 4066 bath
2360 4009 2487 4082 (at,
2523 4007 2772 4082 Bebba],
2817 4019 2872 4066 et
2909 4011 3202 4068 devorabit
3239 4013 3386 4069 ades
3425 4017 3552 4085 ejus
3593 4015 3650 4070 in
3679 4016 3820 4072 ulu-

2123 4120 2150 4150 »
2212 4099 2334 4155 latu
2381 4099 2438 4154 in
2496 4099 2586 4154 die
2645 4099 2793 4166 belli,
2846 4106 2901 4154 et
2954 4099 3008 4154 in
3060 4101 3292 4156 turbine
3343 4101 3400 4157 in
3456 4103 3545 4158 die
3573 4118 3826 4160 comma

2125 4209 2146 4235 ι
2178 4187 2368 4242 tionis.
2403 4206 2429 4237 α
2462 4186 2727 4242 Rabbath
2770 4186 3062 4241 multitudo
3091 4187 3334 4260 dicitur;
3369 4190 3427 4245 in
3455 4191 3624 4261 cujus
3651 4207 3823 4249 muro

2119 4276 2270 4348 ignis
2299 4275 2690 4341 succenditur,
2717 4291 2850 4332 cum
2882 4277 2940 4331 in
2979 4276 3305 4347 frequentia
3345 4287 3399 4336 et
3432 4280 3687 4337 tumultu
3735 4298 3824 4338 co-

323 4397 346 4425 ι
381 4390 537 4442 eum,
595 4389 662 4430 eo
714 4374 868 4444 quod
922 4380 1262 4444 prosecutus
1308 4377 1382 4432 sit
1431 4379 1490 4436 in
1547 4384 1739 4455 gladio
1769 4384 2000 4441 fratrem
2045 4394 2088 4448 ι)
2120 4365 2412 4455 eilaliODiS
2461 4365 2674 4455 iniqua?
2707 4365 3166 4455 qumginternos
3207 4374 3261 4422 θῑ
3291 4368 3469 4424 Deum
3511 4382 3577 4424 ³ο
3605 4369 3650 4424 εί
3679 4384 3818 4427 mll-

319 4483 346 4517 n
379 4477 571 4530 suum,
601 4470 656 4519 et
683 4461 984 4518 violaverit
1022 4461 1469 4524 misericordiam
1501 4471 1646 4542 ejus,
1680 4479 1734 4528 et
1764 4473 2010 4530 tenuerit

317 4573 346 4601 ››
380 4552 534 4608 ultra
575 4551 825 4608 furorem
855 4565 1048 4618 suum,
1091 4557 1146 4606 et
1187 4551 1638 4624 indignationem
1677 4574 1840 4617 suam
1887 4575 2010 4617 ser—

317 4661 346 4693 ›
375 4641 599 4698 vaverit
640 4655 826 4711 usque
859 4640 914 4695 in
965 4640 1157 4695 finem.
1196 4661 1217 4689 ι
1270 4642 1448 4701 Edom
1495 4655 1735 4705 terrenus
1773 4650 2006 4708 dicitur.

315 4731 625 4802 Postquam
658 4744 692 4785 a
741 4729 841 4785 Dei
889 4742 1083 4784 amore
1135 4741 1295 4784 mens
1343 4731 1586 4792 interius
1637 4747 2006 4810 angustatur,

315 4833 417 4890 per
464 4827 692 4876 terrena
735 4816 1018 4874 desideria
1064 4830 1289 4873 necesse
1335 4828 1418 4876 est
1466 4823 1616 4882 illico
1661 4833 1724 4882 ut
1769 4841 2008 4899 sparga-

313 4913 428 4964 tur.
461 4907 635 4976 Super
679 4906 854 4962 tribus
908 4917 1048 4973 ergo
1102 4905 1408 4974 sceleribus,
1456 4915 1508 4964 et
1552 4927 1715 4983 super
1745 4921 2004 4984 quatuor,

315 5009 448 5064 qua
497 4995 760 5052 bifariam
820 4995 1086 5064 superius
1131 4997 1390 5064 exposita
1433 5001 1698 5059 sufficere
1745 5013 2005 5074 possunt,

312 5099 419 5139 non
449 5085 822 5152 convertitur,
856 5085 997 5154 quia
1025 5082 1337 5150 delectatio,
1370 5089 1541 5145 semel
1590 5092 1743 5148 intus
1772 5093 2003 5162 ebibita,

313 5179 619 5242 postquam
650 5173 709 5228 in
739 5186 1038 5243 corporeos
1071 5171 1278 5228 transit
1303 5187 1462 5243 usus,
1497 5187 1714 5248 quanto
1741 5183 2007 5238 usitatior

312 5269 398 5318 est
445 5267 602 5318 tanto
645 5262 902 5318 tenacius
946 5260 1258 5330 obligatur.
1307 5261 1488 5321 Edom
1535 5281 1690 5339 ergo,
1743 5278 2006 5327 terrenus

313 5349 571 5418 aﬂectus,
610 5352 843 5416 fratrem
881 5354 938 5406 in
978 5352 1162 5420 gladio
1223 5354 1608 5424 persequitur,
1653 5373 1786 5414 cum
1836 5359 2004 5428 spiri-

313 5445 458 5506 tum,
490 5453 560 5495 ex
584 5441 779 5497 eadem
807 5441 1148 5498 conscientia
1194 5445 1588 5513 prodeuntem,
1633 5446 1799 5502 malis
1841 5447 2004 5517 capi-

312 5527 526 5584 talibus
574 5529 912 5600 intercipere
970 5529 1194 5586 nititur.
1237 5534 1673 5588 Misericordiam
1719 5536 1844 5605 ejus
1873 5537 2002 5591 vio-

311 5615 412 5683 lat,
463 5630 594 5674 cum
654 5618 808 5688 quod
865 5617 1122 5674 misereri
1171 5619 1380 5677 anima
1431 5635 1552 5679 sua
1613 5623 1842 5692 placens
1891 5625 2003 5680 Deo

2121 4468 2224 4510 rus
2265 4453 2586 4510 miserabile
2627 4453 2759 4510 facit
2803 4453 3186 4522 obstaculum,
3227 4459 3328 4512 aut
3364 4457 3668 4527 superbia,
3710 4468 3820 4517 aut

2119 4539 2315 4609 gloria
2347 4540 2553 4609 inanis,
2588 4541 2707 4596 sive
2735 4541 2904 4597 etiam
2939 4541 3211 4611 luxuria,
3263 4544 3352 4600 vel
3379 4545 3551 4600 etiam
3581 4546 3817 4616 cupidi-

2119 4629 2251 4683 tatis
2293 4642 2424 4698 qua
2465 4629 2660 4684 omnia
2725 4629 2872 4700 ignis
2918 4630 3308 4700 appellantur,
3347 4632 3660 4689 suscitatur
3719 4633 3815 4690 in-

2116 4715 2403 4772 cendium.
2475 4719 2536 4772 In
2592 4719 2803 4772 ululatu
2868 4719 3007 4773 ades
3069 4721 3186 4789 ejus
3253 4720 3626 4788 devorantur,
3677 4737 3816 4779 cum

2116 4804 2376 4860 membra
2401 4805 2548 4876 ejus,
2581 4821 2712 4876 qua
2741 4815 2876 4862 sunt
2914 4821 3088 4877 super
3139 4815 3372 4876 terram,
3405 4811 3662 4880 appetitu
3700 4811 3817 4867 im-

2099 4879 2447 4948 ‘manissimo
2481 4893 2881 4951 involvuntur.
2919 4897 3201 4965 Lupinum
3249 4897 3404 4953 enim
3443 4879 3528 4954 est
3560 4898 3812 4956 ululare.

2115 4981 2247 5036 Dies
2277 4982 2400 5036 belli
2436 4982 2672 5038 evidens
2717 4983 3104 5039 controversia
3145 4993 3229 5040 est
3276 4987 3468 5042 carnis
3519 4994 3572 5042 et
3611 4987 3812 5044 animi.

2113 5069 2296 5136 Quam
2330 5070 2500 5126 turbo
2533 5071 2815 5141 sequitur,
2862 5072 3000 5142 quia
3045 5074 3270 5129 cacitas
3307 5075 3484 5130 menti
3516 5090 3588 5130 ex
3623 5084 3816 5132 tenta-

2114 5158 2285 5215 tionis
2335 5159 2627 5215 nimietate
2681 5167 2931 5217 creatur.
2991 5161 3094 5217 Cui
3136 5162 3258 5218 dies
3304 5167 3672 5219 commotionis
3719 5168 3816 5222 ad-

2113 5245 2288 5314 ditur,
2333 5262 2468 5302 cum
2497 5261 2660 5303 mens
2691 5262 2792 5318 per
2829 5263 3068 5319 operum
3117 5250 3349 5320 indicia,
3393 5266 3428 5308 a
3469 5266 3577 5308 sua
3603 5253 3818 5311 stabili-

2113 5342 2227 5392 tate
2257 5336 2556 5392 manifeste
2585 5336 2800 5393 dimota
2823 5339 3206 5409 cognoscitur.

2185 5449 2355 5506 Vens.
2395 5454 2476 5505 l5.
2525 5481 2593 5490 —
2626 5471 2654 5502 α
2705 5453 2774 5509 Et
2822 5453 2922 5510 ibit
2970 5453 3232 5511 Melclion
3290 5454 3347 5510 in
3393 5458 3812 5530 captivitatem,

2113 5555 2142 5588 ι»
2175 5538 2312 5607 ipse,
2379 5547 2435 5594 et
2487 5539 2773 5608 principes
2815 5542 2944 5612 ejus
2995 5542 3189 5610 simul,
3253 5543 3390 5599 dicit
3443 5545 3744 5604 Dominus.
3790 5575 3809 5601 ι

2113 5625 2371 5681 Melchou
2425 5627 2834 5695 interpretatur
2899 5645 2998 5684 rea:
3045 5635 3237 5684 vester.
3285 5631 3365 5685 Ac
3435 5631 3482 5686 si
3549 5633 3811 5692 diceret:
