3950 6416
25 353 129 405 421

735 350 1198 410 TROPOLOGLE
1242 353 1307 409 IN
1349 353 1549 422 OSEE,
1590 353 1777 411 AMOS
1815 352 1905 407 ET
1942 353 2098 408 JER.
2144 382 2213 392 —
2256 352 2386 407 LIB.
2430 353 2522 408 ιν.
2564 352 2638 407 IN
2667 353 2875 410 AMOS.

3464 361 3568 416 422

25 488 160 543 Jam
221 503 343 545 non
397 488 753 544 solummodo
813 488 1051 558 spiritus
1107 490 1209 559 qui
1254 489 1416 545 vobis
1467 491 1749 560 imperare
1785 491 1830 544 Α
1931 489 2101 545 Vens.
2132 489 2185 543 5.
2223 518 2296 531 —
2327 510 2349 538 ι
2391 490 2462 545 Et
2504 490 2729 546 mittam
2776 490 2967 561 ignem
3025 492 3085 548 in
3140 494 3307 562 Iuda,
3366 503 3421 552 et
3476 497 3569 553 de—

30 576 346 643 debuerat,
381 578 438 632 in
474 576 683 646 peccati
716 576 1017 633 servitium
1062 578 1369 649 relegatur,
1404 579 1500 634 sed
1536 588 1750 635 etcum

30 680 99 720 eo
150 667 446 736 principes
496 666 644 736 ejus,
710 665 762 722 id
803 673 887 722 est
935 668 1336 724 sensualitates
1387 682 1519 739 quae
1570 669 1752 739 gratis

34 768 142 809 vos
173 755 698 824 persequebantur.

701 843 935 900 CAPUT
975 844 1049 900 II.

107 930 291 987 Vnus.
347 935 396 986 1.
448 962 516 970 -
558 951 586 982 α
622 932 752 987 Haec
790 932 926 987 dicit
970 932 1294 988 Dominus:
1338 932 1519 1003 Super
1565 933 1753 989 tribus

35 1040 60 1066 »
96 1019 418 1075 sceleribus
456 1019 641 1085 Moab,
688 1027 741 1075 et
772 1034 947 1089 super
986 1028 1242 1090 quatuor
1272 1035 1387 1077 non
1418 1028 1751 1078 convertam

36 1130 63 1155 ‹‹
96 1122 256 1175 eum,
289 1108 543 1180 eqquod
577 1107 894 1163 incenderit
932 1122 1063 1164 ossa
1091 1108 1241 1180 regis
1268 1110 1535 1166 Idumzeze
1566 1125 1753 1180 usque

36 1219 56 1243 ε
97 1197 156 1250 in
182 1197 522 1252 cinerem.»
584 1195 914 1252 Notandum
960 1197 1116 1267 quod
1166 1198 1367 1254 crebro
1424 1199 1747 1268 repetitur:

32 1286 159 1338 Haec
209 1285 348 1338 dit-il
401 1286 682 1350 Dominus,
731 1284 803 1339 ob
854 1283 959 1338 hoc
1001 1284 1188 1340 solum
1235 1293 1297 1341 ut
1351 1287 1554 1342 innuat
1610 1287 1752 1356 quia

32 1372 333 1442 quidquid
383 1387 456 1428 ex
508 1373 727 1427 ratione
778 1379 1114 1440 tractamus,
1162 1374 1331 1444 quasi
1376 1375 1489 1430 Deo
1530 1375 1599 1430 ad
1646 1390 1752 1432 nos

33 1462 316 1530 loquente
346 1460 718 1531 concipimus.
755 1461 921 1517 Moab
939 1477 1007 1515 ea;
1024 1467 1183 1532 patre
1201 1462 1433 1531 dicitur,
1457 1470 1511 1520 et
1538 1480 1606 1518 ex
1639 1466 1747 1519 lem.

27 1548 136 1615 Qui
178 1548 337 1604 enim
368 1564 440 1605 ex
474 1557 632 1619 patre
676 1549 904 1605 diabolo
954 1552 1236 1619 nascitur,
1283 1553 1429 1608 scire
1467 1568 1586 1610 non
1630 1569 1752 1624 pos-

21 1654 154 1695 sum
209 1652 330 1706 qua
374 1638 498 1707 lege
531 1644 813 1694 teneatur.
865 1639 919 1694 Is
958 1654 1074 1695 non
1104 1642 1480 1709 convertitur,
1521 1659 1577 1696 eo
1608 1643 1753 1712 quod

23 1745 147 1783 ossa
191 1728 341 1793 regis
384 1728 633 1781 Idumaeas
664 1742 833 1795 usque
860 1730 919 1781 in
951 1731 1180 1783 cinerem
1229 1732 1546 1798 incenderit,
1594 1733 1749 1802 quod

31 1814 309 1871 videlicet
340 1816 608 1882 rationes,
644 1830 792 1886 quas
825 1816 1127 1886 pluraliter
1153 1818 1299 1884 dico,
1333 1834 1447 1874 non
1493 1821 1648 1890 quod
1679 1821 1750 1877 sit

40 1904 151 1959 nisi
212 1918 333 1958 una
390 1904 555 1969 ratio,
613 1904 711 1960 sed
764 1919 866 1974 pro
921 1906 1345 1976 multiplicitate
1413 1922 1749 1975 causarum,

42 2006 296 2062 quarum
345 1992 518 2048 ol‘licii
561 1999 644 2048 est
694 2001 884 2049 motus
931 1994 1198 2051 cohibere
1241 1996 1518 2061 carnales,
1573 1999 1748 2054 veluti

43 2095 168 2136 ossa
220 2080 508 2136 sustinent
560 2095 784 2148 carnes,
835 2090 957 2151 post
1010 2083 1227 2152 peccati
1272 2086 1749 2154 perpetrationem

46 2170 116 2224 ad
158 2178 453 2225 extremas
501 2170 837 2239 perduxerit
875 2173 1360 2242 consumptiones.
1405 2173 1560 2230 Cinis
1597 2176 1750 2231 enim

49 2260 198 2328 ignis
235 2260 425 2314 exacti
474 2259 645 2329 quasi
684 2259 804 2314 sola
854 2261 1132 2316 memoria
1182 2262 1409 2317 residet.
1465 2265 1639 2332 Usque
1678 2265 1754 2318 ad

47 2350 272 2400 cinerem
301 2362 439 2419 ergo
489 2362 617 2403 ossa
655 2348 926 2415 incendit,
970 2348 1073 2418 qui
1121 2350 1404 2405 demolitis
1447 2352 1626 2406 animi
1667 2352 1752 2407 vi-

49 2435 226 2502 ribus,
272 2450 403 2506 quze
447 2436 845 2492 carnalitatem
895 2438 1275 2505 consolidant,
1320 2439 1452 2509 igne
1490 2440 1754 2509 concupi-

50 2523 275 2579 scentia:
315 2524 601 2581 exhausto
645 2539 785 2581 serae
818 2526 1163 2595 pmnitcntiaa
1211 2527 1509 2583 residuum
1558 2542 1630 2583 ex
1673 2543 1755 2584 sa-

51 2613 236 2668 tietate
270 2613 568 2684 relinquit.

119 2701 286 2757 Vens.
321 2704 373 2756 2.
406 2732 476 2742 --
505 2727 531 2749 ‹‹
566 2704 635 2758 Et
663 2703 882 2759 mittam
928 2703 1115 2774 ignem
1168 2703 1223 2758 in
1258 2704 1442 2773 Moab,
1479 2712 1533 2760 et
1572 2704 1751 2761 devo-

56 2811 75 2835 ›
109 2790 257 2845 rabit
302 2791 452 2846 azdes
498 2791 750 2858 Carioth,
797 2796 852 2847 et
903 2794 1179 2848 morietur
1227 2792 1286 2847 in
1324 2793 1512 2849 sonitu
1561 2794 1747 2862 Moab,

56 2901 80 2926 υ
106 2878 162 2933 in
212 2879 485 2951 clangore
545 2881 720 2937 tubae.
756 2902 783 2930 »
831 2883 1021 2951 Ignem
1070 2885 1128 2936 in
1173 2883 1329 2937 Moab
1369 2882 1560 2950 mittit,
1617 2898 1749 2939 cum

50 2968 195 3023 natis
227 2983 300 3024 ex
352 2969 601 3038 diabolo,
632 2977 707 3039 et,
740 2978 803 3026 ut
852 2971 927 3026 ita
976 2971 1183 3038 dicam,
1233 2985 1306 3026 ex
1354 2971 1581 3043 legibus
1623 2986 1750 3027 ma—

47 3056 195 3125 jores
252 3057 675 3114 incentivorum
741 3067 918 3115 azstus
963 3074 1257 3128 emergere
1305 3060 1458 3115 sinit.
1520 3059 1751 3115 Carioth

52 3143 254 3200 dicitur
280 3162 532 3201 accursus
570 3150 739 3214 ignis.
781 3148 1136 3203 Devorandis
1170 3163 1307 3217 ergo
1346 3148 1566 3203 aedibus
1598 3148 1748 3219 ignis

54 3235 313 3303 occurrit,
367 3251 500 3291 cum
561 3238 827 3292 sensibus
881 3236 1082 3307 potiori
1137 3236 1603 3305 concupiscentia
1655 3237 1748 3291 in-

56 3322 430 3391 ﬂammandis,
467 3326 786 3395 specierum
837 3325 1080 3391 occasio,
1123 3340 1255 3396 quae
1285 3326 1744 3394 concupiscatur,

56 3412 282 3467 accedit.
316 3414 379 3467 In
426 3417 610 3467 sonitu
649 3414 806 3468 Moab
858 3414 1121 3481 moritur,
1164 3428 1295 3469 cum
1347 3413 1456 3469 sub
1502 3414 1747 3469 sordidae

58 3501 498 3557 conversationis
548 3501 787 3558 infamia
842 3503 1271 3558 inverecundus
1324 3511 1501 3572 atque
1550 3503 1746 3558 insen-

58 3586 228 3642 sibilis
256 3588 424 3660 longe
480 3590 707 3660 lateque
738 3592 1107 3661 przedicatur,
1137 3593 1199 3646 In
1226 3593 1479 3660 clangore
1512 3607 1747 3662 quoque

62 3676 192 3730 tuba:
267 3681 526 3747 moritur,
604 3695 734 3735 cum
812 3689 866 3736 et
934 3681 1030 3736 alii
1098 3688 1272 3737 tanta:
1336 3680 1749 3736 exsecrationis

60 3765 327 3834 exemplo,
361 3775 415 3823 et
447 3767 793 3824 formidabili
829 3769 1079 3825 clamore
1113 3778 1422 3826 terrentur.

130 3851 290 3909 Vens.
314 3856 366 3911 3.
388 3887 458 3895 —
483 3878 510 3905 ‹‹
528 3858 595 3913 Et
616 3857 942 3927 disperdam
962 3857 1215 3929 judicem
1238 3860 1308 3915 de
1331 3858 1514 3915 medio
1534 3859 1676 3929 ejus,
1691 3866 1747 3915 et

69 3957 89 3983 ι
120 3954 305 3997 omnes
341 3944 627 4015 principes
664 3947 791 4017 ejus
830 3946 1169 4002 interﬁciam
1210 3962 1343 4002 cum
1383 3962 1467 4003 eo.
1502 3972 1526 3996 ιο
1560 3948 1747 4004 Iudex

67 4025 126 4079 de
150 4030 315 4084 medio
337 4033 448 4100 ejus
478 4032 845 4103 disperditur,
869 4050 1004 4090 cum
1033 4035 1198 4103 ratio,
1224 4035 1317 4091 cui
1344 4036 1416 4091 ad
1450 4035 1745 4091 dexteram

66 4114 148 4169 vel
180 4116 460 4176 sinistram
491 4122 776 4178 declinare
816 4138 930 4178 non
959 4125 1247 4192 convenit,
1277 4124 1587 4195 judiciario
1627 4125 1748 4180 dis-

69 4203 318 4261 cretionis
361 4209 564 4265 throno
612 4211 895 4280 privatur.
951 4211 1112 4279 Quod
1163 4214 1431 4282 superius
1472 4227 1571 4283 per
1610 4213 1748 4269 Mel-

69 4290 223 4360 chon,
256 4295 354 4351 hoc
383 4298 473 4353 hic
519 4313 619 4369 per
646 4300 901 4370 judicem
934 4301 1239 4372 ﬁguratur,
1274 4302 1748 4373 principes.quo-

77 4393 181 4447 que
210 4381 394 4442 itidem
425 4386 850 4458 intelliguntur.

145 4467 299 4527 VERS.
335 4473 387 4527 4.
418 4504 487 4515 —
528 4497 556 4526 ‹
598 4477 731 4532 Haec
778 4477 915 4534 dicit
962 4477 1281 4534 Dominus:
1331 4478 1513 4548 Super
1560 4478 1746 4535 tribus

79 4573 105 4604 α
134 4558 420 4619 sceleribus
441 4565 608 4634 Iuda,
653 4574 708 4622 et
745 4580 920 4637 super
968 4575 1225 4638 quatuor
1268 4582 1382 4623 non
1412 4576 1745 4624 convertam

83 4664 103 4691 ι
128 4659 269 4716 eum,
299 4664 362 4707 eo
391 4654 542 4723 quod
585 4654 856 4725 abjecerit
881 4655 1063 4727 legem
1096 4656 1344 4725 Domini,
1387 4664 1441 4713 et
1473 4657 1747 4714 mandata

83 4752 107 4777 (ι
133 4732 247 4803 eius
274 4753 380 4795 non
406 4744 754 4800 custodierit.
798 4767 817 4793 ι
852 4746 1000 4801 Iuda
1030 4746 1262 4812 dicitur,
1290 4748 1570 4813 confessio.
1596 4746 1621 4802 J
1631 4746 1746 4801 uda

80 4832 183 4876 non
209 4830 560 4899 convertitur,
601 4848 657 4887 eo
691 4834 836 4901 quod
874 4835 1037 4901 legem
1083 4837 1302 4889 Domini
1343 4834 1569 4907 abjerit,
1603 4835 1745 4905 quia

14 4938 29 4958 .
80 4910 328 4970 confessio
369 4920 703 4977 annullatur
753 4922 910 4992 apud
962 4922 1147 4991 illum,
1197 4923 1297 4995 qui
1349 4923 1563 4978 divinae
1602 4923 1745 4995 legis

82 5000 390 5071 neutiquam
454 5010 775 5067 meminisse
836 5011 1066 5081 quaerit.
1140 5012 1432 5077 Quomodo
1489 5012 1642 5067 enim
1690 5012 1741 5068 ei

82 5088 403 5171 confiteatur,
436 5098 528 5167 qui
560 5098 608 5169 ej
623 5087 710 5167 us,
753 5100 853 5171 qui
888 5101 1301 5168 conlitcndum,
1341 5109 1424 5157 est
1458 5109 1741 5171 praecepta

84 5170 353 5235 destatur?
397 5206 416 5232 ι
469 5170 822 5257 Deceperunt
878 5188 1034 5245 enim
1085 5205 1181 5245 eos
1224 5189 1375 5245 idola
1431 5170 1560 5258 sua,
1615 5170 1741 5260 post

90 5276 254 5357 {quae
281 5269 527 5331 abierunt
559 5285 749 5346 patres
798 5292 1021 5335 eorum.
1054 5298 1081 5329 ι)
1117 5279 1274 5334 Idola
1320 5295 1423 5334 sua
1453 5295 1538 5335 eos
1586 5279 1737 5335 deci-

86 5360 248 5452 piunt:
277 5357 473 5452 quibus
500 5373 597 5421 aut
628 5380 889 5433 suorum,
925 5376 1026 5423 aut
1053 5366 1388 5439 [alienorum
1425 5369 1738 5425 criminum

89 5447 478 5508 imaginationes
521 5453 801 5513 officiunt.
857 5458 981 5511 Post
1019 5458 1127 5511 haec
1152 5466 1343 5527 patres
1374 5474 1557 5513 eorum
1594 5459 1739 5513 abie-

23 5526 41 5556 ι
90 5532 220 5618 runt,
250 5546 367 5590 cum
404 5548 497 5596 aut
543 5543 782 5600 rationis
821 5546 1210 5613 auctoritates,
1252 5554 1354 5603 aut
1396 5546 1455 5603 hi
1486 5562 1737 5618 quorum

94 5624 143 5665 se
172 5613 393 5680 fatentur
422 5626 718 5688 imitatores
745 5647 845 5703 per
874 5634 995 5690 haec
1023 5635 1223 5691 eadem
1254 5633 1383 5691 falsi
1408 5613 1562 5692 sunt.

1862 596 1890 627 ν
1925 578 2150 633 vorabit
2197 577 2348 633 aedes
2389 579 2728 634 Jerusalem.
2769 601 2788 626 ι
2847 580 3004 650 ignis
3046 580 3103 635 in
3144 582 3352 639 Judam
3397 585 3569 640 mitti-

1863 674 1976 733 tur,
2009 680 2143 722 cum
2175 681 2288 721 non
2338 681 2409 721 ex
2454 666 2647 722 dolore
2675 670 2885 736 peccati
2920 670 3206 739 quispiam
3242 672 3564 740 confitetur,

1861 755 1955 810 sed
1988 755 2059 810 ad
2108 754 2464 809 incentivum
2503 754 2704 810 aliena)
2753 757 3006 820 malitiae,
3059 773 3190 827 quae
3233 760 3379 814 clam
3425 775 3569 816 com-

1816 846 1825 849 ’
1860 842 2075 899 miserit
2104 856 2476 913 nequaquam
2512 843 2805 913 publicare
2837 854 3086 901 veretur.
3136 847 3293 903 Unde
3334 850 3564 905 cuidam

1789 1796 1829 1849 Β

1788 3101 1829 3156 C

1862 931 2017 1002 apud
2055 931 2404 987 Ezechielem
2438 931 2651 987 dicitur
2685 947 2696 985 :
2734 951 2761 982 ι(
2794 933 3124 1002 Exposuisti
3163 934 3567 993 fornicationes

1861 1028 1992 1077 tuas
2049 1019 2206 1075 omni
2265 1020 2609 1087 transeunti,
2670 1028 2734 1076 ut
2762 1021 2891 1091 ejus
2952 1022 3115 1077 lieres
3175 1024 3389 1092 (Ezech.
3446 1038 3563 1092 xw,

1865 1112 1970 1174 15).
2016 1132 2036 1156 ι
2095 1110 2275 1174 dides,
2341 1111 2639 1163 Jerusalem
2706 1110 2915 1164 exinde
2983 1110 3361 1176 devorantur,
3429 1127 3563 1168 cum

1861 1198 2149 1269 quidquid
2180 1197 2239 1252 in
2270 1205 2459 1253 mente
2498 1198 2587 1253 vel
2632 1198 2692 1252 in
2733 1200 2999 1254 sensibus
3041 1207 3257 1268 poterat
3304 1208 3566 1257 constare

1862 1286 2096 1353 residui,
2128 1285 2202 1341 ab
2233 1286 2471 1341 interna:
2500 1285 2656 1355 pacis
2692 1287 2908 1341 visione
2941 1287 3255 1343 dirimitur.

1932 1376 2103 1432 Vnus.
2134 1378 2190 1429 6.
2224 1403 2293 1416 —
2327 1397 2346 1423 ι
2386 1374 2517 1430 Haec
2566 1375 2703 1430 dicit
2759 1376 3038 1431 Dominus
3082 1391 3094 1430 :
3147 1376 3330 1446 Super
3378 1377 3566 1434 tribus

1861 1482 1890 1515 ιο
1922 1463 2231 1520 sceleribus
2283 1463 2477 1529 Israel,
2528 1471 2583 1518 et
2631 1477 2807 1532 super
2846 1472 3103 1533 quatuor
3159 1478 3274 1519 non
3319 1479 3562 1521 conver-

1869 1574 1889 1602 α
1926 1561 2041 1608 tam
2069 1567 2223 1619 eum,
2271 1566 2373 1621 pro
2402 1566 2468 1607 eo
2512 1551 2663 1621 quod
2698 1551 3018 1607 vendiderit
3053 1561 3292 1623 argento
3316 1553 3562 1623 justum,

1864 1650 1975 1697 «et
2044 1654 2352 1711 pauperem
2408 1654 2508 1709 pro
2573 1640 2990 1695 calceamentis.
3044 1662 3063 1689 ι
3138 1643 3304 1695 Israel
3348 1657 3447 1711 pro
3508 1657 3565 1695 eo

1861 1730 2007 1798 quod
2059 1729 2275 1798 justum
2343 1735 2567 1794 argento
2631 1729 2937 1783 vendiderit
3003 1746 3110 1783 non
3177 1731 3560 1797 convertitur,

1858 1818 1999 1889 quia
2024 1818 2087 1884 is,
2122 1818 2224 1888 qui
2255 1832 2386 1872 cum
2423 1819 2533 1873 Deo
2565 1817 2738 1888 dirigi
2781 1818 3079 1885 debuerat,
3126 1826 3282 1874 tanto
3313 1819 3565 1889 amplius

1861 1914 1987 1977 post
2033 1906 2259 1975 lapsum
2300 1906 2372 1961 ad
2414 1906 2595 1961 Deum
2637 1906 2821 1961 redire
2870 1907 3164 1973 detrectat,
3208 1914 3427 1976 quanto
3460 1907 3565 1978 ju-

1860 2000 2035 2058 stum,
2081 1993 2139 2048 id
2180 2000 2262 2049 est
2295 1994 2577 2063 justitiam
2627 1995 3051 2063 comparatione
3092 1995 3337 2066 argenti,
3381 1996 3437 2051 id
3482 2004 3565 2053 est

1860 2080 2113 2137 scienitae
2149 2082 2231 2137 vel
2263 2082 2476 2153 eloquii
2509 2082 2705 2138 minus
2751 2090 2927 2139 amat.
2985 2084 3287 2153 Pauperem
3330 2099 3564 2155 quoque

1856 2186 1959 2239 pro
1999 2172 2375 2225 calceamentis
2419 2172 2536 2239 dat,
2579 2186 2713 2227 cum
2752 2172 2991 2242 spiritus
3035 2173 3419 2229 humilitatem
3462 2188 3564 2244 pro

1861 2259 2105 2314 mortuis
2133 2260 2401 2329 operibus
2431 2267 2766 2316 commutat.

1934 2347 2105 2403 Vens.
2170 2350 2224 2402 7.
2286 2377 2360 2390 —
2422 2371 2441 2396 ε
2515 2349 2623 2414 Qui
2692 2356 3000 2405 conterunt
3044 2364 3220 2419 super
3267 2350 3561 2419 pulverem

1863 2457 1891 2486 ιι
1920 2442 2084 2492 terra!
2114 2437 2303 2507 capita
2363 2451 2706 2508 pauperum,
2753 2445 2809 2493 et
2850 2438 3004 2493 viam
3054 2438 3363 2494 humilium
3397 2439 3565 2495 decli-

1862 2543 1889 2576 «
1921 2533 2080 2581 naut.
2111 2548 2137 2575 ››
2192 2527 2388 2596 Capita
2425 2543 2734 2596 pauperum
2790 2535 2926 2582 sunt
2988 2527 3330 2583 intentiones
3379 2528 3561 2584 animi

1861 2621 2143 2682 motuum,
2195 2628 2360 2671 suam
2410 2615 2480 2670 ad
2523 2616 2703 2671 Deum
2753 2615 3003 2684 inopiam
3045 2615 3381 2686 simpliciter
3411 2622 3563 2672 $28

1862 2702 2240 2759 molientium.
2284 2704 2417 2759 Haec
2451 2707 2638 2773 capita
2673 2719 2835 2773 super
2869 2706 3144 2773 pulverem
3186 2710 3342 2759 terra:
3385 2710 3562 2759 conte-

1858 2798 2008 2855 runt,
2036 2792 2138 2863 qui
2173 2792 2517 2863 principales
2557 2792 2844 2849 interioris
2885 2793 3136 2848 hominis
3181 2793 3415 2850 habitus
3448 2801 3561 2849 ter-

1860 2894 2015 2936 rente
2071 2880 2288 2937 levitati
2343 2881 2640 2937 addicunt.
2712 2883 2874 2936 Viam
2921 2883 3213 2936 humilium
3264 2882 3558 2951 declinant,

1860 2969 1962 3038 qui
2018 2964 2393 3025 intentionem
2447 2969 2757 3026 humilitati
2804 2970 2974 3025 semel
3028 2970 3339 3039 ascriptam
3384 2985 3561 3026 mun-

1859 3056 1993 3112 diali
2024 3057 2377 3113 derivatione
2415 3058 2754 3128 depravant.
2804 3058 2968 3114 Notet
3008 3058 3254 3128 diligens
3300 3058 3477 3114 lector
3501 3058 3560 3115 in

1858 3144 1948 3201 his
1996 3154 2139 3213 octo,
2186 3147 2505 3202 secundum
2552 3146 2880 3216 provincias
2909 3154 3053 3213 octo,
3101 3147 3416 3213 sententiis,
3460 3161 3560 3216 pro

1857 3241 2059 3289 octono
2093 3234 2362 3290 vitiorum
2392 3235 2727 3305 capitalium
2769 3249 3011 3290 numero
3042 3234 3365 3305 figuraliter
3392 3235 3561 3307 quid-

1858 3322 2012 3392 piam
2046 3337 2207 3392 posse
2240 3323 2498 3394 intelligi.
2551 3348 2575 3370 «ι
2606 3324 2674 3379 Ει
2715 3323 2868 3378 filius
2898 3337 2965 3379 ac
3005 3333 3164 3394 pater
3209 3325 3336 3394 ejus
3367 3323 3560 3380 ierunt

1864 3432 1884 3458 ι
1918 3411 1990 3467 ad
2018 3412 2289 3482 puellam,
2324 3419 2387 3469 ut
2420 3413 2701 3468 violarent
2731 3426 2940 3468 nomen
2984 3420 3250 3467 sanctum
3283 3426 3500 3468 meum.
3527 3431 3555 3464 η

1858 3500 2026 3557 Pater
2049 3510 2104 3557 et
2136 3502 2288 3557 tilius
2320 3501 2465 3557 ratio
2493 3510 2630 3558 sunt
2667 3509 2720 3557 et
2751 3500 3011 3569 allectus,
3040 3502 3180 3571 quia
3223 3500 3559 3556 subterioris

1857 3589 1927 3644 ad
1977 3590 2280 3646 anterioris
2328 3591 2641 3659 primatum
2685 3590 2978 3646 maximus
3019 3598 3103 3646 est
3147 3596 3457 3659 respectus.
3489 3589 3558 3644 Hi

1855 3687 1995 3734 eunt
2031 3679 2105 3732 ad
2152 3680 2408 3748 puellum,
2444 3680 2677 3750 quando
2719 3679 2843 3735 sine
2880 3679 3221 3735 discretione
3260 3678 3461 3749 aliqua
3498 3692 3558 3734 se

1856 3766 2156 3824 dimittunt
2204 3768 2276 3824 ad
2333 3767 2738 3823 invalitudinis
2797 3767 3038 3823 interna:-
3095 3767 3408 3823 mollitiem.
3468 3767 3559 3822 Ex

1858 3870 1973 3926 quo
2001 3872 2189 3911 nomen
2216 3861 2463 3911 sanctum
2502 3857 2600 3913 Dei
2622 3856 2884 3928 lviolant,
2928 3870 3060 3912 cum
3096 3856 3327 3923 famam,
3362 3869 3557 3927 quan-

1861 3952 1981 4001 tum
2010 3945 2067 4000 in
2101 3960 2159 4001 se
2187 3953 2291 4013 est,
2328 3946 2501 4002 totius
2529 3945 2848 4001 sanctitatis
2875 3952 3211 4000 extenuant.

1934 4033 2101 4090 Vens.
2133 4035 2189 4090 8.
2227 4065 2295 4073 —
2333 4057 2353 4082 ι
2392 4035 2460 4089 Ει
2502 4047 2678 4103 super
2715 4032 3070 4089 vestimentis
3112 4032 3426 4103 pigneratis
3454 4045 3554 4087 ae—

1864 4143 1884 4168 »
1919 4122 2250 4178 cubuerunt
2285 4122 2460 4193 juxta
2497 4137 2666 4178 omne
2696 4122 2893 4190 altare,
2929 4130 2984 4177 et
3016 4121 3215 4177 vinum
3247 4120 3556 4177 damnato-

1861 4232 1889 4259 ‹‹
1922 4225 2050 4266 rum
2094 4211 2363 4268 bibebant
2387 4211 2446 4267 in
2472 4212 2640 4267 domo
2663 4212 2759 4267 Dei
2783 4211 2893 4267 sui.
2919 4232 2939 4257 ι
2968 4210 3320 4267 Vestimenta
3351 4209 3556 4281 pigne-

1858 4307 1983 4355 rata
2026 4308 2182 4366 sunt,
2226 4300 2281 4355 in
2326 4301 2535 4371 pignus
2570 4314 2672 4370 pro
2706 4300 2897 4356 debito
2949 4300 3176 4355 tradita.
3226 4298 3411 4368 Super
3434 4298 3557 4353 haec

1776 4392 1991 4460 Dergo
2041 4389 2213 4457 juxta
2269 4405 2421 4444 omne
2476 4391 2652 4443 altare
2715 4388 3088 4456 accumbunt,
3148 4402 3281 4443 cum
3340 4385 3554 4457 peccati

1852 4491 2028 4547 opera
2090 4477 2148 4532 in
2198 4477 2406 4548 pignus
2457 4476 2807 4533 remissionis
2854 4491 2957 4547 per
3016 4476 3426 4532 confessionem
3480 4475 3554 4531 ab

1854 4562 2050 4634 aliquo
2092 4564 2259 4621 nobis
2305 4565 2610 4622 commissa
2644 4566 2815 4637 juxta
2851 4565 3231 4636 propositum,
3276 4564 3431 4634 quod
3472 4570 3558 4620 est

1852 4652 2032 4709 altare
2082 4654 2452 4723 ptenitudinis
2497 4654 2860 4722 omnimodae,
2912 4653 3080 4709 nobis
3136 4652 3550 4720 accumbendo,

1853 4742 1909 4798 id
1952 4752 2037 4799 est
2075 4743 2147 4798 ad
2200 4743 2574 4799 imitationem
2626 4757 2868 4813 pravam
2920 4743 3083 4798 nobis
3137 4740 3555 4797 substernendo

1852 4832 2213 4887 adhibemus.
2283 4834 2478 4887 Vinum
2525 4832 2910 4886 damnatorum
2979 4833 3038 4884 in
3104 4830 3259 4883 domo
3315 4831 3413 4883 Dei
3462 4831 3552 4884 sui

1852 4921 2076 4987 bibunt,
2136 4936 2267 4977 cum
2332 4920 2649 4990 voluptates
2704 4934 2904 4976 eorum
2973 4934 3119 4989 quos
3180 4932 3282 4988 pro
3338 4918 3552 4974 eisdem

1850 5012 2150 5067 damnatos
2178 5026 2299 5066 esse
2334 5026 2448 5065 non
2489 5009 2773 5076 nesciunt,
2807 5008 2866 5063 in
2912 5008 3141 5078 propria
3182 5006 3550 5074 conscientia,

1850 5115 2026 5172 quam
2070 5099 2167 5156 Dei
2216 5100 2450 5156 domum
2513 5113 2633 5155 esse
2686 5104 3053 5165 convenerat,
3110 5096 3394 5152 indecenti
3444 5094 3553 5151 sibi

1848 5191 2123 5246 aviditate
2150 5202 2251 5259 pro
2288 5188 2552 5258 exemplo
2581 5187 2923 5258 corripiunt.

1920 5280 2091 5337 Vens.
2123 5281 2174 5333 9.
2207 5309 2276 5319 -—
2307 5299 2335 5327 «
2366 5279 2487 5349 Ego
2517 5285 2707 5333 autem
2737 5274 3124 5333 exterminavi
3148 5275 3553 5332 Amorrhzeum

1851 5391 1877 5420 κ
1920 5383 1953 5425 a
1981 5369 2123 5425 facie
2155 5382 2397 5437 eorum;
2437 5367 2609 5438 cujus
2652 5365 2900 5422 altitudo
2948 5364 3275 5431 cedrorum,
3308 5363 3551 5420 altitudo

1849 5480 1877 5509 ‹‹
1907 5460 2052 5531 ejus,
2099 5464 2153 5513 et
2204 5456 2364 5512 fortis
2408 5455 2528 5526 ipse
2581 5455 2748 5526 quasi
2796 5468 3068 5526 quercus.
3102 5475 3130 5503 ››
3182 5453 3553 5509 Amorrhzeus

1848 5549 2260 5617 interpretatur
2306 5548 2640 5614 amaricans,
2686 5558 2753 5601 ac
2807 5544 2850 5600 si
2893 5544 3148 5600 diceret:
3204 5543 3319 5613 Ipsi
3347 5557 3406 5598 se
3437 5541 3552 5599 mi-

1849 5637 1904 5693 hi
1936 5636 2188 5693 reddunt
2232 5649 2332 5703 per
2374 5642 2454 5690 tot
2491 5633 2738 5689 olfensas
2777 5632 3049 5701 infensos,
3090 5633 3185 5688 sed
3226 5630 3553 5688 meminisse
