3956 6412
381 368 483 424 423

1283 365 1343 424 ν.
1385 363 1717 427 GUIBERTI
1755 367 2047 426 ABBATIS
2084 370 2140 426 S.
2185 360 2420 424 MARle
2460 367 2552 424 DE
2591 361 2980 424 NOVIGENTO

3787 361 3880 418 4‘2i

381 501 700 558 debuerant
748 501 1055 572 quomodo,
1108 501 1166 556 in
1207 501 1444 556 exordio
1492 516 1611 555 sure
1660 499 2067 565 conversionis,
2111 507 2150 558 A
2182 513 2367 565 suam,
2436 507 2490 554 et
2549 507 2748 555 tenens
2809 512 3009 554 arcum
3081 512 3196 552 non
3256 495 3452 552 stabit.
3524 517 3546 544 ι
3611 497 3880 552 Robustus

382 590 730 660 quibusdam
760 589 1265 645 exterminaverim
1312 590 1490 644 Deum
1535 589 1942 644 amaricantem
1974 603 2070 643 su-

383 678 594 748 perbize
624 678 855 744 fastum,
888 679 944 733 in
988 678 1215 733 illorum
1259 678 1535 732 nimirum
1574 678 1844 732 cordibus
1875 677 1976 747 qui
2006 677 2074 732 de

381 781 488 822 sua
524 767 1017 836 contemplatione,
1071 781 1138 821 ac
1189 766 1234 821 si
1277 766 1510 821 cedrina
1553 768 1886 835 proceritate
1927 780 2072 835 gau-

381 856 612 922 debant,
647 864 700 912 et
733 857 802 910 dc
843 871 963 910 sua:
999 855 1188 910 carnis
1231 855 1707 924 impassibilitate,
1741 869 1807 910 ac
1837 853 1880 908 si
1909 854 2071 923 ejus-

381 944 510 999 dem
543 945 764 1000 arboris
795 943 1252 1012 imputribilitate
1295 958 1415 998 sese
1449 944 1767 1012 jactabant,
1802 953 2066 998 constan-

381 1039 463 1088 tes
492 1034 660 1088 etiam
694 1033 948 1092 adversis
978 1033 1402 1102 emergentibus
1433 1033 1641 1100 seipsos
1671 1031 1839 1101 quasi
1867 1032 2072 1087 robora

379 1135 602 1192 querna
642 1122 938 1190 putabant.
979 1139 1006 1169 α
1061 1121 1180 1188 Ego
1211 1119 1454 1174 contrivi
1499 1120 1750 1174 fructum
1791 1119 1918 1190 ejus
1966 1120 2069 1174 de-

381 1229 408 1261 »
440 1223 631 1278 super,
683 1217 736 1264 et
778 1209 1026 1264 radicem
1074 1210 1200 1277 ejus
1232 1208 1449 1262 subter.
1491 1231 1510 1252 ι
1565 1209 1808 1263 Fructus
1857 1209 2068 1262 Amor-

379 1297 519 1353 rhzei
568 1299 796 1366 desuper
833 1297 1168 1360 conteritur,
1219 1311 1352 1352 cum
1402 1296 1595 1351 saeculi
1641 1295 1884 1352 fortuna!
1937 1311 2067 1351 suc-

375 1400 570 1440 cessus
613 1385 1007 1440 incedentibus
1041 1385 1370 1440 infortuniis
1414 1385 1776 1440 annullatur.
1833 1385 2069 1440 Radices

374 1473 490 1542 eius
519 1474 702 1528 subter
730 1481 1081 1539 atteruntur,
1116 1487 1250 1528 cum
1299 1487 1425 1541 spes
1459 1480 1847 1542 proventuum
1893 1471 2068 1527 etiam

373 1562 514 1616 falsa
539 1563 658 1632 jam
689 1562 916 1630 penitus
949 1562 1302 1615 obruuntur.

447 1653 616 1706 Vsus.
655 1654 737 1704 l0.
780 1680 849 1688 ——
890 1672 916 1697 «
949 1651 1071 1719 Ego
1110 1664 1261 1712 sum,
1311 1649 1412 1718 qui
1462 1649 1768 1705 ascendere
1813 1664 1916 1704 vos
1963 1649 2064 1704 feci

378 1760 400 1788 ι
433 1739 502 1794 de
546 1746 697 1794 terra
725 1737 975 1807 zEgypti,
1017 1745 1072 1792 et
1103 1737 1279 1791 eduxi
1320 1751 1420 1791 vos
1471 1736 1526 1792 in
1558 1737 1778 1792 deserto
1819 1737 2069 1806 quadra-

375 1849 403 1876 «
437 1827 598 1898 ginta
647 1825 833 1888 annis,
885 1833 950 1881 ut
1005 1825 1362 1894 possideretis
1411 1833 1620 1880 terram
1650 1825 1996 1882 Amorrhaei.
2035 1848 2061 1873 »

372 1915 530 1982 Quod
580 1922 664 1970 est
699 1915 928 1970 dicere:
967 1915 1085 1983 Ego
1131 1929 1231 1968 vos
1275 1913 1342 1968 de
1392 1928 1635 1969 mmrore
1688 1921 1743 1969 ct
1771 1915 2065 1983 przescntis

373 2005 568 2060 szeculi
635 2003 924 2074 angustia,
990 2001 1147 2072 quod
1213 2002 1423 2056 dicitur
1485 2001 1791 2071 .Egyptus,
1857 2001 2062 2068 extuli,

372 2109 588 2164 vosque
646 2093 916 2148 vitiorum
978 2090 1296 2146 desertione
1363 2089 1690 2159 singulares
1757 2104 1856 2157 per
1926 2090 2066 2159 legis

372 2183 739 2250 Decalogum,
771 2188 825 2235 et
855 2181 995 2234 scita
1033 2186 1286 2248 quatuor
1306 2179 1752 2248 Evangeliorum
1789 2178 2062 2246 educavi;

372 2270 453 2324 sic
487 2269 637 2325 enim
680 2268 739 2322 in
769 2267 932 2322 vobis
982 2280 1164 2321 annos
1201 2266 1415 2320 virtute
1459 2265 1697 2320 refectos
1750 2278 1814 2319 ac
1853 2264 1898 2318 si
1941 2265 2066 2319 die-

373 2372 502 2412 rum
534 2356 792 2412 claritate
838 2354 1100 2420 formavi,
1134 2361 1198 2408 ut
1237 2361 1468 2420 terram,
1505 2367 1638 2422 quae
1685 2352 1950 2422 superbis
1980 2353 2064 2406 in-

370 2445 604 2501 sistebat
648 2445 828 2499 Deum
873 2441 1275 2498 exacerbando
1324 2441 1593 2508 motibus,
1645 2455 1855 2510 corpus
1910 2441 2066 2495 vide-

371 2534 500 2590 licet
555 2543 815 2588 vestrum
871 2539 1110 2586 eatenus
1156 2530 1386 2592 rebelle,
1434 2530 1505 2584 ad
1564 2529 2066 2585 intellectualitatis

365 2623 502 2693 jura
529 2620 920 2677 traduceretis.

441 2709 613 2764 Vens.
665 2710 745 2761 ll.
777 2735 849 2747 —
891 2727 912 2755 ι
950 2706 1020 2760 Et
1069 2705 1341 2760 suscitavi
1388 2704 1457 2760 de
1511 2703 1640 2760 filiis
1681 2703 1886 2759 vestris
1924 2718 2063 2774 pro-

376 2819 398 2845 »
433 2797 648 2866 phetas,
685 2803 739 2851 et
769 2795 836 2850 de
863 2795 1180 2864 juvenibus
1212 2793 1528 2849 Nazarzeos.
1564 2816 1590 2842 ››
1634 2797 1708 2848 De
1751 2795 1883 2861 [iliis
1932 2809 2060 2862 pro-

371 2886 552 2954 phetae
601 2884 975 2948 suscitantur,
1023 2898 1154 2937 cum
1211 2883 1281 2937 de
1339 2882 1592 2936 motibus
1641 2882 1902 2949 internis,
1958 2882 2061 2951 qui

369 2983 504 3030 sunt
568 2973 866 3044 progenies
933 2973 1188 3038 rationis,
1267 2971 1723 3040 perspicacitates
1788 2971 2062 3026 acutioris

370 3062 756 3133 intelligentiae
849 3068 1244 3130 procreantur.
1310 3063 1381 3114 De
1452 3060 1744 3128 juvenibus
1805 3059 2056 3114 Nazarzei

370 3151 533 3217 fiunt,
571 3165 700 3205 cum
749 3149 942 3204 viriles
985 3148 1313 3204 animorum
1357 3149 1588 3203 habitus
1628 3147 1698 3202 ad
1752 3148 2055 3203 sanctimo-

366 3240 476 3295 niae
507 3239 848 3295 munditiam
890 3253 948 3292 se
987 3238 1328 3292 extendunt.
1360 3237 1638 3292 Nazareth
1669 3236 1823 3291 enim
1853 3240 2055 3304 ﬂorem,

365 3328 453 3383 vel
497 3328 841 3387 munditiam.
897 3327 984 3382 vel
1031 3331 1277 3380 sanctum
1323 3333 1506 3380 sonat.
1539 3329 1587 3393 ;‹‹
1619 3324 1896 3394 Nunquid
1943 3339 2060 3380 non

373 3438 392 3462 ι
425 3417 503 3471 ita
532 3423 634 3482 est,
670 3415 770 3470 lilii
803 3413 999 3478 Israel,
1030 3413 1165 3468 dicit
1195 3413 1519 3467 Dominus?
1555 3436 1575 3459 ι
1616 3414 1696 3468 Ac
1727 3412 1773 3467 si
1801 3413 2053 3468 diceret:

364 3503 643 3574 Nunquid
693 3517 806 3558 non
862 3501 1194 3570 hujusmodi
1246 3504 1428 3555 status
1471 3499 1529 3555 in
1580 3501 1783 3557 vestris
1838 3500 2058 3571 experti

363 3593 498 3648 estis
527 3591 662 3646 olim
695 3590 1002 3652 mentibus,
1039 3605 1170 3644 cum
1203 3589 1568 3644 intenderetis
1616 3597 1679 3646 ut
1705 3588 1893 3646 veste?
1923 3604 2057 3646 cum

367 3680 480 3736 Deo
509 3679 854 3750 dirigeretur
876 3677 1152 3748 spiritus?

434 3768 607 3824 Vens.
646 3770 728 3822 l2.
761 3796 828 3808 —
865 3767 935 3821 Et
977 3765 1365 3836 propinabatis
1414 3766 1696 3823 Nazarazis
1736 3767 1958 3830 vinum,
2003 3775 2057 3822 et

367 3881 392 3902 υ
455 3856 748 3926 prophetis
802 3855 1209 3910 mandabatis:
1276 3855 1358 3910 Ne
1414 3855 1777 3925 prophetetis.
1811 3875 1838 3906 ιι
1897 3856 2055 3922 Quod

361 3953 490 4002 est:
549 3945 781 4001 Nullam
829 3945 885 3999 in
947 3943 1034 3999 his
1073 3944 1318 3999 statibus
1365 3945 1647 4000 habuistis
1695 3957 2058 4013 perseveran-

363 4033 518 4102 tiam,
575 4033 669 4088 sed
713 4033 794 4089 eis
832 4032 1099 4098 motibus,
1135 4033 1350 4102 quibus
1384 4039 1508 4086 erat
1539 4033 1731 4088 votiva
1774 4033 2058 4088 munditia

361 4130 602 4178 terrenae
648 4121 978 4191 voluptatis,
1022 4136 1139 4190 quo
1183 4121 1672 4187 dementarentur,
1726 4121 1931 4176 vinum
1980 4121 2059 4176 in-

359 4211 588 4276 tulistis,
631 4218 684 4265 et
719 4209 1087 4278 providentiae
1130 4209 1188 4262 in
1221 4209 1379 4264 vobis
1413 4208 1609 4264 oculos
1647 4223 1717 4264 ne
1756 4209 1863 4264 sibi
1895 4218 2056 4265 aeter-

360 4311 436 4354 na
463 4298 849 4368 prospicerent
877 4297 1132 4366 improbe
1162 4296 1539 4352 obstrusistis.

2180 591 2421 642 animum
2468 604 2623 642 suam
2664 604 2769 641 non
2817 588 3021 654 salvat,
3068 601 3202 641 cum
3251 590 3316 653 is,
3362 587 3463 656 qui
3509 593 3714 641 contra
3755 601 3880 654 pec-

2179 678 2289 732 cati
2323 677 2614 732 mollitiem
2654 677 2879 731 diutino
2926 675 3193 730 ca-Iibatu
3235 676 3536 738 duruerat,
3589 675 3880 743 impetitus

2180 766 2339 820 nullo
2370 766 2534 820 modo
2566 765 2853 834 propriam
2885 764 3302 819 animalitatem
3343 763 3547 818 frenat.
3579 762 3687 828 Qui
3731 770 3876 817 tenet

2179 870 2366 907 arcum
2416 871 2518 906 non
2552 861 2682 919 stat,
2729 854 2869 922 quia
2911 853 3022 907 cito
3053 852 3110 906 iu
3159 851 3466 906 tentatione
3499 851 3740 915 labitur,
3783 850 3876 919 qui

2178 941 2389 996 divinze
2451 941 2590 1010 legis
2638 942 2932 996 scientiam
2990 949 3200 996 temere
3259 940 3368 995 sibi
3434 947 3686 1009 arrogat.
3749 960 3777 987 ‹
3813 939 3877 993 Et

2183 1053 2202 1076 ι
2239 1031 2406 1085 veon
2460 1031 2701 1100 pedibus
2738 1031 2859 1084 suis
2935 1045 3047 1083 non
3107 1028 3447 1093 salvabitur,
3499 1036 3556 1084 et
3613 1042 3878 1082 ascensor

2177 1139 2205 1167 «
2237 1119 2372 1188 equi
2406 1133 2516 1174 non
2548 1119 2795 1174 salvabit
2834 1119 3088 1172 animam
3121 1131 3308 1172 suam.
3341 1136 3368 1167 ιο
3402 1117 3594 1179 νειοι
3635 1117 3873 1186 pedibus

2174 1207 2294 1260 suis
2349 1221 2460 1260 non
2506 1207 2785 1272 salvator,
2834 1220 2967 1260 cum
3013 1207 3222 1259 astutia
3270 1204 3402 1274 quis
3455 1212 3509 1259 et
3563 1204 3870 1258 calliditate

2176 1294 2384 1349 multos
2412 1295 2695 1350 excedens
2727 1294 2804 1350 nil
2833 1294 3025 1360 eflicit,
3067 1308 3201 1348 cum
3243 1306 3670 1362 przeproperare
3709 1293 3870 1346 vide-

2177 1389 2308 1450 tur;
2341 1383 2495 1452 quod
2551 1397 2737 1452 neque
2787 1382 3026 1437 volentis
3058 1396 3243 1452 neque
3290 1381 3595 1445 currentis,
3637 1380 3734 1435 sed
3767 1381 3874 1434 mi-

2173 1472 2410 1526 serentis
2463 1471 2558 1526 Dei
2606 1485 2728 1525 esse
2787 1471 3148 1539 dignoscitur
3219 1472 3386 1539 (Rom.
3448 1484 3524 1535 ix,
3598 1472 3701 1536 l6).
3764 1471 3869 1524 As-

2174 1574 2378 1614 censor
2413 1560 2546 1630 equi
2578 1576 2684 1612 non
2717 1559 2900 1614 salvat
2929 1563 3171 1612 animum
3213 1574 3388 1623 suam,
3421 1572 3554 1612 cum
3597 1558 3698 1627 qui
3749 1557 3872 1612 ani-

2175 1647 2444 1702 malitatis
2474 1663 2592 1702 sum
2627 1649 2873 1702 motibus
2916 1662 3017 1716 pro
3047 1647 3165 1702 sola
3205 1646 3398 1700 θερί-ειη
3442 1647 3731 1700 honestate
3773 1645 3867 1700 do—

2176 1735 2382 1789 minari
2415 1736 2633 1801 nititur,
2685 1736 2892 1790 auimze
2940 1750 3056 1789 non
3101 1740 3252 1789 πο
3291 1734 3515 1790 cohibet
3560 1734 3866 1790 levitatem.

2107 1813 2144 1867 Β
2175 1837 2352 1892 quam
2386 1824 2440 1878 in
2495 1824 2809 1893 Evangelio
2853 1823 3038 1878 odisse
3081 1823 3363 1894 jubemur
3405 1823 3656 1877 animam
3688 1825 3862 1892 (Joan.

2173 1925 2276 1974 xu,
2310 1911 2418 1980 '25).

2245 2000 2414 2055 Vnus.
2457 2004 2534 2054 l6.
2567 2031 2633 2038 —
2669 2019 2696 2050 (ι
2727 2001 2794 2055 Et
2844 2000 3116 2056 robustus
3161 1999 3328 2054 corde
3382 1999 3529 2054 inter
3561 1999 3728 2054 fortes
3766 2013 3871 2055 nu-

2176 2110 2203 2136 »
2237 2087 2345 2142 dus
2373 2087 2608 2158 effugiet
2639 2088 2694 2143 in
2739 2088 2829 2143 die
2857 2088 2972 2143 illa.
3014 2108 3041 2140 ιι
3087 2089 3169 2143 Ac
3197 2088 3244 2142 si
3289 2088 3500 2143 diceret
3531 2103 3544 2142 :
3577 2087 3869 2158 Quidquid

2174 2176 2458 2231 bonarum
2507 2177 2719 2232 artium
2759 2177 3124 2246 praestantius
3163 2177 3443 2232 habeatur
3483 2176 3604 2230 sine
3649 2175 3762 2230 Deo
3813 2175 3868 2230 in

2175 2265 2425 2330 homine,
2458 2264 2912 2334 ﬂoccipenditur,
2943 2265 3056 2320 vim
3089 2280 3204 2320 non
3234 2265 3432 2332 habet;
3471 2272 3527 2320 at
3559 2263 3660 2334 qui
3690 2265 3869 2319 robur

2173 2353 2359 2406 cordis
2392 2367 2504 2407 non
2539 2354 2686 2408 inter
2715 2353 2909 2408 szeculi
2944 2353 3175 2423 glorias,
3208 2354 3304 2408 sed
3333 2356 3476 2406 inter
3495 2355 3664 2418 fortes
3689 2352 3861 2406 animi

2169 2447 2352 2495 status
2393 2442 2786 2511 assumpserit,
2837 2444 2895 2495 in
2934 2444 3032 2495 illa
3075 2442 3182 2507 die,
3223 2441 3276 2496 id
3315 2449 3399 2496 est
3446 2443 3502 2496 in
3543 2440 3640 2495 illo
3670 2448 3864 2509 aperto

2171 2528 2518 2594 discrimine,
2563 2543 2680 2599 quo
2728 2529 2877 2584 Deus
2905 2529 2962 2584 in
3010 2529 3276 2599 praesenti
3311 2542 3682 2598 quorumque
3717 2529 3868 2582 vitas

2174 2617 2306 2671 hinc
2351 2618 2598 2686 deponit,
2647 2617 2780 2672 hinc
2817 2619 3031 2686 elevat;
3074 2619 3252 2671 nudus
3299 2617 3520 2687 effugit,
3567 2631 3698 2672 cum
3746 2631 3868 2671 suze

2169 2707 2432 2762 conscius
2463 2706 2803 2762 humilitatis
2833 2721 2866 2761 a
2899 2707 2993 2760 Dei
3025 2707 3244 2775 judicio
3275 2721 3333 2761 se
3363 2706 3679 2762 abscondit.

2825 2795 3056 2852 CAPUT
3095 2795 3196 2850 III.

2241 2884 2411 2939 Vens.
2470 2886 2516 2937 l.
2565 2914 2633 2922 —-
2688 2905 2716 2932 σε
2776 2884 2976 2939 Audite
3023 2883 3267 2938 verbum
3307 2883 3462 2954 quod
3512 2883 3740 2938 locutus
3787 2891 3870 2938 est

2174 2994 2193 3019 ι
2226 2973 2504 3028 Dominus
2525 2987 2698 3042 super
2728 2987 2848 3039 vos,
2886 2973 2985 3028 lilii
3009 2972 3199 3039 Israel,
3226 2987 3400 3042 super
3419 2986 3646 3028 onmem
3665 2986 3871 3042 cogna-

2099 3096 2138 3150 Ο
2172 3080 2199 3110 (ι
2232 3062 2440 3115 tionem
2472 3076 2648 3130 quam
2693 3061 2898 3116 eduxit
2940 3061 3010 3115 de
3042 3069 3196 3116 terra
3235 3061 3483 3130 ZEgypti.
3511 3080 3536 3109 ιο
3589 3061 3688 3115 Est
3730 3075 3871 3129 ergo

2163 3148 2400 3204 dicere:
2458 3149 2589 3214 Vos,
2635 3164 2887 3219 quorutu
2937 3157 3020 3204 est
3072 3164 3204 3204 cum
3252 3150 3366 3204 Deo
3425 3149 3630 3204 debere
3669 3148 3868 3219 dirigi,

2169 3237 2409 3292 internae
2460 3237 2859 3292 rationalitatis
2921 3237 3165 3292 verbum
3216 3238 3436 3292 trutina
3496 3236 3868 3292 intellectuali

2170 3333 2422 3394 pensate,
2455 3326 2593 3395 quia
2625 3326 2730 3381 hoc
2754 3326 2971 3379 verbum
3003 3341 3164 3394 super
3189 3341 3281 3379 vos
3313 3332 3516 3387 exstat,
3549 3325 3602 3379 id
3634 3333 3723 3380 est
3758 3326 3871 3380 nisi

2169 3413 2461 3479 audiatur,
2494 3413 2717 3484 integro
2759 3414 2970 3469 scilicet
3017 3428 3218 3483 sapore
3261 3413 3592 3478 hauriatur,
3633 3427 3744 3468 vos
3775 3429 3872 3484 op-

2168 3502 2380 3572 primit,
2431 3517 2530 3558 vos
2577 3511 2797 3570 onerat,
2843 3510 2904 3558 ut
2949 3503 3136 3558 omnis
3185 3503 3468 3557 bonarum
3521 3503 3868 3559 interiorum

2167 3591 2382 3647 artium
2412 3593 2696 3662 cognatio,
2743 3605 2920 3662 quam
2952 3591 3124 3646 semel
3157 3591 3461 3646 eduxerim
3508 3591 3577 3646 de
3617 3593 3864 3648 terreni-

2170 3689 2280 3736 tate
2355 3681 2652 3736 mundana
2740 3681 2799 3734 in
2871 3680 3071 3736 eadem
3147 3680 3430 3736 sententia
3494 3693 3868 3749 perseverare

2168 3769 2412 3825 studeat.

2239 3857 2410 3914 Vitas.
2456 3861 2508 3912 2.
2556 3880 2576 3906 ι
2615 3857 3052 3924 Tantummodo,
3098 3876 3126 3907 ι(
3161 3855 3370 3928 inquit,
3407 3878 3428 3903 ι
3477 3871 3578 3912 vos
3615 3858 3866 3928 cognovi

2172 3967 2192 3994 ι
2223 3960 2294 4001 ex
2341 3946 2630 4013 omnibus,
2696 3946 3136 4016 cognationibus
3189 3953 3392 4013 terrae;
3446 3945 3658 4001 idcirco
3718 3947 3867 4002 visi-

2171 4056 2192 4082 ε
2227 4034 2359 4090 tabo
2401 4049 2574 4103 super
2602 4049 2703 4090 vos
2746 4049 2944 4090 omnes
2997 4033 3331 4104 iniquitates
3379 4042 3614 4089 vestras.
3651 4055 3680 4082 ι»
3717 4034 3868 4101 Quia

2165 4136 2287 4189 vos,
2334 4123 2542 4192 inquit,
2585 4138 2618 4178 0
2656 4123 2894 4178 rationis
2934 4131 3140 4184 motus.
3175 4136 3292 4191 prae
3330 4121 3601 4177 omnibus
3647 4125 3869 4178 anima-

2164 4209 2410 4278 litatum,
2445 4213 2546 4280 qui
2581 4226 2695 4266 non
2723 4212 2830 4266 nisi
2857 4219 3064 4266 terram
3090 4213 3338 4280 sapiunt,
3373 4211 3624 4266 motibus
3659 4226 3866 4281 appro-

2166 4298 2320 4366 bavi,
2351 4300 2504 4369 quod
2550 4308 2633 4354 est
2667 4301 2963 4369 proprium
3016 4314 3180 4355 nosse
3222 4299 3342 4365 Dei,
3376 4299 3584 4354 idcirco
3615 4313 3738 4354 non
3773 4301 3865 4354 mi-

429 4387 602 4443 νεεδ.
647 4374 729 4440 l3.
760 4413 834 4426 —
865 4407 893 4434 ‹‹
923 4387 1065 4441 Ecce
1111 4401 1216 4456 ego
1243 4386 1492 4442 stridebo
1525 4400 1698 4456 super
1739 4401 1858 4454 vos,
1900 4387 2049 4443 sicut
2087 4392 2132 4446 D
2165 4388 2367 4444 remini
2393 4388 2439 4443 si
2467 4403 2568 4444 vos
2617 4389 2675 4442 in
2723 4389 2925 4444 vestris
2973 4387 3378 4458 iniquitatibus
3424 4389 3674 4454 visitem,
3727 4403 3862 4444 cum

365 4496 388 4522 ι
425 4474 621 4530 stridet
669 4473 994 4544 plaustrum
1051 4482 1324 4530 onustum
1373 4473 1518 4530 feno.
1555 4493 1584 4524 ››
1647 4478 1778 4542 Ego,
1835 4475 2046 4546 inquit,

353 4563 476 4633 jam
529 4571 726 4618 vestrae
781 4563 1079 4632 apostasia;
1131 4563 1434 4632 impatiens
1483 4578 1648 4632 super
1694 4579 1808 4630 vos,
1864 4565 1920 4619 id
1967 4572 2051 4620 est

357 4659 563 4708 vestrae
595 4651 865 4722 nequitite
909 4651 1216 4722 puniendus
1263 4651 1609 4707 incumbens
1649 4652 1771 4707 dire
1814 4651 1874 4706 in
1924 4667 2046 4719 vos,

360 4740 474 4796 imo
530 4748 744 4810 aperte,
786 4740 1088 4810 strepitum
1144 4739 1664 4795 animadversionis
1729 4740 2048 4805 ostendam,

357 4837 422 4884 ut
468 4835 727 4898 patenter
767 4828 1038 4884 omnibus
1092 4827 1450 4892 inclarescat,
1502 4842 1682 4898 quam
1737 4843 1891 4898 tegre
1946 4843 2050 4884 ve—

359 4923 608 4972 strarum
642 4917 938 4973 levitatum
970 4917 1403 4973 multitudinem
1432 4930 1500 4972 ac
1531 4917 1576 4971 si
1615 4917 1809 4973 teneas
1835 4931 2050 4989 conge-

359 5003 472 5058 ries
494 5003 692 5059 feram.

430 5090 602 5146 Vens.
637 5091 722 5143 14.
755 5122 823 5130 —-
859 5113 880 5140 ι
925 5091 996 5146 Ει
1033 5090 1242 5160 peribit
1287 5091 1424 5163 fuga
1463 5107 1496 5147 a
1541 5093 1752 5160 veloce,
1793 5101 1848 5150 et
1883 5094 2053 5150 fortis

363 5200 386 5227 ι
443 5192 559 5234 non
615 5178 891 5235 obtinebit
947 5179 1218 5236 virtutem
1275 5195 1461 5236 suam.
1497 5204 1518 5230 ι
1578 5184 1732 5250 Fuga
1787 5199 1820 5236 a
1881 5185 2052 5238 celoce

359 5267 524 5337 perit,
594 5281 728 5322 cum
791 5281 1003 5336 przepes
1063 5268 1289 5339 ingenio
1357 5270 1758 5327 hebetudinem
1825 5271 2050 5340 reprobi

358 5369 562 5411 sensus
610 5355 848 5410 minime
896 5356 1263 5428 subterfugit.
1318 5360 1468 5412 Forti
1509 5361 1766 5413 virtutem
1812 5375 1918 5414 non
1950 5359 2050 5414 ob-

359 5443 520 5510 tinet,
584 5457 717 5498 cum
756 5443 824 5498 de
875 5459 983 5500 sua
1041 5445 1494 5514 impassibilitate
1544 5447 1856 5514 conlidens,
1915 5463 2050 5502 mox

358 5541 423 5589 ut
452 5533 794 5588 adversitate
827 5532 1108 5604 pulsatur,
1144 5547 1215 5588 ne
1237 5542 1520 5590 momento
1551 5549 1609 5589 se
1637 5536 1905 5590 continet.

427 5621 597 5679 Vens.
638 5624 719 5676 l5.
755 5652 822 5664 —
861 5645 880 5670 «ι
932 5623 1003 5678 Ει
1043 5621 1316 5678 robustus
1357 5637 1470 5678 non
1510 5622 1755 5678 salvabit
1796 5623 2048 5679 animam

2158 4490 2350 4532 meum
2375 4478 2447 4532 sit
2477 4484 2540 4532 ut
2569 4491 2715 4546 quos
2742 4477 3038 4532 dilexerim
3065 4476 3372 4546 corripiam
3421 4477 3605 4546 (Hebr.
3637 4492 3737 4543 xu,
3787 4481 3858 4546 6).

2157 4565 2353 4628 (Vens.
2397 4564 2476 4634 3.)
2525 4587 2545 4613 ι
2579 4565 2858 4635 Nunquid
2904 4565 3288 4621 ambulabunt
3331 4565 3446 4620 duo
3491 4565 3707 4634 pariter
3751 4566 3858 4621 nisi

2158 4672 2190 4708 in
2220 4654 2551 4710 convenerit
2581 4655 2702 4708 eis?
2735 4674 2758 4702 ι
2793 4655 2920 4709 Duo
2963 4653 3178 4724 pariter
3223 4653 3546 4719 ambulant,
3588 4668 3728 4709 cum
3762 4655 3860 4709 Dei

2157 4741 2394 4812 spiritus
2436 4750 2491 4798 et
2543 4743 2801 4798 humana
2847 4743 2994 4798 ratio
3037 4742 3439 4798 contentiendo
3497 4742 3856 4810 cohabitant,

2159 4831 2312 4900 quod
2347 4844 2460 4886 non
2493 4830 2556 4885 lit
2585 4829 2694 4885 nisi
2727 4831 3092 4898 conveniant,
3141 4831 3196 4885 id
3225 4837 3310 4885 est
3355 4829 3462 4885 sibi
3493 4831 3854 4897 cohaerendo,

2153 4920 2327 4990 juxta
2379 4919 2735 4988 Apostolum,
2787 4934 2943 4976 unus
2985 4919 3220 4989 spiritus
3268 4921 3406 4975 liant
3461 4920 3510 4990 (ι
3565 4921 3720 4987 Con,
3780 4937 3854 4984 Vi,

2163 5010 2267 5076 l7).
2307 5009 2590 5064 Dicuntur
2631 5015 2824 5063 autem
2873 5008 3192 5075 ambulare,
3245 5017 3448 5064 mutuo
3494 5007 3758 5066 videlicet
3802 5012 3856 5064 in

2159 5111 2278 5152 sese
2308 5097 2598 5166 prolicere.

2230 5184 2399 5240 Vens.
2438 5185 2488 5238 4.
2532 5214 2601 5225 —
2655 5206 2682 5232 ‹‹
2730 5185 3008 5256 Nunquid
3059 5186 3249 5256 rugiet
3300 5185 3384 5241 leo
3429 5185 3488 5241 in
3534 5186 3714 5254 saltu,
3745 5189 3858 5243 nisi

2156 5294 2184 5322 ››
2220 5272 2486 5328 habuerit
2527 5273 2818 5342 praedam?
2851 5293 2876 5324 υ
2913 5275 3016 5327 Leo
3058 5277 3118 5328 in
3158 5276 3306 5328 saltu
3345 5288 3461 5329 non
3511 5273 3689 5344 rugit,
3743 5278 3859 5329 nisi

2155 5361 2401 5430 praedam
2445 5361 2672 5427 habeat,
2727 5361 2866 5431 quia
2917 5361 3184 5418 diabolus
3232 5361 3290 5417 in
3343 5363 3532 5429 corde,
3587 5377 3620 5417 a
3659 5365 3856 5419 saeculi

2151 5447 2273 5517 jam
2321 5464 2513 5504 amore
2559 5449 2800 5517 deserto,
2849 5465 3222 5520 nequaquam
3274 5450 3564 5506 fremitum
3609 5451 3857 5523 alicujus

2161 5538 2486 5594 tentationis
2526 5537 2750 5603 emittit,
2803 5537 2914 5592 nisi
2956 5541 3309 5594 occasionem
3357 5539 3722 5596 lentitudinis
3757 5544 3856 5598 hu-

2159 5639 2366 5691 manm,
2408 5626 2502 5681 cui
2552 5624 2872 5691 insidietur,
2921 5625 3198 5683 inveniat.
3260 5627 3420 5682 Unde
3475 5627 3646 5684 etiam
3702 5631 3857 5686 illam
