3956 6398
96 367 200 419 ’1νὲῖί

815 363 1272 421 TROPOLOGIA'Z
1314 366 1383 419 IN
1424 365 1626 431 OSEE,
1667 365 1847 422 AMOS
1883 367 1973 423 ET
2011 365 2164 429 JER,
2197 397 2264 405 —-
2295 367 2423 422 LIB.
2466 367 2553 421 IV.
2598 366 2667 421 IN
2706 367 2911 425 AMOS.

93 496 193 552 Dei
243 504 298 553 et
343 495 595 553 hominis
635 494 1097 553 convenientiam
1140 496 1528 554 interturbare
1574 511 1794 568 prmva-
1836 500 1879 553 Α
1907 498 2521 567 quaeindesinentibus
2540 498 3010 566 contenebratur,
3039 500 3359 557 secundum
3382 502 3615 573 Egypti

93 585 228 642 lcat.
268 610 289 635 ι
324 585 606 656 Nunquid
653 585 811 642 dabit
860 586 1088 642 catulus
1135 586 1315 642 leonis
1346 601 1542 642 vocem
1594 587 1663 643 de
1697 602 1799 643 cu-
1913 602 2142 655 nomen,
2174 588 2482 659 angustiis,
2516 588 2803 655 auditum,
2840 588 2897 644 id
2942 597 3026 645 est
3059 589 3419 660 intelligibile
3450 591 3618 647 facia-

100 696 118 721 ι
156 675 255 731 bili
303 690 432 743 suo,
480 674 591 731 nisi
634 674 856 744 aliquid
904 675 1383 745 apprehenderit?
1418 697 1438 723 ι
1494 678 1573 732 Ac
1626 677 1671 731 si
1714 676 1797 731 di-
1913 690 2040 732 mus
2061 677 2217 747 quod
2241 677 2589 747 sequiturz»
2614 678 3080 748 Congrcgamini,
3110 699 3131 726 ι
3160 679 3370 748 inquit,
3397 694 3619 750 «super

92 772 187 819 cat
229 780 242 819 :
291 764 499 821 Mirum
546 778 661 820 non
710 771 793 820 est
827 764 874 819 si
918 763 1202 830 diabolus,
1238 778 1373 819 cum
1421 764 1494 820 sit
1539 764 1797 834 spiritus,
1916 786 1937 811 ι
1989 773 2214 821 montes
2270 765 2564 831 Samarim,
2624 774 2679 822 et
2734 767 2921 823 videte
2966 766 3223 824 insanias
3284 768 3496 825 multas
3557 768 3614 825 in

3514 371 3617 424 426

94 865 306 908 causas
357 853 417 908 in
467 852 632 909 nobis
675 852 1006 910 tentationis
1054 860 1400 922 aucupetur,
1454 868 1586 909 cum
1626 855 1799 910 etiam

96 942 313 996 catulus
370 942 559 1008 leonis,
621 942 676 997 id
722 949 806 997 est
850 941 1004 997 illius
1063 941 1308 1011 quilibet
1338 943 1572 1005 diaboli,
1624 959 1803 998 vocem

94 1030 513 1103 subreptionis,
537 1044 658 1101 qua
683 1029 1016 1100 quempiam
1041 1043 1075 1085 a
1105 1038 1258 1086 recto
1283 1028 1553 1087 diducere
1577 1031 1799 1099 nititur,

96 1131 130 1173 a
161 1119 341 1175 cubili
375 1120 583 1185 cordis,
617 1119 676 1173 in
721 1131 839 1189 quo
870 1118 980 1173 sub
1010 1118 1235 1174 diabolo
1279 1126 1514 1175 auctore
1554 1120 1798 1186 fovetur,

94 1221 367 1264 exercere
397 1223 513 1264 non
545 1208 739 1274 audet,
775 1207 883 1262 nisi
935 1207 992 1262 in
1038 1222 1154 1277 quo
1185 1206 1559 1278 subdecipcre
1602 1209 1798 1278 possit,

97 1310 202 1367 per
232 1297 596 1368 conjecturas
627 1297 787 1366 prius
814 1296 1090 1352 aestimet?

168 1384 348 1442 Vnus.
388 1390 544 1440 5.-
586 1408 606 1435 ι
664 1384 945 1455 Nunquid
1001 1385 1164 1441 cadet
1220 1386 1346 1440 avis
1408 1385 1468 1441 in
1527 1385 1801 1456 laqueum

90 1498 109 1521 ι
150 1482 331 1530 εει-τω
372 1475 594 1546 absque
651 1472 921 1544 aucupe?
962 1496 981 1521 ι
1026 1474 1166 1530 Avis
1214 1474 1274 1531 in
1318 1475 1593 1545 laqueum
1631 1483 1797 1532 terra}

89 1563 317 1632 absque
360 1576 589 1633 aucupe
639 1577 755 1618 non
787 1562 958 1629 cadit,
992 1563 1133 1632 quia
1182 1577 1344 1618 mens
1376 1564 1578 1633 pennis
1610 1564 1803 1619 suble-

95 1658 233 1705 vata
270 1649 577 1717 virtutum,
614 1652 856 1707 terrenis
904 1652 1238 1707 nullomodo
1281 1653 1540 1708 irretitur
1586 1651 1803 1707 allecti-

97 1740 226 1803 bus,
274 1739 386 1794 nisi
424 1740 752 1811 cujuspiam
802 1754 997 1810 pravae
1047 1742 1434 1811 suggestionis
1483 1741 1537 1795 in
1585 1755 1799 1796 morem

94 1828 343 1897 aucupis
390 1830 675 1898 pracedat
724 1828 1047 1885 instinctus.
1111 1852 1129 1877 ι
1168 1830 1449 1900 Nunquid
1502 1830 1800 1885 auferetur

102 1940 119 1963 ι
158 1917 405 1986 laqueus
435 1917 505 1973 de
560 1925 712 1973 terra
755 1925 1068 1987 antequam
1120 1917 1262 1987 quid
1294 1917 1568 1988 cmperit?
1622 1940 1642 1966 ι
1689 1919 1800 1974 La-

96 2020 285 2077 queus
308 2005 379 2062 de
406 2009 563 2062 terra
595 2020 709 2062 non
756 2006 1022 2062 aufertur
1050 2014 1367 2076 antequam
1416 2006 1556 2076 quid
1588 2006 1797 2077 capiat,

99 2095 237 2165 quia
267 2095 337 2150 de
371 2109 607 2164 corpore
656 2104 851 2150 nostro
884 2096 1215 2151 tcntationis
1262 2110 1376 2151 non
1409 2103 1590 2152 cessat
1636 2111 1797 2152 occa-

98 2184 199 2252 sio,
249 2184 432 2240 donec
472 2199 531 2240 se
578 2183 877 2240 diabolicze
905 2184 1315 2240 consultationi
1367 2185 1799 2242 substantivum

100 2273 399 2344 quidpiam
423 2288 575 2329 veras
598 2273 1022 2343 spiritualitatis
1053 2272 1302 2343 objiciat.
1356 2272 1593 2345 Aliquid
1645 2274 1797 2329 enim

100 2363 249 2433 capit
314 2362 580 2434 laqueus,
636 2376 768 2417 cum
830 2362 978 2418 inter
1030 2362 1315 2418 vanitates
1368 2376 1517 2432 quas
1566 2363 1796 2434 ingerit,

102 2466 323 2522 semper
374 2452 522 2508 redit
580 2451 653 2506 ad
696 2452 957 2509 animum
1005 2459 1234 2507 aeternae
1282 2452 1542 2507 veritatis
1589 2460 1793 2508 status.

104 2542 371 2611 Laqueus
421 2541 572 2597 enim
618 2548 851 2611 peccata
883 2548 1039 2603 sunt,
1085 2549 1139 2596 et
1190 2548 1425 2610 peccata
1469 2540 1614 2596 nihil
1639 2548 1796 2609 sunt,

103 2632 254 2686 unde
279 2631 429 2687 bona
458 2629 625 2701 quasi
657 2630 924 2701 quamam
949 2629 1275 2685 substantia
1296 2637 1451 2685 sunt.
1483 2629 1645 2686 Unde
1672 2638 1757 2686 est
1782 2645 1794 2682 :

106 2740 124 2765 ι
158 2718 286 2775 Sine
316 2720 439 2789 ipso
472 2719 686 2775 factum
718 2726 801 2774 est
834 2718 912 2773 nil
946 2720 1119 2789 (Ioan.
1154 2733 1191 2784 ι,
1226 2718 1303 2787 3).
1336 2739 1364 2766 ››

168 2809 338 2866 Vens.
374 2812 427 2862 6.
455 2839 523 2848 -—
563 2830 584 2856 ι
619 2808 672 2862 Si
702 2807 931 2877 clanget
973 2806 1113 2862 tuba
1141 2805 1197 2861 in
1229 2805 1478 2876 civitate,
1528 2813 1582 2863 et
1615 2821 1796 2877 popu-

106 2919 122 2942 -
154 2896 241 2952 lus
296 2912 413 2953 non
469 2896 852 2968 expavescet?
897 2919 924 2945 ιο
980 2896 1128 2951 Tuba
1158 2898 1217 2949 in
1272 2897 1497 2950 civitate
1552 2895 1792 2966 clangit,

102 3002 227 3041 cum
270 2987 585 3043 auctoritas
634 2986 845 3041 divinae
894 2986 1154 3040 veritatis
1201 2984 1259 3040 in
1300 2992 1489 3047 mente
1521 2986 1794 3055 procedit.

104 3075 259 3130 Hanc
294 3077 530 3145 populus
576 3073 929 3145 expavescit,
980 3074 1121 3144 quia
1169 3074 1585 3141 cogitationum
1637 3071 1798 3126 inso-

102 3163 274 3219 lentia
306 3165 379 3219 ab
408 3164 590 3234 ipsius
615 3164 945 3234 cognitione
988 3161 1242 3232 diffugit.
1282 3184 1303 3211 ι
1339 3162 1396 3217 Si
1440 3160 1548 3216 erit
1580 3160 1800 3215 malum

110 3274 126 3297 ι
166 3252 220 3307 in
250 3254 480 3309 civitate
511 3253 668 3324 quod
700 3252 983 3307 Dominus
1028 3266 1145 3307 non
1178 3251 1307 3307 fecit
1343 3251 1461 3317 [al.,
1494 3248 1731 3317 fecerit].
1774 3268 1796 3296 ι

108 3340 314 3397 Malum
348 3342 408 3398 fit
443 3341 501 3398 in
543 3341 793 3408 civitate,
826 3355 958 3397 cum
995 3340 1326 3396 tentationis
1351 3337 1802 3409 jimmoderantia

106 3438 365 3486 versatur
414 3431 475 3486 in
530 3431 781 3487 homine.
836 3430 953 3486 Hoc
994 3429 1213 3485 malum
1254 3429 1406 3484 Deus
1453 3426 1609 3493 facit,
1665 3440 1800 3482 cum

106 3518 193 3573 vel
247 3520 319 3574 ad
363 3519 779 3590 probationem,
838 3526 939 3575 aut
986 3532 1189 3574 casum
1240 3517 1362 3573 fieri
1416 3516 1800 3587 dispensative

109 3607 396 3675 permittit.

175 3695 348 3753 Vsus.
379 3702 430 3753 7.
461 3727 535 3740 —
569 3718 589 3747 ι
623 3696 769 3764 Quia
799 3711 915 3753 non
965 3697 1131 3752 faciet
1169 3696 1451 3752 Dominus
1483 3696 1636 3751 Deus
1663 3708 1799 3750 ver-

112 3803 132 3828 ι
165 3782 320 3853 bum,
372 3786 483 3842 nisi
529 3786 874 3842 revelaverit
921 3792 1205 3841 secretum
1251 3798 1425 3841 suum
1475 3782 1550 3840 ad
1605 3798 1798 3840 servos

115 3892 134 3917 ι
167 3886 298 3929 suos
349 3876 729 3947 prophetas.»
786 3875 887 3931 Est
943 3889 1081 3945 ergo
1115 3888 1367 3931 sensus:
1430 3872 1589 3929 Facit
1644 3873 1799 3928 Deus

110 3960 336 4031 malum,
393 3965 487 4020 sed
540 3964 739 4020 divina
796 3964 1143 4033 plerumque
1192 3962 1433 4019 intentio
1486 3961 1797 4032 patientem

113 4062 219 4104 non
258 4050 388 4109 latet
433 4053 714 4121 animum,
768 4052 850 4107 nil
892 4051 1046 4108 enim
1080 4051 1191 4108 tale
1240 4051 1299 4107 in
1349 4050 1700 4107 conscientia
1735 4050 1799 4106 fit

113 4138 362 4209 verbum,
418 4143 474 4199 id
520 4151 603 4199 est
642 4141 879 4199 ducitur
919 4142 977 4196 in
1036 4139 1324 4207 effectum,
1378 4140 1549 4211 cujus
1605 4153 1794 4195 causa

112 4228 468 4293 providentiis
522 4231 736 4288 nostris
784 4245 900 4287 non
945 4230 1063 4299 ipse
1111 4229 1323 4285 revelet
1364 4242 1667 4284 arcanum.
1724 4228 1791 4283 In

113 4312 211 4369 hoc
234 4316 378 4373 enim
411 4320 771 4390 prophetam,
794 4317 949 4390 quod
980 4325 1034 4373 et
1073 4318 1292 4373 servire
1318 4331 1425 4373 sua
1451 4315 1792 4387 provisione

119 4402 438 4463 deliberant.

184 4493 346 4551 Vsus.
376 4499 425 4552 8.
456 4528 522 4537 —
557 4521 578 4548 ι
637 4498 747 4554 Leo
799 4497 1009 4567 rugiet,
1047 4496 1180 4567 quis
1220 4509 1336 4551 non
1379 4493 1641 4550 timebit?
1680 4495 1794 4548 Do-

121 4600 145 4631 ››
177 4583 358 4640 minus
393 4586 538 4643 Deus
585 4586 814 4643 locutus
858 4595 962 4652 est,
1004 4586 1139 4657 quis
1163 4599 1281 4642 non
1326 4581 1732 4654 prophetabit?
1766 4600 1792 4634 »

123 4669 187 4725 Et
215 4679 296 4727 est
341 4674 564 4731 dicere:
618 4675 895 4731 Diabolus
924 4689 1058 4731 cum
1099 4675 1172 4730 sit
1219 4680 1392 4729 tantae
1440 4671 1791 4738 subtilitatis,

125 4767 329 4826 quanto
369 4763 768 4833 spiritualioris
796 4764 1080 4834 potentia,
1118 4764 1238 4833 ipse
1290 4762 1583 4817 nimietate
1611 4760 1791 4817 avidi-

125 4846 247 4901 tatis
281 4848 498 4922 irrugit,
561 4853 693 4925 quis
748 4867 920 4910 carne
970 4850 1316 4923 przepeditus
1366 4851 1623 4907 humana
1679 4864 1794 4905 non

126 4936 474 4996 extimescat?
518 4943 793 4999 Dominus
825 4943 978 4998 Deus
1012 4956 1115 5012 per
1155 4941 1478 5011 apostolum
1512 4953 1685 4995 suum
1714 4939 1793 4994 lo-

128 5027 284 5080 cutus
327 5036 441 5084 est:
501 5052 521 5080 ι
583 5031 843 5087 Resistite
890 5029 1141 5095 diabolo,
1193 5036 1247 5085 et
1309 5029 1491 5098 fugiet
1537 5041 1572 5083 a
1632 5027 1795 5083 vobis

132 5108 267 5177 (Jac.
294 5129 363 5181 tv,
395 5119 439 5187 7)
470 5135 481 5173 :
519 5141 539 5168 ›
583 5121 717 5191 quis
758 5135 877 5176 non
918 5120 991 5175 ad
1022 5120 1131 5175 hoc
1161 5118 1582 5189 providentiam
1623 5116 1795 5172 adhi-

131 5196 306 5256 bebit?
334 5206 511 5271 (Vnus.
559 5210 634 5281 9.)
675 5232 696 5259 ι
729 5208 1010 5266 Auditum
1045 5207 1211 5264 facite
1254 5208 1311 5262 in
1341 5207 1568 5263 aedibus
1612 5205 1791 5273 Azoti,

139 5295 234 5344 iet
268 5290 323 5347 in
371 5296 582 5353 aedibus
612 5307 776 5355 terrae
804 5297 1060 5369 Egypti.
1108 5316 1135 5348 υ
1191 5298 1402 5352 Azotus
1448 5296 1796 5365 interpreta-

140 5382 225 5432 tur
256 5378 563 5440 incendium.
607 5388 787 5444 Monet
838 5396 1031 5443 noster
1058 5400 1161 5442 vos
1204 5386 1314 5442 sub
1346 5399 1611 5441 sermone
1660 5398 1797 5454 pro-

141 5463 341 5531 llhetico
384 5471 708 5543 intellectus,
763 5481 824 5530 ut
875 5478 933 5530 in
988 5474 1197 5530 aedibus
1249 5476 1433 5539 Azoti,
1491 5473 1547 5528 id
1604 5480 1690 5528 est
1736 5471 1795 5526 in

144 5558 504 5623 corporalibus
534 5565 798 5621 membris
826 5564 1059 5629 nostris,
1094 5578 1227 5634 qua:
1274 5561 1568 5618 continuis
1611 5574 1798 5617 urun-

146 5645 231 5695 tur
276 5644 568 5720 desideriis,
599 5661 652 5710 et
704 5654 758 5709 in
790 5653 1078 5710 universis
1132 5651 1490 5706 conscientiae
1544 5648 1794 5717 angulis,

469 5750 735 5819 PATROL.
787 5752 991 5820 CLVI.

1915 874 1936 901 ι
1973 854 2159 910 medio
2185 855 2331 923 ejus,
2386 862 2441 911 et
2479 855 2831 912 calumniam
2886 857 3166 926 patientes
3196 857 3256 913 in
3302 857 3613 928 penetrali-

1918 963 1939 990 ι
1975 943 2084 999 bus
2111 944 2256 1014 ejus.
2291 965 2311 991 ι
2361 945 2537 1012 Super
2584 951 2785 1000 montes
2833 947 3099 1007 Samaria:
3136 946 3480 1017 congregari
3508 948 3614 1017 ju-

1910 1032 2140 1097 bentur,
2170 1047 2303 1088 cum
2346 1046 2522 1103 super
2560 1033 2843 1089 fastuosas
2872 1034 3273 1103 conceptiones
3305 1034 3612 1091 exterioris

1910 1121 2206 1182 custodite,
2235 1135 2367 1191 qua;
2400 1121 2717 1190 hypocrisis
2743 1122 3090 1192 appellatur,
3141 1123 3615 1180 considerationis

1910 1209 2222 1265 eminentia
2255 1216 2528 1279 praestare
2557 1209 2762 1265 debere
2790 1218 3098 1266 monentur
3115 1226 3132 1280 ;
3166 1210 3427 1267 Samaria
3455 1213 3612 1268 enim

1911 1286 2159 1353 custodia
2207 1298 2440 1365 dicitur,
2505 1307 2570 1355 ut
2628 1300 2877 1353 insanias
2915 1301 3116 1354 multas
3164 1302 3224 1354 in
3264 1301 3379 1369 ejus
3434 1301 3612 1355 medio

1911 1387 2165 1453 videant,
2201 1386 2359 1441 aliud
2396 1386 2676 1442 nimirum
2710 1393 2900 1442 mente
2932 1388 3246 1455 intendere,
3282 1387 3443 1444 aliud
3477 1388 3615 1445 foris

1910 1475 2056 1531 velle
2103 1474 2306 1543 videri,
2360 1475 2415 1529 in
2474 1474 2679 1530 intima
2732 1475 3076 1531 discretione
3128 1478 3514 1546 perpendam;
3555 1484 3609 1532 et

1911 1563 2052 1633 quia
2084 1563 2218 1632 ipsa
2247 1562 2617 1633 cogitationes
2646 1563 2998 1619 calumniam
3028 1563 3134 1621 sibi
3167 1564 3439 1633 inferant,
3470 1565 3610 1621 dum

1911 1667 1970 1706 se
2000 1652 2229 1706 diversa
2257 1652 2331 1706 ab
2377 1651 2642 1717 invicem,
2677 1655 2928 1722 cogitare
2961 1654 3278 1721 mundana,
3310 1662 3365 1709 et
3412 1654 3611 1709 divina

1913 1740 2095 1795 facere
2130 1747 2386 1809 pensant.

1840 1811 1880 1864 Β
1982 1829 2144 1883 Vnus.
2186 1831 2268 1883 10.
2303 1859 2370 1868 -
2403 1851 2425 1876 ι
2463 1829 2531 1885 Et
2574 1830 2900 1886 nescierunt
2951 1830 3133 1885 facere
3177 1835 3419 1893 rectum,
3475 1832 3611 1888 dicit

1916 1939 1935 1963 ιι
1967 1917 2267 1985 Dominus,
2323 1919 2774 1973 thesaurizantes
2836 1918 3219 1988 iniquitatem,
3276 1928 3330 1974 et
3375 1920 3611 1989 rapinas

1916 2028 1936 2053 ι
1972 2007 2027 2061 in
2081 2006 2305 2062 aedibus
2352 2007 2493 2061 suis.
2554 2028 2572 2052 ι
2632 2008 2850 2061 Rectum
2901 2009 3080 2073 facere
3133 2007 3416 2074 nesciunt,
3470 2010 3609 2078 quia

1910 2095 2312 2151 rectitudinem
2343 2109 2463 2165 qua
2491 2110 2564 2150 ex
2600 2096 3125 2166 quantulacunque
3156 2097 3377 2152 ratione
3402 2098 3610 2153 adver-

1911 2192 2062 2249 tunt,
2091 2185 2276 2239 facere
2314 2184 2730 2253 dedignantur,
2766 2184 3086 2240 secundum
3123 2185 3279 2255 quod
3326 2187 3605 2242 sentiunt.

1910 2274 2081 2329 Moris
2125 2274 2279 2329 enim
2329 2273 2640 2343 Scriptura}
2679 2282 2764 2329 est
2813 2280 2877 2329 ut
2918 2276 3125 2327 nescire
3179 2287 3279 2343 pro
3314 2274 3611 2342 dedignari

1909 2370 2177 2432 ponatur,
2203 2370 2259 2418 et
2288 2362 2461 2417 etiam
2510 2376 2652 2418 usus
2680 2361 2957 2432 loquendi
2986 2362 3159 2418 habet
3199 2370 3261 2418 ut
3300 2364 3390 2418 vir
3421 2364 3608 2419 bonus

1907 2454 2063 2505 Q80
2119 2450 2344 2505 mentiri
2405 2450 2621 2505 nescire
2677 2449 2926 2506 dicatur.
2988 2451 3347 2517 Iniquitatem
3403 2451 3506 2507 sibi
3558 2456 3609 2506 et

1906 2541 2136 2608 rapinas
2173 2542 2233 2593 in
2260 2540 2467 2593 aedibus
2498 2541 2613 2593 suis
2667 2538 3078 2604 thesaurizant,
3125 2546 3190 2595 ut
3245 2538 3458 2594 scilicet
3505 2539 3611 2594 ini-

1906 2628 2186 2696 quitatem
2237 2626 2625 2683 simulationis
2676 2627 2816 2697 quia
2874 2627 3018 2683 bene
3070 2627 3309 2693 faciunt,
3363 2636 3418 2683 et
3460 2629 3609 2684 male

1906 2715 2237 2783 intendunt,
2272 2723 2327 2772 et
2374 2715 2611 2785 rapinas
2640 2716 2750 2771 sibi
2794 2716 2984 2772 laudis
3015 2716 3218 2772 alienae
3261 2730 3365 2786 pro
3396 2730 3608 2788 magno

1907 2812 2207 2873 reponant.
2252 2805 2501 2860 Medium
2549 2812 2743 2861 autem
2792 2805 2937 2875 ejus,
2995 2813 3049 2860 et
3099 2804 3435 2875 penetralia,
3487 2806 3608 2862 sive

1904 2893 2073 2959 aedes,
2113 2892 2167 2947 id
2200 2900 2283 2949 est
2313 2892 2745 2960 conscientiam,
2779 2893 2993 2949 scilicet
3022 2893 3371 2961 significant.

1978 2981 2158 3037 νεεδ.
2197 2984 2281 3035 ll.
2313 3011 2381 3019 —
2413 3001 2441 3029 «
2469 2980 2774 3051 Propterea
2806 2981 2928 3036 hmc
2957 2981 3097 3037 dicit
3119 2982 3395 3037 Dominus
3416 2983 3604 3039 Deus:

1912 3091 1932 3117 ι
1968 3068 2389 3135 Tribulabitur,
2420 3077 2475 3126 et
2504 3070 2822 3127 circuietur
2850 3078 3025 3137 terra,
3055 3077 3108 3126 et
3150 3070 3487 3127 detrahetur
3533 3086 3603 3126 ex

1914 3180 1934 3206 ι
1971 3167 2024 3213 te
2057 3157 2328 3214 fortitudo
2356 3166 2475 3226 tua,
2523 3166 2579 3215 et
2620 3158 2972 3228 diripientur
3007 3159 3160 3214 aedes
3192 3166 3323 3214 tuae.
3359 3179 3386 3209 ι)
3443 3159 3605 3226 Quod

1907 3254 2011 3313 est,
2045 3262 2118 3302 ex
2145 3246 2328 3317 ipsius
2373 3248 2615 3305 rationis
2659 3248 2941 3304 sententia
2982 3249 3208 3304 dicere:
3260 3248 3470 3316 Multis,
3512 3249 3606 3304 iu-

1908 3349 2109 3406 quam,
2160 3336 2654 3405 tribulationibus,
2717 3337 3096 3404 abstinentize,
3147 3343 3201 3393 et
3246 3337 3603 3406 vigiliarum,

1907 3432 2367 3497 czeterorumque
2393 3426 2699 3494 malorum,
2730 3441 2862 3497 quae
2906 3426 3015 3481 sibi
3047 3426 3363 3497 hypocritzc
3398 3426 3607 3482 inferre

1907 3514 2089 3570 solent
2141 3515 2433 3583 crucibus,
2490 3523 2641 3572 terra
2683 3529 2986 3585 corporum
3046 3514 3301 3586 ipsorum
3355 3515 3605 3571 obsideri

1909 3604 2133 3674 poterit,
2167 3603 2266 3659 sed
2299 3604 2573 3661 fortitudo
2602 3604 2838 3660 interior
2876 3605 2949 3660 ad
2980 3605 3203 3660 favores
3254 3603 3607 3661 extrinsecos

1908 3693 2150 3750 tendens
2178 3692 2402 3773 detrahi
2437 3708 2552 3749 non
2586 3692 2822 3758 desistit,
2858 3700 2914 3749 et
2956 3692 3246 3763 quidquid
3276 3693 3334 3748 in
3383 3692 3605 3764 aedibus

1905 3782 2236 3838 continetur
2266 3783 2571 3851 tuentium,
2611 3782 2801 3839 laudis
2832 3796 2995 3838 amor
3023 3782 3240 3852 diripit.

1977 3871 2157 3928 Visus.
2197 3875 2280 3926 1'2.
2327 3903 2395 3917 η-
2431 3894 2451 3920 ‹
2489 3872 2622 3928 Haec
2668 3871 2804 3927 dicit
2852 3870 3135 3927 Dominus
3169 3887 3183 3925 :
3230 3870 3523 3938 Quomodo
3556 3871 3602 3926 si

1910 3982 1931 4008 ι
1963 3968 2131 4017 eruat
2167 3969 2361 4031 pastor
2386 3961 2455 4018 de
2502 3975 2601 4017 ore
2630 3959 2811 4016 leonis
2840 3960 2956 4015 duo
3001 3974 3195 4027 crura,
3249 3967 3353 4016 aut
3399 3967 3598 4016 extre-

1910 4070 1932 4097 ι
1966 4064 2127 4105 mum
2156 4050 2463 4117 auriculze;
2498 4050 2578 4106 sic
2608 4055 2889 4106 eruentur
2916 4046 3019 4103 ﬁlii
3049 4048 3243 4115 Israel,
3277 4049 3381 4119 qui
3434 4048 3603 4105 habi-

1908 4161 1928 4186 ι
1963 4146 2084 4195 tant
2113 4139 2171 4194 in
2202 4138 2482 4207 Samaria,
2513 4150 2569 4196 et
2615 4139 2672 4195 in
2699 4138 2869 4210 plaga
2901 4137 3092 4194 lectuli
3131 4146 3187 4194 et
3213 4138 3271 4193 in
3320 4138 3602 4194 Damasco

1906 4249 1927 4275 ι
1964 4228 2191 4299 grabati
2253 4230 2368 4296 [al.,
2422 4229 2682 4285 Damasci
2730 4228 3012 4299 grabato].
3074 4248 3096 4275 ιο
3146 4228 3272 4283 Duo
3315 4240 3489 4283 crura
3534 4226 3603 4281 de

1899 4330 1996 4372 ore
2024 4316 2202 4372 leonis
2230 4325 2424 4386 pastor
2447 4317 2619 4383 eruit,
2652 4330 2785 4373 cum
2811 4316 3202 4371 extremitates
3232 4329 3379 4386 quas
3422 4315 3481 4378 in
3512 4313 3602 4370 fa-

1830 4417 1874 4471 ι)
1902 4418 2106 4461 vorum
2139 4405 2420 4462 desiderio
2443 4406 2755 4476 hypocrita:
2779 4404 3101 4461 habuerant
3130 4404 3513 4474 voluptatum,
3534 4404 3603 4459 de

1902 4494 2116 4550 diaboli
2148 4508 2246 4550 ore
2278 4502 2472 4565 pastor
2501 4495 2742 4550 interior
2772 4495 2924 4549 Deus
2960 4492 3183 4549 eximit.
3230 4493 3422 4548 Solent
3447 4493 3599 4549 enim

1902 4582 2041 4638 dum
2068 4583 2151 4639 eis
2182 4582 2336 4653 quod
2368 4581 2786 4651 concupiscunt
2815 4596 2929 4637 non
2971 4582 3246 4651 suppetit,
3288 4581 3359 4637 ad
3392 4580 3600 4637 lineam

1902 4671 2132 4727 tandem
2190 4669 2527 4726 intentionis
2572 4676 2737 4725 rectae
2785 4672 3017 4725 reverti.
3070 4672 3390 4724 Extremum
3441 4673 3603 4724 auri-

1903 4758 2038 4814 culae
2066 4766 2170 4824 est,
2223 4757 2423 4827 aliqua
2468 4756 2772 4827 particula,
2806 4754 2894 4811 vel
2948 4754 3190 4811 minima
3228 4756 3473 4812 sanioris
3507 4758 3603 4812 in-

1903 4848 2252 4919 telligentiae.
2297 4849 2385 4902 Sic
2427 4848 2533 4916 ﬁlii
2576 4846 2755 4900 Israel
2803 4848 2899 4914 qui
2960 4845 3213 4900 habitant
3242 4848 3301 4899 in
3348 4846 3603 4901 Samaria

1901 4945 2211 5003 eruuntur,
2265 4936 2405 4992 dum
2452 4935 2535 4991 eis
2564 4940 2668 4990 aut
2705 4934 2952 5004 propria:
3000 4933 3335 4989 ambitionis
3378 4934 3603 4991 fructus

1903 5026 2200 5092 adimitur,
2251 5030 2353 5080 aut
2411 5022 2647 5093 aliquod
2693 5023 3071 5078 seminarium
3125 5021 3306 5078 divini
3364 5022 3600 5094 eloquii,

1903 5116 2068 5186 quasi
2131 5128 2249 5184 qua
2302 5112 2651 5169 recalescant
2708 5111 2957 5166 scintilla
3008 5110 3378 5181 relinquitur.
3433 5113 3608 5168 Israel

1900 5206 2005 5273 filii
2034 5211 2224 5259 motus
2271 5209 2408 5258 sunt
2455 5201 2525 5257 ad
2566 5202 2746 5256 Deum
2787 5199 3131 5267 directanei;
3177 5199 3436 5255 Samaria
3466 5216 3603 5257 vero

1903 5293 2176 5356 exterior,
2199 5298 2391 5361 spreta
2420 5289 2701 5357 interiori,
2739 5288 3021 5345 custodia.
3070 5284 3378 5345 Eruuntur
3406 5298 3603 5347 autem

1902 5384 1960 5436 in
1988 5382 2181 5452 plaga,
2214 5380 2269 5435 id
2296 5387 2379 5435 est
2413 5380 2467 5433 in
2500 5378 2735 5448 regione
2765 5376 2979 5444 lectuli,
3012 5376 3112 5432 ubi
3143 5376 3407 5433 videlicet
3443 5393 3605 5433 mens

1902 5484 2104 5527 eorum
2151 5469 2372 5539 potiora
2411 5467 2780 5523 inventuram
2811 5480 2870 5521 se
2916 5465 3157 5536 putabat
3187 5464 3437 5522 fomenta
3470 5481 3605 5537 pec-

1906 5559 2036 5615 cati.
2072 5558 2249 5628 Plaga
2294 5570 2431 5627 ergo
2469 5555 2663 5611 lectuli
2724 5553 3132 5610 diverticulum
3166 5562 3271 5623 est,
3323 5555 3382 5610 in
3421 5563 3608 5612 mente

1906 5646 2213 5703 intendens
2240 5646 2512 5701 humanm
2539 5643 2805 5710 laudi,ac
2848 5642 2896 5698 si
2923 5642 3086 5698 locus
3126 5644 3368 5714 requiei.
3408 5644 3610 5701 Dama-

3218 5749 3300 5805 14
