3956 6432
335 371 434 425 427

1219 365 1287 422 ν.
1327 365 1663 425 GUIBBRTI
1712 367 2004 425 ABBATIS
2041 369 2096 425 S.
2142 369 2384 426 IABIE
2423 369 2513 426 DE
2557 368 2948 426 NOVIGENTO

3747 372 3867 427 4‘28

338 523 471 565 scus
493 506 678 563 oculus
700 506 988 575 sanguinis
1013 504 1246 561 dicitur.
1276 504 1330 560 Is
1377 503 1690 560 Damascus
1717 504 1881 575 quasi
1929 517 2030 574 pro
2067 511 2114 565 Α
2139 510 2263 560 tum
2315 511 2563 571 revocat,
2615 511 2678 560 ut
2717 504 2931 558 veritas
2975 503 3187 559 scilicet
3239 503 3497 574 ipsorum
3535 504 3668 561 vita
3704 511 3870 575 pate-

343 595 584 670 grabato
623 595 889 662 habetur,
935 607 1070 651 cum
1108 606 1290 664 prava
1327 592 1566 649 intentio
1608 593 1779 648 etiam
1823 607 1922 663 spe
1953 593 2033 648 in-

341 686 570 742 terdum
596 685 738 740 falsa
771 684 1008 740 miseros
1038 683 1290 738 mulcere
1319 682 1566 738 videtur.

412 775 595 830 Vens.
670 775 754 840 l3,
815 773 899 827 14.
950 800 1022 814 -
1079 792 1106 820 α
1160 770 1369 827 Audite
1408 778 1463 826 et
1518 769 1915 826 contestamini
1974 769 2034 825 in

342 864 566 920 ndomo
643 863 836 929 Jacob,
889 861 1025 916 dicit
1089 861 1369 916 Dominus
1437 859 1592 915 Deus
1646 859 2034 924 exercituum,

343 974 372 1004 s
403 954 544 1023 quia
587 952 644 1007 in
675 951 766 1006 die
793 965 925 1006 cum
975 949 1207 1004 visitare
1261 961 1483 1017 ccepero
1532 948 2035 1018 pravaricationes

345 1064 370 1091 ο
401 1041 592 1106 Israel,
626 1053 801 1110 super
822 1053 956 1094 eum
986 1039 1244 1098 visitabo.
1274 1044 1330 1092 et
1361 1050 1538 1106 super
1561 1037 1771 1091 altaria
1813 1035 2030 1102 Bethel,

345 1152 368 1180 ι
401 1138 457 1186 et
485 1128 944 1198 amputabuntur
979 1139 1198 1182 cornua
1244 1123 1462 1191 altaris,
1495 1132 1550 1180 et
1579 1124 1786 1179 cadent
1825 1124 1884 1178 in
1924 1131 2035 1179 ter-

346 1241 368 1269 »
404 1233 548 1274 ram.
618 1239 638 1264 ι
700 1217 888 1271 Monet
939 1229 1078 1285 ergo
1130 1227 1229 1270 eos
1293 1228 1479 1269 sermo
1528 1212 1914 1282 propheticus,
1975 1218 2040 1267 ut

341 1308 600 1373 audiant,
635 1305 690 1360 id
720 1312 804 1360 est
851 1304 1193 1372 intelligant,
1247 1309 1302 1358 et
1327 1302 1479 1357 docti
1525 1316 1598 1357 ex
1631 1301 1946 1364 auditione,
1984 1307 2040 1356 et

342 1398 482 1453 alios
511 1393 817 1451 contestari
846 1407 962 1448 non
1006 1391 1323 1462 negligant.
1363 1392 1433 1446 Et
1464 1391 1570 1446 hoc
1597 1391 1734 1444 dicit
1773 1391 2041 1444 Dominus

341 1487 695 1548 exercituum,
747 1495 816 1538 ac
862 1481 906 1536 si
943 1481 1199 1536 diceret:
1245 1479 1339 1535 cui
1382 1478 1546 1534 nulla
1589 1478 1782 1547 inopia
1820 1477 2043 1533 suberit

341 1575 412 1630 ad
445 1573 668 1628 facinus
697 1569 1112 1635 ulciscendum,
1143 1568 1305 1638 quia,
1337 1566 1549 1636 inquit,
1583 1567 1640 1621 in
1673 1566 1783 1633 die,
1819 1567 1876 1620 in
1918 1579 2038 1620 ma-

342 1661 546 1718 nifesta
575 1659 787 1714 scilicet
823 1657 1059 1723 ultione,
1105 1671 1238 1712 cum
1273 1655 1495 1724 aperire
1523 1669 1748 1723 capere
1796 1652 2041 1708 simula-

344 1751 515 1807 tionis
543 1761 744 1803 eorum
772 1747 990 1810 fucum,
1014 1759 1188 1814 super
1217 1744 1423 1799 altaria
1455 1744 1669 1809 Bethel,
1702 1744 1855 1814 quod
1890 1742 2038 1798 dici-

2140 601 2280 648 scat.
2350 595 2474 649 Dies
2525 607 2694 663 super
2747 604 2842 647 eos
2902 593 3166 660 veniunt,
3233 606 3366 648 cum
3428 593 3871 650 declarationes

2140 695 2340 738 eorum
2371 681 2610 738 occulta
2658 681 2959 752 pravitatis
3007 681 3147 752 ipsis
3202 690 3541 738 occurrunt.
3577 683 3638 737 In
3667 687 3867 737 contis

2139 771 2465 839 elevantur,
2498 785 2631 828 cum
2662 772 2774 828 sub
2823 771 3004 828 dubio
3050 772 3335 842 superbia
3363 779 3518 827 statu
3548 772 3866 828 feruntur.

2140 860 2249 928 Qui
2278 863 2432 917 enim
2465 862 2521 916 in
2555 869 2722 917 conto
2755 861 2981 927 insidet,
3015 875 3319 932 nunquam
3370 861 3611 918 firmiter
3647 862 3868 918 haret.

2145 951 2216 1004 In
2245 951 2366 1005 ollis
2395 952 2729 1015 ferventibus
2769 950 3032 1020 reliquia
3054 949 3378 1016 elevantur,
3419 964 3553 1006 cum
3602 964 3868 1012 sensua-

2147 1037 2277 1094 litas
2309 1046 2424 1094 tota
2461 1053 2563 1108 per
2590 1039 3082 1107 concupiscentias
3127 1038 3571 1105 excandescens,
3616 1053 3696 1094 ex
3731 1053 3873 1108 ope-

2144 1128 2225 1184 ris
2271 1127 2472 1183 nefarii
2527 1128 2925 1197 prosecutione
2987 1126 3281 1195 vulgatur.
3337 1126 3619 1196 Reliquia
3689 1129 3868 1182 enim

2148 1229 2251 1285 pro
2297 1215 2566 1284 operibus
2614 1214 2748 1284 poni
2810 1213 3010 1280 solent,
3065 1214 3206 1282 quia
3245 1212 3451 1283 utique
3506 1215 3866 1283 cogitationi

2146 1311 2496 1374 superstant,
2539 1311 2602 1358 ut
2641 1311 2725 1358 est
2756 1318 2768 1357 :
2801 1320 2826 1354 ι
2860 1303 3138 1372 Reliquia
3166 1302 3531 1372 cogitationis
3577 1303 3738 1359 diem
3782 1303 3866 1359 fe-

2147 1401 2298 1448 stum
2321 1399 2495 1461 agent
2532 1390 2632 1445 tibi
2666 1391 2834 1458 (Psal.
2867 1404 3034 1454 LXXV,
3073 1392 3176 1459 Η).
3211 1412 3232 1437 ι
3267 1390 3415 1446 Nota
3441 1392 3596 1461 quod
3618 1391 3752 1462 jam
3783 1390 3867 1446 ad

2148 1481 2491 1537 femininum
2539 1493 2723 1549 genus
2772 1485 3043 1545 transeat,
3079 1486 3142 1534 ut
3167 1493 3321 1534 eosa
3366 1479 3562 1550 vigore
3602 1480 3868 1551 justitia

2148 1568 2504 1624 efl‘eminatos
2528 1567 2807 1622 ostendat.
2854 1568 2956 1621 Per
2992 1573 3281 1636 aperturas
3323 1568 3500 1622 altera
3534 1573 3739 1622 contra
3768 1570 3868 1622 al-

2151 1663 2321 1710 teram
2371 1663 2605 1722 exeunt,
2658 1669 2788 1710 cum
2839 1655 3234 1710 fatiscentibns
3282 1656 3672 1726 petulantium
3733 1671 3868 1712 sen-

2151 1758 2322 1800 suum
2371 1744 2518 1807 ollis,
2574 1751 2779 1799 mutuo
2830 1744 3229 1812 detegentibus
3288 1759 3408 1798 sese
3455 1746 3742 1814 nequitiis
3806 1746 3866 1800 in

346 1847 443 1895 tur
469 1839 658 1890 domus
842 1835 894 1889 id
920 1809 1002 1889 est
1048 1809 1224 1902 super
1253 1833 1543 1902 proposita
1587 1809 1810 1898 eorum,
1847 1830 1948 1901 qui
1979 1845 2038 1884 se
2077 1809 2118 1864 Β
2155 1833 2502 1903 ignominias
2557 1839 2862 1902 proruunt.
2915 1809 3112 1886 Altera
3178 1838 3367 1886 contra
3413 1809 3645 1888 alterum
3705 1834 3863 1900 exit,

346 1927 498 1982 credi
531 1924 784 1996 gestiunt
831 1923 1008 1991 vulgo
1040 1921 1249 1990 templa
1283 1921 1397 1987 Dei,
1444 1921 1698 1986 visitabo,
1735 1920 1786 1973 id
1821 1928 1903 1974 est
1943 1921 2038 1989 ju-

347 2015 626 2070 dicialiter
683 2013 944 2068 crebrius
997 2009 1330 2075 imminebo,
1401 2008 1480 2064 ita
1543 2016 1604 2064 ut
1668 2012 2044 2077 amputentur

347 2084 544 2157 altaris
596 2117 837 2167 cornua,
897 2100 953 2154 id
1007 2109 1093 2154 est
1154 2098 1403 2168 palliata
1458 2098 1733 2166 nequitia
1789 2096 2043 2151 fastuosa

347 2191 608 2261 fastigia;
670 2197 722 2244 et
770 2193 828 2244 in
891 2195 1091 2243 terram
1137 2188 1368 2252 cadant,
1429 2186 1772 2240 omnimoda
1831 2185 2045 2241 scilicet

347 2279 710 2349 vilipensioni
783 2285 1034 2348 pateant.
1104 2276 1300 2331 Altare
1349 2275 1501 2330 enim
1561 2273 1876 2342 hypocrita
1932 2280 2037 2342 est,

348 2366 634 2436 quidquid
669 2365 724 2419 in
759 2379 864 2420 suo
894 2363 1086 2419 studio
1116 2361 1423 2432 spectabile
1455 2360 1591 2416 foris
1617 2367 1720 2414 est.

422 2454 592 2510 Vsus.
639 2456 722 2508 l5.
759 2481 825 2495 —
877 2474 898 2500 ι
956 2453 1025 2507 Et
1076 2450 1395 2521 percutiam
1449 2449 1684 2504 domum
1740 2448 2041 2504 hiemalem

358 2566 379 2590 ι
415 2558 546 2598 cum
575 2542 742 2598 domo
773 2541 991 2606 astiva,
1022 2547 1077 2595 et
1121 2539 1390 2608 peribunt
1416 2538 1620 2592 domus
1649 2537 1940 2603 eburnea,
1990 2545 2045 2592 et

355 2656 382 2678 ιι
415 2631 857 2700 dissipabuntur
901 2629 1052 2684 ades
1106 2628 1321 2687 multa,
1356 2627 1493 2681 dicit
1539 2625 1834 2681 Dominus.
1871 2647 1902 2674 »
1943 2627 2044 2681 Do-

354 2734 486 2776 mus
536 2719 798 2774 hiemalis
847 2726 930 2772 est
977 2716 1344 2780 conscientia,
1391 2729 1522 2784 qua
1576 2715 1749 2769 totius
1786 2715 2042 2770 avaritia

354 2816 532 2878 atque
570 2807 801 2862 malitia
847 2805 1058 2874 torpori
1093 2804 1289 2874 pervia
1313 2811 1414 2858 est.
1466 2805 1676 2858 Domus
1703 2803 1903 2858 astiva
1958 2811 2044 2859 est

355 2910 594 2966 operum
647 2898 812 2966 quasi
859 2894 1139 2950 bonorum
1197 2891 1475 2948 habitudo
1523 2892 1826 2959 forinseca,
1879 2906 1947 2947 ac
1997 2893 2041 2946 si

355 2985 607 3056 quadam
639 2983 926 3054 spirituali
957 2982 1291 3038 redundans
1321 2979 1526 3050 gratia.
1563 2981 1765 3034 Domus
1800 2981 2045 3035 eburnea

355 3079 615 3142 pereunt,
646 3085 779 3126 cum
826 3069 1056 3126 habitus
1095 3069 1555 3132 sanctimoniam,
1607 3077 1784 3138 atque
1821 3068 2049 3123 cmliba-

360 3170 453 3216 tus
494 3160 798 3216 candorem
863 3158 1248 3228 praeferentes,
1303 3158 1360 3210 in
1417 3163 1616 3225 aperta
1669 3157 1879 3226 probra
1919 3170 2044 3226 per-

358 3254 678 3304 transeuut.
745 3245 905 3301 dides
961 3246 1144 3300 multa
1208 3243 1584 3312 dissipantur,
1636 3244 1785 3314 Icum
1853 3242 2047 3298 multa

355 3333 778 3404 compositionis
851 3333 1167 3388 forinsecus
1231 3329 1492 3386 aﬂ'ectata
1573 3330 1882 3385 simulacra
1949 3331 2044 3385 de-

357 3432 685 3480 Sil‘llllllllll'.

1015 3489 1245 3546 CAPUT
1287 3488 1382 3545 ιν.

343 3606 348 3610 ”
427 3602 602 3671 (Vens
630 3604 678 3653 l.
710 3627 779 3638 -
816 3621 835 3645 ι
871 3597 1071 3652 Audite
1102 3595 1344 3651 verbum
1379 3595 1504 3661 hoc,
1539 3609 1730 3651 vacca
1780 3596 2044 3665 pingues,

361 3713 383 3740 ι
416 3704 549 3760 qua
577 3689 708 3744 estis
738 3687 794 3741 in
843 3684 1138 3741 montibus
1184 3684 1479 3750 Samaria,
1512 3698 1645 3754 qua
1695 3682 2045 3740 calumniam

358 3801 378 3827 ι
410 3777 596 3834 facitis
623 3776 836 3846 egenis,
868 3783 922 3830 et
953 3774 1316 3842 confringitis
1346 3787 1644 3842 pauperes,
1696 3787 1828 3842 qua
1859 3773 2049 3829 dicitis

358 3866 662 3923 sdominis
714 3866 955 3920 vestris:
1003 3861 1234 3929 Aﬂ‘erte,
1291 3870 1346 3917 et
1400 3861 1679 3917 bibemus.
1739 3882 1759 3908 ι
1813 3862 2047 3928 Pingues

352 3971 526 4010 vacca
557 3953 750 4010 lasciv:
783 3961 920 4008 sunt
949 3965 1016 4006 ac
1044 3949 1275 4020 superbi
1319 3949 1652 4019 hypocrita.
1703 3949 1771 4004 Hi
1820 3957 1958 4004 sunt
1985 3953 2044 4003 in

353 4045 630 4100 montibus
689 4043 974 4107 Samaria,
1043 4040 1184 4109 quia
1259 4045 1485 4094 tument
1557 4037 1629 4092 de
1691 4038 2046 4093 continentia

351 4131 654 4188 exterioris
682 4129 985 4195 custodia;
1027 4127 1133 4182 hoc
1177 4126 1330 4181 enim
1372 4124 1646 4194 exprimit
1692 4139 1897 4180 nomen
1939 4125 2046 4180 Sa-

353 4222 569 4278 maria.
603 4219 671 4274 Hi
697 4217 1050 4272 calumniam
1079 4214 1300 4270 faciunt
1330 4213 1542 4284 egenis,
1575 4213 1718 4284 quia
1760 4228 2045 4284 quacun-

350 4324 465 4381 que
496 4315 679 4378 agunt
725 4320 826 4374 pro
855 4306 1055 4374 gloria,
1107 4311 1308 4358 contra
1355 4302 1788 4358 reclamationes
1829 4302 2046 4358 faciunt

350 4411 470 4453 sua
502 4393 891 4460 intelligentia
939 4391 1202 4458 sanioris,
1251 4391 1376 4447 ideo
1420 4404 1552 4446 vere
1589 4393 1830 4461 egentis.
1887 4392 2042 4444 Pau-

347 4499 501 4555 peres
550 4483 942 4550 confringunt,
993 4493 1134 4536 cum
1180 4481 1464 4550 cogitatus
1514 4480 1895 4536 humilitatem
1945 4479 2044 4534 ali-

347 4572 582 4642 quando
612 4571 919 4625 suadentes
952 4569 1008 4623 in
1049 4583 1108 4624 se
1154 4569 1429 4635 obruunt,
1485 4569 1732 4622 Dominis
1775 4567 1896 4622 suis
1943 4570 2042 4634 af-

344 4663 484 4727 ferte
508 4667 558 4713 et
589 4660 827 4714 bibemus
859 4658 1082 4723 dicunt,
1129 4671 1262 4713 cum
1293 4657 1366 4712 ab
1401 4657 1506 4722 his,
1548 4670 1799 4726 quorum
1831 4655 2042 4724 placito

345 4764 447 4820 per
476 4749 626 4805 bona
653 4762 826 4818 opera
854 4747 1141 4802 deservire
1183 4745 1459 4816 gestiunt,
1487 4744 1728 4814 (favores
1771 4745 2039 4814 exigunt,

233 4874 241 4878 -
344 4839 562 4908 quibus
591 4838 664 4892 ab
694 4837 785 4892 sui
807 4835 1285 4892 dementationem
1309 4837 1474 4905 quasi
1497 4833 1798 4904 epotandis
1825 4833 2042 4889 incum-

349 4926 511 4982 bunt.
553 4927 783 4980 Verbum
812 4927 911 4978 hoc
959 4940 1132 4979 vacca
1176 4927 1409 4994 pingues
1457 4922 1660 4976 audire
1706 4930 2037 4990 monentur,

344 5021 408 5070 ut
430 5014 667 5069 sollicite
698 5013 979 5069 trutineut
1009 5027 1140 5084 qua
1172 5013 1399 5068 sibimet
1429 5010 1810 5065 intentantur.

414 5101 592 5158 Vsus.
629 5103 682 5168 ‘2,
711 5104 761 5156 3.
811 5131 878 5140 —-
913 5120 940 5151 α
987 5100 1215 5158 Juravit
1245 5099 1525 5154 Dominus
1569 5098 1717 5152 Deus
1748 5099 1804 5153 in
1839 5106 2038 5154 sancto

347 5213 366 5238 ι
403 5205 509 5246 suo
544 5205 556 5244 :
586 5191 735 5254 Quia
765 5205 894 5246 ecce
937 5189 1057 5246 dies
1106 5189 1339 5245 venient
1383 5201 1558 5256 super
1588 5201 1708 5253 vos,
1758 5195 1815 5243 et
1859 5186 2041 5244 eleva-

346 5301 366 5326 ι
400 5280 547 5336 bunt
597 5294 696 5336 vos
741 5280 799 5335 in
846 5279 1048 5346 contis,
1098 5285 1154 5334 et
1210 5277 1490 5347 reliquias
1536 5284 1756 5332 vestras
1799 5277 1856 5332 in
1910 5275 2038 5332 ollis

343 5388 366 5415 ι
398 5369 773 5425 ferventibus.
810 5369 880 5424 Et
910 5382 1013 5437 per
1035 5373 1339 5436 aperturas
1365 5365 1598 5421 exibitis
1629 5365 1810 5420 altera
1836 5373 2040 5420 contra

347 5478 369 5502 ι
405 5455 664 5524 alteram,
717 5465 772 5514 et
825 5453 1204 5526 projiciemini
1254 5453 1311 5508 in
1377 5455 1618 5521 Armon,
1671 5453 1808 5510 dicit
1853 5453 2041 5508 Durni-

339 5563 366 5596 π
399 5559 529 5602 nus.
568 5566 590 5595 ι
627 5547 691 5600 In
740 5550 931 5601 sancto
969 5557 1064 5598 suo
1109 5543 1372 5598 Dominus
1413 5542 1592 5612 jurat,
1639 5555 1772 5598 cum
1815 5541 1874 5596 in
1929 5555 2038 5597 sua

337 5643 473 5686 vera
501 5633 802 5687 sanctitate
847 5629 1281 5698 hypocritarum
1329 5629 1582 5684 fucatam
1631 5629 1702 5684 ad
1744 5628 1844 5697 jus
1873 5640 2036 5696 aper-

2151 1935 2284 1976 cum
2343 1920 2765 1990 turpitudinem
2805 1920 3126 1990 propriam-
3159 1921 3322 1976 alteri
3374 1921 3689 1977 videndum
3745 1936 3867 1977 cx—

2153 2010 2330 2079 ponit.
2360 2009 2432 2063 In
2485 2011 2694 2063 Amnon
2735 2023 2971 2078 quoque
3005 2010 3406 2080 projiciuntur,
3441 2025 3573 2066 cuin
3628 2011 3700 2066 de
3745 2011 3869 2065 cri-

2154 2098 2308 2151 mine
2334 2105 2626 2152 sumentes
2649 2097 2974 2163 audaciam,
2999 2097 3068 2152 de
3092 2098 3214 2152 suis
3237 2099 3408 2152 etiam
3436 2098 3596 2152 radis
3619 2099 3867 2153 actibus

2150 2185 2530 2252 extolluntur,
2562 2185 2860 2256 dejiciendi
2893 2194 3083 2242 tamen
3112 2189 3284 2257 juxta
3322 2188 3606 2256 psalmum
3641 2188 3700 2242 in
3737 2188 3864 2243 ima

2152 2288 2355 2330 sensus
2409 2275 2659 2345 reprobi,
2711 2275 2850 2331 dum
2898 2275 3225 2332 allevantur
3275 2276 3448 2341 (Psal.
3488 2291 3662 2344 Lxxn,
3721 2278 3858 2346 18);

2153 2363 2371 2418 Armou
2399 2363 2553 2418 enim
2579 2363 2888 2416 sublimitas
2919 2361 3148 2418 dicitur.

2225 2448 2398 2505 Vens.
2438 2451 2492 2504 4.
2522 2478 2590 2491 -
2623 2472 2642 2498 ι
2681 2450 2880 2506 Venite
2909 2452 2980 2506 ad
3013 2451 3226 2519 Bethel,
3258 2459 3312 2508 et
3347 2451 3519 2522 impie
3548 2453 3736 2524 agite;
3780 2453 3862 2508 ad

2159 2561 2179 2588 ι
2215 2537 2532 2609 Galgalam,
2569 2545 2625 2594 et
2672 2537 3048 2608 multiplicate
3095 2542 3648 2609 pravaricationem.
3684 2564 3716 2590 »
3767 2543 3866 2598 Ad

2152 2629 2334 2683 Bethel
2365 2628 2562 2683 venire
2590 2628 2804 2682 ironice
2833 2635 3291 2693 commonentur,
3333 2636 3398 2684 ut
3427 2628 3593 2699 quasi
3637 2629 3865 2698 templa

2155 2717 2250 2772 Dei
2289 2715 2666 2785 popularibus
2707 2715 2889 2770 oculis
2943 2723 3320 2770 ostentantur.
3382 2716 3576 2785 Impie,
3635 2716 3864 2785 inquit,

2153 2808 2318 2872 agite,
2368 2803 2423 2858 id
2463 2811 2546 2859 est
2593 2806 2651 2858 in
2705 2804 2812 2858 hac
2859 2805 2983 2873 ipsa
3029 2804 3202 2859 vestri
3236 2809 3361 2860 cui
3420 2806 3668 2858 nominis
3704 2803 3866 2858 cele-

2156 2892 2414 2946 bratione
2441 2891 2522 2946 nil
2552 2891 2708 2946 aliud
2741 2891 2934 2946 sciatis
2955 2905 3056 2946 vos
3084 2904 3253 2962 agere
3297 2905 3475 2960 quam
3507 2891 3712 2957 Deum,
3748 2890 3863 2959 qui

2153 2989 2238 3035 est
2291 2980 2524 3044 veritas,
2572 2980 2881 3050 abnegare.
2930 2979 3170 3052 Galgala
3219 2981 3434 3036 dicitur
3475 2981 3860 3034 volutabrum.

2111 3102 2124 3120 ι
2155 3067 2248 3123 Ad
2282 3067 2626 3121 volutabrum
2680 3068 2944 3136 veniunt,
3000 3074 3055 3123 et
3099 3067 3599 3137 pravaricationes
3650 3065 3864 3122 multi-

2156 3156 2389 3225 plicant,
2423 3157 2562 3225 quia
2588 3153 3062 3224 fitjustojudicio
3092 3163 3290 3224 sponte
3321 3154 3514 3224 lapsis,
3546 3161 3610 3210 ut
3639 3153 3699 3208 in
3743 3153 3860 3208 mi-

2155 3243 2318 3298 seriis
2343 3257 2458 3298 non
2490 3242 2810 3298 subsistant
2839 3242 3003 3312 (Psat.
3060 3257 3288 3308 cxxxnx,
3325 3243 3430 3310 ll).

2230 3331 2380 3386 Vens
2539 3361 2607 3369 ——
2658 3352 2679 3378 ι
2733 3331 2799 3385 Et
2842 3329 3040 3388 offerte
3089 3346 3256 3386 mane
3296 3332 3558 3387 victimas
3604 3339 3864 3398 vestras,

2161 3441 2183 3466 ι
2221 3419 2404 3474 tribus
2447 3419 2652 3474 diebus
2696 3419 2948 3475 decimas
2985 3428 3222 3476 vestras.
3277 3420 3346 3475 Et
3397 3420 3753 3476 sanetilicate
3784 3421 3865 3476 de

2161 3530 2181 3555 ι
2221 3508 2557 3562 fermentata
2611 3508 2871 3577 laudem;
2931 3516 2988 3564 et
3037 3517 3235 3564 vocate
3290 3509 3651 3564 voluntarias
3696 3509 3866 3564 obla-

2163 3619 2182 3643 ›
2221 3597 2419 3662 tiones,
2473 3605 2527 3652 et
2577 3596 2939 3652 annuntiate.
3003 3619 3024 3644 ι
3077 3598 3236 3651 Mane
3280 3599 3528 3650 victimas
3574 3593 3860 3661 offerunt,

2155 3699 2310 3748 cum,
2373 3694 2712 3755 erumpente
2761 3698 2976 3740 aurora
3030 3685 3260 3751 favoris,
3326 3683 3560 3756 propria
3607 3698 3864 3754 corpora

2157 3774 2344 3843 magis
2371 3788 2438 3828 ac
2475 3775 2661 3844 magis
2697 3782 2950 3830 mactare
2993 3775 3370 3830 contendunt.
3422 3773 3619 3827 Tribus
3659 3773 3862 3830 diebus

2155 3861 2398 3915 decimas
2427 3859 2697 3928 offerunt,
2747 3877 2879 3918 cum
2915 3877 3028 3918 non
3063 3876 3166 3932 pm
3212 3862 3381 3917 laude
3424 3861 3704 3928 humana,
3751 3864 3856 3918 sed

2155 3952 2335 4006 solius
2359 3965 2554 4006 amore
2577 3951 2876 4006 Trinitatis
2905 3951 3154 4022 legitime
3179 3951 3440 4006 victitare
3471 3966 3528 4006 se
3559 3962 3857 4008 asserunt.

2156 4037 2526 4094 Sanctiticaut
2563 4038 2630 4091 de
2653 4041 2984 4104 fermentata
3011 4039 3247 4097 laudem.
3281 4039 3422 4108 quia
3472 4039 3528 4092 in
3559 4037 3714 4092 omhi
3747 4053 3863 4094 suo

2154 4123 2428 4181 exercitio
2455 4125 2787 4180 intentionis
2817 4124 3168 4180 inviscerant
3194 4125 3682 4194 depravationem.
3738 4127 3857 4179 Vo-

2155 4215 2428 4268 Iuntan'as
2479 4213 2775 4268 oblationes
2826 4221 3056 4280 vocant,
3099 4227 3234 4268 cuin
3283 4228 3399 4269 non
3457 4222 3686 4282 propter
3743 4229 3856 4269 sua

2155 4317 2288 4373 qua
2315 4301 2476 4358 nulla
2511 4301 2702 4372 putari
2727 4301 2930 4358 volunt
2950 4301 3225 4357 diluenda
3256 4304 3426 4364 mala.
3461 4302 3515 4358 id
3544 4316 3603 4357 se
3636 4301 3853 4358 laboris

2086 4389 2126 4442 υ
2156 4392 2464 4458 insumere,
2496 4390 2594 4445 sed
2619 4404 2692 4446 ex
2735 4391 2855 4445 solo
2891 4389 2986 4446 Dei
3009 4399 3064 4446 et
3095 4391 3326 4446 virtutis
3355 4404 3549 4446 amore
3593 4389 3850 4446 clamant

2152 4488 2214 4535 ut
2242 4479 2384 4534 illud
2420 4494 2432 4533 :

2435 4568 2680 4624 Oderunt
2707 4581 2928 4636 peccare
2955 4566 3080 4620 boni
3106 4569 3328 4622 uirtutis
3357 4583 3555 4622 amore.

2540 4657 2706 4722 (Hos.
2744 4656 2844 4711 lib.
2875 4670 2892 4711 ι
2923 4657 3126 4725 Epist,
3159 4670 3248 4726 ep.
3287 4658 3350 4710 l6
3379 4671 3553 4722 vers.,
3586 4656 3696 4726 52.)

2149 4744 2517 4800 Annuntiant
2570 4757 2703 4799 cum
2751 4757 2860 4799 sua
2921 4743 3156 4800 latentia
3210 4744 3358 4800 facta
3424 4744 3838 4813 percelebrant.

2149 4835 2238 4889 Sic
2263 4837 2403 4888 enim
2446 4835 2720 4898 voluistis,
2771 4834 2879 4898 ﬁlii
2909 4833 3096 4898 Israel,
3153 4833 3230 4888 ita
3287 4831 3499 4888 scilicet
3526 4845 3627 4902 pro
3677 4830 3840 4888 libito

2149 4928 2336 4976 vestro
2365 4922 2600 4976 actitare
2629 4919 2912 4975 collibuit.
3389 4955 3420 4996 --

2220 5007 2391 5063 Vsns.
2422 5010 2474 5061 6.
2509 5037 2578 5047 —
2621 5029 2643 5055 ι
2692 5006 2852 5064 Unde
2900 5015 2956 5064 et
3010 5020 3114 5076 ego
3166 5005 3295 5061 dedi
3345 5007 3504 5062 vobis
3543 5014 3834 5076 stuporem

2151 5117 2172 5142 ι
2207 5093 2466 5150 dentium
2499 5095 2558 5149 in
2590 5095 2814 5150 cunctis
2846 5095 3090 5150 urbibus
3120 5095 3340 5162 vestris,
3372 5103 3428 5150 et
3459 5095 3838 5166 indigentiam

2149 5204 2170 5228 ι
2208 5195 2425 5250 panum
2477 5181 2535 5236 in
2564 5183 2835 5238 omnibus
2870 5183 3007 5238 locis
3061 5182 3283 5249 vestris,
3345 5191 3402 5239 et
3453 5197 3568 5238 non
3599 5183 3726 5239 estis
3755 5185 3834 5240 ad

2151 5292 2172 5317 -
2213 5283 2300 5324 me
2351 5268 2583 5334 reversi,
2625 5271 2763 5326 dicit
2807 5271 3106 5327 Dominus.
3148 5292 3169 5318 ι
3231 5271 3472 5327 Proinde
3528 5271 3627 5327 dat
3682 5272 3837 5330 Deus

2143 5364 2417 5427 stuporem
2448 5359 2691 5412 dentium
2726 5360 2780 5414 in
2811 5361 3037 5415 cunctis
3067 5360 3313 5416 urbibus
3349 5375 3568 5428 eorum,
3617 5375 3745 5418 cum
3774 5363 3836 5419 in

2145 5447 2370 5504 cunctis
2395 5448 2633 5503 internis
2659 5462 2861 5503 eorum
2901 5449 3148 5504 statibus
3186 5449 3591 5506 hebetudinem
3631 5465 3832 5522 sugge-

2145 5538 2223 5594 rit
2247 5537 2663 5594 intellectuum.
2715 5537 2815 5592 His
2853 5535 3006 5592 enim
3056 5537 3473 5594 commolimms
3515 5551 3584 5594 ac
3631 5538 3676 5594 si
3717 5540 3835 5611 qui-

2146 5625 2390 5683 busdam
2458 5625 2730 5680 dentibus
2794 5639 3024 5680 omnem
3072 5625 3436 5696 scrupulum.
3514 5626 3833 5698 Indigentia
