3956 6404
123 388 217 443 £29
812 388 1274 448 TBOPOLOGLE
1312 389 1385 449 IN
1423 392 1626 460 OSEE,
1667 393 1851 453 AMOS
1888 392 1975 450 ΕΤ
2018 394 2171 453 IER.
2201 429 2269 438 —
2310 398 2437 455 LIB.
2480 397 2571 457 IV.
2615 402 2682 459 IN
2720 403 2927 460 AMOS.

3522 408 3626 463 430

110 534 321 590 panum
368 522 431 575 in
487 520 732 577 omnibus
792 522 1003 580 nostris
1056 523 1186 579 locis
1241 531 1342 591 est,
1405 539 1539 582 cum
1597 526 1809 583 divinae
1848 531 2211 585 Amorosum
2232 537 2315 586 est
2345 531 2589 597 animal;
2621 532 2937 604 hypocrisis
2966 546 3279 608 vero,qute
3303 537 3427 595 hac
3454 538 3627 597 absu-

113 608 525 665 consolationis
560 610 842 679 edulium,
875 627 993 683 quo
1030 621 1230 669 nostra
1259 613 1431 669 corda
1480 615 1810 684 firmantur,

109 697 386 754 omnibus
414 698 817 768 spiritualibus
846 701 1061 757 nostris
1105 701 1360 757 motibus
1405 702 1584 759 abest.
1635 703 1812 771 Quid-

112 786 256 857 quid
294 786 449 842 enim
481 787 761 845 rationale
798 796 882 845 est
914 789 1073 846 locus
1096 790 1344 860 pr0prize
1376 790 1584 846 anima:
1614 798 1720 847 est.

185 876 352 931 Vens.
386 880 439 930 7.
461 906 531 915 —
554 896 582 925 α
614 877 737 947 Ego
754 892 990 949 quoque
1011 878 1283 949 prohibui
1306 893 1339 934 a
1358 879 1524 935 vobis
1546 878 1811 948 imbrem,

116 985 142 1012 ι
177 978 312 1019 cum
368 964 563 1019 adhuc
625 973 738 1021 tres
794 980 1021 1022 menses
1082 976 1449 1037 superessent
1504 982 1692 1038 usque
1741 968 1813 1024 ad

119 1074 139 1099 ι
178 1066 456 1120 messem;
492 1060 548 1108 et
578 1053 700 1123 plui
746 1046 921 1124 super
961 1069 1142 1112 unam
1183 1056 1494 1125 civitatem,
1539 1066 1595 1113 et
1641 1071 1816 1127 super

118 1161 138 1188 ι
174 1140 417 1197 alteram
458 1156 573 1197 non
607 1142 750 1212 plui.
787 1165 809 1192 ι
847 1145 930 1200 Ac
958 1144 1006 1199 si
1039 1145 1293 1201 diceret:
1324 1144 1473 1212 Quia
1516 1153 1642 1216 post
1685 1160 1811 1202 cor-

111 1231 423 1288 rectionem
470 1246 657 1289 meam
702 1232 772 1289 ad
828 1247 919 1288 me
956 1234 1394 1290 dissimulavere
1434 1235 1666 1303 reverti,
1718 1251 1814 1304 ego

112 1336 327 1390 quoque
354 1336 389 1375 a
433 1322 586 1376 vobis
627 1322 891 1391 prohibui
934 1323 1180 1388 imbrem,
1238 1323 1603 1393 aspirationis
1650 1325 1812 1379 vide-

112 1409 244 1464 licet
296 1423 563 1479 superum
622 1411 974 1480 temperiem.
1032 1412 1104 1467 Et
1144 1411 1253 1467 hoc
1307 1427 1427 1466 cum
1474 1412 1654 1467 adhuc
1707 1419 1815 1468 tres

108 1513 316 1553 menses
364 1514 537 1567 usque
581 1500 657 1553 ad
702 1515 925 1555 messem
972 1507 1332 1571 superessent,
1368 1516 1503 1558 cum
1534 1503 1813 1558 nimirum

109 1586 306 1641 adhuc
328 1586 509 1654 initio,
548 1588 925 1661 promotione,
960 1597 1136 1659 atque
1178 1590 1524 1659 perfectione
1554 1591 1627 1647 ab
1657 1593 1813 1647 omni

109 1677 276 1731 bona:
313 1676 429 1745 spei
462 1678 890 1746 exspectatione
921 1679 1094 1734 corda
1141 1679 1441 1746 distarent,
1493 1680 1545 1735 id
1590 1688 1674 1735 est
1704 1694 1815 1735 an-

107 1772 345 1833 tequam
375 1764 506 1819 boni
538 1765 845 1835 quidpiam
886 1767 1001 1822 Deo
1043 1767 1355 1838 instigante
1403 1776 1809 1838 proponerent.

108 1831 303 1908 Solent
328 1853 481 1907 enim
523 1831 645 1908 haec
677 1831 895 1910 utiliter
922 1862 978 1911 et
1016 1831 1423 1926 dispensative-
1447 1831 1661 1912 sanctis
1700 1857 1811 1912 ali-
1853 1831 1891 1885 Β

108 1942 335 2012 quoties
367 1941 659 2009 subtrahi,
701 1956 820 1997 non
851 1957 1279 2014 usquequaque
1328 1944 1601 2015 relinqui.
1639 1946 1814 2014 Super

107 2047 276 2086 unam
314 2034 588 2085 civitatem
620 2031 772 2101 pluit
802 2046 935 2087 cum
970 2033 1249 2089 rationem
1283 2034 1353 2089 ad
1383 2047 1451 2089 ea
1493 2034 1809 2090 videndum

108 2135 243 2191 quae
271 2120 499 2191 agenda
547 2128 685 2177 sunt
715 2121 881 2191 plene
934 2121 1159 2178 imbuit.
1195 2123 1371 2192 Super
1416 2125 1647 2177 atteram
1676 2138 1812 2180 vero

105 2227 217 2265 non
270 2210 418 2280 pluit
466 2224 601 2266 cum
648 2210 924 2266 duritiam
975 2211 1379 2268 obstinationis
1435 2227 1616 2283 pravo
1672 2214 1810 2270 sub-

106 2299 268 2355 ducit
298 2297 565 2367 alfectui;
608 2298 764 2354 unde
807 2298 864 2354 iu
900 2300 1139 2355 mensali
1165 2308 1368 2357 oratur
1411 2301 1598 2357 ofﬁcio
1627 2303 1808 2373 (Dom.

106 2389 217 2453 inf.
254 2389 371 2444 Oct.
400 2386 665 2457 Epiph.),
698 2396 763 2443 ut
810 2401 943 2457 quae
996 2388 1222 2459 agenda
1270 2396 1426 2457 sunt,
1476 2388 1689 2460 inquit,
1724 2392 1808 2446 vi-

108 2476 302 2543 deant,
332 2476 418 2531 fet
487 2477 558 2530 ad
615 2476 839 2547 agenda
896 2491 1028 2546 quze
1078 2477 1327 2533 viderint
1385 2478 1807 2535 convalescant.

114 2587 134 2612 ι
165 2566 304 2621 Pars
330 2578 451 2621 una
484 2565 775 2635 compluta
814 2573 917 2632 est,
950 2571 1005 2621 et
1053 2579 1206 2635 pars,
1241 2580 1415 2636 super
1464 2581 1644 2638 quam
1692 2583 1810 2623 non

111 2675 139 2703 ι
169 2653 316 2724 plui,
350 2653 523 2709 aruit.
573 2674 595 2701 ι
647 2655 786 2707 Pars
823 2669 934 2707 una
982 2655 1339 2725 compluitur
1376 2670 1508 2711 cum
1559 2656 1813 2713 benevo-

108 2741 286 2798 lentia
324 2741 534 2798 rationi
562 2743 926 2812 attribuitur;
959 2758 1091 2812 pars
1118 2757 1251 2800 vero
1276 2744 1458 2800 altera
1488 2760 1605 2801 non
1648 2759 1810 2800 com-

109 2832 275 2901 pluta
299 2834 470 2899 aruit,
504 2845 637 2886 cum
668 2830 1082 2899 atfectualitati,
1102 2833 1277 2903 juxta
1306 2833 1667 2903 Apostolum,
1691 2848 1813 2904 per-

112 2921 280 2976 ficere
312 2934 427 2976 non
461 2919 716 2990 adjacuit
744 2920 919 2989 (Rom.
955 2935 1053 2987 vn,
1092 2923 1201 2989 i8).

181 3008 355 3065 Vnus.
388 3011 440 3064 8.
481 3039 543 3049 —
608 3031 629 3057 α
668 3009 739 3065 Et
784 3016 1075 3065 venerunt
1127 3009 1258 3065 duae
1292 3016 1348 3066 et
1407 3018 1522 3067 tres
1553 3009 1814 3066 civitates

115 3119 134 3145 ι
168 3097 239 3152 ad
263 3097 554 3154 civitatem
584 3112 763 3154 unam
795 3105 859 3153 ut
892 3098 1152 3153 biberent
1181 3113 1417 3168 aquam,
1450 3106 1506 3154 et
1536 3113 1649 3153 non
1678 3106 1813 3154 sunt

112 3186 411 3255 asatiatze;
465 3193 521 3243 et
568 3200 682 3241 non
724 3186 950 3242 redistis
997 3187 1068 3242 ad
1102 3202 1210 3255 me,
1262 3187 1398 3243 dicit
1449 3187 1810 3243 Dominus.»

111 3275 249 3329 Duae
277 3281 331 3330 et
362 3282 470 3330 tres
519 3278 766 3330 civitates
800 3276 874 3329 ad
917 3291 1084 3330 unam
1128 3276 1370 3332 veniunt
1426 3279 1700 3331 civitatem
1751 3282 1815 3332 ut

111 3379 317 3434 aquam
351 3363 579 3433 bibant,
607 3378 740 3419 cum
779 3369 881 3420 aut
913 3362 1173 3431 affectus,
1222 3371 1324 3420 aut
1366 3364 1657 3433 voluntas,
1693 3365 1815 3421 sive

110 3454 282 3509 etiam
311 3460 377 3509 ut
411 3460 525 3509 tres
560 3452 701 3508 fiant
729 3453 951 3508 ratione
990 3452 1267 3522 adjuncta
1307 3453 1379 3508 ad
1437 3452 1814 3521 intellectum,

111 3541 207 3597 cui
236 3541 465 3612 proprie
495 3540 798 3611 proprium
830 3548 914 3595 est
944 3539 1142 3595 divina
1169 3540 1402 3605 sentire,
1433 3540 1812 3612 confugiunt;

112 3637 178 3686 ut
203 3630 481 3685 nimirum
515 3629 652 3685 inibi
685 3629 1018 3685 combibant
1047 3628 1342 3699 sapientia:
1373 3630 1645 3687 salutaris
1686 3631 1814 3687 stil-

114 3718 403 3789 licidium;
445 3718 540 3774 sed
573 3733 687 3774 non
716 3718 1026 3784 satiantur,
1060 3718 1199 3787 quia
1229 3718 1301 3774 ad
1322 3718 1542 3776 nullius
1570 3719 1816 3775 efficien-

116 3808 209 3862 tiae
240 3806 711 3873 redundantiam,
741 3820 873 3877 quae
918 3814 1228 3863 aestuantes
1259 3807 1574 3878 refrigeret,
1628 3808 1812 3865 addu-

118 3903 351 3952 cuntur.

189 3983 362 4041 Vens.
384 3987 438 4039 9.
453 4015 525 4025 -—
548 4006 577 4034 «
599 3984 858 4041 Percussi
878 3998 980 4040 vos
994 3984 1053 4039 in
1064 3991 1236 4040 vento
1250 3992 1471 4053 urente,
1487 3993 1541 4041 et
1563 3986 1620 4040 in
1634 4000 1815 4043 auru-

124 4093 148 4122 ι
179 4075 309 4145 gine
341 4075 771 4131 multitudinem
806 4074 1105 4131 hortorum
1142 4082 1489 4143 vestrorum,
1523 4083 1577 4131 et
1617 4078 1815 4133 vinea-

123 4183 151 4212 »
183 4177 314 4219 rum
344 4173 694 4220 vestrarum.
732 4185 753 4212 ι
788 4166 869 4219 Ac
907 4164 989 4219 sic
1013 4164 1225 4219 diceret
1261 4177 1274 4217 :
1315 4162 1460 4230 Quia
1490 4179 1593 4219 nec
1634 4166 1715 4219 sic
1744 4166 1815 4221 ad

120 4266 211 4308 me
277 4252 503 4309 redistis
562 4255 810 4323 percussi
876 4268 970 4307 vos
1030 4258 1185 4307 vento
1233 4259 1439 4321 urente,
1484 4253 1814 4322 .desiderlo,

119 4340 331 4397 scilicet
364 4349 569 4411 praeter
602 4342 841 4397 modum
870 4349 1171 4409 aestuante,
1215 4342 1318 4412 qui
1350 4356 1466 4398 non
1497 4343 1682 4399 solum
1711 4358 1818 4400 suo

1921 631 2077 673 mere
2116 619 2346 688 dicitur,
2381 635 2553 691 quem
2590 622 2763 679 semel
2791 622 2971 679 inficit
2996 639 3111 680 non
3156 626 3442 696 deserens,
3485 638 3627 700 quot

1922 705 2095 762 habet
2124 707 2221 763 illa
2254 708 2416 778 pilos,
2452 717 2533 766 tot
2564 711 2737 767 habet
2779 721 2970 770 motus
3010 713 3133 771 haec
3160 714 3233 770 ad
3283 715 3473 773 inanis
3503 718 3624 790 glo-

1922 794 2023 851 ria:
2052 796 2463 855 distensionem
2496 813 2728 869 pravos.

1998 919 2165 976 Vsus.
2200 924 2283 977 10.
2318 952 2386 961 -
2438 940 2465 975 ι
2501 923 2626 980 Misi
2661 923 2718 979 in
2747 939 2842 980 vos
2871 934 3110 982 mortem
3142 926 3201 982 in
3232 928 3329 983 via
3364 929 3620 1000 Egypti,

1926 1028 1947 1055 ι
1985 1011 2238 1078 percussi
2269 1010 2327 1066 in
2369 1011 2561 1082 gladio
2593 1013 2841 1084 juvenes
2872 1023 3091 1071 vestros
3120 1030 3309 1087 usque
3335 1017 3410 1072 ad
3435 1018 3624 1087 capti-

1927 1117 1949 1145 ι
1982 1097 2214 1154 vitatem
2280 1114 2567 1170 equorum
2620 1109 2971 1168 vestrorum;
3041 1111 3097 1159 et
3155 1105 3463 1161 ascendere
3521 1106 3624 1162 feci

1922 1204 1950 1238 ιι
1984 1175 2359 1256 putredinem'
2377 1196 2702 1246 castrorum
2729 1198 3053 1247 vestrorum
3088 1194 3144 1247 in
3180 1205 3349 1249 nares
3379 1202 3622 1250 vestras:

1926 1293 1947 1319 ι
1978 1280 2034 1328 et
2081 1287 2196 1328 non
2256 1274 2480 1331 redistis
2534 1277 2606 1331 ad
2658 1291 2769 1345 me,
2819 1276 2955 1332 dicit
3006 1279 3305 1335 Dominus.
3344 1302 3362 1327 ι
3399 1281 3471 1334 In
3534 1284 3625 1335 via

1922 1363 2150 1431 Egypti
2166 1370 2391 1418 mortem
2422 1365 2479 1420 in
2510 1380 2606 1421 eos
2644 1365 2796 1421 Deus
2831 1366 3024 1434 mittit,
3056 1382 3190 1423 cum
3220 1368 3278 1423 in
3311 1369 3625 1425 intentione

1922 1450 2207 1519 saeculari,
2238 1452 2299 1508 in
2323 1454 2493 1524 cujus
2532 1454 2772 1509 introitu
2800 1468 2955 1510 mors
2998 1462 3082 1511 cst
3123 1456 3326 1525 posita,
3374 1458 3625 1513 scientiae

1924 1546 2131 1593 nostrae
2162 1538 2347 1595 lucem
2382 1541 2781 1597 contenebrari
2804 1543 3095 1611 permittit.
3126 1545 3353 1597 Iuvenes
3404 1552 3627 1601 nostros

1924 1640 2092 1693 usque
2129 1626 2204 1679 ad
2254 1630 2630 1697 captivitatem
2682 1645 2941 1697 equorum
2992 1629 3127 1686 inibi
3166 1632 3432 1700 percutit,
3486 1647 3619 1688 cum

1925 1713 2208 1783 quidquid
2240 1716 2345 1784 piae
2374 1717 2699 1773 vivacitatis
2725 1726 2954 1773 constat
2999 1719 3056 1774 in
3088 1720 3285 1775 anima
3335 1736 3522 1790 usque
3552 1722 3622 1777 ad

1925 1802 2419 1873 incontinentiam,
2444 1820 2564 1876 qua
2594 1807 2967 1876 captivautur
3017 1821 3283 1878 corpora,
3317 1809 3622 1865 undecun-

1920 1904 2035 1959 que
2062 1890 2342 1960 disperire
2372 1893 2525 1949 sinit.
2575 1894 2724 1964 Equi
2756 1902 2811 1950 et
2848 1894 3121 1965 jumeuta
3166 1910 3411 1966 corpora
3458 1905 3613 1966 sunt,

1920 1978 2074 2035 unde
2106 1987 2188 2036 est
2222 1995 2234 2034 :
2271 2000 2298 2032 ιι
2340 1982 2409 2037 Et
2443 1982 2712 2052 jumenta
2761 1997 2960 2039 eorum
2998 1983 3058 2039 in
3104 1993 3285 2040 morte
3334 1986 3620 2041 conclusit

1922 2067 2091 2135 (Psal.
2156 2083 2367 2136 Lxxvu,
2432 2072 2545 2141 50).
2620 2070 2972 2125 Putredinem
3054 2079 3355 2127 castrorum
3421 2086 3622 2129 eorum

1920 2158 1977 2209 in
2002 2172 2161 2211 nares
2193 2158 2451 2228 ipsorum
2481 2160 2789 2216 ascendere
2826 2159 2981 2227 facit,
3015 2176 3146 2217 cum
3181 2161 3432 2229 fetorem,
3483 2176 3623 2231 pra-

1918 2257 2171 2315 vamque
2222 2246 2548 2316 opinionem
2594 2248 2985 2318 corporalium
3043 2265 3174 2320 qua:
3234 2250 3624 2306 commiserint

1919 2332 2213 2401 vitiorum,
2262 2349 2448 2404 usque
2506 2335 2578 2390 ad
2627 2336 2842 2392 {uadum
2874 2338 2962 2393 sui
3016 2338 3270 2407 ipsorum
3342 2339 3619 2407 pudorem

1917 2422 2244 2478 redundare
2297 2424 2574 2479 concedit.
2637 2424 2837 2481 Castra
2892 2440 2995 2496 pro
3043 2428 3360 2496 corporibus
3411 2440 3623 2496 ponere

1918 2508 1978 2565 in
2007 2519 2278 2581 promptu
2306 2520 2408 2567 est.
2446 2535 2466 2562 ι
2495 2514 2898 2584 Egrediamur,
2932 2515 3143 2586 inquit,
3177 2516 3247 2571 ad
3279 2531 3412 2571 eum
3452 2525 3619 2571 extra

1918 2608 2106 2655 castra
2139 2600 2548 2671 improperiutn
2578 2604 2705 2674 ejus
2737 2611 3027 2673 portantes
3059 2607 3244 2673 (Hebr.
3275 2620 3395 2671 xm,
3437 2606 3547 2673 13).
3594 2626 3613 2652 ι

1989 2728 2138 2778 τε,
2170 2724 2341 2781 Vsus.
2389 2729 2472 2781 11.
2507 2758 2575 2767 -
2603 2748 2626 2776 ι
2672 2728 2939 2784 Subverti
2972 2742 3095 2795 vos,
3144 2729 3294 2784 sicut
3336 2727 3620 2784 subvertit

1923 2833 1945 2860 ι
1981 2812 2132 2868 Deus
2161 2813 2464 2870 Sodomam
2498 2824 2553 2872 et
2581 2816 2983 2882 Gomorrham,
3014 2825 3069 2872 et
3108 2817 3239 2871 facti
3268 2817 3400 2872 estis
3452 2816 3618 2887 quasi

1919 2919 1949 2952 ι
1982 2903 2152 2957 torris
2185 2910 2386 2971 raptus
2416 2905 2485 2960 de
2525 2905 2812 2961 incendio.
2848 2925 2877 2956 ι»
2920 2907 3075 2959 Sicut
3109 2906 3396 2960 Sodomam
3429 2910 3478 2959 et
3509 2906 3619 2961 Go-

1918 2991 2198 3044 morrham
2230 2994 2366 3046 Deus
2392 3006 2488 3048 eos
2540 2994 2843 3059 subvertit,
2893 3009 3027 3050 cum
3070 2994 3401 3063 perpetuale
3447 2994 3619 3049 silen-

1922 3078 2088 3147 tium,
2125 3080 2184 3134 in
2216 3096 2333 3150 quo
2365 3064 2597 3137 rebellio
2626 3083 2789 3137 nulla
2817 3090 2922 3148 est,
2954 3091 3157 3139 contra
3185 3083 3412 3150 vitium,
3447 3092 3501 3137 et
3526 3097 3626 3152 per

1923 3170 2117 3238 populi
2146 3170 2563 3238 cogitationum
2592 3170 2925 3226 seditionem
2958 3185 3054 3226 eos
3078 3171 3409 3227 introrsum
3449 3170 3623 3226 dimi-

1924 3257 2071 3312 nuit.
2124 3257 2369 3312 Sodoma
2408 3258 2564 3314 enim
2602 3273 2765 3328 pecus
2816 3260 3004 3326 silens,
3057 3258 3376 3315 Gomorrha
3430 3260 3625 3313 seditio

1919 3348 2115 3416 papuli
2141 3346 2374 3402 dicitur.
2402 3347 2575 3403 Fiunt
2618 3351 2781 3418 quasi
2818 3352 2982 3403 torris
3020 3354 3214 3417 raptus
3244 3349 3310 3402 de
3352 3348 3625 3416 incendio;

1925 3449 2056 3490 eum
2090 3435 2341 3490 ambusti
2376 3436 2767 3507 undecunque
2806 3436 3080 3493 vitiorum
3112 3437 3267 3507 rogis
3298 3436 3442 3491 nihil
3476 3436 3535 3491 in
3566 3450 3625 3492 se

1927 3524 2139 3580 habent
2165 3524 2379 3580 residui
2403 3525 2472 3581 de
2502 3540 2693 3593 succo,
2723 3533 2825 3581 aut
2854 3525 3068 3582 semine
3090 3526 3364 3597 genitivo.
3398 3526 3460 3581 In
3486 3525 3625 3581 torri

1924 3615 2080 3669 enim
2122 3627 2309 3683 neque
2338 3628 2566 3683 succus,
2605 3628 2793 3685 neque
2832 3629 3067 3685 germen
3113 3623 3388 3670 remanet.
3442 3617 3626 3669 Dein-

1925 3704 2113 3756 cendio
2168 3710 2361 3757 autem
2405 3705 2652 3773 rapitur,
2703 3703 2804 3773 qui
2864 3717 2979 3759 non
3035 3717 3135 3773 per
3163 3717 3286 3758 sea
3339 3703 3493 3759 vitiis
3515 3717 3627 3757 vo-

1927 3791 2181 3847 luntarie
2223 3791 2543 3859 cohibetur,
2593 3792 2689 3847 sed
2717 3791 2958 3848 alterius
3005 3791 3309 3862 disciplina
3351 3792 3629 3847 violenter

1927 3881 2306 3936 abstrahitur.
2371 3880 2485 3936 Nec
2538 3881 2787 3937 multum
2839 3881 3164 3948 fructiﬁcat,
3209 3881 3305 3936 cui
3358 3880 3627 3935 voluntas

1926 3971 2071 4026 bene
2096 3970 2367 4039 operandi
2399 3970 2664 4026 habitum
2700 3984 2773 4025 ex
2802 3970 3177 4026 delectatione
3224 3983 3341 4024 non
3374 3976 3623 4038 przestat.

1998 4078 2171 4134 Vnus.
2196 4079 2280 4145 12,
2303 4080 2386 4131 13.
2426 4108 2492 4116 -
2510 4100 2535 4125 ‹‹
2550 4077 2912 4146 Quapropter
2924 4076 3045 4132 haec
3060 4076 3261 4131 faciam
3279 4075 3402 4140 tibi,
3427 4074 3623 4130 Israel.

1931 4188 1959 4216 »
1992 4167 2303 4237 Postquam
2348 4174 2539 4223 autem
2590 4167 2712 4221 meo
2751 4166 2933 4222 fecero
2986 4165 3106 4233 tibi,
3182 4177 3509 4235 praeparare
3566 4164 3623 4218 in

1934 4277 1954 4304 ι
1991 4270 2297 4311 occursum
2334 4255 2428 4310 Dei
2452 4256 2556 4322 tui,
2581 4254 2928 4322 lsrael.Quia
2951 4269 3079 4310 ecce
3106 4254 3360 4309 formans
3383 4260 3624 4317 montes,

1929 4362 1957 4395 n
1989 4351 2044 4399 et
2081 4357 2286 4399 creans
2316 4351 2573 4411 ventum,
2605 4350 2660 4398 et
2690 4343 3051 4399 annuntians
3083 4341 3298 4397 homini
3329 4339 3626 4410 eloquium

123 4429 326 4499 spiritu
366 4430 638 4487 interiora
686 4430 988 4499 consiccet,
1032 4432 1129 4486 sed
1158 4430 1333 4487 etiam
1389 4432 1673 4487 exteriora
1735 4432 1818 4488 in-
1856 4436 1901 4491 D
1934 4454 1955 4481 ι
1992 4447 2185 4501 suum,
2244 4433 2455 4487 faciens
2511 4432 2857 4487 matutinam
2912 4430 3207 4497 nebulam,
3257 4436 3313 4485 et
3360 4428 3630 4500 gradiens

122 4516 321 4575 fuscet.
384 4519 693 4576 Multitudo
750 4521 1049 4588 hortorum,
1109 4525 1160 4575 et
1212 4522 1496 4574 vinearum
1551 4523 1821 4590 aurugine

124 4608 461 4677 percutitur,
496 4623 627 4664 cum
661 4608 946 4665 bonorum
990 4608 1384 4679 originalium,
1411 4617 1465 4665 et
1500 4610 1818 4666 actualium

122 4696 464 4767 frequentia,
497 4697 594 4753 sed
624 4705 679 4754 et
718 4698 815 4753 illa
844 4711 964 4768 qua
991 4712 1065 4753 ex
1096 4698 1210 4753 Deo
1242 4698 1580 4755 debriamur
1610 4699 1817 4755 intelli-

123 4785 313 4854 gentia
342 4785 398 4841 in
430 4786 703 4855 pallorem
734 4786 1054 4857 hypocrisis
1084 4786 1440 4853 demutatur,
1496 4788 1617 4843 haec
1664 4790 1819 4845 enim

122 4879 331 4928 natura
355 4880 440 4928 est
468 4874 800 4944 auruginis,
840 4881 904 4930 ut
953 4873 1014 4929 in
1056 4874 1303 4931 colorem
1354 4875 1728 4932 subalbidum
1761 4878 1819 4933 in

125 4960 453 5017 hominibus
482 4976 540 5018 se
572 4971 869 5018 convertat
898 4971 953 5019 et
1004 4963 1196 5020 herbis
1229 4978 1241 5018 :
1281 4985 1308 5013 ‹‹
1337 4964 1561 5020 Oliveta
1606 4974 1818 5035 vestra,

124 5067 152 5098 ιι
177 5057 231 5104 et
264 5049 425 5106 ficeta
474 5057 667 5106 vestra
707 5052 953 5107 comedit
982 5067 1194 5109 eruca:
1238 5061 1294 5109 et
1320 5068 1434 5108 non
1474 5053 1702 5109 redistis
1745 5055 1819 5111 ad

128 5158 150 5186 ι
183 5153 289 5205 me,
322 5138 459 5195 dicit
489 5140 786 5196 Dominus.
824 5162 846 5189 ι
883 5141 989 5196 Per
1017 5143 1236 5207 oliveta,
1267 5143 1438 5213 cujus
1468 5143 1691 5199 fructus
1736 5152 1821 5200 est

124 5228 365 5283 salubris
392 5236 447 5283 et
477 5227 820 5296 lucivomus,
858 5230 1264 5286 misericordia:
1312 5232 1463 5287 circa
1493 5246 1599 5287 nos
1629 5232 1822 5303 signa-

129 5320 222 5369 tur
248 5313 504 5370 affectus.
556 5316 664 5371 Per
696 5317 878 5384 ﬁceta,
912 5333 1165 5387 quorum
1214 5334 1425 5375 succus
1465 5328 1550 5376 est
1582 5320 1816 5384 lacteus,

130 5400 302 5470 pietas
355 5410 458 5471 est,
523 5417 643 5473 qua
701 5406 1080 5462 amicabiliter
1134 5407 1429 5463 enutritur
1497 5410 1816 5478 proximus.

135 5509 156 5536 ι
188 5489 468 5559 Miserere,
516 5492 726 5562 inquit,
760 5493 969 5549 animte
1017 5502 1132 5550 tute
1180 5496 1411 5565 placens
1459 5496 1574 5551 Deo
1625 5497 1820 5565 (Eccli.

131 5591 256 5629 xxx.
284 5578 393 5648 24).
430 5598 451 5626 ι
487 5577 605 5633 Nisi
637 5580 791 5636 enim
833 5580 1012 5635 nostri
1061 5580 1313 5651 primum
1360 5582 1817 5651 miserescamus,

133 5665 390 5735 proximo
436 5680 552 5723 nou
604 5668 1135 5725 condescendimns.
1192 5671 1384 5726 Eruca
1430 5670 1724 5741 hispidum
1766 5681 1822 5728 et

1934 4543 1954 4570 ι
1992 4536 2166 4592 super
2218 4520 2445 4577 excelsa
2477 4528 2662 4587 terrae,
2723 4520 3000 4575 Dominus
3060 4519 3213 4575 Deus
3264 4518 3626 4574 exercituum

1933 4630 1957 4660 ι
1998 4624 2203 4666 nomen
2234 4611 2380 4680 ejus.
2416 4628 2443 4658 ι)
2478 4609 2559 4664 Ac
2586 4608 2865 4663 sidiceret
2891 4622 2903 4662 :
2927 4607 3085 4673 Quae,
3118 4606 3326 4676 inquit,
3362 4604 3625 4675 praedixi,

1929 4714 2032 4771 pro
2088 4699 2307 4755 meritis
2361 4697 2459 4753 tibi
2516 4698 2780 4763 inferam,
2854 4707 2931 4764 at,
2998 4704 3302 4766 postquam
3358 4693 3627 4759 intulero,

1929 4790 2107 4843 Deum
2160 4786 2260 4843 tibi
2314 4799 2415 4855 per
2472 4784 2697 4855 ﬂagella
2750 4784 3158 4839 adventantem
3232 4782 3384 4837 bono
3449 4780 3625 4837 animi

1927 4884 2212 4946 apparatu
2264 4873 2512 4943 suscipe,
2564 4888 2692 4929 ecce
2739 4871 2916 4937 enim,
2975 4871 3028 4926 id
3087 4878 3172 4926 est
3208 4876 3413 4940 praesto
3454 4867 3632 4924 habes

1928 4962 2190 5033 eum'qui
2219 4962 2491 5017 informat
2520 4959 2754 5015 virtutis
2786 4959 3047 5014 ubertate
3077 4955 3497 5027 magnanimes,
3532 4955 3630 5011 sed

1928 5051 2173 5108 subinde
2204 5051 2363 5105 novit
2392 5047 2813 5114 excellentiam,
2861 5060 3038 5116 quam
3071 5045 3312 5101 indulsit
3352 5058 3453 5113 per
3501 5051 3630 5099 ten-

1927 5141 2210 5196 tationum
2246 5138 2450 5193 rellarc
2488 5137 2821 5207 vertigines,
2860 5151 2965 5191 nec
2995 5143 3187 5191 tamen
3213 5147 3247 5189 a
3286 5147 3344 5189 se
3375 5132 3632 5203 pulsatos

1929 5227 2159 5291 alienat,
2217 5226 2314 5280 sed
2374 5225 2589 5281 intima:
2646 5225 3051 5281 consolationis
3098 5222 3396 5292 eloquium
3452 5222 3534 5277 eis
3573 5219 3631 5275 in

1928 5315 2263 5372 necessitate
2294 5314 2640 5383 suppeditat,
2695 5313 2911 5369 faciens
2964 5312 3199 5383 quidem
3251 5315 3308 5366 in
3348 5310 3633 5366 matutino

1927 5405 2200 5472 nebulam,
2234 5411 2296 5459 ut
2323 5403 2639 5473 primordia
2670 5410 2865 5458 nostra
2897 5401 3250 5473 quibusdam
3283 5400 3637 5454 misceantur

1931 5495 2116 5561 malis,
2152 5493 2295 5563 quia
2332 5505 2497 5547 nemo
2527 5499 2761 5561 repente
2792 5491 2853 5546 fit
2897 5504 3180 5557 summus,
3229 5494 3450 5558 oportet
3479 5485 3637 5541 enim

1932 5591 1997 5639 ut
2024 5581 2327 5654 gradiatur
2349 5596 2512 5650 super
2539 5581 2751 5634 excelsa
2773 5585 2948 5645 terrae,
2981 5578 3258 5634 nimirum
3296 5572 3638 5644 comprimat

1932 5671 2136 5729 rudem
2202 5670 2377 5731 illam.
2436 5679 2489 5726 et
2531 5677 2786 5727 teneram
2843 5665 3239 5725 excellentiam
3292 5662 3640 5721 terrenitatis
