3956 6446
323 376 417 428 431

1227 370 1289 423 v.
1330 367 1657 424 GUIBERTI
1699 367 1988 423 seems
2025 368 2081 423 s.
2126 347 2365 422 uitali:
2402 365 2494 422 ne
2535 366 2919 423 uovrcnxro

3735 372 3840 424 43?

327 516 553 564 nostrae.
582 508 725 562 Deus
758 505 1092 560 exercituum
1117 517 1305 556 nomen
1333 501 1480 568 ejus,
1518 499 1657 570 quia
1693 505 1892 568 potens
1929 504 2013 553 est
2050 498 2096 552 Α
2128 495 2538 567 interpretatur
2593 503 2959 565 augmentum.
3015 497 3375 555 Conscientia
3425 513 3587 570 ergo,
3658 501 3844 570 cujus

329 594 524 652 ulcisci
561 592 1047 662 transgressiones
1073 589 1331 646 criminis
1356 589 1622 658 alicujus.

1002 678 1233 756 CAPUT
1275 677 1344 734 v.

402 771 573 827 Vnus.
610 773 656 823 t.
687 798 755 809 —
784 792 802 816 ι
840 767 1048 823 Audite
1093 767 1332 824 verbum
1375 765 1524 820 istud
1569 764 1724 834 quod
1759 778 1864 833 ego
1896 763 2020 818 levo

334 883 360 909 ιι
393 873 565 930 super
589 872 689 913 vos
732 857 1046 926 planctum,
1097 854 1302 910 domus
1329 853 1522 909 Israel.
1567 875 1586 901 ι
1621 853 1853 908 Verbum
1877 851 2022 920 quod

330 963 492 1017 super
519 962 616 1003 eos
665 947 812 1002 Deus
859 944 1010 1000 levat
1049 943 1334 1012 jubentur
1379 941 1600 1006 audire,
1663 955 1797 996 cum
1848 939 2022 995 intel-

333 1037 634 1093 lectualem
686 1034 889 1091 mentis
934 1031 1216 1099 ordinem,
1263 1031 1551 1102 quomodo
1598 1029 1814 1085 scilicet
1870 1029 2024 1083 Deus

334 1125 618 1190 humiliat,
651 1130 706 1178 et
748 1121 965 1192 quibus
1023 1119 1240 1176 solatiis
1281 1127 1530 1174 mentem
1575 1119 1859 1184 sublevat,
1909 1130 2024 1171 mo-

335 1222 547 1268 nentur
577 1211 903 1279 intelligere.
939 1209 1056 1264 Hoc
1083 1209 1303 1261 verbum
1329 1208 1518 1261 domus
1551 1207 1721 1262 Israel
1757 1206 2024 1276 planctus

331 1307 434 1364 est,
464 1298 604 1368 quia
651 1297 934 1361 nesciunt,
963 1296 1042 1366 {hi
1093 1295 1195 1364 qui
1233 1294 1306 1349 ad
1346 1295 1525 1349 Deum
1574 1293 1740 1363 dirigi
1796 1292 2022 1354 volunt,

337 1395 531 1443 utrum
567 1386 686 1455 ipsa
737 1384 970 1440 tentatio
1018 1383 1210 1448 ruina,
1263 1395 1336 1437 an
1390 1381 1548 1436 salus
1595 1381 1686 1436 sit.
1740 1400 1768 1431 Il
1813 1381 2025 1435 Domus

333 1497 360 1522 »ι
392 1474 560 1529 Israel
592 1473 812 1538 cecidit,
837 1485 952 1526 non
982 1471 1209 1540 adjiciet
1242 1477 1304 1526 ut
1335 1477 1616 1539 resurgat.
1654 1491 1674 1516 ι
1710 1469 1906 1537 (Vens.
1942 1469 2022 1528 2.)

337 1585 360 1613 ι
398 1563 571 1632 Virga
608 1561 780 1616 Israel
815 1559 1064 1630 projecta
1098 1565 1184 1612 est
1223 1557 1280 1612 in
1313 1564 1524 1613 terram
1559 1571 1746 1624 suam,
1798 1571 1910 1612 non
1941 1563 2025 1611 est

335 1672 362 1698 ιι
391 1651 492 1720 qui
539 1649 773 1704 suscitet
813 1661 961 1703 eam.
1013 1665 1042 1697 ιο
1089 1649 1283 1700 Domus
1334 1647 1512 1699 Israel
1552 1645 1723 1712 cadit,
1785 1657 1916 1700 cum
1957 1645 2022 1710 is,

335 1740 432 1808 qui
481 1751 616 1792 cum
657 1737 770 1791 Deo
813 1737 959 1790 inter
1000 1741 1347 1790 tentanrenta
1395 1735 1704 1804 principari
1751 1733 2026 1788 debuerat

334 1829 661 1891 subsistere,
716 1839 831 1880 non
861 1823 1076 1878 sufﬁcit
1111 1839 1122 1877 :
1157 1824 1327 1878 Israel
1379 1823 1530 1878 enim
1585 1823 1848 1892 princeps
1893 1837 2026 1878 cum

340 1918 449 1970 Deo
495 1922 598 1970 est.
642 1915 760 1969 Non
804 1912 999 1982 adjicit
1058 1919 1114 1965 ut
1161 1917 1432 1978 resurgat,
1485 1927 1617 1966 cum
1663 1925 1733 1966 ex
1798 1911 2028 1980 propria

336 2003 678 2060 lentitudine
704 2001 1039 2069 desperatus
1065 2013 1369 2070 nunquam
1401 2000 1472 2054 ad
1507 2001 1740 2054 meliora
1762 2000 2023 2068 respirat.

343 2094 508 2156 Virgo
537 2091 714 2144 Israel
742 2091 800 2143 in
851 2094 1052 2142 terram
1092 2104 1247 2142 suam
1292 2088 1612 2157 projicitur,
1643 2103 1776 2143 cum
1826 2102 2023 2144 eorum

334 2180 601 2236 sterilitas
655 2177 835 2233 animi
884 2177 990 2232 sub
1042 2177 1273 2246 propria
1323 2179 1636 2232 temeritate
1686 2176 2024 2232 demittitur.

337 2269 452 2324 Non
499 2272 576 2320 est
633 2268 730 2334 qui
777 2268 998 2318 suscitet
1053 2280 1192 2329 eam,
1261 2266 1400 2334 quia
1473 2272 1662 2320 motus
1735 2265 2030 2319 rationalis

333 2354 748 2424 exstinguitur.
792 2353 894 2421 qui
925 2351 1122 2407 talium
1166 2351 1298 2407 facit
1343 2353 1686 2407 revirescere
1731 2353 2030 2407 conscien-

336 2443 498 2499 tiam.

408 2529 580 2586 Vnus.
614 2533 663 2583 3.
697 2558 766 2568 —
794 2549 816 2576 ι
851 2527 998 2594 Quia
1049 2529 1168 2584 haec
1199 2528 1335 2584 dicit
1379 2528 1657 2584 Dominus
1686 2543 1698 2583 :
1761 2530 1926 2596 Urbs,
1960 2529 2029 2585 de

343 2641 362 2666 ι
392 2631 512 2689 qua
556 2617 1002 2687 egrediebantur
1034 2617 1204 2679 mille.
1257 2617 1662 2686 relinquentur
1693 2617 1748 2672 in
1793 2632 1858 2672 ea
1889 2631 2026 2672 cen-

338 2729 366 2754 ››
390 2715 510 2762 tum
536 2721 548 2760 :
575 2706 710 2761 etde
733 2719 851 2774 qua
871 2705 1320 2775 egrediebantur
1343 2713 1594 2769 centum,
1626 2706 2030 2774 relinquentur

342 2817 361 2842 ι
399 2794 457 2850 in
487 2808 556 2849 ea
589 2794 781 2848 decem
813 2793 870 2848 in
902 2793 1072 2848 domo
1107 2793 1297 2848 Israel.
1346 2815 1366 2841 ι
1402 2794 1480 2848 De
1511 2794 1652 2849 urbe
1680 2797 1826 2848 mille
1859 2809 2029 2865 egre-

337 2881 598 2948 diuntur,
648 2895 782 2936 cum
835 2881 912 2950 pii
970 2881 1145 2936 studii
1201 2883 1548 2936 universitas
1593 2896 1627 2936 a
1683 2882 2030 2938 conscientia

338 2971 518 3026 solida
556 2969 876 3036 derivatur,
911 2984 1043 3040 qua!
1091 2971 1386 3039 plenitudo
1415 2971 1484 3025 ad
1544 2977 1755 3025 centum
1808 2971 2028 3040 redigi-

2130 594 2248 642 tota
2280 588 2514 640 intentio
2558 586 2860 642 exterioris
2901 586 3065 642 fama;
3102 595 3416 657 augmento
3465 589 3840 654 commilitat,

2127 673 2508 742 comburitur,
2566 689 2698 730 cum
2771 675 3250 743 concupiscentiis
3299 675 3450 731 intro
3498 677 3838 737 addicitur;

2127 763 2334 818 domus
2359 763 2478 829 Dei,
2513 763 2667 833 quod
2706 771 2789 818 est
2821 763 3012 819 Bcthel
3048 778 3161 818 non
3206 777 3362 828 vera,
3393 765 3488 819 sed
3534 766 3842 836 imagina-

2130 850 2238 917 ria,
2265 850 2346 906 ita
2371 858 2435 906 ut
2456 865 2569 905 non
2609 852 2701 916 sit,
2732 851 3062 917 devoratur,
3087 852 3228 921 quia
3248 866 3284 906 a
3311 852 3502 908 fructu
3529 854 3836 923 opinionis

2131 953 2356 1008 magnae
2384 939 2668 1008 privatur.

2201 1028 2365 1083 Vens.
2417 1033 2470 1093 7,
2523 1029 2578 1083 8.
2634 1058 2702 1066 —
2749 1050 2768 1075 ι
2813 1027 2919 1094 Qui
2950 1030 3284 1085 convertitis
3332 1030 3392 1086 in
3447 1031 3835 1101 absynthium

2138 1138 2158 1163 ι
2195 1116 2503 1187 judicium,
2563 1124 2618 1171 et
2678 1116 2958 1186 justitiam
3007 1115 3065 1171 in
3111 1124 3264 1173 terra
3312 1119 3660 1190 relinquitis.
3727 1119 3838 1174 Fa-

2135 1227 2156 1252 »
2193 1204 2431 1260 cientem
2475 1206 2808 1270 Arcturum,
2859 1212 2914 1260 et
2955 1204 3243 1271 Orionem,
3295 1216 3350 1263 et
3397 1216 3836 1264 convertentem

2139 1315 2158 1340 ι
2197 1293 2254 1347 in
2313 1307 2479 1347 mane
2537 1293 2818 1356 tenebras,
2879 1301 2935 1348 et
2991 1293 3140 1348 diem
3199 1303 3364 1350 nocte
3416 1303 3769 1352 mutantem.
3808 1314 3834 1348 ι

2129 1381 2404 1436 Judicium
2433 1384 2489 1434 in
2515 1383 2865 1449 absynthium
2894 1390 3258 1450 convertunt,
3301 1384 3406 1453 qui
3434 1383 3833 1450 dulcedinem,

2134 1484 2252 1540 qua
2290 1471 2385 1525 Dei
2426 1472 2685 1526 suavitas
2729 1477 3141 1540 przegustatur,
3183 1471 3240 1526 in
3284 1473 3650 1542 temporalem
3707 1473 3840 1544 glo-

2134 1558 2442 1628 riam,qua
2473 1559 2625 1614 Deus
2669 1561 3046 1625 amaricatur,
3080 1573 3343 1628 perverso
3379 1561 3600 1632 judicio
3646 1563 3834 1618 intor-

2135 1661 2314 1716 quere
2345 1662 2457 1702 non
2495 1655 2781 1703 metuunt.
2827 1648 3193 1714 Absynthium
3222 1651 3375 1704 enim
3406 1657 3490 1704 est
3539 1650 3832 1720 quidquid

2139 1735 2497 1792 infructuoso
2526 1751 2830 1806 corporum
2863 1737 3146 1807 supplicio
3176 1738 3485 1807 qua‘situm
3518 1749 3620 1794 est.
3645 1741 3838 1793 Justi-

2140 1827 2274 1876 tiam
2303 1825 2361 1876 in
2389 1829 2533 1876 terra
2582 1825 2939 1894 relinquunt,
2975 1839 3106 1880 cum
3156 1825 3210 1880 in
3258 1827 3498 1881 terrenis
3542 1827 3836 1896 cupidita-

2141 1914 2296 1966 tibus
2339 1921 2700 1968 remanentes
2742 1927 2938 1968 veram
2975 1913 3153 1982 ipsius
3202 1914 3460 1982 justitiae,
3510 1929 3641 1983 quae
3681 1915 3835 1968 Deus

2135 2009 2242 2063 est,
2284 2001 2588 2056 essentiam
2650 2009 2953 2070 spernunt.
2999 2001 3128 2057 Haec
3158 2001 3383 2072 justitia
3429 2008 3730 2056 Arcturum
3783 2008 3834 2055 et

2140 2091 2387 2145 Orionem
2416 2089 2567 2154 facit,
2618 2103 2748 2144 cum
2791 2090 3076 2160 quidquid
3115 2091 3566 2160 praeclarissima).
3607 2092 3832 2146 sancti-

2139 2180 2271 2234 tatis
2311 2186 2367 2234 et
2419 2179 2478 2234 in
2528 2178 2778 2248 praelatis
2809 2179 3112 2248 reperitur,
3172 2188 3227 2234 et
3279 2180 3524 2235 subditis
3565 2188 3719 2235 creat
3775 2185 3830 2233 et

2137 2272 2284 2322 $83
2319 2267 2572 2322 instruit.
2606 2267 2732 2322 Non
2768 2268 2870 2323 abs
2899 2281 2958 2322 re
3006 2269 3158 2322 enim
3194 2270 3505 2324 Arcturum
3565 2268 3831 2338 praelatos

2138 2355 2424 2425 intelligas
2443 2356 2487 2410 si
2534 2356 2755 2411 bootem
2805 2370 2938 2412 cum
2986 2357 3240 2426 plaustro
3279 2357 3619 2412 consideras.
3659 2357 3828 2412 Tene-

2137 2445 2264 2498 bras
2298 2447 2356 2498 t’n
2385 2460 2542 2498 mane
2573 2447 2872 2510 convertit,
2905 2459 3036 2500 cum
3080 2445 3487 2501 obscuritatem
3540 2446 3829 2501 conscien-

2138 2533 2351 2590 tiarum
2381 2532 2438 2588 in
2469 2532 2878 2602 crepusculum
2923 2533 3290 2602 aspirationis
3327 2534 3538 2590 divinae
3584 2534 3829 2590 reducit.

2137 2623 2208 2677 At
2232 2621 2375 2675 diem
2416 2627 2564 2676 nocte
2624 2629 2828 2688 mutat,
2887 2636 3021 2677 cum
3079 2622 3436 2690 splendorem
3490 2623 3830 2692 hypocrisis,

2136 2719 2237 2767 aut
2274 2710 2330 2764 in
2371 2709 2634 2779 prtesenti
2666 2709 2928 2780 propriae
2972 2711 3278 2765 retectione
3326 2711 3599 2780 nequitiae
3649 2711 3741 2765 vel
3773 2711 3830 2764 in

2135 2797 2333 2854 futuro
2375 2805 2649 2868 perpetua
2701 2800 2952 2853 caecitate
3004 2799 3367 2854 condemnat.
3433 2823 3452 2847 ι
3511 2799 3617 2866 Qui
3661 2807 3832 2855 vocat

2139 2905 2166 2937 ι)
2199 2899 2386 2955 aquas
2415 2887 2608 2952 maris,
2640 2893 2694 2941 et
2741 2885 2984 2942 effundit
3030 2901 3127 2942 eas
3160 2901 3338 2956 super
3387 2886 3584 2943 faciem
3641 2896 3832 2950 terrae,

2143 2993 2168 3026 υ
2203 2974 2483 3029 Dominus
2511 2987 2720 3030 nomen
2752 2975 2898 3043 ejus.
2933 2996 2954 3022 ι
2988 2976 3186 3044 Aquas
3227 2979 3400 3030 maris
3433 2985 3595 3030 vocat
3623 2977 3730 3046 qui
3764 2977 3834 3030 ad

339 3068 454 3122 tur,
487 3056 625 3112 dum
659 3064 875 3112 remota
911 3057 1199 3126 spirituali
1234 3058 1616 3113 exuberantia
1663 3059 1730 3114 ad
1764 3067 2027 3123 externa,
2069 3087 2110 3142 ρ
2138 3061 2228 3120 sui
2259 3075 2511 3118 amorem
2565 3076 2759 3118 errore
2821 3063 3131 3129 fluitantia,
3165 3071 3221 3118 et
3276 3064 3516 3120 internis
3572 3065 3831 3134 pestibus

336 3151 390 3200 et
417 3152 477 3200 ut
507 3144 586 3200 ita
613 3143 877 3209 dixerim,
913 3144 1160 3212 publicas
1195 3143 1574 3199 humanitatis
1599 3145 1746 3200 bona
1784 3145 2028 3200 restrin-

337 3232 512 3302 gitur.
553 3231 929 3288 Centenarius
967 3233 1120 3287 enim
1163 3231 1465 3286 millenarii
1498 3246 1632 3302 pars
1663 3240 1746 3287 est
1783 3234 2025 3299 decima,

335 3329 390 3378 et
445 3321 612 3376 homo
674 3319 932 3375 decimus
997 3319 1056 3374 in
1117 3319 1382 3376 rationali
1447 3328 1732 3375 creatura.
1785 3320 2025 3378 Centum

335 3424 566 3480 quoque
593 3415 984 3464 extenuantur
1014 3408 1072 3462 in
1099 3408 1312 3474 decem,
1342 3409 1578 3476 quando
1605 3409 1776 3463 etiam
1805 3409 2028 3478 abjecto

336 3501 458 3567 ipso
487 3497 778 3552 communi
805 3510 874 3550 ac
906 3495 1156 3550 naturali
1191 3495 1356 3561 bono,
1390 3495 1459 3550 ad
1486 3509 1692 3564 puram
1723 3496 2030 3566 deponitur

334 3583 721 3642 sensualitatis
761 3582 1191 3638 hebetudinem.
1240 3583 1817 3654 Denariuslnamque
1850 3585 1904 3640 id
1936 3585 2026 3640 iu-

337 3687 516 3730 nuere
564 3671 878 3732 invenitur,
942 3669 1086 3740 quia
1127 3669 1388 3726 videlicet
1432 3671 1546 3740 ipse
1602 3673 1910 3741 quinarius
1967 3677 2024 3729 in

337 3759 596 3817 interiori
641 3767 694 3814 et
719 3757 990 3814 exteriori
1038 3758 1404 3814 sensualitate
1455 3761 1803 3828 geminatur.
1871 3763 2028 3820 Unde

338 3849 570 3905 cuidam
611 3848 754 3903 lucri
804 3847 894 3901 sui
925 3847 1111 3916 gratia
1138 3847 1458 3903 dominium
1497 3862 1672 3918 super
1724 3849 1918 3906 decem
1955 3851 2029 3906 ci-

341 3939 544 3992 vitates
571 3935 911 3992 attribuitur
942 3937 1088 4002 (Luc.
1112 3949 1234 4002 XIX,
1271 3939 1378 4002 l7).

413 4025 582 4082 Vsus.
625 4024 678 4090 4,
713 4025 764 4077 5.
795 4051 868 4064 -
912 4045 931 4070 ι
969 4022 1217 4088 Quaerite
1251 4037 1340 4079 me
1368 4033 1424 4079 et
1471 4025 1696 4080 vivetis.
1738 4027 1805 4081 Et
1857 4027 2028 4082 nolite

347 4140 364 4163 ι
403 4129 665 4186 quaerere
720 4114 932 4180 Bethel,
992 4121 1046 4168 et
1095 4111 1156 4166 in
1211 4111 1506 4182 Galgalam
1574 4113 1746 4169 nolite
1789 4115 2025 4181 intrare,

347 4226 364 4250 ιι
396 4211 450 4259 et
505 4203 564 4258 iu
598 4202 870 4258 Bersabee
902 4215 1016 4256 non
1085 4200 1421 4268 transibitis,
1479 4201 1620 4271 quia
1674 4202 1910 4273 Galgala
1942 4218 2024 4258 ca-

347 4312 365 4336 ι
400 4291 557 4360 ptiva
587 4291 850 4355 ducetur,
906 4296 960 4343 et
1009 4287 1200 4343 Bethel
1248 4289 1355 4344 erit
1399 4289 1638 4345 inutilis.
1689 4312 1714 4336 η
1761 4291 1918 4356 Quod
1947 4301 2030 4347 est

333 4379 568 4445 dicere:
602 4378 655 4434 Si
688 4393 807 4441 Vos,
859 4377 958 4448 qui
1007 4377 1079 4432 ad
1113 4377 1293 4433 Deum
1332 4378 1500 4446 dirigi
1541 4393 1722 4448 opera-
1780 4382 2026 4449 pretium

341 4466 624 4522 :estimare
679 4467 1026 4533 debueratis,
1080 4480 1166 4521 me
1223 4469 1574 4536 quaereretis,
1610 4469 1779 4522 vitale
1830 4471 2027 4538 procul

341 4553 517 4610 dubio
547 4554 837 4624 saperetis.
889 4555 1062 4610 Porro
1085 4555 1224 4625 quia
1255 4557 1444 4610 domus
1486 4557 1588 4609 Dei
1637 4557 1814 4611 videri
1853 4558 2029 4628 hypo-

340 4641 497 4697 critis
561 4643 1007 4712 praesumptione
1067 4644 1304 4714 gestitis,
1354 4652 1408 4698 et
1465 4643 1610 4698 clam
1669 4645 2032 4701 involvimini

340 4730 611 4787 vitiorum
668 4731 1007 4800 volutabris,
1058 4741 1112 4788 et
1154 4733 1226 4787 ad
1266 4741 1503 4801 puteum
1555 4732 1883 4802 septimum,
1930 4735 2031 4805 qui

337 4829 419 4876 est
448 4821 728 4886 Bersabee,
777 4821 865 4875 vel
896 4822 1067 4876 etiam
1121 4830 1361 4890 puteum
1410 4823 1708 4888 satietatis,
1750 4822 1907 4891 quod
1953 4831 2036 4878 est

343 4908 720 4964 humanitatis
774 4923 1008 4980 vorago,
1053 4925 1184 4980 qua!
1225 4908 1598 4978 quaternario
1639 4911 1932 4974 exteriori.
1980 4921 2034 4968 et

346 4995 608 5052 interiori
639 4999 892 5052 ternario
929 5005 1174 5063 constat,
1227 4997 1430 5051 misera
1465 5011 1563 5052 vos
1609 4997 1882 5054 aviditate
1928 5000 2037 5056 im-

341 5085 616 5155 mergitis,
667 5086 860 5140 sciatis
921 5085 1156 5141 indubie
1217 5083 1356 5154 quia
1408 5085 1776 5142 clandeSLinze
1834 5097 2034 5145 vestra:

340 5173 534 5230 sordes
571 5175 940 5244 deprehensae
977 5174 1266 5228 ducentur
1307 5172 1362 5227 in
1414 5173 1726 5243 publicum,
1785 5185 1840 5232 et
1893 5177 2034 5234 illud

342 5260 464 5328 Dei,
495 5265 649 5334 quod
691 5277 793 5318 vos
833 5277 954 5318 esse
981 5259 1268 5317 simulatis
1319 5260 1374 5315 in
1406 5263 1566 5318 nullo
1595 5261 1754 5319 vobis
1785 5267 2036 5334 proderit

343 5351 644 5422 templum.
1967 5362 1976 5371 '

413 5438 583 5496 Vnus.
618 5443 670 5494 6.
703 5470 772 5478 —
822 5461 842 5487 ι
894 5436 1140 5504 Quaerite
1197 5437 1528 5505 Dominum,
1589 5449 1644 5496 et
1693 5441 1917 5497 vivite:
1966 5456 2038 5496 ne

347 5545 370 5574 ›
403 5524 546 5584 forte
576 5527 1002 5585 comburantur
1028 5533 1090 5582 ut
1115 5524 1265 5595 ignis
1287 5525 1492 5582 domus
1517 5528 1749 5599 Ioseph.
1781 5539 1836 5586 et
1865 5530 2036 5586 devo-

343 5631 370 5662 ›
404 5615 572 5683 rabit,
603 5625 656 5672 et
691 5629 808 5670 non
850 5611 959 5668 erit
990 5614 1090 5684 qui
1127 5611 1459 5683 exstinguat
1501 5617 1714 5674 Bethel.
1752 5637 1780 5669 ι»
1829 5617 2034 5688 Ioseph

2136 3151 2474 3217 amaricata,
2509 3150 2604 3206 sed
2637 3158 2692 3206 et
2739 3151 3052 3220 cupiditate
3099 3151 3433 3221 inexplebili
3478 3153 3627 3208 salsa
3653 3154 3832 3209 corda

2135 3239 2428 3294 contrahit
2456 3247 2511 3295 et
2547 3239 2752 3295 elevat.
2803 3242 2979 3309 Super
2997 3243 3195 3305 faciem
3241 3247 3396 3296 terra:
3425 3256 3516 3295 eas
3555 3241 3829 3308 eilundit,

2136 3342 2270 3384 cum
2310 3329 2381 3382 ad
2437 3327 2950 3384 considerationem
3005 3343 3124 3384 suae
3166 3329 3373 3384 veteris
3418 3329 3835 3428 delinquentis:

2136 3429 2336 3471 eorum
2397 3416 2904 3485 contemplationes
2943 3416 3220 3472 extendit.
3274 3417 3449 3472 Terra
3505 3416 3660 3474 enim
3725 3433 3830 3489 pro

2134 3510 2411 3572 peccatore
2447 3505 2706 3573 ponitur,
2757 3512 2820 3559 ut
2875 3512 3004 3561 est:
3057 3526 3076 3552 ι
3130 3505 3305 3560 Terra
3353 3519 3448 3575 es;
3487 3525 3511 3554 ι
3571 3509 3831 3561 Dominus

2137 3592 2253 3662 ejus
2283 3607 2473 3646 nomen
2500 3601 2604 3657 est,
2649 3593 2750 3662 qui
2781 3592 2942 3648 aliud
2985 3607 3089 3648 vas
3129 3594 3186 3648 in
3217 3593 3512 3661 honorem,
3547 3595 3710 3651 aliud
3775 3597 3832 3651 in

2137 3679 2542 3736 contumeliam
2576 3681 2760 3737 facere
2787 3689 2964 3750 potest
2995 3681 3168 3752 (Rom.
3203 3695 3280 3747 ιχ,
3312 3684 3421 3751 2t).

2213 3771 2378 3826 Vsus.
2412 3771 2467 3826 9.
2511 3799 2584 3812 —
2636 3793 2656 3819 ι
2705 3770 2814 3838 Qui
2862 3771 3122 3828 subridet
3167 3774 3490 3828 vastitatem
3531 3787 3712 3842 super
3737 3788 3835 3829 ro—

2145 3881 2164 3904 »
2205 3858 2461 3924 bustum,
2523 3866 2578 3914 et
2628 3859 3128 3928 depopulationem
3182 3875 3356 3930 super
3412 3869 3698 3930 potentem
3765 3861 3840 3916 af-

2146 3969 2164 3994 »
2206 3946 2329 4002 fert.
2371 3968 2391 3993 ι
2435 3949 2614 4015 Super
2655 3949 2938 4003 robustum
2995 3953 3306 4004 vastitatem
3364 3949 3644 4016 subridet,
3703 3964 3836 4006 cum

2139 4050 2274 4090 eum
2301 4035 2405 4104 qui
2450 4035 2691 4092 internae
2739 4037 2845 4091 sibi
2897 4037 3246 4114 fortitudinis
3289 4037 3530 4103 gloriam
3577 4045 3835 4109 arrogat,

2141 4123 2212 4178 ad
2273 4123 2593 4194 propatulae
2657 4125 3022 4181 desolationis
3070 4125 3364 4181 infamiam
3424 4130 3833 4183 universorum

2142 4211 2441 4267 cachinnis
2467 4213 2808 4282 exponendo
2838 4213 3104 4268 declarat.
3159 4214 3642 4282 Depopulationem
3671 4230 3834 4284 super

2139 4306 2405 4370 potentem
2465 4299 2649 4370 affert,
2729 4315 2861 4357 cum
2931 4302 3250 4367 interiores,
3311 4316 3459 4372 quas
3511 4317 3570 4358 se
3621 4302 3836 4358 habere

2072 4389 2113 4440 D
2145 4387 2382 4444 simulat
2433 4389 2718 4457 virtutum
2775 4390 2986 4460 copias,
3046 4391 3115 4445 ad
3163 4394 3505 4446 exteriorem
3552 4392 3833 4461 impoten-

2144 4477 2301 4542 tiam,
2329 4484 2384 4532 et
2417 4477 2538 4532 vitii
2569 4478 2833 4533 inertiam
2861 4479 3170 4549 redigendo
3201 4479 3408 4550 deplet.

2216 4563 2384 4619 νεεδ.
2448 4567 2532 4618 10.
2567 4594 2634 4607 -
2683 4584 2712 4617 ii
2760 4566 2901 4622 Odio
2946 4567 3278 4623 habuerunt
3335 4567 3392 4624 in
3452 4578 3613 4638 porta
3662 4568 3834 4625 corri-

2149 4673 2168 4698 »
2206 4652 2474 4720 pientem,
2512 4661 2567 4708 et
2615 4653 2942 4723 loquentem
2979 4653 3220 4724 perfecte
3265 4655 3579 4711 abominati
3612 4664 3769 4712 sunt.
3811 4676 3828 4698 -

2145 4741 2208 4794 In
2255 4745 2422 4808 porta
2465 4742 2718 4811 corripit,
2775 4743 2877 4812 qui
2925 4743 3283 4812 judicialiter
3353 4745 3686 4814 quempiam
3751 4759 3834 4798 co-

2145 4828 2356 4896 arguit.
2424 4831 2486 4882 In
2543 4835 2706 4900 porta
2758 4829 2910 4884 enim
2966 4830 3292 4900 antiquitus
3347 4832 3603 4888 exerceri
3653 4835 3832 4888 solere

2137 4914 2356 4985 judicia
2409 4931 2522 4972 non
2577 4917 3040 4975 neminicertum
3073 4927 3176 4974 est.
3233 4919 3374 4976 Odio
3426 4935 3562 4992 ergo
3620 4921 3831 4988 habent

2144 5007 2202 5058 in
2227 5011 2388 5072 porta
2413 5007 2810 5074 corripientem,
2839 5005 2942 5078 qui
2997 5022 3149 5077 mgre
3209 5008 3400 5065 ferunt
3447 5023 3562 5064 non
3619 5023 3694 5065 ex
3758 5016 3831 5063 te-

2145 5092 2426 5157 meritate,
2486 5095 2582 5148 sed
2633 5109 2704 5150 ex
2769 5096 3007 5152 veritate
3074 5106 3425 5154 causantem.
3473 5100 3719 5164 Per/cete
3766 5099 3834 5150 lo-

2146 5187 2391 5251 quentem
2428 5183 2860 5251 abominantur,
2913 5201 3047 5244 cum
3106 5188 3354 5244 aliorum
3410 5189 3708 5246 lenociniis
3755 5200 3834 5243 as-

2146 5271 2316 5338 sueti,
2361 5285 2476 5337 eos,
2527 5273 2628 5342 qui
2669 5274 2887 5330 sincere
2933 5289 3040 5331 sua
3065 5276 3208 5333 vitia
3263 5277 3608 5348 corripiunt,
3670 5289 3831 5333 exse-

2146 5365 2407 5412 crantur.

2219 5444 2412 5514 (Vnus.
2461 5448 2572 5518 11.)
2612 5479 2680 5486 -
2707 5467 2734 5498 α
2796 5449 3032 5516 Idcirco,
3084 5464 3187 5520 pro
3213 5466 3278 5507 eo
3303 5453 3456 5523 quod
3485 5451 3832 5524 diripiebatis

2151 5553 2174 5582 ιι
2212 5546 2520 5604 pauperem
2574 5543 2631 5591 et
2690 5537 2942 5606 praedam
3003 5539 3239 5596 electam
3297 5541 3578 5598 tollebatis
3633 5543 3710 5599 ab
3751 5554 3828 5603 eo.

2152 5639 2174 5668 ι
2209 5621 2410 5677 domos
2457 5623 2680 5693 quadro
2728 5623 2914 5693 lapide
2967 5626 3328 5683 tediticabitis
3364 5636 3418 5684 et
3461 5643 3578 5684 non
3625 5629 3831 5686 habita-
