3956 6402
88 391 199 445 433

95 548 116 571 ι
157 524 295 581 bitis
355 525 413 581 in
476 526 571 582 eis.
642 549 660 573 ι

93 613 412 670 intentione
460 614 795 685 quempiam
839 615 1077 685 dissipat
1139 623 1193 671 et
1241 616 1496 671 abducit.
1557 617 1805 672 Prwdam

92 704 319 757 electam
356 704 425 757 ab
471 721 528 758 eo
570 704 745 771 tollit,
798 704 900 775 qui
942 704 1100 775 quod
1132 705 1438 774 pretiosius
1483 712 1537 760 et
1565 705 1804 761 electius

96 791 156 846 in
218 791 449 848 homine
502 800 605 859 est,
667 792 996 863 spiritualia
1064 793 1266 864 utique
1326 793 1474 849 bona
1525 792 1805 862 lperversa

91 880 493 937 dehortatioue
539 881 841 937 subvertit.
906 884 1091 936 Domus
1149 882 1366 951 quadra
1399 882 1585 950 lapide
1615 882 1801 936 aedili-

95 976 252 1035 cant,
296 984 427 1026 cum
478 970 795 1027 virtutibus
842 970 1193 1026 immutilata
1244 971 1409 1040 quasi
1466 971 1804 1025 auctoritate

96 1059 502 1115 constantibus
576 1059 957 1115 conscientias
1024 1072 1159 1115 suas
1231 1058 1484 1114 eminere
1560 1061 1803 1114 demon-

97 1154 313 1213 strant;
370 1148 466 1204 sed
520 1150 577 1202 in
631 1150 706 1202 eis
762 1164 869 1202 non
925 1147 1204 1213 habitant,
1276 1146 1415 1218 quia
1483 1148 1540 1202 in
1600 1162 1802 1203 earum

96 1235 374 1303 dominio,
442 1239 553 1291 Deo
617 1250 816 1292 eorum
887 1236 1026 1292 vitia
1080 1236 1385 1300 revelante,
1450 1236 1619 1291 nimis
1676 1249 1799 1305 per-

99 1324 386 1380 functorie
414 1332 802 1394 perseverant.

175 1413 345 1469 Vens.
401 1416 482 1467 12.
529 1442 589 1455 —-
630 1435 650 1461 ε
701 1413 913 1470 Vincas
970 1413 1398 1469 amantissimas
1447 1413 1799 1484 plantabitis,

104 1526 123 1547 ιο
160 1509 216 1555 et
248 1516 363 1556 non
406 1502 612 1557 bibetis
647 1501 845 1557 viuum
882 1515 1104 1569 earum,
1139 1502 1281 1572 quia
1327 1502 1571 1571 cognovi
1622 1503 1805 1558 multa

99 1611 120 1637 ι
185 1590 403 1645 scelera
443 1599 654 1657 vestra,
696 1598 751 1646 et
798 1590 965 1646 fortia
1007 1598 1236 1660 peccata
1285 1598 1493 1646 vestra.
1534 1612 1554 1638 »
1612 1593 1801 1645 Vincas

91 1677 507 1729 amantissimas
559 1675 840 1745 plantam,
881 1689 1015 1731 cum
1058 1675 1385 1745 spiritualia
1433 1676 1585 1731 bona
1620 1676 1801 1730 mira-

92 1762 192 1819 bili
272 1762 589 1829 alacritate,
655 1771 712 1818 et
779 1763 963 1819 multa
1026 1764 1347 1819 videntium
1414 1764 1801 1834 gratulatione

96 1860 443 1922 propagant.
502 1852 608 1908 Sed
673 1856 863 1907 vinum
924 1868 1110 1907 earum
1174 1868 1280 1907 non
1351 1852 1581 1919 bibunt,
1656 1852 1794 1908 dum

94 1940 263 1995 nulla
317 1940 637 2009 spiritualis
667 1941 945 1997 mercedis
974 1941 1247 1997 exteriori
1310 1940 1513 1997 intenti
1554 1942 1804 1997 retribu-

94 2027 253 2084 tione
302 2042 421 2084 sese
469 2028 755 2086 reficiunt.
805 2032 990 2085 Multa
1027 2033 1229 2086 scelera
1256 2044 1461 2088 eorum
1490 2032 1800 2102 cognoscit,

94 2123 258 2173 tanto
314 2118 595 2174 nimirum
647 2118 835 2189 plura,
898 2127 1117 2190 quanto
1180 2120 1517 2183 occultiora,
1576 2128 1631 2175 et
1687 2134 1803 2189 quo

92 2206 434 2272 occultiora,
477 2223 542 2263 eo
587 2207 1089 2280 incorrigibiliora.
1142 2211 1372 2263 Peccata
1416 2223 1616 2265 eorum
1670 2216 1804 2264 sunt

92 2297 275 2361 fortia
303 2297 444 2366 quia
489 2296 817 2366 spiritualia
867 2297 1143 2353 nimirum
1192 2297 1341 2353 sicut
1386 2297 1443 2352 in
1494 2297 1655 2353 nullo
1693 2312 1805 2366 pu—

93 2384 245 2453 dori,
308 2385 383 2441 ita
431 2392 485 2442 et
528 2385 866 2441 correctioni
915 2385 1257 2456 neutiquam
1304 2385 1576 2456 patentia.
1618 2409 1637 2433 -
1686 2386 1803 2440 Ho-

104 2495 121 2517 ι
158 2479 273 2528 stes
297 2473 440 2544 justi
490 2472 835 2542 accipientes
866 2488 1081 2529 munus
1109 2480 1163 2529 et
1194 2488 1477 2543 pauperes
1528 2473 1585 2528 in
1640 2481 1802 2542 porta

102 2583 121 2607 -
159 2562 566 2630 deprimentes.
606 2584 626 2607 υ
678 2564 869 2617 Hostes
901 2564 1064 2631 justi,
1106 2562 1168 2615 id
1212 2567 1289 2616 est
1342 2562 1582 2632 justitize
1635 2570 1798 2628 sunt,

97 2650 244 2719 quia
288 2664 509 2705 munus
550 2664 585 2705 a
615 2650 818 2705 ditiore
862 2650 1153 2720 accipiunt
1193 2659 1249 2707 et
1278 2651 1489 2707 idcirco
1533 2666 1803 2722 pauperes

97 2743 155 2792 in
177 2744 365 2808 porta,
400 2738 456 2794 id
494 2746 579 2795 est
603 2739 825 2809 judicio
856 2739 1210 2808 deprimunt.

167 2827 341 2884 Vens.
382 2831 466 2884 13.
499 2857 568 2867 —
602 2849 623 2876 ‹
660 2828 789 2883 Ideo
835 2828 1090 2896 prudens
1122 2829 1179 2884 in
1213 2835 1466 2899 tempore
1504 2828 1599 2885 illo
1646 2838 1804 2885 tace-

102 2940 120 2963 »
161 2916 268 2984 bit,
317 2916 457 2987 quia
501 2924 728 2987 tempus
777 2917 994 2973 malum
1046 2925 1150 2973 est.
1199 2942 1218 2966 ι
1269 2918 1515 2974 Prudens
1565 2922 1620 2973 in
1670 2924 1800 2973 tem-

91 3022 227 3075 pore
256 3006 350 3059 illo
397 3013 579 3061 tacere
613 3005 872 3077 jubetur,
907 3006 1049 3077 quia
1098 3006 1157 3062 in
1206 3007 1479 3063 salicibus
1528 3007 1587 3062 in
1619 3007 1804 3063 medio

97 3094 413 3164 Babylonis
460 3094 845 3163 dispensative
874 3108 1097 3165 organa
1126 3094 1567 3165 suspenduntur
1618 3095 1797 3165 (Psal.
1846 3103 1886 3157 (ζ
1917 3097 2268 3168 pervalidus.
2338 3095 2519 3163 Quem
2611 3094 2857 3150 subinde

97 3198 339 3251 cxxxvx,
395 3184 471 3252 2).
536 3184 788 3252 Tempus
855 3183 1073 3240 malum
1121 3193 1225 3251 est,
1279 3198 1395 3239 non
1451 3183 1591 3239 illud
1650 3185 1804 3255 quod

100 3273 366 3339 Domino,
436 3281 491 3329 et
558 3272 834 3328 membris
898 3273 1026 3343 ejus
1072 3273 1331 3328 nondum
1387 3272 1638 3337 advenit,
1707 3274 1801 3329 sed

96 3362 258 3431 quod
290 3360 547 3431 reprobis
571 3375 797 3430 semper
826 3368 1094 3430 paratum
1124 3369 1207 3416 est
1236 3362 1419 3431 (Joan.
1454 3376 1547 3427 vn,
1579 3362 1658 3431 6).

171 3450 347 3506 Vens.
413 3451 497 3504 14.
557 3478 627 3490 -
692 3448 941 3515 Quaerite
1006 3450 1222 3505 bonum
1285 3458 1342 3505 et
1408 3463 1524 3505 non
1584 3449 1800 3506 malum

106 3562 125 3584 ι
171 3546 237 3596 ut
266 3538 519 3608 vivatis;
572 3546 627 3593 et
678 3538 789 3593 erit
848 3537 1129 3593 Dominus
1180 3538 1544 3594 exercituum
1600 3539 1799 3595 vobis—

106 3650 127 3674 »
164 3642 299 3683 cum
323 3628 471 3683 sicut
502 3627 741 3683 dixistis.
781 3649 801 3675 ι
829 3631 905 3683 Ac
934 3627 981 3682 si
1007 3627 1221 3683 diceret
1256 3643 1267 3681 :
1295 3628 1409 3684 Vos
1436 3628 1599 3684 vobis
1622 3629 1801 3683 Deum

94 3715 151 3770 in
184 3714 348 3771 vobis
406 3715 667 3772 habitare
722 3714 1030 3781 ascribitis,
1098 3716 1251 3785 quod
1316 3717 1437 3787 jam
1494 3716 1551 3770 in
1614 3718 1804 3786 tigura

101 3804 290 3860 Betbel
322 3804 583 3870 audistis,
636 3804 733 3859 sed
785 3804 838 3859 id
887 3804 1050 3860 falso.
1106 3806 1178 3860 At
1224 3818 1360 3860 vero
1400 3805 1643 3875 quaerite
1699 3806 1802 3861 bo-

99 3907 261 3960 num,
294 3901 491 3949 etnon
534 3892 750 3948 malum
784 3893 832 3948 si
882 3893 1079 3949 vivere
1110 3894 1308 3961 vultis,
1368 3901 1422 3949 et
1482 3902 1622 3950 tunc
1673 3909 1804 3950 vere

102 3982 252 4038 Deus
304 3996 419 4037 non
467 3982 651 4038 aberit
715 3982 891 4037 vobis.
928 3982 1121 4051 (Vsus.
1184 3983 1287 4053 15.)
1348 3983 1612 4039 0dientes
1664 3998 1803 4053 ergo

101 4072 304 4125 malum
339 4071 567 4127 lumbos
597 4071 1031 4140 praecingentes,
1076 4071 1296 4144 diligite
1332 4073 1567 4137 bonum,
1613 4073 1803 4129 lucer-

103 4173 206 4214 nas
235 4166 515 4225 tenentes,
566 4163 623 4213 in
670 4166 852 4228 porta,
888 4160 942 4215 id
1000 4168 1086 4216 est
1136 4160 1192 4215 in
1224 4160 1386 4216 aditu
1441 4160 1804 4231 cogitationis

99 4249 373 4317 judicium
429 4248 776 4303 discretionis
822 4251 1068 4315 statuite,
1128 4251 1179 4304 si
1226 4251 1368 4315 forte
1427 4250 1655 4318 reliquis
1720 4251 1805 4304 Jo-

106 4338 236 4405 seph
268 4340 406 4392 Deus
436 4340 777 4403 misereatur,
833 4337 888 4393 id
934 4344 1018 4393 est
1070 4337 1115 4393 si
1169 4338 1342 4394 alicui
1396 4338 1560 4394 bona;
1612 4339 1802 4394 inten-

810 389 1265 447 TROPOLOGL'E
1304 392 1367 447 ΙΝ
1408 392 1609 460 OSEE,
1648 391 1773 449 ΑΜ(

1997 391 2144 447 JER.
2176 419 2235 431 -
2266 391 2401 446 LIB.
2453 390 2541 447 IV.
2586 392 2656 448 lN
2697 391 2902 448 AMOS.

3511 395 3613 448 434

732 528 1027 595 Pattperem
1088 526 1305 597 diripit,
1377 528 1477 597 qui
1547 542 1579 582 a
1650 528 1800 582 bona
1840 529 2045 584 Acum
2079 538 2191 584 non
2224 527 2411 584 solum
2447 526 2504 582 in
2562 526 2683 597 ipsa
2725 526 2944 583 enormi
3004 526 3333 583 dilatatione
3389 527 3611 584 animo-

1914 631 2069 680 rum,
2105 630 2237 684 quae
2264 617 2531 687 signatur
2567 617 2797 671 nomine
2847 615 3189 685 platearum,
3225 615 3321 671 sed
3368 615 3427 671 in
3456 616 3613 672 omni

1915 704 2196 760 lorinseca
2264 704 2766 761 administratione
2838 704 3072 761 miseria
3126 704 3443 761 accersitur
3499 706 3613 773 (vel

1914 793 2374 863 congeminatur)
2451 792 2779 850 animarum
2842 800 2897 849 et
2965 808 3291 864 corporum.
3352 794 3616 865 Agricola

1915 883 1989 937 ad
2037 884 2236 937 luctum
2283 889 2542 948 vocatur,
2601 897 2736 939 cum
2794 882 3037 952 quilibet
3093 882 3451 953 praedicator,
3519 885 3613 939 cui

1916 972 2196 1027 mentium
2238 972 2429 1027 votiva
2457 971 2689 1027 cultura
2714 971 3091 1042 dignoscitur.
3126 972 3253 1027 dira
3294 986 3467 1041 super
3509 971 3615 1028 ob-

1915 1061 2154 1117 duratos
2200 1060 2591 1131 compassione
2639 1068 2923 1117 movetur.
2976 1059 3086 1126 Qui
3136 1063 3313 1115 sciunt
3358 1061 3616 1131 plangere

1916 1158 2197 1206 vocantur
2226 1151 2302 1204 ad
2331 1151 2630 1218 planctum,
2664 1165 2797 1206 cum
2830 1150 2910 1216 hi,
2943 1150 3157 1220 quibus
3202 1163 3237 1204 a
3277 1150 3390 1206 Deo
3435 1150 3616 1221 pietas

1914 1246 1997 1295 est
2029 1239 2221 1305 insita,
2275 1240 2346 1294 ad
2404 1238 2658 1294 alienum
2717 1237 3120 1293 miserabiliter
3174 1237 3616 1307 illacrymantur

1912 1327 2178 1383 exitium.
2235 1328 2300 1381 In
2356 1328 2462 1381 viis
2512 1340 2747 1395 quoque
2793 1333 2876 1380 est
2927 1326 3200 1395 planctus,
3262 1327 3319 1378 in
3369 1324 3615 1378 omnibus

1915 1415 2191 1471 nimirum
2240 1414 2343 1485 qui
2389 1414 2531 1470 alios
2577 1414 2857 1484 exemplis
2904 1421 3123 1469 norunt
3190 1413 3421 1469 erudire
3461 1412 3613 1468 vita-

1912 1502 2083 1558 libus.
2122 1502 2272 1557 Deus
2317 1504 2375 1555 in
2409 1504 2582 1556 medio
2628 1516 2830 1558 eorum
2889 1501 3214 1570 pertransit,
3254 1514 3388 1556 cum
3440 1514 3511 1556 ne
3544 1499 3613 1554 ad

1914 1592 2202 1646 modicum
2235 1592 2468 1660 quidem
2503 1590 2561 1645 in
2600 1590 2780 1645 ullius
2802 1604 3003 1645 eorum
3035 1590 3204 1645 corde
3233 1588 3506 1644 substitit.

1987 1680 2155 1736 Vens.
2224 1682 2305 1733 18.
2367 1710 2434 1718 —-
2498 1683 2647 1733 084
2713 1700 2732 1726 ι
2788 1678 2889 1734 Vae
2948 1677 3407 1734 desiderantibus
3463 1676 3613 1732 diem

1920 1791 1939 1816 ι
1978 1767 2222 1834 Domini,
2270 1767 2341 1823 ad
2401 1767 2543 1838 quid
2592 1781 2719 1823 eam
2778 1766 2978 1822 vobis?
3022 1768 3147 1822 Dies
3200 1766 3427 1822 Domini
3486 1765 3611 1831 ista,

1921 1880 1940 1905 ι
1976 1857 2244 1922 tenebrae,
2305 1864 2359 1912 et
2412 1856 2533 1912 lux.
2602 1880 2620 1904 ι
2679 1857 2836 1910 Diem
2885 1858 3103 1911 Domini
3148 1854 3452 1921 desiderat,
3510 1854 3613 1924 qui

1917 1946 2080 2001 vanis
2116 1946 2416 2001 favoribus
2455 1946 2820 2001 dementatus
2866 1945 3101 2014 qualem
3132 1958 3190 1999 se
3236 1942 3412 2013 vulgo
3462 1956 3614 2012 prae-

1915 2034 2094 2090 dicari
2146 2035 2310 2090 audit
2354 2048 2475 2090 esse
2520 2048 2579 2088 se
2628 2040 2811 2103 putat.
2867 2032 2954 2088 Ad
3006 2046 3179 2088 suum
3230 2045 3368 2102 ergo
3405 2045 3512 2098 vae,
3560 2038 3615 2086 et

1915 2123 1986 2179 ad
2020 2123 2282 2179 tenebras
2322 2129 2575 2191 exoptat,
2623 2121 2723 2192 qui
2782 2135 2896 2176 non
2941 2121 3013 2175 ad
3057 2120 3487 2186 conscientiam,
3516 2118 3613 2174 sed

1914 2213 1986 2268 ad
2042 2212 2302 2268 fabulosa
2360 2217 2656 2280 respectat.
2723 2210 2918 2278 (Vens.
2976 2210 3083 2279 19.)
3131 2230 3150 2255 ι
3212 2207 3509 2275 Quomodo
3566 2207 3614 2261 si

1920 2323 1938 2348 ι
1972 2301 2214 2371 eliugiat
2266 2300 2355 2355 vir
2399 2314 2432 2353 a
2472 2300 2614 2355 facie
2657 2299 2864 2365 leonis,
2909 2306 2964 2353 et
3002 2306 3270 2353 occurrat
3325 2297 3373 2353 ei
3418 2311 3610 2359 ursus,

1920 2412 1939 2437 ι
1976 2397 2033 2445 et
2094 2389 2457 2461 ingrediatur
2498 2388 2756 2451 domum,
2820 2394 2874 2441 et
2934 2385 3218 2441 innitatur
3271 2399 3449 2440 manu
3508 2398 3615 2440 sua

1919 2500 1938 2525 ι
1975 2491 2151 2548 super
2194 2477 2486 2544 parietem,
2521 2484 2575 2531 et
2622 2475 2880 2531 mordeat
2940 2488 3072 2530 eum
3114 2473 3396 2530 coluber?
3453 2496 3470 2519 ι
3515 2476 3615 2528 Vir

1912 2570 2118 2634 afacie
2156 2569 2322 2621 leonis
2365 2564 2587 2635 et’l‘ugit,
2650 2578 2783 2620 cum
2842 2564 3007 2619 multi
3062 2563 3314 2619 arduum
3379 2562 3607 2617 vivendi

1911 2664 2126 2712 statum
2159 2654 2397 2725 aggredi
2430 2660 2717 2719 metuunt,
2750 2660 3012 2708 verentes
3052 2652 3254 2719 utique
3287 2648 3357 2704 ad
3390 2663 3448 2703 se
3488 2661 3613 2703 ver-

1911 2758 2013 2800 sus
2074 2744 2349 2813 instigare
2398 2741 2714 2807 diabolum,
2752 2740 2855 2811 qui
2916 2739 3122 2809 majori
3183 2753 3280 2793 eos
3337 2736 3457 2792 tace
3485 2750 3610 2805 per-

1915 2839 2119 2904 urgeat
2163 2830 2565 2888 tentationum.
2612 2820 2968 2897 Quasi'ergo
3012 2826 3368 2884 evitantibus
3410 2824 3612 2880 diabo—

1912 2924 2033 2979 lum
2064 2920 2315 2977 occurrit
2346 2936 2525 2985 ursus,
2560 2919 2811 2975 carnalis
2847 2918 3108 2973 videlicet
3157 2915 3401 2986 quilibet
3439 2927 3608 2984 appe-

1914 3010 2073 3075 titus,
2144 3008 2303 3063 leone
2369 3008 2603 3077 quidem
2661 3006 2885 3069 lentior,
2939 3005 3037 3061 sed
3087 3005 3162 3059 ad
3222 3001 3610 3073 subigendum

2938 3092 3316 3149 extimescens
3397 3089 3613 3143 domum

1913 3186 2261 3257 ingreditur,
2294 3199 2426 3241 cum
2462 3185 2534 3240 ab
2581 3183 2851 3241 exteriori
2909 3180 3216 3237 diﬂ'usione
3273 3180 3423 3235 intra
3470 3191 3613 3233 con-

1914 3274 2164 3331 scientiae
2225 3289 2344 3329 suae
2408 3274 2484 3330 ibi
2555 3280 2713 3343 septa
2769 3271 3082 3341 colligitur.
3152 3269 3239 3325 Ibi
3279 3283 3447 3322 manu
3512 3282 3613 3320 sua

1912 3379 2075 3432 super
2112 3362 2373 3431 parietem
2423 3362 2709 3427 innititur,
2766 3376 2899 3416 cum
2948 3358 3245 3415 obstaculo
3301 3355 3466 3427 quasi
3520 3354 3612 3411 iu-

1913 3452 2157 3509 visibilis
2214 3450 2573 3507 conscientize
2620 3451 2808 3520 operis
2857 3449 2949 3504 sui
2993 3447 3366 3503 intentionem
3416 3452 3613 3500 contu-

1916 3542 2024 3598 tari
2091 3554 2254 3610 posse
2334 3538 2675 3595 arbitratur.
2746 3538 2854 3593 Sed
2934 3535 3140 3592 ibidem
3220 3534 3515 3590 mordetur
3581 3547 3609 3585 ει

1915 3630 2176 3698 colubro,
2218 3644 2349 3685 cum
2409 3629 2481 3683 ad
2549 3628 2849 3683 hominum
2917 3625 3116 3681 oculos
3176 3639 3233 3681 se
3286 3623 3613 3680 subornans

1914 3719 2209 3777 remissius
2269 3732 2439 3788 agere
2496 3716 2740 3787 disponit
2808 3716 3049 3771 interius
3101 3727 3295 3770 coram
3344 3713 3479 3776 Deo,
3511 3710 3611 3766 sic-

1915 3825 2029 3883 que
2057 3809 2193 3865 dum
2228 3807 2460 3875 singula
2491 3820 2741 3876 quaeque
2777 3810 3077 3873 przecavet,
3112 3800 3387 3872 temporis
3426 3797 3611 3854 intimi

1912 3898 2191 3968 contingit
2241 3897 2466 3952 sibimet
2526 3894 2758 3951 interire
2808 3908 3047 3948 veneno.
3110 3890 3269 3957 Quod
3318 3896 3501 3945 totum
3555 3888 3611 3942 in

1915 3987 2242 4059 hypocritas
2300 3985 2523 4049 militat,
2586 3984 2687 4055 qui
2738 3983 2876 4038 dum
2928 3980 3120 4036 veraci
3169 3977 3360 4035 studio
3412 3977 3613 4033 timent

1915 4072 2140 4129 irritare
2172 4074 2488 4141 diabolum,
2537 4073 2607 4129 ad
2660 4071 2920 4127 homines
2972 4069 3173 4125 habitu
3224 4066 3454 4137 palliato
3513 4079 3611 4135 pa-

1914 4176 2045 4217 rum
2102 4169 2312 4219 curant
2374 4162 2526 4217 intra
2582 4160 2787 4216 mentis
2843 4174 2963 4215 suae
3028 4154 3219 4212 vitiari
3277 4167 3608 4210 recessum;

1917 4251 2069 4307 unde
2101 4250 2382 4320 sequitur.

1988 4340 2156 4397 Vens.
2188 4343 2277 4393 20.
2333 4370 2401 4379 -
2439 4363 2457 4386 ιι
2524 4336 2799 4409 Nunquid
2855 4351 2970 4392 non
3028 4334 3275 4392 tenebrae
3339 4331 3457 4388 dies
3497 4332 3613 4387 Do—

108 4426 243 4482 tioni
292 4426 535 4483 residuae
585 4440 809 4494 eorum,
853 4426 956 4497 qui
1025 4426 1424 4483 mundialibus
1477 4428 1806 4495 augmentis
1847 4407 1887 4461 υ
1922 4451 1941 4473 ι
1975 4428 2135 4494 mini,
2168 4435 2221 4483 et
2256 4443 2368 4484 non
2402 4428 2525 4495 lux,
2581 4434 2633 4481 et
2681 4407 2887 4497 caligo,
2937 4433 2991 4481 et
3042 4439 3158 4479 non
3210 4430 3293 4479 est
3348 4420 3615 4493 splendor

110 4516 367 4584 aspirant
427 4515 837 4572 adminiculari
892 4516 1185 4587 dignetur.
1248 4516 1409 4583 Quod
1468 4517 1605 4572 dicit
1665 4521 1807 4584 forte

112 4604 369 4661 Hebraici
426 4605 603 4661 moris
653 4613 758 4672 est,
818 4612 881 4661 ut
948 4605 1293 4677 ambiguum
1346 4620 1449 4676 pro
1468 4605 1629 4674 ἴδοντο
1676 4621 1806 4662 cer-

110 4700 229 4749 tum
264 4702 515 4763 ponatur
545 4708 648 4764 pro
699 4694 971 4764 ambiguo.
1024 4702 1088 4751 ut
1137 4694 1328 4751 illud:
1378 4695 1637 4751 Forsitan
1690 4693 1805 4751 ini-

114 4783 286 4839 micos
315 4797 514 4839 eorum
542 4783 932 4840 humiliassem
967 4785 1135 4853 (Psal.
1168 4800 1297 4850 LXX,
1344 4788 1448 4841 15).

182 4871 349 4929 Vens.
387 4875 473 4927 16.
507 4903 576 4911 --
613 4894 633 4919 ι
680 4872 985 4943 Propterea
1035 4875 1155 4930 haec
1200 4874 1338 4931 dicit
1383 4874 1663 4931 Dominus
1696 4891 1707 4927 :
1744 4876 1806 4930 In

124 4980 143 5007 ι
175 4962 443 5018 omnibus
480 4961 682 5033 plateis
735 4961 1021 5033 planctus,
1051 4971 1106 5019 et
1148 4963 1208 5020 in
1235 4964 1460 5020 cunctis
1514 4979 1647 5035 qua:
1675 4963 1811 5019 foris

124 5069 144 5093 ι
179 5057 330 5116 sunt,
361 5051 586 5107 dicetur
637 5066 724 5107 vze
768 5067 884 5119 vze;
935 5060 989 5109 et
1040 5054 1329 5109 vocabunt
1379 5054 1690 5125 agricolam
1736 5052 1806 5138 ad

125 5158 144 5183 ι
176 5137 411 5201 luctum,
444 5148 499 5196 et
530 5140 601 5196 ad
636 5141 933 5210 planctum
956 5156 1073 5209 eos,
1108 5142 1211 5213 qui
1238 5142 1427 5199 sciunt
1452 5143 1743 5214 plangere.
1783 5166 1802 5189 ν

124 5228 305 5289 (Vens.
360 5231 469 5300 l7.)
535 5253 555 5279 ι
620 5231 690 5287 Ει
750 5231 805 5286 in
870 5233 1140 5289 omnibus
1200 5234 1311 5289 viis
1358 5235 1464 5289 erit
1522 5234 1808 5304 planctus.

130 5336 148 5359 ι
182 5318 317 5386 quia
371 5319 728 5390 pertransibo
777 5320 835 5375 in
876 5321 1063 5377 medio
1096 5322 1200 5389 tui,
1258 5322 1395 5379 dicit
1453 5324 1743 5378 Dominus.
1786 5344 1805 5367 ι

126 5404 190 5459 In
214 5409 454 5463 omnibus
498 5409 699 5478 plateis
745 5409 999 5478 planctus
1027 5417 1130 5476 est,
1178 5424 1311 5466 cum
1344 5410 1403 5465 in
1451 5409 1608 5465 omni
1653 5423 1811 5465 men-

127 5492 196 5547 tis
255 5503 307 5551 et
370 5503 533 5553 actus
589 5497 940 5567 dispersione
1004 5498 1148 5555 nihil
1212 5499 1281 5555 de
1332 5498 1545 5569 gaudio
1602 5498 1809 5553 cmlesti

131 5585 457 5654 requiritur,
499 5585 594 5641 sed
628 5585 687 5641 in
736 5600 971 5657 quoque
1020 5589 1248 5659 negotio
1277 5587 1398 5643 sola
1457 5587 1615 5643 luctu
1637 5587 1814 5659 digna

132 5679 462 5733 tractantur.
493 5676 567 5729 In
587 5678 790 5731 cimctis
820 5666 942 5746 qua
975 5678 1116 5743 foris
1137 5681 1283 5742 sunt,
1314 5692 1394 5731 va
1442 5691 1539 5739 υε.
1575 5675 1813 5746 dicitur,

1922 4539 1939 4563 ι
1978 4519 2036 4573 in
2088 4518 2194 4574 ea?
2260 4541 2278 4563 ι»
2338 4517 2498 4584 Quod
2556 4524 2640 4572 est
2696 4515 2937 4571 dicere:
2997 4513 3105 4569 Vos
3163 4512 3232 4569 de
3281 4512 3371 4566 die
3411 4507 3613 4582 judicii

1916 4611 2081 4678 quasi
2131 4607 2200 4663 de
2249 4607 2451 4662 ultima
2505 4613 2694 4660 vestra
2770 4607 2921 4659 sorte
2975 4601 3249 4667 tractatis,
3310 4600 3405 4655 sed
3463 4598 3612 4653 diem

1916 4695 2142 4751 Domini
2205 4694 2264 4750 in
2316 4693 2581 4765 praesenti
2634 4690 2930 4753 noveritis,
2979 4690 3081 4760 qui
3140 4704 3253 4745 non
3305 4686 3616 4743 salubriter

1919 4785 2080 4839 vobis
2116 4783 2428 4847 illucescat,
2488 4782 2585 4837 sed
2639 4795 2738 4851 per
2793 4779 3101 4834 illationem
3162 4790 3366 4832 sensus
3424 4774 3480 4830 in
3515 4788 3611 4827 vo-

1919 4875 2006 4931 bis
2031 4873 2257 4944 reprobi
2291 4873 2664 4929 tenebrescat.

1987 4963 2159 5019 Vens.
2197 4966 2276 5017 12.
2308 4992 2377 5002 -
2416 4984 2434 5009 ι
2471 4961 2595 5023 Odi,
2630 4968 2684 5017 et
2722 4959 2932 5030 projeci
2986 4956 3323 5013 festivitates
3354 4961 3612 5011 vestras:

1926 5078 1944 5102 ι
1976 5061 2174 5110 etnon
2203 5052 2428 5122 capiam
2470 5050 2702 5107 odorem
2732 5057 2985 5105 coetuum
3028 5055 3372 5103 vestrorum.
3414 5067 3432 5091 ι
3472 5045 3617 5099 Deus

1918 5145 2248 5212 festivitates
2302 5155 2502 5196 eorum
2553 5138 2670 5195 odit
2715 5146 2770 5193 et
2810 5136 3053 5208 projicit,
3102 5149 3232 5191 cum
3265 5146 3439 5205 opera
3494 5132 3613 5187 ina-

1920 5231 2036 5297 nia,
2111 5245 2242 5301 quze
2298 5228 2461 5298 vulgi
2520 5226 2918 5297 conspectibus
2973 5224 3291 5295 hypocrita:
3352 5219 3616 5278 solemni—

1920 5327 2069 5385 zant,
2101 5332 2278 5374 exosa
2327 5332 2385 5372 se
2427 5317 2636 5372 habere
2681 5313 2985 5385 retegendo
3029 5326 3228 5368 eorum
3258 5309 3621 5381 'iniquitates

1920 5408 2186 5466 ostendit.
2257 5407 2485 5463 Odorem
2546 5411 2774 5460 coetuum
2822 5416 3023 5460 eorum
3075 5416 3191 5457 non
3243 5401 3415 5470 capit,
3486 5412 3618 5455 cum

1921 5496 2209 5570 quidquid
2275 5495 2684 5552 beneficiorum
2758 5493 2983 5563 publice
3044 5503 3385 5549 coacervare
3435 5487 3625 5543 viden-

1923 5594 2043 5651 tur,
2075 5585 2290 5642 divinze
2320 5599 2526 5641 sensus
2574 5583 2891 5651 maiestatis
2933 5596 2962 5636 a
3006 5596 3063 5636 se
3112 5580 3483 5649 indignanter
3524 5589 3627 5629 ex-

1925 5674 2127 5732 cludit.
