3956 6416
324 373 428 426 435

1207 369 1270 422 ν.
1321 366 1652 423 GUIBERTI
1691 365 1983 422 ABBATIS
2020 365 2078 420 S.
2121 365 2374 421 IARL‘E
2413 365 2504 422 DE
2542 365 2936 423 NOVIGENTO

3729 364 3843 417 436

395 509 566 566 Vsus.
597 509 688 563 22.
720 538 786 548 —-
828 529 848 556 ι
885 504 1048 574 Quod
1094 505 1138 560 si
1187 503 1490 560 attuleritis
1541 502 1680 558 mihi
1730 501 2013 558 holocau-
2050 502 2095 554 Δ
2123 499 2180 555 id
2215 508 2298 557 est
2326 501 2561 558 oeulum
2585 500 2911 572 sanguinis,
2958 499 3238 557 excedere
3265 514 3361 556 eos
3407 499 3565 556 sinit.
3613 498 3850 556 Oculus

331 604 650 668 »,stomata,
705 603 760 652 et
816 607 1062 651 munera
1118 600 1330 660 vestra,

332 707 353 734 ι
389 693 521 742 vota
555 684 860 755 pinguium
891 689 1216 738 vestrorum
1265 694 1379 735 non
1438 679 1761 749 respiciam.
1801 699 1822 726 ι
1859 677 2021 732 Holo-

327 778 665 830 caustomata
723 771 796 828 ab
852 771 933 826 eis
1000 770 1113 824 Deo
1162 767 1505 833 afferuntur,
1564 780 1698 820 cum
1757 765 1816 820 in
1867 764 2022 820 omni

329 861 534 933 specie,
593 867 648 916 et
715 873 814 931 per
865 873 1067 914 cruces
1127 857 1483 920 innumeras,
1543 869 1674 923 quae
1740 854 1860 921 vix,
1923 859 2026 908 aut

331 949 490 1007 nullo
533 949 698 1005 modo
741 962 777 1003 a
813 947 1026 1002 sanctis
1067 944 1203 1000 ferri
1264 944 1480 1009 videas,
1523 955 1724 997 eorum
1785 953 2027 1010 corpora

332 1045 720 1095 macerantur.
749 1036 862 1092 Nec
892 1035 1054 1090 iniret
1073 1034 1117 1087 is
1143 1032 1298 1102 quod
1331 1032 1441 1086 Deo
1464 1029 1654 1085 offerri
1688 1030 1808 1084 haec
1833 1029 2028 1084 dicun-

331 1134 449 1193 tur,
480 1140 612 1181 cum
645 1139 757 1180 non
789 1123 1108 1179 offerantur
1137 1121 1273 1186 Deo,
1302 1120 1397 1176 sed
1442 1119 1616 1188 vulgo
1649 1134 1662 1183 ;
1714 1118 1861 1173 scias
1893 1131 2026 1172 vero

331 1213 485 1285 quod
519 1213 577 1268 in
622 1211 933 1281 Scripturis
987 1207 1171 1264 multa
1222 1221 1334 1262 non
1393 1213 1457 1261 ut
1487 1215 1625 1262 sunt
1683 1206 1738 1259 in
1794 1219 1876 1272 re,
1930 1205 2024 1260 sed

333 1302 418 1359 uti
483 1308 619 1357 sunt
687 1301 744 1354 in
808 1298 1078 1368 opinione
1143 1303 1458 1366 ponantur.
1527 1296 1756 1349 Munera
1825 1307 2026 1349 eorum

330 1406 438 1445 non
485 1389 907 1458 suscipiuntur,
950 1393 1006 1441 et
1057 1389 1185 1438 vota
1221 1385 1512 1453 pinguium
1566 1398 1672 1436 non
1724 1383 2030 1452 respiciun-

334 1486 450 1543 tnr,
493 1477 633 1547 quia
684 1474 972 1545 quidquid
1015 1472 1125 1527 sub
1171 1471 1268 1527 Dei
1327 1470 1558 1526 nomine
1602 1468 1872 1540 quamvis
1915 1484 2032 1525 ma-

333 1581 445 1637 gno
475 1564 762 1634 impendio
816 1569 1146 1633 peragatur.
1200 1559 1486 1630 quidquid
1540 1559 1819 1613 uberioris
1865 1558 2031 1613 bene-

333 1653 575 1709 ficentize
625 1652 808 1708 instar
853 1647 1222 1721 pinguedinis
1266 1647 1326 1702 in
1373 1646 1705 1716 proximum
1752 1659 2031 1715 praeroga-

335 1750 450 1806 tur,
485 1740 625 1811 quia
666 1740 839 1812 juxta
888 1736 1245 1806 Apostolum,
1295 1742 1463 1790 extra
1499 1733 1839 1789 charitatem
1880 1733 1962 1799 fit,
1994 1746 2029 1788 a

339 1830 455 1885 Deo
485 1827 722 1883 minime
751 1832 1105 1895 respectatur
1136 1821 1183 1893 (ι
1207 1823 1328 1879 Cor.
1362 1836 1480 1888 xui,
1509 1824 1588 1891 3.)

410 1942 585 1999 Vsus.
613 1940 704 1996 23.
735 1969 805 1980 -
835 1962 855 1987 ι
910 1937 1085 1994 Aufer
1126 1950 1161 1992 a
1200 1951 1290 1992 me
1344 1935 1660 1992 tumultum
1704 1935 2032 1992 carminum

343 2054 364 2080 ι
396 2038 660 2098 tuorum;
710 2027 938 2084 cantica
986 2025 1124 2096 lyrae
1175 2033 1290 2082 tua:
1337 2039 1451 2080 non
1492 2023 1746 2079 audiam.
1787 2045 1807 2071 ι
1855 2023 2032 2090 Quid-

336 2120 478 2190 quid
556 2117 868 2188 hypocritae
951 2114 1024 2173 ad
1089 2114 1179 2170 sui
1243 2113 1638 2183 protelandam
1698 2115 2033 2169 memoriam

340 2209 516 2266 libros
566 2205 832 2263 cudendo
872 2203 1204 2270 conficiunt,
1263 2202 1321 2256 in
1367 2202 1468 2257 Dei
1493 2201 1737 2258 auribus
1766 2216 1882 2257 non
1925 2201 2036 2256 nisi

341 2294 630 2351 tumultus
657 2301 761 2360 est,
790 2290 962 2361 cujus
992 2298 1392 2346 momentanea
1432 2290 1560 2345 laus
1599 2289 1786 2345 solum
1815 2289 2039 2345 fructus

339 2391 445 2439 est.
477 2382 704 2438 Cantica
741 2381 875 2450 lyra
899 2395 1005 2434 non
1055 2379 1398 2446 audiuntur,
1446 2392 1581 2434 cum
1627 2377 1890 2434 affectata
1941 2392 2037 2433 eo-

341 2486 473 2527 rum
515 2469 860 2539 eloquentia,
905 2483 1038 2538 qua:
1096 2467 1487 2536 prsedicationi
1541 2467 1800 2532 inservit,
1847 2479 1882 2520 a
1940 2465 2037 2520 Dei

343 2573 485 2616 aure
533 2557 893 2627 disploditur.
966 2555 1091 2631 Quo
1139 2563 1339 2610 contra
1387 2554 1621 2610 cuidam
1677 2555 1868 2609 electae
1907 2555 2044 2610 dici-

346 2655 442 2703 tur
477 2662 489 2701 :
529 2668 550 2695 ι
585 2646 756 2701 Sonet
784 2659 898 2700 vox
931 2652 1029 2700 tua
1058 2644 1114 2698 in
1145 2643 1386 2698 auribus
1418 2657 1577 2709 meis,
1624 2643 1764 2713 quia
1796 2657 1907 2698 vox
1941 2650 2041 2699 tua

345 2735 532 2792 dulcis
565 2734 754 2805 (Cant.
794 2748 852 2802 ιι,
886 2734 990 2802 t4).
1030 2752 1058 2783 »

416 2849 590 2906 Vnus.
631 2849 721 2902 24».
769 2876 844 2889 -
895 2869 916 2895 ι
971 2846 1041 2902 Ει
1088 2844 1441 2902 revelabitur
1473 2844 1640 2915 quasi
1686 2858 1842 2915 aqua
1891 2845 2046 2916 judi-

353 2939 580 3003 »cium,
629 2943 683 2992 et
742 2935 965 3006 justitia
1032 2934 1202 3006 quasi
1253 2941 1477 2989 torrens
1543 2933 1722 2989 fortis.
1799 2957 1820 2982 ι
1877 2936 2048 3001 Quasi

349 3042 496 3096 aqua
529 3026 809 3095 judicium
865 3023 1172 3091 revelatur,
1242 3037 1374 3078 cum
1440 3022 1654 3078 veritas
1715 3031 1902 3078 status
1955 3039 2044 3079 eo-

349 3130 479 3173 rum
547 3113 889 3170 instabiliter
940 3112 1196 3183 palliata,
1271 3125 1338 3166 ac
1386 3112 1434 3166 si
1507 3111 1680 3181 aquis
1745 3111 2047 3180 superficie

351 3210 520 3258 tenus
551 3201 840 3271 adoperta,
877 3200 988 3257 cito
1019 3200 1186 3271 lapsu
1231 3198 1580 3255 denudatur.
1633 3201 1860 3253 Iustitia
1889 3202 2051 3268 quasi

351 3295 558 3344 torrens
583 3291 748 3356 fortis
800 3288 1069 3354 efficitur,
1118 3300 1254 3342 cum
1292 3287 1450 3356 justo
1493 3285 1592 3340 Dei
1646 3285 1914 3341 examine
1963 3290 2048 3341 to-

354 3377 469 3434 tius
527 3377 703 3448 hujus
747 3376 954 3432 fucatae
1011 3375 1333 3430 sanctitatis
1404 3373 1803 3441 simulacrum,
1882 3374 2052 3444 quasi

350 3465 605 3538 quodam
635 3465 806 3520 fluxu
839 3463 1039 3533 rapido
1065 3461 1466 3532 proturbatur.

425 3569 599 3628 Vnus.
631 3571 721 3624 25.
766 3597 839 3610 -
909 3591 930 3617 ι
996 3567 1280 3637 Nunquid
1332 3565 1549 3622 hostias
1612 3574 1667 3622 et
1704 3566 2052 3624 sacrificium

361 3657 698 3716 .obtulistis
757 3655 900 3712 mihi
978 3655 1036 3710 in
1101 3654 1321 3710 deserto
1405 3654 1797 3725 quadraginta
1861 3655 2049 3724 annis,

362 3771 383 3796 ι
419 3747 628 3803 domus
678 3744 897 3801 Israel?
933 3765 953 3790 ι
998 3746 1217 3800 Hostias
1255 3749 1305 3797 et
1351 3741 1684 3812 sacriﬁcium
1735 3745 1795 3797 in
1846 3743 2052 3799 deserto

360 3837 554 3892 domus
595 3836 765 3890 Israel
795 3834 1169 3905 quadraginta
1223 3835 1385 3887 annis
1429 3847 1542 3888 non
1598 3831 1871 3899 offerunt,
1918 3847 2051 3888 cum

363 3926 686 3981 deserentes
725 3925 926 3989 Deum,
953 3929 1008 3977 et
1046 3921 1256 3977 deserti
1302 3934 1337 3975 a
1384 3922 1492 3976 Deo
1541 3920 1670 3976 licet
1722 3921 2052 3992 evangelice

357 4022 413 4070 et
443 4011 699 4084 legaliter
727 4012 921 4068 vivere
950 4009 1277 4076 videantur,
1311 4023 1416 4064 nec
1460 4008 1722 4076 hostiam,
1767 4023 1886 4079 qua
1917 4009 2054 4065 hos-

361 4113 471 4158 tem
520 4100 811 4158 diabolum
867 4099 1165 4170 subigant,
1216 4112 1320 4153 nec
1375 4096 1746 4166 sacrificium,
1791 4113 1906 4168 quo
1938 4099 2052 4154 Deo

357 4197 668 4260 spontanee
717 4186 1054 4252 inserviant,
1113 4185 1351 4252 faciunt,
1400 4185 1718 4260 qui\quasi
1763 4185 1835 4242 ad
1867 4186 2050 4243 Deum

359 4276 669 4334 directanei
699 4275 884 4332 videri
911 4274 1138 4330 volunt.

1408 607 1523 648 non
1588 590 1897 660 suscipiam
1964 597 2022 646 et
2128 590 2282 646 enim
2308 590 2614 660 sanguinis
2643 589 2883 646 intentio
2909 597 2995 645 est
3020 589 3254 660 peccati.

2798 731 3024 787 CAPUT
3063 730 3162 787 VI.

2203 855 2374 911 Vsus.
2421 886 2489 894 —
2538 860 2583 910 ι.
2638 877 2664 903 ι
2700 854 2798 911 Vae
2844 857 2940 924 qui
3007 853 3264 924 opulenti
3317 853 3455 910 estis
3497 852 3554 909 in
3590 853 3755 920 Sion,
3789 860 3850 908 et

2137 965 2158 992 ι
2196 944 2480 999 confiditis
2561 943 2621 998 in
2697 950 2888 998 monte
2937 942 3232 1008 Samaria},
3285 945 3592 1012 Optimates
3646 941 3847 1010 capita

2138 1054 2158 1080 ι
2199 1031 2564 1102 populorum,
2623 1031 3009 1101 ingredientes
3059 1029 3378 1100 pompatice
3443 1030 3685 1086 domum
3750 1030 3846 1084 Is-

2139 1142 2158 1168 ι
2196 1118 2340 1175 rael!
2415 1142 2436 1169 ι
2506 1125 2654 1175 ηδ
2722 1121 2981 1188 Opulenti
3045 1126 3184 1174 sunt
3236 1121 3297 1173 in
3375 1120 3524 1183 Sion,
3603 1119 3710 1188 qui
3783 1117 3842 1171 in

2136 1209 2489 1278 plenitudine
2553 1208 2763 1263 divina:
2828 1207 3236 1277 spcculationis
3282 1222 3401 1263 sese
3465 1205 3846 1276 praeeminere

2135 1297 2550 1366 praesculpunt,
2596 1305 2652 1352 et
2679 1300 2738 1350 in
2765 1302 2940 1351 monte
2979 1297 3264 1362 Samaria,
3315 1294 3370 1350 id
3416 1303 3500 1350 est
3546 1294 3604 1350 in
3652 1293 3843 1350 excel-

2135 1383 2323 1440 lentiae
2358 1384 2660 1439 exterioris
2705 1383 2944 1439 cautela:
2983 1383 3300 1438 conlidunt.
3364 1383 3462 1438 His
3515 1381 3693 1437 instat
3726 1395 3841 1448 νει»,

2131 1473 2417 1543 judicium
2455 1472 2656 1542 utique
2701 1471 3087 1527 damnationis
3115 1478 3363 1527 aeternas.
3403 1471 3470 1525 Hi
3519 1477 3657 1526 sunt
3699 1471 3846 1539 opti-

2137 1567 2306 1616 mates
2338 1564 2524 1630 cupita
2569 1563 2911 1631 populorum,
2954 1561 3054 1630 qui
3101 1561 3170 1615 de
3207 1576 3267 1616 se
3311 1561 3453 1616 nihil
3485 1559 3594 1616 nisi
3642 1574 3848 1629 supre-

2138 1663 2299 1706 mum
2340 1649 2614 1720 cogitant,
2663 1657 2719 1705 et
2775 1662 2997 1718 semper
3054 1648 3415 1718 impatientes
3457 1648 3844 1714 consortium,

2140 1744 2258 1792 tam
2302 1736 2421 1792 loco
2469 1750 2646 1807 quam
2708 1736 2977 1806 opinione
3014 1735 3238 1791 cunctis
3310 1735 3562 1806 praeferri
3611 1735 3848 1792 deside-

2070 1798 2112 1854 Β
2143 1833 2294 1881 rant.
2345 1825 2587 1881 Domum
2637 1824 2810 1880 Israel
2867 1826 3170 1894 pompatice
3222 1824 3653 1893 ingrediuntur,
3705 1837 3848 1880 cum

2141 1913 2426 1980 animum,
2458 1928 2637 1984 quem
2686 1913 2758 1969 ad
2789 1913 2972 1969 Deum
3015 1912 3311 1983 eXporrigi
3354 1913 3648 1980 decuerat,
3705 1912 3849 1968 solis

2145 2016 2490 2074 pomparum
2521 2001 2920 2058 affectionibus
2953 2002 3244 2057 imbuunt.

2217 2089 2387 2146 Vsus.
2437 2093 2490 2144 2.
2523 2119 2594 2130 —
2633 2110 2658 2139 ς
2693 2090 2955 2146 Transito
3007 2090 3062 2144 in
3093 2089 3304 2146 Calane
3345 2096 3401 2144 et
3433 2088 3644 2152 videre.
3682 2097 3738 2144 et
3773 2089 3850 2145 ite

2149 2200 2170 2226 ι
2211 2178 2343 2234 inde
2399 2178 2457 2233 in
2514 2179 2717 2234 Emath
2765 2192 3057 2248 magnam,
3112 2185 3168 2234 et
3218 2177 3541 2233 descendite
3591 2177 3650 2233 in
3698 2177 3849 2234 Geth

2149 2287 2170 2314 ι
2205 2265 2664 2333 Palaestinorum,
2718 2274 2773 2322 et
2821 2265 2894 2320 ad
2946 2265 3163 2334 optima
3211 2278 3392 2335 regna
3436 2279 3688 2335 quaeque
3737 2265 3846 2320 ho-

2151 2376 2171 2402 ι
2209 2369 2370 2420 ιἰιιιι;
2413 2355 2458 2410 si
2524 2354 2690 2410 latior
2745 2353 3025 2410 terminus
3075 2367 3276 2408 eorum
3339 2353 3580 2408 termino
3657 2362 3849 2409 vestro

2151 2463 2172 2490 ι
2203 2452 2306 2498 est.
2347 2465 2367 2489 ι
2403 2443 2470 2498 In
2511 2442 2721 2499 Calane
2763 2442 3028 2508 transire,
3080 2449 3135 2496 et
3185 2441 3377 2495 videre
3421 2440 3726 2510 jubentur,
3785 2447 3850 2496 ut

2148 2531 2422 2586 nimirum
2453 2539 2637 2586 status
2667 2538 3009 2585 caaterarum
3041 2530 3299 2584 omnium
3336 2528 3614 2584 mentium
3647 2543 3852 2598 quan-

2147 2627 2270 2677 tum
2299 2619 2403 2675 sibi
2433 2618 2700 2689 possibile
2725 2626 2828 2685 est,
2865 2619 3198 2673 metiantur.
3233 2618 3442 2673 Calane
3480 2619 3634 2674 enim
3668 2618 3853 2674 inter-

2152 2716 2409 2780 pretatur
2436 2710 2628 2762 omnis.
2665 2707 2804 2762 Inde
2835 2707 3040 2762 Emath
3082 2720 3353 2776 magnam
3399 2720 3468 2762 ac
3514 2707 3560 2762 si
3593 2706 3855 2776 speciali-

2149 2804 2236 2852 ter
2263 2803 2416 2864 eant,
2448 2810 2713 2866 quosque
2743 2796 2942 2866 procul
2974 2795 3152 2851 dubio
3194 2796 3532 2865 magnificos
3568 2795 3627 2850 in
3665 2795 3855 2852 scele-

2150 2899 2281 2940 rum
2333 2885 2770 2954 perpetratione,
2815 2884 3133 2940 attendant.
3169 2884 3375 2939 Emath
3429 2897 3566 2938 vero
3621 2887 3856 2952 sanguis

2154 2973 2388 3039 dicitur,
2437 2981 2492 3029 et
2533 2973 2773 3043 sanguis
2821 2980 3117 3042 peccatum
3154 2980 3259 3027 est.
3311 2972 3448 3027 Inde
3486 2975 3546 3026 in
3577 2974 3712 3028 Geth
3745 2975 3859 3027 Pa-

2085 3078 2128 3135 C
2156 3063 2486 3116 izstinorum
2514 3060 2898 3125 descenditur,
2934 3075 3066 3117 cum
3105 3060 3175 3116 ad
3205 3075 3322 3127 eos,
3366 3061 3468 3131 qui
3521 3061 3855 3130 temporali-

2157 3151 2267 3207 bus
2296 3149 2592 3204 desideriis
2638 3149 3000 3213 debriantur,
3032 3156 3087 3204 et
3113 3157 3304 3204 tamen
3362 3148 3524 3204 nulla
3554 3148 3664 3204 sibi
3718 3149 3862 3204 arri-

2157 3239 2311 3304 dent,
2375 3237 2484 3294 nisi
2538 3253 2669 3308 quaa
2714 3245 2817 3293 aut
2873 3237 2951 3302 vi,
2982 3237 3130 3294 clam
3186 3245 3289 3292 aut
3345 3237 3600 3306 precario
3653 3245 3860 3293 extor-

2159 3334 2435 3397 quentur,
2480 3326 2932 3381 consideratione
2963 3326 3215 3381 venitur.
3246 3325 3388 3380 Geth
3439 3325 3862 3395 interpretatur

2159 3416 2417 3483 torcular,
2479 3413 2787 3479 Palaestini,
2848 3415 2950 3485 qui
3003 3421 3059 3470 et
3108 3413 3438 3482 Philisthmi,
3486 3417 3706 3483 potione
3782 3430 3863 3468 ca-

2159 3504 2362 3558 dentes.
2415 3503 2636 3572 Optima
2685 3519 2908 3572 quaeque
2935 3504 3125 3557 horum
3179 3518 3349 3568 regna
3401 3509 3539 3558 sunt
3568 3500 3864 3572 principa-

2160 3590 2304 3647 liora
2354 3605 2725 3660 quorumque
2773 3591 2905 3646 vitae
2953 3593 3259 3660 proposita.
3314 3591 3672 3657 Perpendere
3722 3605 3861 3660 ergo

2154 3680 2436 3750 jubentur
2487 3681 2534 3736 si
2593 3682 2852 3734 terminus
2904 3696 3085 3734 eorum
3132 3683 3359 3734 termino
3409 3679 3638 3735 illorum
3690 3678 3863 3734 latior

2159 3769 2268 3838 sit;
2305 3776 2504 3824 utrum
2559 3767 2761 3838 utique
2816 3769 3152 3839 arrogantia
3203 3783 3423 3836 eorum,
3472 3776 3528 3824 et
3583 3768 3861 3824 atrocitas

2158 3855 2506 3926 cupiditatis,
2537 3857 2636 3926 qui
2679 3855 2932 3912 facinora
3005 3865 3264 3926 patenter
3315 3857 3648 3924 admittunt,
3698 3864 3862 3913 tanta

2163 3944 2461 4013 habeatur,
2494 3952 2718 4015 quanta
2743 3945 2799 4000 in
2833 3945 3268 4016 hypocritarum
3292 3945 3584 4002 mentibus
3602 3943 3858 4011 efferari,

2161 4045 2229 4088 ac
2283 4032 2513 4088 dilatari
2557 4032 2937 4106 dignoscitur.
2994 4033 3179 4088 Tanta
3227 4032 3380 4088 enim
3440 4040 3524 4088 est
3587 4031 3857 4094 latitudo,

2162 4129 2383 4192 quanta
2435 4120 2722 4191 opinionis
2761 4120 3150 4191 propagandae
3192 4119 3450 4186 ambitio,
3482 4133 3613 4188 qua:
3659 4119 3724 4174 in
3773 4117 3861 4172 his

2159 4209 2445 4280 siquidem
2480 4209 2662 4266 multo
2691 4223 2870 4280 quam
2905 4210 2961 4265 in
2991 4209 3200 4265 Emath
3231 4221 3464 4279 magna,
3483 4207 3604 4264 sive
3634 4205 3859 4263 inGeth

2163 4297 2599 4354 Palaestinarum
2625 4297 2920 4353 invenitur
2945 4297 3154 4353 acrior.

433 4381 605 4440 Vnus.
635 4383 725 4449 26,
783 4383 875 4437 27.
926 4409 994 4422 -
1051 4400 1079 4429 ‹‹
1145 4380 1215 4437 Ει
1281 4380 1548 4450 portastis
1612 4381 2053 4438 tabernaculum
2095 4377 2138 4432 Ι)
2235 4386 2407 4443 Vnus.
2438 4389 2490 4442 3.
2523 4416 2592 4426 —
2627 4407 2651 4436 ι
2683 4385 2790 4453 Qui
2817 4386 3067 4456 separati
3095 4384 3230 4441 estis
3262 4384 3320 4440 in
3351 4384 3499 4440 diem
3529 4381 3777 4451 malum,
3807 4388 3859 4437 et

367 4493 388 4519 ι
423 4471 646 4528 Moloch
677 4478 888 4535 vestro,
921 4476 978 4525 et
1013 4468 1325 4540 imaginem
1373 4468 1658 4526 idolorum
1707 4478 2054 4538 vestrorum,

368 4581 388 4608 ι
423 4559 576 4616 fidus
619 4559 710 4616 dei
761 4557 958 4626 vestri,
1021 4572 1153 4629 quae
1199 4557 1406 4614 fecistis
1453 4558 1633 4615 vobis.
1689 4558 1759 4614 Et
1807 4557 2059 4629 migrare

367 4669 388 4696 ι
420 4663 522 4706 vos
587 4648 793 4705 faciam
859 4655 1021 4705 trans
1095 4647 1461 4704 Damascum.
1529 4669 1548 4695 ι
1629 4648 2058 4703 Tabernacutum

361 4735 573 4792 Ποιοοή
615 4749 720 4791 suo
768 4741 1019 4806 portant,
1069 4749 1203 4792 cum
1236 4735 1544 4792 delubrum
1594 4735 1852 4791 libidinis
1896 4751 2056 4792 men-

362 4833 474 4882 tem
503 4839 671 4887 suam
719 4825 904 4883 facere
957 4839 1076 4881 non
1127 4824 1457 4889 formidant,
1510 4825 1636 4881 licet
1685 4825 2056 4884 tabernaculo

362 4914 532 4985 quasi
585 4913 932 4971 continentis
1002 4914 1257 4984 corporis
1329 4913 1481 4969 bono
1540 4914 1797 4970 exterius
1854 4914 2057 4972 habitu

361 5002 507 5060 illud
561 5001 894 5058 obvolvant.
951 5001 1175 5059 Moloch
1229 5010 1422 5088 autem
1472 5001 1588 5072 ipse
1639 5010 1724 5059 est
1790 5003 2051 5074 Priapus.

363 5090 600 5147 Portant
637 5089 808 5146 etiam
848 5093 1141 5158 imaginem
1177 5089 1447 5144 idolorum
1487 5088 1750 5159 sn'orum,
1794 5099 1849 5147 et
1897 5093 2056 5148 sidus

361 5180 452 5234 dei
471 5177 559 5236 sui
587 5193 720 5250 quae
746 5178 855 5236 sibi
877 5179 1154 5246 fecerunt,
1181 5193 1312 5234 cum
1337 5185 1583 5234 mentem
1603 5189 1888 5250 occupant
1912 5197 2054 5252 pene

293 5269 304 5277 '
363 5266 650 5324 indelebili
715 5266 1072 5324 affectatione
1127 5265 1423 5335 vitiorum,
1489 5268 1795 5337 specialius
1861 5278 2052 5326 tamen

361 5355 618 5427 quadam
664 5354 924 5426 concepti
955 5354 1138 5410 fastus
1169 5354 1344 5411 veluti
1375 5355 1596 5412 siderea
1642 5357 2053 5426 spectabilitate

361 5445 629 5518 insigniri
683 5459 742 5502 se
791 5449 1088 5514 appetunt.
1125 5445 1295 5500 Trans
1326 5447 1648 5501 Damascum
1676 5449 1920 5512 migrare
1959 5461 2054 5504 eos

358 5534 514 5602 facit,
587 5548 722 5591 cum
775 5531 1144 5588 intentionem
1216 5533 1538 5591 criminosa:
1594 5535 1906 5592 voluntatis
1978 5535 2053 5592 ad

357 5625 549 5694 operis
609 5621 1055 5689 exsecutionem,
1124 5623 1281 5693 quod
1345 5630 1430 5679 est
1496 5629 1651 5678 trans
1707 5626 2050 5696 Damascum,

2169 4499 2190 4523 ι
2227 4474 2708 4545 appropinquatis
2745 4473 2886 4529 solio
2918 4473 3261 4544 iniquitatis.
3301 4493 3323 4521 ι
3371 4473 3436 4527 In
3463 4471 3606 4526 diem
3653 4473 3858 4526 malum

2165 4571 2486 4633 separatur,
2545 4561 2648 4633 qui
2710 4575 2809 4632 per
2847 4561 3288 4631 discrepantiam
3323 4560 3381 4614 in
3436 4559 3704 4630 praesenti
3748 4573 3857 4615 mo-

2164 4665 2294 4708 rum
2326 4651 2408 4706 sic
2449 4665 2484 4706 a
2521 4651 2685 4707 bonis
2712 4650 3126 4706 discernuntur
3155 4657 3220 4705 ut
3248 4648 3320 4704 ad
3358 4649 3507 4703 diem
3538 4647 3762 4704 malum
3786 4660 3857 4702 ex

2166 4740 2272 4796 hoc
2301 4739 2586 4810 perducti,
2619 4739 2805 4810 magis
2840 4739 3056 4810 egregii
3086 4751 3159 4794 ex
3189 4738 3411 4806 integro
3441 4745 3580 4792 tunc
3607 4749 3643 4791 a
3693 4737 3856 4792 bono-

2165 4841 2297 4885 rum
2331 4827 2599 4884 societate
2641 4827 2977 4886 reddantur.
3009 4827 3158 4882 Sotio
3195 4827 3506 4895 iniquitatis
3551 4825 3856 4895 appropin-

2163 4924 2324 4988 quat,
2357 4915 2459 4987 qui
2489 4916 2734 4972 scienter
2778 4915 2989 4972 diaboli
3023 4929 3201 4987 regno
3242 4929 3402 4970 nunc
3448 4927 3506 4969 se
3571 4912 3854 4984 immergit

2162 5012 2218 5062 et
2251 5005 2527 5076 implicat.

2236 5094 2406 5151 Vens.
2457 5095 2509 5148 4.
2543 5121 2610 5135 -
2669 5112 2699 5145 ιι
2729 5093 2838 5158 Qui
2875 5091 3136 5150 dormitis
3184 5092 3242 5148 in
3292 5091 3448 5148 lectis
3481 5091 3774 5158 eburneis,
3800 5095 3851 5144 et

2167 5204 2187 5229 ι
2224 5181 2497 5238 lascivitis
2543 5181 2602 5237 in
2667 5181 2862 5238 stratis
2915 5181 3138 5238 vestris.
3203 5203 3224 5229 ι
3286 5183 3350 5238 In
3414 5182 3563 5235 lectis
3608 5179 3851 5234 eburneis

2159 5269 2390 5337 dormit,
2425 5269 2528 5340 qui
2565 5269 2625 5326 in
2683 5269 2826 5326 falsa
2865 5271 3003 5328 dum
3061 5269 3284 5326 advivit
3313 5268 3594 5326 castitatis
3644 5266 3849 5324 securi-

2161 5367 2275 5416 tate
2305 5360 2566 5430 quiescit.
2600 5359 2851 5431 Elephas
2875 5361 3052 5428 enim,
3086 5361 3238 5416 unde
3282 5360 3446 5425 ebur,
3491 5358 3716 5430 frigidas
3746 5369 3844 5414 na-

2159 5455 2306 5505 tura:
2331 5455 2415 5505 est
2451 5448 2686 5505 animal.
2739 5451 2806 5504 1n
2831 5451 3022 5504 stratis
3060 5448 3183 5504 suis
3229 5447 3558 5514 lasciviunt,
3589 5446 3691 5518 qui
3743 5443 3847 5502 sub

2158 5535 2314 5595 fama
2361 5537 2730 5594 continentia:
2787 5544 2943 5593 tanto
2983 5537 3250 5592 licentius
3289 5535 3638 5606 petulantiae,
3679 5543 3846 5605 atque

2157 5625 2442 5696 voluptati
2471 5625 2750 5682 inservire
2777 5632 3126 5696 proponunt.
