3956 6402
95 370 212 421 437

832 369 1288 428 TROPOLOGIE
1326 371 1395 428 1N
1433 373 1643 437 OSEE.
1683 375 1869 432 AMOS
1908 377 1995 432 ET
2033 378 2188 433 JER.
2234 407 2293 416 ο-
2321 376 2454 433 LIB.
2498 378 2590 433 IV.
2640 378 2707 432 IN
2745 378 2949 436 AMOS.

3524 382 3627 437 438

178 502 357 558 Vnus.
388 505 440 557 5.
482 531 550 542 -
580 524 601 550 ε
648 502 759 569 Qui
788 502 1086 559 comeditis
1132 518 1353 576 agnum
1383 505 1452 561 de
1508 520 1698 578 grege,
1761 513 1815 562 et
1853 512 1895 563 Α
1923 507 2132 577 επεν-ατ,
2166 507 2454 579 quidquid
2483 508 2743 566 videlicet
2771 509 3058 567 interioris
3099 511 3330 568 duritiae
3361 511 3497 569 latet
3530 528 3630 584 per

101 613 126 638 ι
168 591 391 647 vitulos
429 592 499 648 de
540 592 727 648 medio
769 592 1037 648 armenti.
1091 592 1202 660 Qui
1245 594 1451 650 canitis
1491 597 1564 652 ad
1618 610 1815 653 vocem

103 702 127 728 ι
166 679 450 750 psalterii.
489 702 511 729 ι
566 682 790 749 Agnum
837 681 904 735 de
938 697 1100 749 grege
1129 684 1374 739 comedit
1427 685 1529 754 qui
1574 685 1647 741 ad
1696 700 1818 742 suae

96 768 491 826 imitationem
536 769 812 840 nequitiae
857 777 912 825 et
979 771 1122 826 alios
1174 786 1441 842 quosque
1481 773 1654 829 rudes
1705 773 1815 830 sibi

96 855 481 928 iucorporare
510 859 820 915 contendit.
867 860 1076 914 Vitulos
1114 860 1183 915 de
1224 862 1400 915 medio
1449 865 1685 917 armenti
1722 878 1812 918 co-

94 946 310 1011 medit,
341 946 444 1017 qui
501 948 791 1019 quoslibet
819 949 1071 1015 hebetes,
1109 957 1166 1006 et
1204 950 1449 1006 lascivos
1500 952 1570 1007 de
1615 966 1818 1008 eorum

94 1032 533 1104 conformitate,
590 1037 693 1107 qui
750 1052 867 1093 non
914 1045 1133 1094 norunt
1172 1038 1281 1095 nisi
1328 1048 1561 1095 matura
1592 1040 1819 1119 Isentire

94 1121 388 1191 sublatos,
419 1139 540 1181 suae
565 1133 731 1182 sectae
778 1126 1028 1182 asciscit.
1085 1127 1181 1181 Ad
1208 1143 1384 1182 vocem
1421 1130 1676 1197 psalterii
1717 1144 1821 1185 seu

96 1224 231 1266 non
263 1211 321 1268 iu
370 1215 637 1283 psalterio
681 1222 922 1281 canunt,
981 1215 1081 1284 qui
1128 1215 1279 1270 bona
1323 1229 1517 1285 opera,
1552 1217 1651 1272 sed
1703 1231 1819 1273 non

97 1312 218 1367 pro
248 1298 387 1356 boni
423 1301 612 1371 operis
643 1302 960 1359 intentione
1012 1302 1341 1373 perﬁciunt.
1385 1304 1620 1358 Psaltere
1664 1303 1818 1359 enim

93 1402 214 1455 pro
246 1388 379 1443 bono
431 1405 589 1459 opere
648 1391 781 1461 poni
840 1392 1128 1461 reperitur
1164 1392 1384 1463 ubique
1442 1392 1816 1462 psalmorum.

108 1494 137 1521 ι
174 1474 337 1532 Sicut
371 1478 553 1534 David
601 1487 953 1548 putaverunt
983 1494 1043 1536 se
1085 1479 1296 1536 habere
1345 1493 1485 1536 vasa
1533 1480 1763 1536 cantici.
1793 1502 1815 1529 ι

99 1563 199 1618 Ac
227 1563 277 1618 si
314 1565 525 1623 diceret
557 1583 570 1621 :
618 1566 778 1633 Quod
812 1567 995 1623 David
1036 1567 1304 1638 instituit,
1351 1568 1464 1624 imo
1512 1577 1820 1625 exsecutus

98 1651 189 1706 ad
236 1660 449 1710 sanctae
503 1655 953 1726 signifieautiam
1001 1655 1370 1726 operationis,
1421 1656 1527 1712 hoc
1575 1656 1664 1712 isti
1709 1656 1817 1712 sibi

96 1740 416 1798 ascribunt
445 1743 518 1799 ad
542 1757 778 1800 causam
805 1744 1099 1815 iactantiae
1126 1751 1181 1801 et
1207 1744 1494 1800 elationis.

183 1830 357 1887 Vnus.
389 1830 445 1886 6.
476 1861 548 1874 —
581 1854 602 1881 ι
638 1833 905 1890 Bibentes
932 1833 991 1889 in
1025 1833 1233 1903 phialis
1262 1834 1487 1901 vinum,
1515 1841 1570 1889 et
1597 1834 1815 1903 optimo

95 1938 131 1969 ››
171 1928 472 1991 unguento
503 1920 766 1990 delibuti,
797 1930 854 1979 et
887 1922 1029 1979 nihil
1061 1922 1431 1992 patiebantur
1462 1937 1640 1993 super
1675 1937 1812 1979 con-

97 2030 122 2055 »
176 2007 405 2065 tritione
443 2010 671 2080 Joseph.
710 2033 731 2059 ι
790 2012 860 2066 In
886 2012 1094 2081 phiatis
1153 2014 1339 2066 vinum
1387 2011 1616 2079 bibunt,
1677 2025 1811 2067 cum

88 2096 174 2153 de
206 2098 474 2167 exemplo
513 2099 706 2171 fragili
742 2098 1071 2167 temporalis
1100 2099 1403 2156 materiam
1427 2100 1814 2171 jucunditatis

87 2200 179 2243 ex
206 2200 326 2257 qua
368 2187 703 2244 dcbrientur
739 2188 810 2244 ad
842 2188 942 2245 Dei
987 2189 1335 2245 oblivionem
1374 2196 1700 2246 assumunt.
1745 2190 1815 2245 Et

94 2276 217 2329 hoc
247 2274 468 2332 faciunt
517 2282 788 2346 unguento
834 2279 1038 2347 optimo
1083 2276 1344 2346 delibuti,
1389 2278 1559 2348 plane
1605 2278 1813 2333 simili-

91 2362 311 2419 tudine
339 2364 572 2420 virtutis
618 2378 735 2421 non
792 2364 915 2434 ipsa
973 2365 1187 2421 virtute
1230 2372 1514 2436 tanquam
1562 2366 1811 2435 superli-

92 2451 254 2507 ciem
285 2451 434 2507 cutis
463 2451 670 2507 ornati.
723 2452 899 2521 Super
934 2455 1256 2508 contritione
1296 2451 1500 2523 Ioseph
1527 2452 1676 2508 nihil
1712 2466 1813 2522 pa-

93 2539 360 2606 tiuntur,
392 2540 494 2608 qui
525 2539 597 2595 ad
627 2549 1009 2610 augmentum
1035 2540 1311 2597 saeculare
1359 2543 1658 2597 tendentes
1706 2555 1810 2596 ne-

93 2641 411 2699 quaquam
442 2642 618 2698 super
651 2630 938 2686 commodi
969 2628 1290 2700 spiritualis
1313 2630 1658 2687 detrimento
1702 2630 1810 2687 tri-

91 2724 361 2784 stantur,

174 2805 354 2862 Vnus.
385 2807 440 2858 '7.
472 2833 546 2848 —
585 2827 607 2854 ε
633 2804 994 2876 Quapropter
1032 2821 1213 2875 ,nunc
1248 2806 1586 2879 migrabunt
1617 2807 1675 2862 in
1708 2823 1807 2863 ca-

99 2915 122 2941 »
158 2893 285 2964 pite
360 2895 925 2966 transmigrantium,
975 2903 1031 2952 et
1077 2894 1377 2952 auferetur
1424 2895 1592 2952 factio
1640 2895 1811 2952 lasci-

95 3004 118 3031 ι
162 2981 474 3040 vientium.
538 3004 560 3032 ι
618 2986 683 3039 1η
726 2987 904 3055 capite
959 2986 1476 3053 transmigrantium
1534 2986 1807 3054 migrant,

90 3071 206 3143 qui
238 3086 361 3143 prae
390 3073 614 3129 caeteris
645 3074 1170 3144 transgressoribus
1215 3080 1270 3128 et
1296 3073 1809 3145 transgrediuntur

87 3170 148 3217 et
184 3170 446 3232 peccant.
486 3162 675 3217 Factio
729 3162 1128 3217 lascivientium
1172 3161 1457 3226 aufertur,
1515 3175 1648 3216 cum
1691 3168 1808 3217 tota

89 3249 399 3307 simulatio
426 3264 651 3318 eorum,
687 3250 788 3320 qui
817 3251 927 3306 sub
960 3249 1193 3321 jactura
1240 3248 1477 3319 pudoris
1515 3250 1585 3305 de
1629 3248 1807 3305 casti-

91 3347 217 3397 tatc
278 3354 336 3395 se
386 3339 673 3410 jactitant,
722 3340 796 3395 ad
855 3340 1153 3396 veritatem
1190 3340 1281 3397 sui
1331 3340 1519 3410 turpis
1575 3339 1809 3397 habitus

91 3428 462 3486 denudatur.

166 3518 349 3577 Vnus.
386 3520 439 3573 8.
470 3547 540 3558 —
566 3538 588 3567 ι
622 3516 850 3573 Juravit
872 3517 1153 3575 Dominus
1186 3518 1243 3573 in
1274 3517 1471 3574 anima
1508 3532 1634 3584 sua,
1672 3517 1809 3574 dicit

102 3629 139 3679 ι,
159 3608 452 3663 Dominus
508 3605 870 3662 exercituum
927 3620 940 3660 :
999 3606 1252 3663 Detestor
1308 3622 1414 3678 ego
1475 3606 1807 3677 superbiam

102 3717 129 3748 η
162 3696 367 3763 Jacob,
425 3702 481 3752 et
531 3694 728 3752 domos
780 3695 907 3765 ejus
963 3696 1078 3762 odi,
1129 3703 1186 3753 et
1238 3696 1462 3752 tradam
1515 3696 1807 3752 civitatem

106 3808 128 3833 ι
166 3800 309 3843 cum
352 3784 774 3841 habitatoribus
820 3785 960 3841 suis.
997 3806 1018 3833 ι
1053 3786 1114 3840 In
1169 3788 1358 3840 anima
1384 3800 1489 3839 sua
1515 3785 1668 3841 Deus
1709 3784 1806 3854 ju-

100 3880 216 3941 rat,
244 3884 380 3928 cum
412 3872 484 3928 ad
517 3871 617 3941 jus
664 3871 981 3927 voluntatis
1027 3886 1147 3928 suae
1192 3872 1331 3929 tales
1356 3871 1598 3941 ltandem
1647 3871 1808 3941 aspi-

98 3961 291 4018 rando
346 3967 596 4017 revocat.
649 3960 972 4029 Superbiam
1028 3961 1193 4016 Jacob
1263 3961 1599 4025 detestatur,
1672 3973 1806 4015 cum

98 4064 327 4115 eorum,
356 4049 456 4119 qui
495 4062 603 4105 sua
638 4064 698 4104 se
748 4048 889 4104 vitia
924 4048 1301 4119 supplantare
1343 4047 1454 4104 sibi
1509 4053 1803 4118 arrogant,

97 4138 472 4208 sibimetipsis
515 4136 721 4209 dignos
768 4135 1140 4192 detestatione
1182 4137 1554 4193 demonstrat.
1622 4137 1807 4189 [tomos

99 4225 220 4296 ejus
265 4226 405 4288 odit,
459 4239 594 4281 cum
646 4224 926 4280 mentium
987 4223 1422 4295 conceptacula,
1474 4222 1532 4279 in
1587 4222 1808 4293 quibus

102 4315 259 4385 apud
289 4328 349 4371 se
379 4314 451 4370 de
502 4328 561 4369 se
593 4313 900 4383 gloriatur,
953 4312 1083 4369 odio
1132 4313 1311 4385 digna
1345 4311 1611 4368 ostendit.
1649 4311 1809 4367 Unde

1854 1805 1895 1860 Β

1925 596 2339 654 confessionem
2372 598 2525 655 foras
2551 600 2844 656 excludat.

1996 686 2168 743 Vens.
2228 690 2312 743 tt.
2362 718 2433 731 —
2469 709 2497 736 ‹‹
2528 689 2596 745 Et
2641 691 2788 746 dicet
2836 692 2909 758 ei,
2966 690 3071 761 qui
3118 691 3177 747 in
3236 691 3631 761 penetralibus

1932 796 1953 823 ›
1991 776 2196 832 domus
2222 785 2351 833 est.
2403 778 2680 849 Nunquid
2721 779 2914 836 adhuc
2957 789 3040 837 est
3089 794 3262 851 penes
3305 782 3394 837 te?
3429 783 3498 837 Et
3538 796 3625 839 re-

1928 883 1956 915 »
1988 866 2290 935 spondebit
2318 883 2331 921 :
2369 866 2525 923 Finis
2555 876 2658 923 est.
2701 868 2771 923 Et
2804 868 2951 925 dicet
2982 869 3035 924 ei
3070 884 3081 923 ;
3137 870 3301 935 Tace,
3333 878 3390 926 et
3436 885 3507 926 ne
3534 886 3629 926 re-

1932 975 1953 1002 ι
1988 954 2241 1010 corderis
2282 955 2533 1011 nominis
2578 958 2823 1013 Domini.
2865 980 2885 1006 ι
2931 958 3098 1023 Dicit,
3164 958 3322 1014 haud
3379 959 3625 1016 dubium

1927 1042 2069 1112 quin
2104 1044 2485 1114 propinquus,
2519 1054 2713 1101 uoster
2743 1047 2945 1117 utique
2972 1046 3211 1117 spiritus
3239 1050 3309 1115 ei,
3341 1050 3441 1119 qui
3458 1056 3545 1105 est
3572 1051 3631 1102 in

1921 1134 2313 1200 penetralibus,
2350 1133 2564 1189 scilicet
2592 1137 2843 1192 carnalis
2876 1135 3118 1192 allectus
3155 1137 3364 1193 nostris
3406 1137 3626 1193 medul-

1926 1219 1997 1275 lis
2026 1220 2334 1291 ingenitus.
2370 1223 2696 1293 Interrogat
2725 1224 2770 1279 si
2797 1231 2881 1279 est
2908 1224 3103 1281 adhuc
3138 1241 3299 1293 penes
3329 1239 3484 1287 eum.
3519 1225 3630 1281 ali-

1927 1309 2067 1379 quid
2101 1309 2359 1366 videlicet
2389 1312 2458 1366 de
2490 1312 2766 1381 scrupulo
2811 1312 3047 1381 peccati,
3100 1314 3256 1383 quod
3288 1314 3631 1370 intrinsecus

1927 1399 2184 1455 mordeat
2207 1414 2361 1455 eum.
2396 1400 2496 1455 Ille
2524 1402 2873 1469 respondebit
2905 1418 2919 1457 :
2951 1402 3109 1457 Finis
3147 1406 3247 1470 est,
3291 1402 3431 1472 quia
3479 1403 3630 1473 ignis

1926 1488 2525 1556 concupiscentiarum
2565 1490 2786 1559 sopitus
2821 1498 2924 1546 est.
2954 1490 3062 1547 Cui
3091 1490 3181 1546 ille
3215 1489 3387 1546 infert
3425 1499 3491 1547 ut
3538 1499 3629 1547 ta-

1926 1583 2068 1641 ceat,
2102 1577 2377 1632 nimirum
2408 1586 2470 1632 ut
2502 1578 2661 1633 nullo
2692 1580 2861 1633 modo
2897 1594 2998 1648 pro
3031 1578 3272 1646 tantilla,
3304 1586 3357 1634 et
3389 1579 3625 1635 forsitan

1926 1671 2328 1719 momentanea
2360 1666 2539 1720 animi
2583 1667 2777 1736 quiete
2810 1681 2868 1722 se
2913 1667 3119 1737 erigat.
3163 1667 3470 1723 Recordari
3523 1684 3627 1722 no-

1925 1752 2088 1805 minis
2126 1752 2345 1805 Domini
2380 1767 2514 1808 eum
2556 1760 2743 1823 vetat;
2785 1753 2943 1824 quod
2986 1769 3103 1809 non
3152 1762 3237 1809 est
3276 1755 3457 1822 aliud,
3518 1756 3628 1812 nisi

1922 1840 2077 1909 quod
2109 1840 2382 1896 oblivioni
2419 1842 2524 1896 hoc
2552 1842 2737 1911 ipsum
2774 1842 3107 1898 nullatenus
3131 1842 3340 1898 tradat.
3369 1842 3627 1909 Quorum

1921 1926 2076 1983 enim
2106 1928 2523 1996 obliviscimur,
2571 1932 2857 1987 recordari
2909 1931 3177 1987 dicimur.
3212 1931 3321 1998 Qui
3360 1945 3498 2002 ergo
3534 1933 3629 1987 in-

1925 2014 2149 2070 terdum
2182 2015 2397 2071 oblitus
2429 2016 2661 2072 tandem
2702 2017 2831 2088 ejus
2874 2031 2997 2073 esse
3028 2026 3459 2084 commemorat,
3496 2032 3626 2087 pro-

1920 2103 2014 2159 cul
2044 2104 2223 2160 dubio
2251 2104 2394 2167 ,sine
2439 2104 2859 2161 intermissione
2909 2120 3021 2161 non
3070 2114 3215 2161 orat.
3269 2105 3415 2160 Eum
3460 2105 3627 2175 plane

1919 2194 2156 2245 nominis
2186 2194 2403 2246 Domini
2446 2204 2560 2248 non
2594 2193 2815 2249 aestimo
2868 2193 3257 2259 recordatum,
3306 2193 3409 2262 qui
3459 2192 3624 2263 quasi

1920 2286 2204 2335 tumentes
2232 2293 2403 2348 super
2422 2295 2482 2335 se
2514 2280 2725 2336 fluctus
2753 2281 2965 2351 legitur
2995 2280 3249 2336 timuisse
3283 2283 3479 2336 Deum.

1993 2367 2164 2423 Vens.
2202 2368 2286 2422 l2.
2322 2395 2388 2407 —
2427 2389 2447 2416 ι
2503 2366 2648 2432 Quia
2699 2384 2827 2423 ecce
2871 2368 3149 2424 Dominus
3194 2369 3511 2436 mandabit,
3571 2376 3627 2423 ct

1921 2476 1949 2508 ιο
1976 2456 2256 2527 percutiet
2302 2455 2539 2512 domum
2590 2458 2865 2526 majorem
2909 2457 3112 2523 ruinis,
3156 2465 3213 2512 et
3249 2457 3485 2512 domum
3518 2457 3624 2513 mi-

1924 2568 1945 2593 ι
1981 2558 2182 2601 norem
2222 2544 2613 2600 seissionihus.
2656 2565 2678 2593 ι
2732 2548 2989 2600 Dominus
3037 2544 3275 2599 mandat
3326 2559 3457 2600 cum
3505 2544 3624 2600 cle—

1920 2641 2142 2690 menter
2203 2632 2442 2702 aspirat.
2513 2633 2742 2687 Domum
2789 2633 3051 2701 majorem
3103 2633 3283 2686 ruinis
3356 2632 3619 2701 percutit,

1918 2737 2053 2778 cum
2082 2720 2447 2778 diffusionem
2479 2728 2535 2777 et
2570 2720 2961 2789 spatiosiorem
3002 2719 3167 2774 illum
3210 2718 3419 2774 mentis
3459 2719 3621 2775 habi-

1918 2817 2067 2875 tum,
2114 2808 2219 2878 qui
2266 2807 2519 2863 carnalis
2566 2808 2780 2863 dicitur
2829 2808 3139 2877 appetitus,
3186 2813 3537 2877 conquassat
3567 2815 3623 2864 et

1918 2897 2128 2954 obruit.
2186 2898 2411 2951 Domum
2462 2899 2725 2949 minorem
2778 2895 3130 2949 scissionibus
3166 2895 3431 2964 percutit,
3484 2911 3619 2951 cum

1919 2985 2104 3054 ipsam
2159 2982 2439 3039 rationem
2496 2996 2628 3052 quae
2688 2981 2974 3046 subtilior,
3032 2990 3086 3036 et
3145 2988 3357 3037 natura
3404 2981 3619 3037 intimae

1917 3071 2274 3130 discretionis
2327 3069 2753 3141 quodammodo
2817 3069 3117 3138 augustior
3180 3076 3282 3130 est,
3342 3070 3622 3125 adversus

1916 3176 2051 3218 suos
2095 3167 2286 3216 motus
2322 3158 2379 3214 in
2411 3158 2599 3226 seipsa
2624 3157 2902 3212 continua
2949 3155 3236 3212 duellione
3279 3155 3616 3211 subdividit.

1988 3251 2161 3308 νεικεῖ».
2200 3252 2282 3305 t3.
2313 3279 2380 3287 —
2419 3272 2437 3294 α
2489 3245 2768 3315 Nunquid
2817 3258 3052 3300 currere
3089 3253 3315 3313 queunt
3346 3243 3402 3299 in
3446 3244 3620 3313 petris

1924 3362 1943 3387 ι
1971 3339 2128 3411 equi,
2162 3345 2265 3394 aut
2302 3337 2453 3392 arari
2489 3342 2671 3405 potest
2712 3337 2767 3390 in
2819 3333 3089 3390 bubalis?
3120 3356 3140 3381 ν
3194 3336 3257 3389 ιη
3285 3335 3457 3401 petris
3494 3336 3621 3402 equi

1918 3442 2034 3485 non
2082 3432 2351 3491 currunt,
2411 3438 2544 3479 cum
2572 3423 2631 3479 in
2684 3423 2975 3479 mentibus
3028 3430 3329 3492 postquam
3381 3435 3452 3477 ex
3505 3422 3618 3477 Deo

1916 3524 2118 3575 contra
2142 3514 2279 3570 vitia
2309 3513 2697 3577 induruerint,
2732 3513 2935 3568 ferales
2963 3527 3031 3568 ac
3057 3512 3253 3567 lascivi
3282 3520 3475 3567 motus
3502 3525 3615 3566 non

1916 3621 1976 3663 se
2005 3606 2299 3676 ingerunt.
2334 3605 2404 3659 In
2441 3602 2656 3656 bubulis
2687 3616 2801 3657 non
2846 3608 3068 3667 aratur,
3114 3615 3249 3657 cum
3297 3614 3394 3670 per
3429 3607 3619 3658 motus

1914 3690 2180 3757 eﬁrenos,
2207 3698 2261 3747 et
2299 3690 2657 3760 impatientes
2690 3689 2815 3761 jugi
2849 3704 3008 3746 mens
3041 3689 3372 3745 nullatenus
3421 3687 3618 3758 aliqua

1860 3805 1871 3815 ~
1917 3779 2293 3837 subversione
2318 3779 2422 3850 piae
2452 3778 2813 3850 cogitationis
2838 3779 3164 3848 attingitur.

1988 3870 2157 3927 Vens.
2196 3870 2279 3924 14.
2308 3898 2376 3908 -
2409 3890 2437 3918 ‹‹
2485 3868 2769 3934 Quoniam
2813 3867 3176 3924 convenistis
3225 3866 3281 3923 in
3335 3865 3615 3922 amaritu-

1925 3957 2161 4013 idinem
2211 3956 2520 4027 judicium,
2578 3965 2634 4011 et
2690 3955 2944 4011 fructum
2992 3953 3237 4024 justitize
3288 3953 3344 4009 in
3399 3953 3619 4022 absyn-

1924 4068 1943 4093 ι
1977 4045 2201 4102 thium?
2235 4044 2343 4108 Qui
2373 4044 2645 4101 laetemini
2693 4043 2750 4099 in
2789 4042 2987 4109 nihilo,
3021 4040 3122 4111 qui
3170 4040 3356 4096 dicitis
3390 4056 3402 4095 :
3457 4041 3633 4096 Nunr

1924 4156 1943 4182 »
1976 4134 2115 4205 quid
2169 4148 2281 4189 non
2341 4133 2675 4190 fortitudine
2726 4139 2921 4193 nostra
2986 4128 3409 4199 assumpsimus
3457 4130 3622 4185 nobis

1924 4246 1943 4271 ι
1980 4223 2238 4280 cornua?
2276 4244 2299 4273 ι
2347 4224 2429 4280 Ac
2469 4224 2514 4279 si
2563 4223 2821 4279 diceret:
2868 4221 3196 4292 Aliquando
3240 4234 3374 4276 cum
3428 4219 3620 4276 adhuc

1918 4326 2134 4369 morem
2190 4312 2400 4367 saeculo
2451 4311 2744 4383 gereretis,
2804 4319 3010 4367 vestra:
3059 4308 3300 4365 rationis
3359 4308 3620 4365 dulcedi-

105 4404 385 4457 civitatem
426 4417 548 4458 cum
584 4400 988 4456 habitatoribus
1021 4400 1214 4465 tradit,
1251 4414 1383 4457 cum
1431 4399 1612 4469 ipsam
1663 4413 1805 4454 con-
1846 4412 1890 4466 ι)
1922 4416 2052 4459 nem
2085 4401 2140 4456 in
2181 4401 2551 4456 saecularium
2589 4399 2952 4470 negotiorum
2995 4397 3444 4454 amaritudinem
3485 4410 3621 4452 vcr-

108 4490 409 4548 scientiam
437 4504 570 4546 cum
614 4488 904 4546 universis
943 4489 1066 4545 suis
1104 4488 1364 4546 moribus
1392 4502 1493 4559 per
1543 4488 1841 4573 comtuis-_
1923 4490 2145 4555 tebatis,
2170 4497 2226 4545 et
2256 4489 2388 4545 inde
2425 4488 2680 4545 suboriri
2724 4487 2883 4543 vobis
2913 4494 3130 4557 poterat
3180 4487 3405 4543 fructus
3448 4486 3618 4558 justi-

110 4579 330 4637 sionem
358 4579 429 4635 ad
455 4578 547 4635 sui
571 4577 953 4649 proditiouem
983 4578 1155 4649 cogit.

182 4668 358 4725 Vnus.
389 4670 442 4735 9,
487 4667 573 4721 10.
612 4695 682 4706 -
717 4686 746 4715 ‹‹
792 4666 953 4732 Quod
1000 4666 1045 4722 si
1094 4664 1305 4736 reliqui
1358 4664 1571 4720 fuerint
1615 4664 1810 4720 decem

120 4778 140 4804 ι
168 4756 277 4829 viri
317 4756 377 4812 in
406 4756 574 4814 domo
605 4769 745 4822 una,
787 4761 841 4810 et
882 4754 986 4825 ipsi
1023 4751 1379 4809 morientur?
1407 4752 1480 4808 Et
1528 4751 1683 4808 tollet
1717 4766 1813 4808 eos

121 4867 140 4891 ι
179 4845 544 4917 propinquus
598 4858 761 4912 suus,
820 4851 876 4899 et
937 4843 1044 4914 ipsi
1104 4841 1425 4908 comburet,
1502 4847 1563 4897 ut
1612 4840 1811 4897 efferat

122 4955 141 4981 ι
183 4948 311 4992 ossa
348 4934 419 4992 de
461 4933 649 4990 domo.
680 4954 709 4983 ››
759 4934 824 4989 In
869 4932 1026 4987 domo
1084 4946 1197 4986 una
1233 4930 1410 4985 decem
1458 4932 1568 4985 viri
1613 4931 1815 4999 reliqui

115 5030 267 5090 sunt,
298 5037 431 5080 cum
466 5023 522 5079 in
554 5036 674 5079 una
704 5020 1053 5078 conscientia
1081 5022 1198 5076 duo
1228 5018 1487 5090 quinarii
1522 5018 1813 5075 sensuali-

117 5118 318 5181 tatum,
356 5119 599 5169 vacante
624 5111 745 5183 jam
786 5124 965 5181 pravo
1005 5116 1133 5180 post
1179 5108 1593 5164 confessionem
1623 5122 1808 5178 opere,

119 5206 394 5270 tanquam
421 5200 525 5257 soli
549 5200 817 5257 subsunt.
850 5200 921 5255 Et
947 5200 1058 5268 ipsi
1093 5200 1424 5265 moriuntur,
1455 5212 1588 5253 cum
1620 5211 1655 5252 a
1682 5211 1813 5252 con-

118 5294 278 5343 sueta
304 5303 411 5345 sua
440 5287 715 5344 aviditate
751 5284 1138 5357 perimuntur,
1185 5287 1537 5355 Propinquus
1566 5300 1698 5339 suus
1726 5298 1811 5337 eos

119 5374 277 5445 tollit,
326 5392 462 5435 cum
492 5382 643 5432 Q36
671 5376 746 5432 ab
794 5376 990 5431 inﬁmo
1034 5388 1133 5430 eas
1179 5374 1438 5445 appetitu
1482 5374 1628 5429 ratio
1668 5372 1810 5430 tide-

121 5462 231 5519 lius
282 5465 503 5523 caeteris
556 5466 639 5520 eis
685 5464 1013 5535 propinqua
1076 5464 1344 5519 sustollit.
1418 5463 1527 5517 Eos
1577 5476 1813 5532 quoque

126 5554 420 5623 comburit,
469 5568 602 5610 cum
651 5554 727 5624 pii
784 5553 1048 5609 desiderii
1091 5560 1237 5609 aestu
1285 5552 1436 5622 ipsas
1465 5551 1536 5608 ad
1598 5564 1810 5621 purum

126 5643 454 5700 examinare
500 5642 810 5699 contendit.
846 5643 916 5698 Et
958 5640 1065 5697 hoc
1107 5640 1259 5709 facit,
1311 5647 1371 5695 ut
1415 5655 1539 5695 ossa
1565 5640 1633 5694 de
1657 5639 1813 5695 domo

1920 4580 2033 4645 tite,
2082 4580 2186 4635 hoc
2219 4577 2275 4633 in
2315 4577 2710 4647 absynthium,
2758 4577 2914 4646 quod
2941 4574 3075 4632 alibi
3136 4589 3326 4645 cepas,
3378 4584 3434 4630 et
3486 4574 3621 4631 allia

1921 4675 2086 4724 vocat
2116 4666 2413 4736 Scriptura
2450 4668 2633 4735 (Num.
2662 4680 2748 4731 ιι,
2793 4665 2868 4736 5),
2900 4663 3167 4721 solebatis
3210 4665 3514 4729 invertere,
3564 4663 3620 4719 in

1921 4757 2029 4814 hac
2058 4770 2189 4826 qua
2223 4756 2363 4811 nihil
2396 4755 2507 4811 dici
2546 4762 2724 4825 potest
2756 4752 3173 4823 temporalitate
3202 4765 3304 4821 pro
3334 4760 3621 4809 momento

1922 4844 2201 4911 laetantes,
2231 4849 2286 4899 et
2319 4842 2702 4911 potentiarum
2736 4854 3020 4897 manuum
3051 4852 3271 4894 cornua
3293 4837 3411 4894 solo
3432 4847 3623 4895 vestro

1921 4933 2144 4997 robore,
2181 4938 2237 4988 et
2269 4931 2485 5002 ingenii
2528 4930 2798 4987 acumine
2828 4944 2928 4986 vos
2969 4927 3347 4998 assumpsisse
3386 4927 3622 4998 jactan-

1920 5028 2021 5079 tes.
2080 5020 2276 5089 (Vnus.
2336 5022 2439 5089 l5.)
2473 5042 2499 5069 ‹‹
2556 5020 2699 5075 Ecce
2761 5033 2867 5090 ego
2924 5015 3215 5073 suscitabo
3272 5028 3444 5085 super
3499 5030 3617 5083 vos,

1926 5132 1946 5158 ι
1978 5110 2186 5166 domus
2217 5108 2414 5174 Israel,
2447 5109 2583 5164 dicit
2627 5108 2908 5164 Dominus
2936 5106 3321 5171 exercituum,
3372 5112 3618 5175 gentem,

1926 5220 1946 5243 ι
1981 5205 2037 5253 et
2061 5203 2355 5254 conterent
2388 5211 2489 5252 vos
2515 5196 2588 5251 ab
2615 5195 2855 5252 introitu
2904 5193 3114 5251 Emath
3156 5207 3342 5263 usque
3386 5192 3459 5248 ad
3500 5200 3621 5248 tor-

1926 5307 1948 5333 -
1984 5292 2200 5340 rentem
2228 5283 2456 5340 deserti.
2493 5304 2522 5333 »
2556 5284 2709 5339 Deus
2729 5287 2937 5350 gentem
2963 5294 3136 5350 super
3164 5281 3417 5345 domum,
3447 5280 3618 5336 Israel

1920 5371 2177 5437 suscitat,
2210 5384 2342 5426 cum
2377 5384 2540 5425 novre
2568 5368 2930 5439 cogitationis
2959 5381 3146 5439 genus
3174 5366 3232 5422 in
3266 5366 3460 5423 animo
3489 5382 3621 5423 cum

1923 5460 2036 5516 Deo
2073 5459 2244 5529 dirigi
2295 5459 2540 5526 volente,
2596 5457 2952 5528 paenitudine
3005 5464 3298 5527 concepta,
3346 5456 3621 5513 vivificat.

1924 5549 2147 5616 Emath,
2209 5555 2272 5604 ut
2319 5547 2591 5618 superius
2635 5546 2779 5616 dixi,
2801 5548 3028 5617 sanguis
3065 5546 3492 5615 interpretatur.
3541 5545 3624 5601 Ab

1922 5639 2153 5694 introitu
2179 5651 2316 5708 ergo
2360 5638 2563 5692 Emath
2592 5651 2760 5706 usque
2800 5635 2877 5691 ad
2918 5640 3206 5690 torrentem
3248 5633 3451 5689 deserti
3494 5647 3624 5689 cou-
