3956 6402
319 369 414 432 £39

1197 373 1260 426 V.
1301 371 1635 428 GUIBERTI
1675 369 1964 426 ABBATIS
2003 371 2058 425 S.
2102 367 2338 424 ΜΔΒῙᾹΞ
2375 366 2468 422 ΒΕ
2530 365 2915 422 NOVIGENTO

3721 362 3838 416 45-0

311 514 599 574 teruntur,
633 505 690 562 id
713 513 796 562 est
825 519 859 560 a
885 503 1072 575 prima
1098 502 1471 559 delectatione
1503 501 1735 571 peccati,
1794 515 2004 570 usque.
2045 503 2090 556 Α
2113 498 2306 554 exitus
2336 497 2564 562 habeat,
2593 495 2761 566 quasi
2789 496 2998 565 partim
3031 494 3338 551 cmentiens
3379 508 3491 551 non
3531 493 3834 566 agnoscit.

311 611 429 668 quo
485 610 558 652 ex
605 592 934 650 omnimoda
984 591 1185 648 mundi
1250 591 1568 647 desertione
1613 590 1904 659 sapientiae
1949 588 2006 643 in

311 684 478 741 nobis
534 681 848 749 smeularis,
903 694 1059 752 aqua
1112 687 1473 735 excrescente
1529 678 1708 734 divini
1773 677 2004 740 amoris.

314 780 510 830 aestate
537 772 803 828 siccetur.

965 875 1198 931 CAPUT
1240 875 1359 930 VII.

386 1036 557 1093 Vnus.
598 1039 644 1090 ι.
678 1063 744 1076 -
778 1057 802 1084 «
843 1035 974 1089 Haec
1010 1032 1258 1088 ostendit
1307 1032 1443 1086 mihi
1477 1031 1754 1086 Dominus
1805 1032 1956 1087 Deus
1992 1047 2005 1084 :

318 1147 338 1172 ι
374 1124 444 1180 Ει
472 1139 600 1180 ecce
632 1124 792 1179 lictor
833 1122 1066 1177 locusta:
1111 1121 1171 1176 in
1224 1120 1515 1190 principio
1555 1120 2006 1190 germinantium

251 1217 255 1220 ·
314 1232 343 1263 ιι
385 1211 619 1268 serotini
670 1210 887 1276 imbris,
919 1217 975 1266 et
1019 1223 1148 1265 ecce
1195 1209 1483 1264 serotinus
1546 1214 1669 1278 post
1723 1216 2008 1264 tonsorem

314 1320 343 1352 ι
377 1302 500 1372 [al.,
548 1299 889 1368 tonsionem]
946 1299 1115 1368 regis.
1151 1319 1173 1346 ι
1228 1297 1390 1365 Hac,
1441 1296 1653 1366 inquit.
1704 1312 1836 1366 quae
1883 1296 2008 1351 dic-

313 1396 482 1445 turus
511 1403 642 1444 sum
687 1387 934 1442 ostendit
983 1386 1126 1442 mihi
1178 1387 1434 1440 Dominus
1493 1388 1650 1440 Deus.
1693 1385 1853 1439 Ecec.
1917 1384 2010 1439 in-

312 1478 459 1550 quit,
511 1481 666 1546 ﬁctor
717 1479 932 1530 locustae
986 1479 1041 1529 in
1089 1477 1369 1544 principio
1417 1477 1841 1540 germinantium
1865 1489 2009 1527 sero-

315 1569 422 1621 tini
450 1567 664 1628 imbris,
701 1565 963 1620 videlicet
991 1565 1145 1619 Deus
1172 1563 1512 1632 compositor
1547 1571 1754 1618 nostra:
1781 1562 1852 1616 ad
1881 1575 2007 1631 pro-

315 1655 603 1711 bationem
634 1652 986 1719 tentationis,
1025 1660 1081 1707 et
1111 1651 1168 1706 in
1209 1652 1346 1707 Sina
1369 1650 1548 1717 enim,
1579 1651 1734 1721 quod
1762 1658 1847 1706 est
1897 1655 2011 1703 ten-

316 1746 472 1810 tatio,
499 1751 554 1799 et
584 1746 643 1796 lu
692 1749 910 1806 sancto,
951 1741 1002 1795 id
1031 1748 1115 1796 est
1146 1739 1203 1794 in
1253 1740 1553 1795 sanctitate
1593 1739 1890 1794 nobiscum
1919 1739 2012 1794 di-

2115 587 2196 642 Ad
2227 586 2648 656 reprimendam
2689 599 2826 654 ergo
2860 583 3058 640 mortis
3100 583 3365 638 instantis
3411 583 3657 651 rabiem,
3698 596 3840 653 par-

2117 675 2350 730 vitatem
2379 689 2546 729 suam
2586 673 2844 729 clamans
2888 672 3127 742 spiritus
3169 672 3285 728 Deo
3332 680 3523 728 noster
3572 671 3834 744 ingemi-

2121 771 2236 830 nat,
2278 771 2334 818 et
2365 771 2744 832 prosequente
2795 775 2922 813 om
2967 760 3152 826 gratia
3199 774 3314 815 non
3357 760 3612 815 liendum
3666 759 3834 830 quod

2119 860 2494 921 proposuerat
2516 852 2711 907 dictat.
2756 851 2914 906 Uuuc
2948 864 3168 905 necesse
3197 856 3311 910 est,
3349 848 3656 920 utquibus
3688 863 3832 904 eru-

2120 941 2381 1006 diamur,
2411 949 2466 996 et
2497 940 2609 995 alia
2639 939 2920 995 ostendat.

2192 1030 2360 1086 Vens.
2389 1033 2441 1097 7,
2492 1032 2543 1082 8.
2579 1057 2646 1070 —
2703 1049 2730 1076 ‹‹
2785 1029 2856 1084 Et
2909 1042 3038 1083 ecce
3097 1027 3377 1082 Dominus
3432 1034 3592 1082 stans
3645 1040 3834 1096 super

2135 1143 2146 1163 ι
2175 1132 2405 1173 murum
2439 1118 2624 1184 litum,
2673 1121 2728 1172 et
2763 1118 2820 1171 in
2861 1131 3037 1172 manu
3070 1117 3196 1186 ejus
3229 1116 3404 1172 trulla
3443 1115 3828 1170 armentarii.

2126 1230 2145 1253 ιο
2183 1207 2248 1261 Et
2272 1206 2417 1261 dixit
2447 1206 2728 1260 Dominus
2774 1205 2844 1260 ad
2876 1219 3006 1260 me:
3049 1204 3196 1270 Quid
3248 1211 3311 1260 tu
3365 1203 3538 1258 vides.
3600 1203 3831 1258 Amos?

2124 1315 2146 1342 ι
2181 1303 2234 1350 et
2288 1294 2440 1348 dixi:
2504 1294 2761 1348 Trullam
2814 1293 3187 1348 cmmentarii.
3249 1313 3270 1340 ι
3328 1295 3589 1347 Dominus
3659 1307 3834 1360 super

2119 1400 2330 1437 murum
2365 1383 2519 1436 litum
2561 1391 2691 1447 stat,
2721 1397 2853 1437 cum
2899 1396 3074 1451 super
3124 1389 3332 1436 nostra:
3377 1380 3830 1450 propugnacula

2121 1471 2346 1536 mentis,
2379 1471 2594 1541 quibus
2640 1470 2866 1525 diabolo
2893 1484 3167 1539 paramus
3219 1469 3494 1524 obsistere
3541 1468 3834 1524 Dominus

2121 1559 2405 1615 auxilium
2454 1559 2682 1614 laturus
2726 1561 3006 1626 assistere,
3047 1566 3199 1613 certo
3229 1557 3560 1612 animorum
3591 1564 3832 1612 nostro-

2120 1662 2254 1703 rum
2281 1649 2671 1718 experimento
2699 1663 2757 1703 se
2804 1655 3100 1704 monstrat.
3153 1649 3372 1702 Murum
3416 1654 3610 1702 autem
3668 1647 3833 1699 litum

2123 1744 2308 1801 vocat,
2349 1737 2489 1805 quia
2535 1737 2686 1791 Deus
2739 1752 2872 1792 eum
2928 1745 3146 1791 remota
3204 1735 3326 1790 vitii
3378 1734 3832 1803 scrupulositate

319 1839 601 1897 versatur,
647 1830 704 1885 in
755 1829 1036 1899 principio
1083 1836 1293 1884 nostrae
1343 1827 1733 1893 institutionis,
1781 1827 2016 1896 quando
2057 1835 2097 1890 Β
2127 1825 2470 1894 complanat,
2501 1832 2557 1880 et
2589 1833 2791 1880 contra
2841 1824 3066 1894 pluvias
3118 1823 3498 1880 tentationum
3551 1822 3832 1879 munitet

319 1927 510 1976 tamen
541 1934 613 1974 ex
633 1918 831 1973 divino
861 1931 1055 1972 amore
1083 1919 1392 1986 compnngi
1426 1915 1753 1985 incipimus,
1789 1914 1836 1969 is
1863 1914 2017 1969 enim

317 2017 400 2064 est
445 2007 628 2064 imber
681 2008 971 2070 serotinus,
1022 2003 1095 2059 ad
1147 2003 1319 2073 cujus
1373 2009 1590 2057 motum
1641 2001 1696 2056 in
1756 2002 2018 2056 omnium

318 2097 484 2166 plane
527 2096 813 2151 virtutum
862 2107 1110 2163 germen
1157 2091 1540 2160 erumpimus.
1593 2092 1743 2154 Ecce,
1806 2089 2014 2159 inquit,

313 2185 471 2248 ﬁctor
511 2185 745 2238 locusta.
779 2183 860 2236 Ac
888 2181 936 2236 si
989 2180 1248 2236 diceret:
1310 2178 1609 2235 Accessisti
1656 2179 1726 2233 ad
1767 2177 2016 2234 servitu-

320 2279 430 2328 tem
457 2270 579 2337 Dei,
610 2278 698 2325 sta
729 2269 785 2324 in
820 2267 1046 2339 justitia
1069 2274 1125 2322 et
1166 2266 1368 2321 timore
1416 2267 1613 2334 (Eccli.
1656 2280 1714 2331 ιι,
1761 2266 1832 2334 2),
1878 2265 2019 2335 quia

318 2373 449 2422 ecce,
482 2357 538 2412 id
564 2365 647 2413 est
679 2355 752 2412 ad
790 2355 1049 2412 subitum
1077 2353 1179 2410 tibi
1213 2353 1442 2420 insiliet,
1491 2353 1588 2408 Dei
1619 2360 1813 2408 tamen
1847 2361 2015 2418 nutu,

321 2445 665 2501 mordacitas
718 2442 1106 2514 suggestionis
1147 2455 1360 2511 pravze.
1438 2441 1680 2495 Locusta
1725 2440 1878 2496 enim
1921 2455 2017 2496 ore

321 2533 492 2600 laedit,
523 2533 581 2588 in
621 2533 833 2603 frigore
879 2538 1082 2600 torpet,
1130 2529 1211 2584 sic
1259 2528 1494 2584 tentatio
1554 2528 1712 2583 cordi
1769 2529 2020 2584 admissa

319 2620 623 2688 consumit,
653 2619 990 2688 reprimitur
1017 2615 1290 2677 adversis,
1321 2616 1690 2685 prosperitate
1732 2623 2014 2671 movetur.

325 2710 542 2764 Tonsor
579 2707 731 2778 regis
783 2707 1002 2762 brucus
1043 2705 1115 2760 ad
1144 2705 1366 2760 literam
1417 2703 1752 2771 vocabatur,
1806 2713 1860 2761 et
1891 2705 2018 2760 ideo

320 2805 514 2853 tonsor
538 2795 680 2866 quia
729 2795 1026 2851 residuum
1061 2793 1415 2849 locustarum
1458 2793 1576 2848 solo
1614 2801 1782 2849 tenus
1824 2802 2018 2850 atton-

319 2887 453 2942 dere
482 2885 806 2951 videbatur,
838 2885 1009 2951 Regis
1038 2891 1232 2938 autem
1262 2875 1492 2947 dicitur,
1527 2881 1667 2952 quia
1696 2882 1819 2936 sine
1868 2881 2019 2951 regis

318 2975 577 3031 omnium
601 2973 882 3043 permissu
912 2971 1056 3027 nihil
1086 2984 1256 3041 agere
1287 2969 1603 3025 sinebatur.
1639 2970 1864 3026 Brucus
1905 2971 2018 3026 ita-

319 3079 433 3135 que
460 3071 654 3119 tonsor
691 3069 795 3128 est,
846 3075 981 3116 cum
1008 3059 1272 3130 capitalis
1327 3058 1638 3128 cujuslibet
1689 3058 1815 3114 vitii
1876 3073 2019 3114 usus

320 3133 649 3208 indesinens
696 3151 871 3206 menti
911 3149 1280 3206 devastandos
1331 3147 1696 3204 invisibiliter
1739 3155 2016 3218 superest.
2059 3133 2100 3188 (ἶ

319 3244 444 3297 Post
496 3241 653 3296 hunc
710 3245 974 3294 tonsorem
1028 3241 1299 3293 serotinus
1359 3237 1523 3303 redit,
1594 3251 1728 3292 cum
1787 3251 2022 3306 exaspe-

321 3337 508 3396 rante,
563 3328 678 3384 imo
727 3335 972 3398 urgente
1049 3334 1300 3396 peccato,
1357 3325 1524 3395 quasi
1578 3327 1650 3380 ad
1702 3334 2020 3382 extremam

318 3417 774 3488 compunctionis
831 3415 1179 3471 medicinam
1247 3427 1408 3469 mens
1459 3414 1733 3470 universa
1790 3421 2022 3484 repente

322 3506 601 3562 concedit.
650 3504 866 3560 Bruchi
923 3509 1117 3557 autem
1174 3510 1447 3557 naturam
1491 3501 1726 3568 scimus,
1778 3501 1898 3556 loco
1927 3500 2019 3556 cui

322 3593 593 3650 insederit
621 3593 802 3648 donec
831 3591 1034 3646 reddat
1059 3603 1320 3655 exesum,
1357 3589 1591 3645 minime
1619 3588 1919 3644 dimoveri.

394 3683 546 3739 Vens
575 3683 628 3734 2.
659 3707 732 3721 —
760 3700 786 3728 ς(
845 3679 914 3734 Εῑ
953 3678 1168 3734 factum
1221 3685 1325 3740 est,
1383 3691 1517 3732 cum
1571 3685 2024 3734 consummasset

329 3791 350 3817 ι
385 3769 680 3825 comedere
711 3767 950 3823 herbam
984 3775 1168 3832 terrae,
1201 3765 1323 3820 dixi
1358 3780 1371 3819 :
1404 3766 1644 3821 Domine
1685 3766 1856 3833 Deus,
1891 3780 2019 3836 pro-

331 3882 352 3906 -
391 3858 566 3929 pitius
610 3865 749 3923 esto,
797 3857 1050 3912 obsecro.
1108 3855 1247 3922 Quis
1304 3855 1600 3910 suscitabit
1650 3855 1844 3922 Jacob,
1882 3855 2021 3926 quia

330 3968 353 3996 ι
390 3946 670 4017 parvulus
698 3947 820 4002 est?
839 3967 859 3994 ι
893 3945 1128 4000 Herbam
1153 3950 1309 3998 terrae
1329 3945 1596 3998 comedere
1635 3952 2019 4011 consummat,

324 4049 458 4092 cum
497 4035 732 4091 tentatio
773 4035 893 4104 spei
939 4034 1176 4089 interna:
1220 4033 1468 4088 virorem
1528 4039 1672 4088 ιω
1723 4040 2020 4089 extenuat.

324 4123 492 4180 Jacob
551 4126 685 4195 quia
731 4124 1000 4194 parvulus
1058 4127 1156 4187 est,
1202 4119 1436 4176 minime
1502 4122 1834 4185 suscitatur,
1882 4122 2022 4192 quia

326 4212 489 4270 rudis
534 4211 785 4278 animus,
826 4218 882 4267 et
933 4223 968 4266 a
994 4208 1172 4266 veteri
1204 4209 1619 4265 consuetudine
1654 4211 1898 4266 necdum
1929 4211 2022 4266 vi-

326 4300 512 4357 riliter
539 4298 896 4368 resipiscens,
928 4311 1235 4367 nunquam
1279 4311 1312 4352 a
1340 4312 1447 4352 suo
1497 4304 1723 4367 torpore
1772 4298 2019 4365 levatur,

327 4388 439 4445 nisi
487 4401 590 4458 per
638 4385 906 4456 illapsum
945 4385 1145 4456 gratiae
1195 4385 1488 4442 Iuleiatur.
1536 4386 1729 4455 (Vsus.
1782 4386 1860 4456 3.)
1893 4386 2019 4443 Vox

2125 1914 2377 1970 roborat.
2429 1915 2490 1968 In
2539 1930 2705 1968 manu
2766 1915 2863 1970 Dei
2905 1916 3073 1969 trulla
3127 1915 3460 1968 cmmentarii
3525 1919 3629 1978 est,
3685 1912 3830 1982 quia

2127 2003 2183 2057 in
2239 2003 2366 2072 ejus
2415 2003 2651 2058 arbitrio
2703 2003 3006 2058 ellicientia
3057 2011 3264 2057 nostra:
3311 2000 3592 2057 tuitionis.
3647 2001 3832 2056 Amos

2123 2091 2336 2146 dicitur
2369 2092 2604 2159 populus
2655 2093 2895 2144 avulsus.
2961 2090 3056 2145 Ille
3109 2091 3261 2145 enim
3320 2089 3608 2152 avellitur,
3654 2091 3832 2159 cujus

2123 2179 2392 2248 cogitatio
2423 2179 2522 2234 Dei
2563 2179 2781 2234 timoris
2811 2179 3112 2234 interstitio
3168 2194 3203 2234 a
3233 2178 3432 2234 mundi
3487 2192 3687 2234 amore
3737 2178 3831 2233 de-

2124 2266 2374 2322 ducitur.
2438 2269 2612 2323 Amos
2691 2282 2827 2335 ergo
2886 2268 3023 2337 quid
3097 2267 3285 2323 videat
3343 2267 3716 2336 recogitatur,
3773 2275 3829 2322 et

2123 2357 2292 2410 trulla
2327 2358 2661 2411 caementarii
2711 2356 2889 2411 videri
2931 2356 3325 2425 respondetur,
3376 2355 3516 2426 quia
3555 2355 3657 2411 Dei
3703 2356 3830 2426 opi-

2127 2445 2252 2499 licio
2275 2445 2405 2499 calx
2435 2445 2619 2500 divini
2664 2444 2872 2500 caloris
2903 2454 3110 2500 nostra}
3161 2444 3475 2500 terrenitati
3522 2444 3829 2515 adjuncta,

2124 2545 2349 2600 semper
2379 2532 2588 2586 nostris
2649 2531 2856 2586 animis
2909 2532 2981 2586 ad
3023 2531 3258 2587 tutelam
3315 2531 3643 2586 adhibenda
3673 2546 3834 2586 mon-

2125 2628 2363 2674 stratur.
2421 2641 2441 2666 ι
2501 2620 2568 2674 Et
2622 2620 2768 2676 dixit
2826 2621 3104 2676 Dominus
3160 2635 3173 2673 :
3233 2621 3375 2675 Ecce
3434 2634 3539 2688 ego
3611 2634 3830 2689 ponam

2131 2730 2150 2754 ι
2190 2705 2423 2763 trullam
2471 2707 2527 2763 in
2556 2709 2739 2763 medio
2778 2708 2973 2778 populi
3004 2709 3113 2763 mei
3147 2709 3342 2763 Israel.
3377 2708 3500 2763 Non
3553 2707 3833 2778 adjiciam

2130 2821 2149 2844 ι
2193 2797 2344 2852 ultra
2371 2796 2822 2866 superinducere
2857 2810 3016 2852 eum.
3061 2817 3083 2846 ι
3119 2797 3314 2864 (Vsus.
3350 2797 3427 2865 9.)
3457 2818 3482 2842 ‹‹
3520 2796 3587 2851 Et
3634 2795 3835 2852 demo-

2132 2885 2397 2940 -lientur
2467 2885 2694 2940 excelsa
2761 2885 2914 2951 idoli,
2985 2893 3040 2941 et
3094 2885 3570 2940 sanctilicationes
3651 2885 3836 2940 Israel

2130 2995 2154 3022 υ
2185 2974 2624 3040 desolabuntur,
2680 2981 2736 3030 et
2781 2987 3126 3044 consurgant
3183 2988 3356 3043 super
3387 2974 3623 3029 domum
3681 2975 3838 3029 Jeru-

2133 3085 2153 3108 ι
2190 3063 2356 3117 beam
2389 3063 2448 3117 in
2480 3062 2692 3132 gladio.
2720 3084 2740 3110 ι
2791 3065 3048 3117 Dominus
3097 3062 3234 3118 dicit
3282 3077 3416 3118 cum
3469 3063 3664 3117 animo
3705 3064 3838 3118 suis

2131 3151 2381 3207 motibus
2438 3152 2836 3220 respondenda
2911 3151 3189 3221 suggerit.
3271 3151 3602 3207 Notandum
3667 3152 3838 3220 quod

2129 3240 2341 3309 cuique
2371 3240 2578 3294 visioni
2608 3241 2963 3309 praeponitur
2995 3254 3008 3293 :
3051 3240 3211 3305 Ecce,
3261 3246 3325 3295 ut
3373 3239 3709 3309 repentinas
3743 3240 3836 3296 in-

2129 3326 2318 3381 sinuet
2347 3326 2758 3393 titillationum,
2788 3327 2875 3381 vel
2903 3327 3264 3382 diversorum
3296 3327 3600 3382 babituum
3633 3341 3841 3396 super-

2131 3415 2428 3471 ventiones
2485 3416 2662 3471 menti
2739 3415 3026 3470 humanae.
3105 3415 3178 3469 In
3245 3416 3419 3468 medio
3483 3417 3678 3484 populi
3740 3415 3838 3472 sui

2129 3505 2300 3559 Israel
2331 3505 2552 3558 trullam
2584 3505 2732 3559 Deus
2773 3505 2950 3574 ponit,
2985 3519 3118 3560 cum
3152 3503 3534 3559 ministerium
3582 3503 3840 3560 subsidii

2129 3592 2238 3659 sui,
2274 3607 2391 3662 quo
2427 3600 2663 3662 paratus
2691 3593 3058 3648 estomnibus
3089 3593 3187 3662 qui
3210 3600 3508 3648 tentantur
3528 3592 3838 3649 auxiliari.

2128 3681 2489 3752 omnibusin
2530 3681 2782 3738 evidenti
2833 3681 3118 3752 proponit.
3171 3683 3287 3736 Non
3319 3681 3513 3752 adjicit
3564 3683 3719 3735 ultra
3748 3698 3843 3736 su-

2128 3770 2478 3839 perinducere
2519 3787 2660 3833 eum,
2705 3785 2837 3826 cum
2865 3771 3134 3841 exigente
3163 3771 3366 3825 merito
3413 3784 3536 3833 suo,
3586 3771 3747 3839 apud
3779 3787 3843 3826 se

2129 3858 2388 3928 cogitatu
2436 3857 2660 3928 judicat
2712 3859 2953 3929 dignum
3008 3874 3086 3925 se,
3129 3859 3224 3914 cui
3286 3860 3434 3914 Deus
3485 3858 3842 3915 subtrahere

2137 3947 2356 4013 debeat,
2438 3962 2559 4003 suae
2612 3947 3012 4018 opitulationis
3059 3947 3452 4016 obstaculum;
3503 3947 3610 4002 hoc
3658 3961 3842 4004 nam-

2131 4050 2265 4106 que,
2299 4049 2416 4105 quo
2447 4037 2708 4092 munitur
2739 4037 2984 4092 maceria
3013 4045 3214 4092 contra
3262 4036 3612 4106 tempestatis
3660 4036 3843 4107 impe-

2133 4132 2276 4191 tum,
2336 4125 2566 4180 videtur
2616 4124 2941 4195 signiﬁcare
2984 4131 3347 4180 caementum.
3411 4125 3640 4178 Excelsa
3696 4125 3842 4179 idoli

2131 4212 2542 4280 demoliuntur,
2607 4227 2740 4268 cum
2803 4213 3089 4282 superbire
3157 4212 3532 4283 singularitas
3601 4211 3842 4269 diabolo

2130 4315 2232 4356 nos
2285 4301 2676 4370 colaphizante
2736 4301 3058 4370 deponitur.
3119 4301 3262 4366 Quid
3315 4309 3400 4356 est
3445 4301 3602 4356 enim
3651 4303 3842 4358 excel-

2127 4403 2256 4444 sum
2290 4389 2444 4456 idoli,
2487 4389 2596 4445 nisi
2635 4390 2928 4460 quoddam
2987 4390 3212 4461 insigne
3269 4389 3621 4460 spectaculi?
3671 4389 3839 4446 Unde

329 4477 452 4534 haec
479 4474 720 4546 spiritus
746 4482 852 4544 est,
873 4475 942 4530 de
971 4489 1083 4531 sua
1111 4473 1170 4529 in
1197 4488 1256 4530 se
1285 4475 1359 4530 ad
1390 4475 1572 4530 Deum
1606 4475 1838 4530 miseria
1878 4490 2022 4530 con-
2063 4473 2104 4526 D
2130 4485 2182 4532 et
2217 4478 2554 4546 spectabiles
2603 4477 2850 4534 dicimus
2895 4494 3041 4548 quos
3090 4492 3162 4533 ex
3194 4491 3301 4533 sua
3353 4477 3625 4547 opinione
3660 4479 3839 4533 mira-

329 4564 643 4637 querentis.
721 4563 1026 4621 Miseretur
1102 4563 1318 4634 itaque,
1375 4571 1714 4620 ostensurus
1779 4563 2023 4619 subinde

330 4653 507 4712 menti
535 4661 588 4710 et
618 4652 856 4710 alterius
885 4652 1037 4708 modi
1065 4666 1261 4710 casus.

401 4744 574 4800 Vsus.
608 4745 660 4811 Δ,
693 4745 745 4806 5,
773 4745 826 4796 6.
860 4772 928 4782 —
959 4762 988 4792 «
1041 4742 1114 4798 Et
1159 4756 1288 4798 ecce
1343 4741 1584 4797 vocabat
1627 4739 1911 4812 judicium
1951 4741 2023 4796 ad

335 4853 356 4880 ν
389 4832 581 4904 ignem
611 4831 892 4888 Dominus
923 4831 1106 4898 Deus;
1127 4839 1182 4886 et
1233 4828 1534 4886 devoravit
1563 4829 1835 4900 abyssum
1882 4829 2020 4901 mul-

333 4945 359 4966 »
393 4929 508 4976 tam
551 4927 607 4976 et
645 4919 902 4975 comedet
949 4917 1124 4974 simul
1179 4925 1420 4987 partem.
1471 4939 1490 4965 ι
1539 4917 1594 4973 Si
1643 4930 1877 4973 causam
1925 4932 2026 4987 pro

329 5007 528 5064 eﬂ‘ecto
574 5020 878 5077 ponamus,
927 5005 1204 5074 judicium
1279 5019 1382 5074 pro
1448 5007 1660 5059 ratione
1713 5005 2027 5076 intelligere

332 5110 658 5170 possumus.
710 5097 995 5152 Iudicium
1053 5095 1230 5166 igitur
1276 5095 1350 5150 ad
1396 5099 1573 5164 ignem
1618 5098 1874 5150 Dominus
1923 5111 2027 5152 vo-

331 5194 443 5254 cat,
489 5199 623 5242 cum
673 5183 913 5240 rationis
966 5182 1366 5240 auctoritatem
1409 5185 2028 5256 concupiscentialibus

335 5273 586 5331 ﬂammis
610 5271 939 5328 addemnat.
983 5272 1262 5340 Abyssum
1323 5273 1552 5328 multam
1593 5273 1850 5340 devorat,
1891 5287 2024 5329 cum

331 5367 624 5433 praerupta
653 5352 902 5432 ingenia,
935 5367 990 5416 et
1020 5359 1322 5431 cujusdam
1357 5361 1657 5432 profundae
1694 5359 2029 5432 perspicaci-

331 5452 465 5509 tatis
500 5458 820 5507 extremum
860 5447 1257 5505 obnubilando
1285 5449 1586 5506 adnihilat.
1621 5451 1837 5504 Partem
1865 5450 2028 5505 simul

329 5539 598 5606 comedit,
641 5537 782 5608 quia
822 5535 954 5594 licet
999 5545 1216 5594 statum
1256 5553 1449 5606 suum,
1498 5540 1556 5594 in
1613 5547 1901 5608 quantum
1947 5538 2029 5593 di-

330 5627 566 5697 labitur,
624 5625 818 5683 adhuc
869 5625 1055 5682 metiri
1115 5632 1172 5682 et
1221 5625 1411 5682 dolere
1487 5626 1681 5697 possit,
1745 5637 2026 5696 quorsum

331 5724 522 5774 tamen
553 5717 668 5774 Deo
697 5715 1055 5788 permittente
1093 5714 1364 5782 ducatur,
1407 5723 1464 5773 et
1508 5729 1656 5788 quos
1693 5715 1860 5785 ccepti
1889 5713 2029 5772 mali

2133 4579 2284 4622 mur.
2326 4568 2792 4636 Sanctiﬁcationes
2827 4569 2994 4622 Israel
3037 4567 3391 4634 desolantur,
3443 4581 3576 4622 cum
3623 4581 3838 4623 crassa»

2133 4657 2477 4727 religionum
2509 4657 2723 4725 species
2752 4664 2806 4712 et
2839 4656 3032 4727 magni
3077 4655 3328 4711 nominis
3375 4655 3597 4711 umbrze
3649 4659 3840 4725 quoti-

2131 4743 2305 4799 diana
2365 4743 2731 4800 devolutione
2782 4751 3138 4814 coquuntur.
3181 4745 3360 4812 Super
3396 4744 3611 4798 domum
3665 4746 3835 4798 Jero-

2135 4833 2288 4888 boum
2315 4835 2374 4886 in
2403 4833 2590 4900 gladio
2615 4834 3009 4902 consurgitur,
3049 4847 3180 4888 cum
3212 4847 3388 4902 super
3417 4833 3834 4889 conscientiam

2134 4922 2268 4978 solis
2298 4936 2398 4992 per
2433 4922 2778 4992 hypocrisim
2822 4921 3234 4992 temporalibus
3276 4922 3627 4992 aspirantem
3675 4923 3839 4979 vitiis

2133 5010 2609 5080 adequitantibus
2661 5009 2966 5066 militatur.
3033 5009 3270 5066 Gladius
3325 5009 3477 5066 enim
3534 5018 3836 5079 peccatum

2135 5114 2313 5171 grave
2334 5099 2642 5170 signiﬁcat.
2689 5097 2870 5154 David
2921 5099 3076 5154 enim
3127 5098 3197 5155 de
3246 5098 3436 5168 gladio
3493 5098 3840 5170 malignose

2133 5188 2277 5257 eripi
2305 5193 2468 5257 rogat
2495 5187 2664 5256 (Psal.
2695 5201 2893 5254 cxmn,
2931 5189 3035 5257 IO).

2208 5275 2377 5332 Vnus.
2415 5277 2500 5328 IO.
2533 5305 2602 5314 —
2639 5295 2665 5322 ‹‹
2715 5277 2784 5332 Et
2835 5277 2990 5331 misit
3029 5276 3292 5332 Amasias
3333 5275 3595 5332 sacerdos
3639 5275 3838 5334 Bethel

2140 5386 2160 5412 ι
2197 5365 2270 5421 ad
2324 5364 2627 5420 leroboam
2690 5378 2884 5435 regem
2949 5366 3145 5432 Israel,
3214 5365 3455 5421 dicens:
3513 5365 3840 5423 Rebellavit

2140 5474 2164 5502 ι
2197 5459 2399 5508 contra
2428 5460 2479 5508 te
2507 5455 2676 5508 Amos
2725 5452 2784 5508 in
2815 5453 3002 5508 medio
3029 5454 3235 5510 domus
3279 5453 3473 5521 Israel,
3527 5467 3641 5509 non
3673 5463 3834 5523 pote-

2142 5562 2164 5590 ι
2203 5541 2273 5597 ιίι
2339 5549 2494 5598 terra
2544 5540 2826 5597 sustinere
2903 5556 3192 5598 sermones
3270 5543 3416 5613 ejus.
3493 5564 3513 5590 ι
3571 5545 3838 5600 Amasias

2137 5629 2554 5702 interpretatur
2576 5630 2828 5686 robustus
2867 5637 2924 5686 et
2963 5631 3241 5698 frigidus:
3289 5631 3594 5688 Jeroboam
3634 5635 3838 5704 tempo-

2135 5720 2292 5775 ralis.
2323 5718 2612 5792 {Robustus
2641 5725 2696 5774 et
2721 5718 2967 5788 frigidus
3018 5720 3268 5776 sacerdos
3303 5727 3389 5778 est
3442 5721 3645 5788 Bethel,
3704 5736 3838 5780 cum
