3956 6408
88 374 192 429 441

801 372 1260 431 ΤΚΟΡΟΙιΟϐῐίΕ
1297 375 1370 431 ΙΝ
1410 375 1616 445 OSEE,
1658 376 1809 433 ΔΜοε

2008 372 2152 429 JER.
2196 400 2259 415 —
2305 372 2437 428 LIB.
2479 371 2568 429 IV.
2612 371 2680 427 IN
2721 370 2927 429 AMOS.

3508 372 3610 425 442

88 511 235 581 quis
290 511 591 581 hypocrita
639 510 803 567 {ortis
858 525 1047 581 opere,
1097 511 1197 566 sed
1254 511 1501 583 frigidus
1588 519 1794 578 mente,
1837 513 1884 564 Α
1920 532 1940 559 α
1973 510 2131 566 Sicut
2165 523 2299 565 oves
2320 507 2621 563 ininferno
2654 505 2817 575 positi
2847 512 2984 560 sunt
3007 505 3181 572 (Psal.
3211 519 3412 569 XLVIII,
3451 505 3559 574 I5.)
3590 526 3608 551 ι

90 613 330 655 sacrum
354 599 653 665 ducatum,
686 612 753 654 ac
782 598 829 655 si
869 598 968 654 Dei
1012 599 1086 655 sit
1124 600 1423 669 templum,
1460 601 1713 670 praebere
1746 615 1806 656 se

94 703 266 757 posse
297 687 625 758 pollicetur;
666 688 740 744 ad
768 688 843 741 ad
879 688 1168 744 Jeroboam
1195 705 1370 755 regem
1415 691 1580 744 Israel
1610 689 1804 754 mittit,

94 792 236 834 cum
266 792 327 833 se
355 778 406 833 ei
433 791 506 832 ex
540 777 975 847 temporalitatis
1020 791 1237 845 amore,
1271 778 1444 848 cujus
1482 778 1803 849 regiminio,

95 880 237 922 cum
271 880 307 921 a
350 867 467 923 Deo
509 866 738 922 deberet
788 866 979 937 dirigi,
1024 882 1083 922 se
1133 867 1392 923 meminit
1436 866 1808 937 dirigentium

100 955 431 1021 tradidisse,
485 954 810 1011 committit.
864 958 1055 1021 Amos,
1107 956 1318 1026 inquit,
1368 962 1556 1011 contra
1615 961 1665 1010 te
1713 971 1809 1011 re-

101 1044 279 1100 bellat
307 1048 365 1099 in
393 1044 567 1098 medio
596 1044 786 1099 domus
835 1047 1032 1113 Israel,
1083 1052 1183 1100 tua
1216 1045 1492 1100 nimirum
1543 1044 1809 1114 cogitatio

94 1144 133 1185 a
169 1131 372 1187 mundi
406 1132 600 1187 volens
647 1131 817 1187 avelli
867 1131 1117 1187 lasciviis
1150 1130 1248 1187 tibi
1283 1131 1391 1202 ipsi
1445 1131 1596 1187 intra
1641 1139 1690 1187 te
1722 1145 1808 1187 re-

103 1220 272 1277 bellis
296 1228 398 1276 est.
457 1223 574 1276 Non
610 1224 808 1290 pelerit
855 1226 1003 1275 terra
1051 1222 1323 1276 sustinere
1373 1236 1639 1275 sermones
1670 1219 1807 1290 ejus,

100 1324 223 1364 non
251 1309 455 1378 poterit
484 1309 687 1379 utique
709 1309 949 1364 humani
968 1308 1225 1378 corporis
1257 1308 1539 1380 fragilitas
1571 1308 1812 1364 tolerare

102 1398 462 1454 nimietatem
492 1397 980 1453 continentiarum
1019 1398 1165 1468 ejus.

181 1487 351 1543 Vens.
389 1490 470 1540 11.
509 1517 577 1526 -
611 1508 638 1536 ιι
689 1487 822 1542 Haec
863 1486 1019 1542 enim
1063 1486 1200 1542 dicit
1250 1487 1424 1542 Amos
1456 1502 1468 1540 :
1506 1487 1569 1541 In
1620 1485 1812 1555 gladio

99 1595 127 1623 ι
168 1574 449 1630 morietur
478 1575 803 1642 Jeroboam,
835 1582 889 1630 et
916 1574 1089 1630 Israel
1131 1575 1395 1643 captivus
1442 1574 1713 1643 migrabit
1744 1575 1813 1630 de

101 1687 127 1711 ι
169 1671 322 1719 terra
370 1677 497 1719 sua.
535 1686 556 1711 ι
621 1666 703 1719 Ac
732 1665 779 1719 si
835 1664 1088 1719 diceret:
1136 1663 1601 1733 Temporalitatis
1652 1677 1814 1718 amor

96 1754 163 1809 in
193 1753 410 1809 malum
442 1768 668 1823 semper
699 1754 946 1823 capitale
976 1754 1272 1821 relabitur,
1294 1761 1350 1809 et
1375 1753 1549 1809 Israel
1578 1753 1813 1808 ﬁctitius

96 1843 363 1911 corporis
408 1843 498 1898 sui
559 1842 819 1899 libertate
854 1844 1193 1915 emigrando
1240 1843 1583 1913 privabitur.
1638 1843 1809 1898 Vens.

103 1934 193 1994 I2,
232 1932 344 1998 l3.)
379 1954 405 1980 «
461 1931 533 1987 Et
591 1931 738 1988 dixit
795 1933 1057 1987 Amasias
1088 1932 1157 1987 ad
1208 1934 1426 1987 Amos:
1476 1931 1583 1995 Qui
1630 1931 1808 1996 vides,

102 2041 127 2067 ι
166 2020 429 2091 gradere,
489 2027 545 2076 et
593 2020 736 2091 juge
770 2020 828 2075 in
887 2028 1098 2075 terram
1136 2020 1307 2085 Iuda,
1366 2026 1422 2075 et
1451 2019 1682 2075 comede
1731 2019 1808 2074 ibi

104 2129 127 2153 ι
170 2120 396 2176 panem,
474 2116 529 2163 et
603 2108 681 2163 ibi
751 2109 1143 2178 prophetabis.
1202 2109 1271 2163 Et
1326 2108 1386 2163 in
1442 2107 1635 2164 Bethel
1696 2123 1809 2163 non

101 2218 125 2243 ι
166 2196 402 2266 adjicies
432 2197 585 2252 ultra
612 2204 675 2253 ut
707 2198 1029 2267 prophetes,
1062 2197 1203 2267 quia
1245 2195 1621 2252 sanctiﬁcatio
1642 2193 1812 2266 [regis

104 2305 128 2333 ιι
168 2293 275 2353 est,
326 2294 382 2341 et
436 2286 644 2341 domus
697 2286 863 2357 regni
914 2284 1058 2356 ejus.
1118 2305 1145 2337 ι»
1203 2285 1308 2351 Qui
1368 2287 1539 2350 vides,
1621 2285 1812 2353 inquit

93 2374 388 2437 Amasias,
420 2376 672 2442 gradere,
704 2375 761 2430 id
786 2384 891 2442 est,
928 2375 1030 2444 qui
1078 2374 1354 2444 prospicis
1391 2388 1590 2429 omnes
1624 2373 1812 2443 pleni-

97 2463 326 2519 tentiali
356 2464 709 2520 confessione
752 2465 809 2518 in
846 2464 957 2519 line
1000 2478 1161 2533 posse
1210 2462 1444 2530 salvari,
1493 2463 1609 2518 tuis
1660 2461 1809 2517 inte-

94 2552 217 2609 rim
246 2553 385 2608 dum
445 2567 640 2623 sospes
676 2568 736 2609 es
785 2553 1012 2623 legibus
1069 2560 1249 2608 utere.
1308 2554 1459 2618 Fuge
1496 2554 1556 2605 in
1606 2556 1809 2605 terram

89 2642 269 2704 Juda,
335 2642 578 2699 salutem
656 2651 815 2698 tuam
874 2642 1096 2698 ultimae
1154 2641 1493 2698 confessioni
1555 2653 1806 2696 reserva.

93 2734 191 2788 Ibi
222 2748 420 2802 panem
448 2732 681 2799 comede,
729 2732 790 2787 in
820 2732 929 2788 hac
980 2730 1248 2787 videlicet
1296 2730 1611 2787 intentione
1662 2739 1810 2786 tem-

95 2822 401 2891 poralibus
427 2820 896 2893 jucunditatibus
926 2820 1154 2876 satiare.
1191 2820 1275 2874 Ibi
1294 2819 1669 2889 prophetabis,
1701 2819 1810 2875 sub

97 2910 288 2981 hujus
316 2910 512 2981 procul
543 2910 721 2966 dubio
766 2908 881 2979 spei
919 2909 1280 2979 providentia
1311 2914 1461 2963 :38
1513 2922 1808 2978 permane-

101 2998 214 3055 bis.
249 3000 324 3053 In
347 3000 531 3054 Belhel
561 3015 669 3053 non
709 3000 939 3067 adjicies
981 2997 1134 3053 ultra
1163 3003 1223 3051 ut
1260 2998 1571 3067 prophetes,
1607 3005 1810 3052 contra

1917 618 1944 650 «
1981 601 2047 656 Et
2086 598 2234 655 dixit
2273 598 2555 653 Dominus
2598 596 2671 652 ad
2717 610 2806 650 me
2840 610 2853 648 :
2888 594 3043 651 Vade
3092 593 3369 664 propheta
3406 592 3479 649 ad
3511 606 3615 663 po-

1918 711 1940 737 ι
1979 688 2184 758 pulum
2213 701 2405 745 meum
2436 685 2626 742 Israel.
2663 704 2690 735 ι)
2733 684 3011 740 Dominus
3049 683 3205 750 dicit,
3241 696 3372 739 cum
3408 682 3616 738 rationi

1915 778 2213 835 sentienda
2243 776 2562 846 instinguit.
2606 775 2781 842 Vade,
2815 773 3023 843 inquit,
3052 773 3125 828 ab
3154 772 3349 842 inepta
3392 771 3616 841 simpli-

1916 868 2104 934 citate,
2128 874 2183 923 et
2217 866 2424 936 popqu
2470 863 2884 935 cogitationum
2915 876 3045 918 cum
3082 863 3194 917 Deo
3237 861 3410 931 dirigi
3463 875 3619 931 quae-

1917 957 2169 1014 rentium
2202 955 2272 1011 ad
2296 954 2581 1011 cautelam
2608 952 2863 1022 provide.

1991 1047 2161 1103 Vens.
2200 1047 2283 1098 I6.
2344 1073 2413 1083 —
2451 1064 2471 1091 ε
2541 1042 2709 1098 Nunc
2760 1040 2893 1096 audi
2930 1040 3170 1095 verbum
3227 1037 3618 1101 DominizTu

1926 1157 1945 1181 ιι
1972 1134 2114 1190 dicis
2146 1150 2159 1188 :
2186 1134 2312 1189 Non
2346 1130 2712 1202 prophetabis
2756 1144 2931 1199 super
2978 1128 3173 1194 Israel,
3214 1132 3270 1183 et
3325 1142 3441 1182 non
3491 1126 3619 1182 stil-

1925 1246 1946 1271 »
1985 1223 2130 1279 labis
2183 1236 2358 1292 super
2409 1222 2644 1277 domum
2695 1218 2850 1274 idoli.
2896 1239 2924 1267 »
2986 1218 3219 1271 Verbum
3279 1216 3461 1281 audit,
3518 1214 3619 1285 qui

1921 1311 2207 1382 intelligit.
2276 1312 2399 1367 Non
2464 1308 2767 1378 prophetat
2821 1322 2986 1376 super
3041 1307 3239 1371 Israel,
3307 1303 3410 1374 qui
3458 1303 3621 1360 nulla

1922 1408 2167 1457 mentem
2224 1398 2546 1468 provisione
2601 1396 2865 1466 castigat.
2922 1397 3041 1450 Non
3094 1393 3271 1448 stillat
3330 1407 3496 1463 super
3524 1392 3621 1446 do-

1917 1506 2064 1544 mum
2094 1489 2246 1554 idoli,
2282 1488 2622 1558 quicunque
2654 1484 2936 1555 paulatim
2968 1496 3083 1537 non
3115 1481 3403 1536 inﬂectere
3433 1480 3624 1535 studet

1920 1577 2327 1634 conscientiam
2413 1573 2649 1644 peccati.
2733 1573 2955 1628 Stillure
3004 1570 3158 1626 enim
3218 1584 3319 1638 pro
3381 1569 3625 1623 decidere

1921 1668 2061 1722 solet
2093 1666 2246 1736 poni.
2295 1665 2471 1732 Super
2517 1663 2734 1717 domum
2783 1675 2919 1731 ergo
2970 1660 3109 1713 idoli
3162 1659 3359 1723 stillat,
3409 1657 3514 1728 qui
3566 1658 3643 1713 in.

1922 1768 2028 1810 sua
2051 1752 2505 1810 consideratione
2530 1750 2850 1821 hypocrisis
2881 1750 3031 1804 vires
3055 1755 3353 1803 extenuat.

1992 1844 2165 1900 Vens.
2214 1846 2299 1897 17.
2331 1872 2400 1881 -
2438 1864 2457 1889 ι
2517 1843 2753 1910 Propter
2803 1839 2929 1903 hoc,
2965 1839 3087 1893 haec
3113 1837 3247 1892 dicit
3297 1835 3621 1891 Dominus:

1922 1956 1949 1983 »
1984 1934 2142 1991 Uxor
2166 1941 2269 1988 tua
2300 1932 2357 1987 in
2424 1930 2653 1986 civitate
2709 1928 3106 1992 fornicabitnr,
3170 1933 3225 1981 et
3281 1924 3379 1981 lilii
3441 1924 3522 1981 tui
3570 1930 3627 1979 et

1923 2041 1949 2075 ι
1984 2023 2113 2078 tiliae
2147 2022 2203 2077 in
2241 2020 2434 2092 gladio
2473 2018 2696 2085 cadent,
2743 2025 2798 2073 et
2839 2018 3055 2073 humus
3100 2023 3204 2070 tua
3254 2014 3309 2069 in
3362 2012 3623 2069 funiculo

1920 2112 2263 2175 nmetietur,
2340 2117 2395 2165 et
2452 2115 2517 2165 tu
2585 2108 2643 2163 in
2712 2115 2865 2163 terra
2932 2104 3150 2175 polluta
3221 2102 3502 2166 morieris,
3568 2109 3624 2157 et

1926 2224 1944 2248 ι
1984 2200 2156 2256 Israel
2206 2198 2473 2269 captivus
2533 2196 2808 2267 migrabit
2857 2196 2927 2250 de
2980 2202 3135 2249 terra
3182 2205 3309 2247 sua.
3372 2211 3400 2240 »
3465 2191 3625 2247 Uxor

1920 2289 2237 2360 hypocrisis
2274 2286 2574 2343 delectatio
2604 2292 2685 2339 cst
2716 2283 3051 2339 voluntatis.
3108 2282 3241 2336 Haec
3296 2283 3355 2334 in
3405 2282 3625 2333 civitate

1917 2380 2259 2444 fornicatur,
2287 2390 2421 2432 eum
2462 2376 2533 2430 ad
2570 2374 2767 2429 laudes
2805 2371 3093 2427 extrarias
3138 2370 3196 2425 in
3239 2376 3428 2424 mente
3486 2382 3624 2438 pro-

1918 2469 2197 2524 stituitur.
2230 2468 2363 2522 Filii
2416 2470 2466 2519 et
2493 2463 2624 2535 filiae
2652 2466 2711 2516 in
2763 2462 2950 2532 gladio
2980 2459 3218 2525 cadunt,
3271 2472 3404 2513 cum
3453 2456 3624 2512 fortes

1918 2568 1972 2614 et
2000 2556 2212 2613 inﬁrmi
2248 2554 2481 2610 habitus
2534 2552 2714 2607 animi
2745 2551 2854 2606 sub
2900 2548 3162 2605 criminis
3210 2546 3361 2601 malo
3393 2552 3576 2601 ruunt
3608 2560 3619 2598 :

1918 2650 2127 2703 Hamus
2160 2645 2287 2715 ejus
2328 2646 2387 2697 in
2429 2644 2676 2710 funiculo
2719 2640 2976 2706 metitur,
3008 2652 3144 2694 cum
3194 2636 3265 2691 ad
3319 2634 3624 2705 quantita-

1918 2744 2031 2793 tem
2066 2733 2390 2804 cujuspiam
2416 2730 2782 2801 perpetrandi
2816 2727 3031 2798 peccati
3081 2725 3338 2796 corporis
3365 2722 3622 2779 cilicium

1918 2839 2033 2880 non
2066 2830 2330 2893 negatur.
2364 2822 2426 2875 In
2454 2826 2602 2874 terra
2644 2820 2855 2888 polluta
2883 2816 3146 2881 moritur,
3196 2828 3330 2870 cum
3372 2814 3428 2868 in
3459 2826 3619 2867 exse-

1917 2914 2145 2970 cutione
2169 2911 2421 2968 carnalis
2465 2908 2731 2964 desiderii
2771 2908 3009 2977 spiritus
3058 2905 3247 2960 omnis
3294 2901 3621 2973 exstingui-

1921 3009 2033 3058 tur.
2062 3001 2236 3056 Israel
2267 3002 2514 3069 captivus
2544 2998 2610 3051 de
2631 3003 2777 3051 terra
2807 3012 2909 3050 sua
2940 2995 3171 3064 migrat,
3203 3007 3351 3048 cum.
3388 2992 3621 3046 animus

96 3102 297 3144 mores
327 3087 527 3158 utique
576 3089 678 3158 qui
742 3088 960 3157 hospite
1018 3089 1133 3143 Deo
1189 3087 1352 3157 digni
1411 3087 1484 3142 ab
1541 3086 1813 3142 omnibus
1849 3082 2295 3146 Cadirectione
2338 3088 2624 3151 deﬁciens,
2686 3099 2721 3139 a
2778 3098 2884 3139 sua
2940 3083 3221 3138 soliditate
3252 3081 3477 3136 interna
3533 3078 3620 3134 di-

93 3177 468 3249 judicantur,
502 3184 806 3233 contentus
846 3178 1059 3233 honore
1087 3176 1454 3246 praesentium
1488 3175 1557 3231 de
1598 3175 1812 3231 futuris

101 3274 357 3322 tractare
425 3267 679 3323 desistes.
747 3267 889 3332 Quia
951 3268 1314 3328 sanctificatio
1378 3267 1523 3333 regis
1594 3269 1721 3331 esl,-
1761 3270 1812 3318 et

97 3356 298 3411 domus
326 3359 483 3423 regni
520 3355 659 3425 ejus,
692 3356 847 3426 quod
885 3362 971 3411 est
1002 3369 1015 3409 :
1043 3354 1163 3410 Nisi
1214 3354 1381 3424 plane
1429 3368 1551 3421 nos,
1604 3354 1706 3424 qui
1735 3352 1813 3408 ita

100 3444 443 3509 laudamur,
505 3459 608 3515 pro
660 3444 873 3500 sanctis
905 3445 1057 3500 Deus
1120 3444 1374 3511 haberet,
1434 3450 1490 3499 et
1537 3442 1594 3498 in
1649 3442 1815 3499 nobis

102 3547 356 3605 regnare
416 3534 705 3605 deligeret.
769 3546 1076 3603 nunquam
1130 3533 1344 3590 nostris
1399 3532 1625 3589 actibus
1686 3531 1813 3589 laus

104 3630 274 3679 tanta
302 3623 649 3679 succederet.

176 3712 353 3769 Vens.
386 3712 470 3778 14,
508 3714 592 3766 IS.
625 3742 694 3753 —
725 3735 746 3761 ι
806 3714 876 3769 Et
904 3711 1053 3768 dixit
1104 3712 1280 3767 Amos
1331 3712 1405 3768 ad
1466 3711 1757 3767 Amaziam
1794 3727 1806 3766 :

102 3826 130 3853 ››
164 3803 295 3859 Non
344 3817 471 3860 sum
521 3804 817 3874 propheta,
866 3812 922 3861 et
960 3819 1075 3860 non
1132 3818 1263 3860 sum
1294 3804 1449 3860 ﬁlius
1496 3804 1808 3875 prophetae,

106 3915 127 3940 ι
165 3894 265 3949 sed
330 3895 720 3949 armentarius
776 3908 882 3965 ego
940 3908 1070 3949 sum
1134 3894 1410 3949 vellicans
1462 3907 1808 3964 sycomoros.

108 4002 131 4029 ι
162 3982 235 4037 Et
264 3981 399 4037 tulit
447 3996 537 4037 me
614 3982 894 4038 Dominus
958 3996 1090 4038 cum
1162 3996 1437 4053 sequerer
1485 3997 1741 4053 gregem.
1781 4004 1808 4031 ›

103 4072 274 4125 Amos
322 4070 397 4124 ad
448 4072 734 4125 Amasiam
789 4071 1069 4141 loquitur,
1131 4085 1266 4127 cum
1320 4072 1557 4141 spiritus
1616 4078 1812 4127 noster

104 4158 385 4215 instinctu
445 4159 760 4229 hypocrisis
824 4160 994 4230 quasi
1052 4160 1404 4216 ratiocinans
1458 4160 1806 4230 refragatur.

102 4251 226 4305 Non
276 4264 415 4316 sum,
458 4249 667 4319 inquit,
713 4251 1002 4319 propheta,
1036 4250 1200 4306 nulla
1227 4249 1417 4319 plane,
1450 4258 1511 4305 ut
1566 4250 1637 4305 de
1685 4264 1808 4305 meo

107 4336 222 4392 ﬁne
269 4336 663 4404 determinem,
715 4338 1058 4407 praeemineo
1104 4337 1486 4408 providentia.
1546 4340 1664 4394 Non
1692 4354 1810 4392 sum

1920 3178 2173 3243 ducitur,
2207 3175 2361 3247 quod
2403 3182 2555 3230 terra
2582 3172 2882 3244 signiﬁcat.

2556 3261 2790 3319 CAPUT
2831 3260 2984 3316 VIII.

1992 3355 2166 3412 Vens.
2230 3358 2278 3421 I,
2336 3356 2394 3408 2.
2450 3383 2510 3392 -
2582 3374 2602 3399 σ
2688 3351 2820 3406 Haec
2843 3348 3089 3405 ostendit
3147 3346 3286 3402 mihi
3347 3344 3621 3401 Dominus

1923 3465 1950 3497 »
1983 3445 2153 3511 Deus,
2185 3451 2239 3499 et
2279 3456 2407 3497 ecce
2441 3441 2690 3496 uncinus
2737 3451 3037 3509 pomorum
3073 3451 3084 3490 :
3137 3436 3206 3491 Et
3230 3434 3376 3490 dixit
3408 3449 3421 3487 :
3470 3432 3617 3499 Quid

1924 3555 1952 3586 ››
1984 3542 2048 3590 tu
2079 3534 2239 3589 vides
2284 3533 2489 3587 Amos?
2518 3538 2572 3586 et
2623 3530 2743 3584 dixi
2779 3544 2792 3582 :
2848 3528 3135 3584 Uncinum
3197 3538 3519 3595 pomorum.
3550 3524 3620 3579 Et

1926 3646 1947 3672 ι
1974 3623 2122 3679 dixit
2151 3620 2430 3678 Dominus
2467 3620 2538 3674 ad
2567 3633 2695 3674 me:
2743 3618 2912 3673 Venit
2938 3615 3072 3671 ﬁnis
3112 3629 3287 3684 super
3340 3612 3618 3683 populum

1926 3734 1948 3762 ι
1979 3726 2173 3767 meum
2206 3710 2401 3766 Israel.
2437 3731 2463 3758 ››
2515 3707 2792 3762 Dominus
2836 3706 2957 3761 haec
2997 3703 3244 3760 ostendit
3279 3716 3411 3759 cum
3445 3701 3618 3757 menti

1921 3800 2294 3871 intelligenda
2359 3796 2644 3868 proponit.
2729 3798 2799 3850 Et
2871 3810 2985 3849 ecce
3035 3795 3264 3847 uncinus
3319 3805 3619 3861 pomorum,

1922 3891 2061 3962 quia
2106 3888 2295 3945 subito
2348 3887 2537 3957 pulsat
2572 3884 2854 3948 animum,
2909 3884 3049 3937 dum
3097 3881 3235 3937 talia
3293 3880 3623 3950 cogitantur

1921 3980 2443 4051 qualiumcumque
2464 3972 2891 4044 repraesentatio
2911 3971 3269 4026 meritorum.
3287 3967 3460 4033 Quasi
3473 3981 3623 4023 unco

1920 4070 2070 4126 enim
2105 4069 2328 4123 fructus
2355 4065 2626 4129 trahitur,
2661 4077 2794 4120 cum
2840 4068 3031 4117 mente
3066 4059 3265 4115 timore
3307 4063 3618 4121 contracta,

1920 4159 1978 4215 in
2008 4172 2185 4230 quam
2231 4164 2437 4212 sortem
2487 4154 2558 4210 sit
2588 4156 2909 4209 deventura
2953 4149 3317 4220 prospicitur.
3370 4148 3624 4202 Interro-

1921 4254 2095 4319 gatur
2163 4244 2304 4315 quid
2364 4243 2577 4308 videat,
2633 4255 2765 4297 cum
2819 4240 2890 4294 ad
2945 4238 3045 4293 Dei
3093 4234 3398 4306 cogitando
3437 4232 3625 4288 delata

1915 4335 2225 4406 judicium,
2255 4333 2409 4403 apud
2434 4348 2493 4388 se
2526 4331 2856 4393 discutitur,
2893 4328 3039 4399 quid
3069 4327 3138 4383 de
3167 4340 3224 4382 se
3257 4322 3491 4391 sentiat;
3526 4320 3621 4377 sed

94 4425 257 4495 ﬁlius
308 4428 605 4495 prophetae,
654 4426 796 4497 quia
826 4441 930 4482 nec
960 4426 1340 4485 seminarium
1397 4427 1612 4483 nedum
1668 4441 1807 4496 pru-
1847 4419 1891 4475 D
1924 4440 2054 4481 mox
2084 4425 2134 4481 ei
2160 4424 2443 4495 ingeritur
2473 4435 2647 4492 quem
2680 4435 2800 4475 sua:
2838 4419 3094 4474 fructum
3139 4412 3381 4471 actionis
3419 4426 3622 4482 exspe-

107 4514 251 4570 dens
290 4514 398 4571 sim
444 4514 632 4584 accepi
680 4516 1023 4585 prudentiae.
1072 4518 1458 4572 Armentarius
1503 4530 1639 4572 vero
1691 4531 1811 4570 sum

105 4605 365 4659 vellicans
442 4619 762 4673 sycomoros,
848 4605 1217 4661 discretiones
1263 4606 1460 4675 procul
1528 4605 1704 4661 dubio
1756 4614 1813 4661 et

110 4694 365 4762 pondera
395 4708 767 4765 quorumque
800 4695 1147 4765 sapientium
1179 4708 1530 4765 prosequens
1559 4695 1614 4750 in
1641 4708 1813 4765 opere

108 4788 165 4836 et
192 4783 390 4839 verbo.
433 4784 774 4850 Sycomoros,
816 4797 965 4854 quos
1018 4784 1219 4840 beatus
1268 4784 1653 4854 Hieronymus
1703 4797 1813 4840 ru-

111 4868 212 4926 bos
239 4871 397 4938 dicit,
455 4872 734 4937 vellicans,
797 4887 912 4927 non
962 4873 1032 4929 de
1090 4872 1304 4929 futuris
1358 4888 1490 4943 qua:
1530 4873 1812 4945 attingere

111 4958 318 5025 nescio,
370 4958 467 5014 sed
513 4959 582 5014 de
638 4959 991 5016 instantibus
1049 4960 1229 5015 animi
1290 4961 1401 5016 mei
1447 4960 1812 5030 passionibus

110 5047 401 5103 moraliter
447 5060 673 5103 mecum
729 5056 1003 5104 tractans.
1062 5048 1187 5104 Non
1243 5049 1398 5105 enim
1450 5049 1519 5105 de
1561 5049 1811 5105 crastino

110 5136 357 5206 cogitare
394 5136 480 5192 fas
523 5144 629 5204 est,
681 5136 784 5193 ubi
829 5136 1122 5194 sufﬁciens
1168 5139 1282 5193 diei
1308 5139 1523 5194 malitia
1573 5154 1673 5193 sua
1703 5147 1807 5194 est.

111 5222 277 5281 Recte
307 5239 409 5296 per
433 5226 647 5281 rubum
688 5233 926 5283 notatur
960 5227 1168 5298 passio,
1199 5242 1371 5298 quem
1421 5242 1544 5283 esse
1588 5235 1811 5284 constat

110 5309 237 5369 folio
274 5322 329 5370 et
376 5315 570 5371 fructu
628 5315 825 5372 rubeo.
866 5316 1019 5372 Tulit
1073 5333 1156 5371 me
1185 5320 1444 5373 Dominus
1482 5334 1603 5373 cum
1633 5333 1815 5386 seque-

110 5416 196 5455 rer
220 5418 451 5471 gregem,
501 5403 737 5460 sustulit
786 5405 989 5475 utique
1035 5400 1209 5462 me'a
1242 5407 1461 5462 mundo
1517 5421 1649 5463 eum
1707 5407 1810 5462 de-

114 5489 396 5558 spiciendo
437 5492 511 5548 ab
539 5493 660 5562 ipso
706 5494 1041 5550 saecularem
1076 5509 1351 5565 sequerer
1380 5496 1805 5552 hebetudinem.

114 5578 258 5635 Grex
297 5582 453 5638 enim
514 5582 743 5652 proprie
794 5584 992 5639 ovium
1049 5583 1282 5651 dicitur,
1343 5584 1424 5639 sic
1480 5591 1807 5640 armentum

119 5664 307 5736 boum,
369 5677 427 5726 et
485 5685 620 5726 oves
679 5685 783 5741 pro
835 5671 1115 5729 fatuitate'
1159 5678 1477 5742 ponuntur,
1540 5680 1602 5729 ut
1662 5680 1744 5729 est
1791 5683 1806 5726 :

1919 4521 2053 4570 ctat.
2117 4514 2291 4582 Super
2329 4512 2613 4582 populum,
2666 4508 2857 4578 inquit
2913 4507 3213 4568 Dominus,
3267 4518 3443 4558 meum
3499 4503 3625 4571 ﬁnis

1918 4604 2085 4668 venit,
2151 4616 2285 4657 cum
2350 4613 2629 4671 perversae
2685 4596 3036 4666 cogitationi,
3089 4609 3221 4665 quae
3278 4600 3520 4648 eatenus
3566 4604 3626 4645 se

1921 4691 2078 4746 cordi
2112 4690 2428 4761 ingesserit,
2457 4687 2836 4744 cohibitorius
2862 4685 3070 4740 modus
3100 4682 3337 4739 accedit.

1992 4781 2161 4837 Vens.
2180 4783 2231 4834 3.
2250 4809 2312 4818 —
2332 4802 2351 4826 ι
2365 4779 2485 4834 Νοιι
2499 4776 2765 4847 adjiciam
2786 4774 2958 4838 ultra,
2976 4780 3441 4841 utpertranseam
3453 4782 3587 4823 eum
3602 4808 3617 4823 .

1927 4892 1947 4918 ι
1985 4869 2394 4925 Etstridebunt
2438 4866 2703 4923 cardines
2723 4862 2941 4933 templi.
2970 4884 2989 4909 ι
3018 4863 3174 4918 Ultra
3204 4860 3355 4915 Deus
3381 4873 3499 4912 eum
3518 4872 3626 4911 non

1923 4959 2249 5029 pertransit,
2303 4971 2476 5027 quem
2528 4955 2688 5011 locali
2729 4954 2849 5023 jam
2915 4950 3261 5020 aspiratione
3313 4945 3621 5017 perfundit.

1922 5049 2184 5105 Cardines
2231 5048 2417 5116 templi
2464 5045 2737 5109 stridunt,
2768 5057 2901 5099 cum
2935 5038 3420 5111 praecordialiores
3463 5037 3624 5093 bona:

1921 5137 2283 5194 conscientiae
2327 5149 2533 5191 sensus
2581 5148 2616 5189 a
2665 5133 2807 5189 facie
2852 5129 3079 5201 pristini
3136 5129 3347 5185 erroris
3406 5126 3625 5183 exulu-

1922 5228 2061 5283 lant.
2098 5223 2334 5300 Καρδίαν
2363 5225 2519 5280 enim
2556 5223 2771 5289 Graece,
2838 5220 2991 5277 unde
3028 5226 3083 5274 et
3121 5216 3385 5274 cardines
3425 5215 3626 5271 dicun-

1921 5324 2035 5383 tur,
2070 5332 2161 5371 cor
2192 5322 2452 5369 vocatur.
2484 5335 2505 5361 ‹
2562 5314 2628 5369 In
2660 5311 2755 5367 illa
2782 5311 2892 5376 die,
2938 5308 3074 5364 dicit
3105 5306 3406 5372 Dominus,
3457 5304 3621 5360 multi

1926 5428 1947 5455 ι
1984 5406 2324 5470 morientur,
2363 5403 2420 5458 iu
2449 5401 2607 5458 omni
2638 5401 2762 5457 loco
2787 5398 3126 5470 projicietur
3146 5395 3459 5452 silentium.
3499 5415 3521 5441 ι
3554 5396 3623 5447 In

1919 5494 2019 5550 illa
2045 5495 2133 5549 die
2159 5494 2318 5548 multi
2364 5492 2720 5557 moriuntur,
2767 5489 2907 5559 quia
2940 5490 2996 5542 in
3040 5487 3136 5541 illa
3183 5484 3471 5541 interioris
3516 5484 3625 5540 ho-

1920 5585 2094 5640 minis
2152 5580 2571 5637 illuminatione
2623 5580 2684 5634 lit
2733 5592 2951 5647 praepes
3000 5576 3268 5631 interitus
3314 5573 3626 5643 superﬂua:

1921 5670 2304 5743 cogitationis.
2337 5671 2625 5725 Silentium
2656 5668 2714 5723 in
2752 5666 3068 5736 Scripturis
3109 5665 3341 5729 dicitur,
3390 5663 3628 5732 quando
