3956 6410
329 368 432 421 443
1233 365 1292 418 ν.
1333 365 1668 421 GUIBERTI
1708 365 2001 420 ABBATIS

2196 365 2373 420 ΔΒΙᾹΞ
2411 365 2502 420 DE
2541 365 2932 420 NOVIGENTO
3757 365 3872 418 444

1138 427 1159 447 ο
1233 365 1292 418 V.
1333 365 1668 422 GUIBERTI
1708 365 2001 420 ABBATIS

2196 363 2373 420 ΔΒῙᾹΞ
2411 364 2502 420 DE
2541 365 2932 420 NOVIGENTO

331 510 518 567 neque
538 509 700 566 prece
730 509 918 564 neque
943 495 1061 551 vita
1081 495 1394 566 quisquam
1421 495 1534 550 Deo
1555 493 1834 564 loquitur.
1861 493 2022 551 Unde
2059 497 2106 550 Λ
2133 515 2154 542 ι
2191 493 2350 550 bitur
2401 502 2572 561 terra,
2629 501 2688 550 et
2741 493 2961 566 lugebit
3005 495 3194 552 omnis
3249 495 3540 554 habitator
3595 497 3751 568 ejus
3773 495 3808 550 Τ
3843 517 3865 543 ο

328 592 457 642 est:
491 605 512 634 α
547 585 696 640 Dum
731 584 986 640 medium
1013 583 1302 640 silentium
1337 591 1592 639 tenerent
1635 583 1830 638 omnia
1861 582 2019 652 (Sap.
2131 583 2306 652 Super
2353 583 2503 639 istud
2563 590 2710 638 terra
2763 592 3050 650 movetur,
3108 599 3240 640 cum
3294 585 3458 642 nulla
3510 599 3632 643 non
3685 599 3871 641 mens

329 687 485 738 xvm,
516 673 622 743 t5).
652 694 679 721 »
715 672 1173 728 Hocsilentium
1219 672 1278 726 in
1324 672 1481 727 omni
1530 671 1650 726 loco
1699 669 2020 740 projicitur,
2133 672 2442 742 peccatoris
2497 673 2607 728 sub
2670 681 2828 729 tanta
2899 673 3342 729 comminatione
3417 682 3700 730 terretur.
3791 673 3871 729 Et

329 776 463 818 cum
486 762 559 818 ab
585 762 742 818 omni
765 769 952 817 mente
971 775 1102 830 qua:
1124 775 1236 816 non
1256 760 1483 815 borarie
1514 760 1609 815 sed
1644 757 2022 814 IocaliterDeo
2131 761 2272 832 quid
2317 765 2528 816 mirum
2586 763 2633 817 si
2687 769 2950 832 peccator
3007 762 3187 827 timet,
3240 777 3374 818 cum
3426 764 3604 819 etiam
3663 765 3870 817 omnis

331 851 528 918 servit,
559 851 682 906 haec
712 863 890 920 prava
929 850 1288 906 taciturnitas
1328 848 1708 904 exsecrationi
1754 847 2018 902 habetur.
2131 851 2410 906 habitator
2453 851 2710 922 ejusdem
2751 860 2939 918 terrae,
2972 851 3026 906 id
3071 859 3155 906 est
3197 852 3299 921 qui
3345 851 3450 921 ipsi
3495 860 3750 922 peccato
3785 850 3868 906 ad

403 939 574 995 Vens.
609 939 661 993 4.
697 968 759 979 -
798 960 818 987 ι
851 938 1060 993 Audite
1100 938 1205 992 hoc
1230 937 1330 1006 qui
1357 937 1649 992 conteritis
1688 948 2019 1005 pauperem,
2131 939 2424 1010 integrum
2466 940 2819 1005 dominatur,
2867 939 3084 1010 fugiet?
3137 940 3309 994 Terra
3347 941 3500 995 enim
3553 953 3667 1010 pro
3721 955 3867 1009 pec—

337 1049 359 1076 ι
391 1035 446 1084 et
469 1028 708 1083 deﬁcere
749 1027 931 1082 facitis
957 1041 1164 1095 egenos
1195 1033 1377 1082 terras.
1407 1047 1428 1070 ι
1469 1024 1630 1091 Quod
1673 1033 1757 1080 est
1787 1024 1973 1079 dicere
2005 1037 2017 1075 :
2128 1042 2300 1094 conte,
2328 1036 2384 1084 et
2414 1029 2664 1082 habitare
2689 1042 2792 1098 pro
2817 1029 3092 1082 dominari
3113 1029 3253 1083 solet
3285 1029 3439 1098 poni.
3477 1049 3500 1078 ι
3534 1029 3607 1083 Et
3627 1041 3862 1084 ascen-

334 1115 660 1186 Intelligant
715 1115 835 1170 haec
890 1115 993 1185 qui
1053 1121 1445 1184 paupertatem
1501 1113 1738 1182 spiritus
1767 1125 1868 1182 per
1923 1126 2021 1167 su-
2136 1138 2156 1164 ι
2187 1116 2472 1187 detquasi
2505 1116 2720 1172 ﬂuvius
2751 1118 3080 1182 universus,
3111 1126 3164 1172 et
3193 1117 3477 1188 ejicietur,
3513 1124 3569 1172 et
3615 1115 3860 1172 deﬂuet

333 1205 584 1276 perbiam
637 1203 952 1274 hypocrisis
1004 1204 1292 1270 obterunt,
1347 1213 1401 1259 et
1446 1218 1542 1258 eos
1574 1210 1782 1266 motus,
1816 1200 1916 1271 qui
1965 1215 2024 1257 se
2134 1226 2156 1252 ι
2192 1206 2358 1274 quasi
2422 1204 2586 1260 rivus
2649 1205 2900 1275 Egypli.
2977 1226 2998 1251 ι
3059 1206 3228 1271 Quasi
3293 1208 3491 1273 fluvius
3537 1207 3858 1260 universus

332 1294 510 1350 divini
549 1293 755 1349 auxilii
804 1293 1055 1348 fatentur
1081 1307 1310 1361 egenos,
1341 1300 1395 1346 et
1423 1293 1493 1347 de
1539 1306 1645 1346 sua
1675 1291 1875 1346 crebro
1903 1297 2025 1346 ter-
2130 1294 2405 1361 ascendit,
2435 1307 2570 1350 cum
2603 1293 2720 1363 ipse
2754 1295 3032 1347 habitator
3077 1308 3191 1348 non
3218 1293 3514 1358 dimidius,
3553 1294 3656 1348 sed
3713 1295 3856 1347 uni-

332 1383 571 1439 renitate
599 1389 936 1448 causantur,
965 1396 1001 1436 a
1033 1382 1144 1437 Deo
1171 1381 1412 1437 deiicere
1443 1381 1680 1436 faciunt.
2128 1398 2314 1437 vorsus
2343 1383 2524 1438 instar
2569 1382 2729 1438 ﬂuvii
2779 1382 2974 1437 omnia
3018 1383 3422 1452 pmcipitautis
3458 1381 3738 1443 adversa.
3773 1382 3856 1437 ad

403 1471 573 1528 Vens.
610 1474 660 1524 5.
687 1498 760 1512 —
792 1492 813 1519 ι
846 1469 1105 1536 Quando,
1156 1471 1449 1539 inquiunt,
1502 1468 1767 1525 transibit
1811 1467 2024 1524 mensis
2130 1485 2386 1540 superna
2417 1471 2649 1527 virtutis
2689 1470 2958 1540 erumpit.
2996 1471 3066 1526 Et
3116 1471 3290 1526 isdem
3332 1469 3582 1540 ejicitur,
3625 1484 3778 1525 cum
3815 1484 3854 1525 a

334 1579 358 1608 ι
389 1567 444 1616 et
473 1559 940 1614 venundabimus
987 1572 1221 1613 merces.
1262 1579 1283 1605 ι
1337 1558 1585 1613 Mensem
1637 1557 1880 1612 transire
1919 1555 2024 1611 de-
2131 1559 2374 1630 pristina
2418 1559 2767 1625 terrenitate,
2831 1559 2917 1614 vel
2969 1566 3199 1629 peccato
3255 1559 3592 1615 secluditur.
3653 1559 3854 1624 Quasi

329 1648 586 1704 siderant
613 1651 765 1702 τυ
793 1647 896 1717 qui
930 1647 1082 1702 hanc
1119 1645 1402 1701 virtutum
1450 1644 1840 1700 collectionem
1892 1644 2022 1700 exi-
2128 1650 2282 1702 rivus
2319 1651 2556 1717 Egypti,
2585 1647 2740 1704 haud
2773 1647 3018 1704 dubium
3043 1649 3187 1718 quin
3221 1655 3391 1715 terra,
3424 1661 3557 1718 quae
3589 1646 3852 1703 inhabi-

330 1736 520 1792 naniri
543 1736 695 1792 intra
725 1735 916 1790 sinum
959 1734 1164 1790 mentis
1205 1737 1500 1804 exoptant,
1532 1733 1605 1788 ad
1651 1733 1807 1803 quod
1855 1731 2022 1802 plane
2061 1790 2101 1806 _
2133 1737 2260 1803 tari,
2295 1736 2350 1791 id
2393 1745 2478 1792 est
2518 1735 2786 1806 possideri
2837 1736 3022 1803 debet,
3069 1735 3289 1802 deﬂuit,
3329 1750 3459 1792 cum
3489 1735 3718 1806 peccati
3751 1735 3852 1792 de-

329 1832 576 1880 mstuare
611 1823 1046 1880 affectualitates
1091 1825 1292 1878 solent.
1321 1790 1508 1878 'Tunc
1557 1790 1754 1876 merces
1802 1790 2022 1876 venun-
2060 1790 2104 1847 Β
2133 1790 2372 1892 lectatio,
2408 1790 2540 1895 qua;
2562 1825 2632 1881 de
2672 1826 2968 1896 praesentis
2996 1790 3189 1881 saeculi
3223 1790 3470 1896 jlégypto
3491 1790 3846 1891 derivatur,

329 1913 489 1981 dant,
545 1927 678 1969 cum
729 1914 892 1970 bona:
943 1913 1292 1968 exbibitions
1339 1925 1512 1981 opera
1564 1918 1780 1966 mentes
1833 1909 2024 1965 laudis
2129 1913 2189 1968 in
2210 1914 2395 1983 seipsa
2426 1913 2636 1969 deficit.

328 2015 555 2070 avaras,
587 2001 846 2072 ejusdem
875 2015 1052 2056 causa
1084 2000 1444 2070 recipiendae,
1479 2014 1578 2070 pro
1621 1999 1799 2069 pretio
1828 2005 2019 2054 osten-
2201 2002 2371 2058 Vnus.
2396 2005 2448 2070 9,
2481 2005 2563 2056 to.
2598 2032 2664 2041 —
2689 2024 2711 2051 ι
2746 2002 2816 2057 Ει
2847 2001 2956 2058 erit
2987 2002 3044 2058 in
3072 2001 3163 2058 die
3211 2001 3307 2058 illa
3335 2001 3470 2057 dicit
3499 2001 3800 2057 Dominus
3829 2016 3845 2054 :

327 2097 466 2146 tant.
504 2113 525 2139 ι
579 2091 645 2146 Ει
693 2089 1021 2157 sabbatum,
1077 2088 1378 2159 (subaudis
1429 2088 1664 2158 quando
1721 2087 1929 2152 veniet)
1967 2093 2024 2142 et
2134 2113 2155 2140 ι
2193 2091 2421 2146 Occidet
2479 2091 2560 2146 sol
2630 2090 2687 2146 in
2745 2091 3002 2159 meridie,
3061 2099 3118 2146 et
3181 2090 3569 2146 tenebrescere
3621 2089 3848 2146 faciam

330 2199 354 2227 ι
386 2179 713 2249 aperiemus
762 2177 1144 2245 frumentum,
1193 2185 1256 2234 ut
1309 2177 1726 2233 imminuamus
1781 2189 2022 2231 mensu-
2131 2200 2159 2227 ι
2194 2187 2406 2234 terram
2436 2180 2493 2234 in
2519 2179 2610 2235 die
2655 2179 2908 2235 luminis.
2949 2201 2971 2228 ι
3006 2180 3159 2246 Erit,
3206 2193 3344 2235 vera
3388 2179 3604 2236 scilicet
3645 2193 3851 2236 essen-

333 2287 353 2314 ι
390 2281 539 2333 ram,
580 2274 636 2322 et
665 2280 989 2337 augeamus
1037 2266 1266 2331 siclum,
1313 2273 1366 2321 et
1405 2278 1798 2334 supponamus
1844 2270 2024 2318 state-
2130 2267 2208 2322 tia
2231 2269 2531 2336 constabit,
2583 2271 2640 2323 in
2678 2269 2768 2323 die
2812 2271 2932 2337 illa,
2965 2269 3020 2324 id
3054 2277 3139 2326 est
3171 2269 3226 2324 in
3275 2269 3400 2325 luce
3442 2269 3678 2325 interna
3711 2283 3842 2338 prae

330 2375 358 2404 ι
391 2369 484 2411 ras
525 2355 847 2411 dolosas?»
897 2355 1194 2410 Sabbatum
1240 2355 1546 2424 quaeritur,
1579 2367 1712 2408 cum
1769 2366 1843 2408 ex
1903 2351 2025 2421 lege
2127 2356 2309 2411 oculis
2337 2371 2561 2426 semper
2592 2357 2878 2424 habenda,
2927 2365 2985 2412 et
3039 2357 3165 2413 ideo
3217 2357 3554 2426 pronomine
3605 2356 3847 2412 demon-

328 2443 720 2499 membrorum
751 2457 786 2498 a
813 2443 962 2499 bono
1002 2457 1172 2513 opere
1217 2443 1440 2512 requies
1471 2440 1795 2496 miseranda
1827 2449 2026 2510 capta-

327 2539 444 2588 tur.
505 2533 668 2588 Tunc
715 2534 1048 2598 frumentum
1115 2531 1394 2600 aperitur,
1471 2544 1606 2585 cum
1655 2528 2024 2584 fructuositas

327 2619 566 2676 interior
595 2621 668 2676 ad
693 2621 855 2677 lucra
889 2619 1098 2676 favoris
1126 2619 1494 2689 expanditur.
1528 2619 1799 2674 Mensura
1830 2617 2024 2673 immi-

327 2709 552 2774 nuitur,
584 2723 722 2765 cum
748 2709 930 2764 sancti
955 2709 1221 2778 propositi
1253 2707 1456 2764 modus
1488 2707 1547 2762 in
1584 2707 1706 2777 ipsa
1749 2706 2024 2762 intentio-

329 2811 402 2853 ne
443 2797 769 2866 deponitur.
817 2797 1002 2853 Siclus
1047 2805 1315 2868 augetur,
1347 2811 1480 2852 cum
1527 2795 1822 2852 diabolicae
1879 2811 2024 2866 sug-

329 2885 600 2955 gestionis
651 2899 928 2941 nummus
980 2887 1052 2941 ad
1101 2900 1286 2941 mores
1337 2892 1633 2956 gratanter
1674 2884 2018 2940 admittitur.

329 2973 549 3028 Statera
577 2973 771 3030 dolosa
795 2975 1164 3044 supponitur,
1201 2988 1335 3029 cum
1365 2972 1437 3028 ad
1463 2973 1829 3028 excusandas
1852 2987 2026 3028 excu-

2127 2445 2365 2500 strativo
2404 2453 2618 2500 notata.
2662 2446 2882 2502 Occidet
2925 2445 3010 2501 sol
3045 2446 3292 2511 meridie,
3340 2451 3516 2500 aestus
3563 2444 3844 2501 videlicet

2129 2533 2456 2588 tentationis
2483 2533 2700 2589 decidet
2747 2534 2855 2589 sub
2901 2535 3090 2589 calore
3131 2532 3496 2602 aspirationis
3533 2547 3840 2602 supernae.

2129 2625 2192 2676 In
2219 2622 2309 2676 die
2338 2623 2562 2677 luminis
2617 2630 2767 2678 terra
2799 2623 3152 2688 tenebratur,
3198 2637 3331 2678 cum
3374 2621 3846 2678 excandescente

2130 2711 2203 2767 ad
2234 2710 2334 2766 Dei
2391 2725 2643 2766 amorem
2697 2712 3046 2767 conscientia
3091 2711 3342 2778 sordent,
3391 2718 3447 2767 et
3491 2711 3846 2767 erubescere

2131 2800 2352 2855 faciunt
2399 2799 2688 2854 hominem
2740 2799 3108 2856 tenebrarum
3157 2813 3290 2870 quae
3327 2799 3588 2855 exercuit
3633 2812 3840 2868 opera.

2137 2910 2158 2937 ι
2193 2889 2264 2944 Et
2315 2896 2647 2944 convertam
2704 2887 3039 2944 festivitates
3104 2895 3323 2944 vestras
3389 2888 3446 2942 in
3513 2887 3761 2944 luctum.
3811 2909 3835 2934 ι

2131 2976 2274 3032 Cum
2332 2977 2545 3047 gaudia
2599 2977 2790 3032 saeculi
2838 2976 3300 3048 compunctionis
3358 2976 3710 3047 rediguntur
3757 2976 3844 3031 ad

327 3061 576 3118 sationes
640 3062 698 3118 in
775 3063 1020 3133 peccatis
1084 3063 1410 3133 Scripturas
1462 3062 1804 3118 adhibemus
1852 3062 2018 3133 (Psat.
2060 3093 2101 3149 ρ
2129 3066 2450 3121 stimulum.
2488 3089 2510 3114 ι
2541 3066 2776 3122 Cantica
2809 3073 3119 3126 vertuntur
3159 3067 3217 3121 in
3268 3065 3585 3136 planctum,
3627 3083 3648 3111 ι
3690 3077 3842 3119 cum

328 3163 458 3216 exn,
489 3151 560 3219 4).
603 3150 833 3207 Staterze
871 3153 1020 3207 enim
1073 3151 1199 3208 ideo
1231 3153 1286 3207 in
1337 3150 1554 3222 psalmo
1609 3157 1926 3221 ponuntur,
1959 3157 2021 3206 ut

326 3243 454 3292 est:
521 3258 542 3286 ι
602 3225 900 3294 Mendaces
951 3238 1048 3292 lilii
1119 3239 1419 3293 hominum
1474 3238 1528 3292 in
1581 3238 1805 3293 stateris
1851 3237 2016 3304 (Psat.

327 3339 444 3392 LXI,
480 3328 589 3394 t0),
631 3348 658 3375 ι
719 3327 800 3382 Ibi
849 3326 1004 3382 enim
1053 3334 1248 3382 nostra
1290 3326 1440 3382 facta
1486 3327 1882 3396 appendimus.
1917 3327 2022 3382 So-

328 3413 513 3470 lemus
543 3414 818 3470 nimirum
844 3429 976 3471 cum
1021 3428 1056 3470 a
1084 3415 1177 3484 pio
1220 3415 1409 3471 studio
1456 3423 1684 3484 torpore
1726 3415 2020 3482 volumus,

328 3502 514 3559 dicere
572 3503 715 3558 illud
767 3503 1086 3573 sapientis:
1149 3503 1329 3570 Onus,
1380 3503 1588 3573 inquit,
1639 3518 1815 3573 super
1865 3510 1918 3559 te
1952 3518 2023 3560 ne

328 3590 632 3658 levaveris,
685 3605 818 3646 cum
873 3591 1120 3648 necdum
1174 3590 1422 3662 profecto
1485 3591 1614 3648 boni
1672 3592 1814 3648 initii
1872 3591 2025 3648 rudi-

303 3686 524 3734 -menta
559 3679 921 3748 coeperimus.

400 3766 574 3824 Vsus.
605 3770 658 3820 6.
692 3795 760 3807 —
794 3789 821 3815 «
868 3768 940 3824 Et
985 3775 1048 3824 ut
1085 3767 1473 3837 possideamus
1520 3768 1576 3824 in
1621 3776 1863 3840 argento
1897 3783 2024 3840 ege-

335 3877 355 3903 ι
387 3869 492 3911 nos
519 3863 572 3912 et
603 3869 884 3926 pauperes
937 3871 1039 3927 pro
1085 3857 1510 3922 calceamentis,
1563 3865 1619 3914 et
1675 3857 2022 3928 quisquilias

335 3963 355 3991 ι
383 3942 659 4001 frumenti
698 3945 1036 4001 vendamus.
1075 3967 1096 3993 ι
1129 3947 1190 4000 In
1236 3951 1461 4013 argento
1491 3961 1681 4011 egenos
1711 3945 2016 4015 possident,

328 4048 464 4092 cum
517 4047 620 4104 per
675 4033 847 4090 falsas
901 4034 1334 4104 Scripturarum
1387 4034 1899 4104 interpretationes,
1948 4035 2017 4092 ad

328 4123 706 4180 remissiorem
757 4122 934 4178 vitam
995 4122 1283 4190 quoslibet
1346 4123 1620 4179 doctrina;
1671 4131 1726 4178 et
1782 4123 2023 4180 rationis

328 4209 682 4282 intorquent,
729 4225 829 4281 per
879 4211 1034 4281 quod
1079 4225 1176 4266 eos
1217 4211 1322 4267 sibi
1367 4211 1788 4284 incorporando
1835 4213 2021 4282 possi-

326 4299 481 4356 dent.
548 4302 819 4368 Pauperes
862 4314 966 4369 pro
1017 4300 1392 4356 calceamentis
1461 4300 1655 4357 itidem
1705 4303 2014 4371 possident,

2128 3154 2530 3210 delectationes
2597 3157 2653 3210 in
2706 3169 3061 3226 quacunque
3083 3169 3162 3222 _re
3212 3153 3553 3219 mundiales,
3595 3151 3842 3206 nullum

2129 3258 2382 3300 amurcze
2430 3244 2748 3315 spiritualis
2779 3244 2972 3300 valent
3021 3243 3273 3314 reperire
3324 3241 3723 3313 suﬂugium._c
3759 3240 3843 3294 Et

2133 3352 2156 3381 ι
2187 3331 2455 3389 inducam
2498 3347 2674 3403 super
2715 3347 2887 3389 omne
2913 3333 3150 3388 dorsum
3181 3338 3436 3386 vestrum
3485 3342 3740 3393 saccum,
3775 3335 3842 3383 et

2132 3442 2156 3470 ι
2187 3435 2360 3490 super
2415 3436 2584 3477 omne
2639 3429 2816 3491 caput
2862 3421 3162 3477 calvitium
3212 3435 3226 3474 :
3280 3427 3337 3475 et
3385 3432 3595 3490 ponam
3655 3418 3837 3486 quasi

2134 3531 2156 3558 ι
2190 3509 2412 3566 luctum
2470 3509 2776 3582 unigeniti,
2825 3517 2882 3566 et
2924 3509 3235 3564 novissima
3281 3508 3407 3579 ejus
3445 3505 3614 3577 quasi
3671 3505 3838 3561 diem

2133 3619 2155 3646 ι
2190 3611 2478 3654 amarum.
2544 3621 2564 3647 ι
2635 3600 2812 3668 Super
2867 3614 3027 3654 omne
3075 3598 3296 3652 dorsum
3350 3612 3531 3650 eorum
3611 3610 3840 3649 saccum

2129 3687 2283 3742 Deus
2310 3687 2550 3750 inducit,
2574 3701 2707 3742 cum
2741 3687 2798 3743 in
2831 3701 3100 3757 perversa
3128 3700 3329 3742 eorum
3377 3683 3665 3754 patientia,
3705 3698 3834 3752 qua

2123 3775 2298 3846 juxta
2326 3775 2504 3832 alium
2536 3775 2894 3846 prophetam,
2916 3788 3140 3843 semper
3165 3774 3240 3830 ad
3259 3773 3618 3829 diabolorum
3646 3779 3838 3827 trans-

2129 3864 2275 3920 itum
2303 3864 2692 3920 incurvantur
2735 3865 2874 3932 (lsa,
2905 3878 2988 3927 ιι,
3043 3862 3167 3928 23);
3223 3862 3330 3918 hoc
3385 3861 3537 3917 enim
3587 3860 3832 3916 dorsum

2127 3953 2442 4024 signiﬁcat;
2482 3953 2692 4022 peccati
2719 3952 2878 4022 jugis
2907 3952 3187 4020 asperitas
3233 3949 3602 4007 confricatur.
3649 3951 3832 4016 Super

2128 4058 2282 4098 omne
2343 4047 2509 4111 caput
2563 4043 2848 4096 calvitium
2911 4040 3226 4104 inducitur,
3308 4053 3443 4094 cum
3503 4036 3830 4092 discretivae

2129 4131 2521 4201 cogitationes,
2562 4144 2695 4201 qua;
2751 4129 2955 4199 pudori
2989 4137 3182 4183 nostro
3209 4126 3539 4191 consulunt,
3573 4131 3628 4180 et
3665 4138 3732 4179 ac
3771 4126 3824 4178 si

2129 4218 2322 4289 capilli
2353 4219 2592 4275 frontem
2634 4216 2927 4284 muniunt,
2983 4231 3019 4271 a
3076 4223 3282 4280 mente,
3334 4229 3466 4284 qum
3515 4219 3685 4282 caput
3712 4218 3821 4278 est,

2129 4307 2506 4379 ignominiose
2555 4305 2852 4362 excidunt.
2919 4307 3093 4372 Quasi
3130 4306 3334 4360 luctum
3374 4303 3643 4367 unigeniti
3667 4300 3825 4356 Deus

326 4401 462 4444 cum
493 4401 645 4444 verte
681 4387 1022 4444 humilitatis
1049 4388 1264 4444 amicos
1314 4390 1620 4446 verborum
1665 4369 1902 4446 suorum
1939 4369 2018 4447 le-
2057 4369 2101 4424 Ῑ)
2127 4369 2254 4453 eam
2284 4396 2464 4466 ponit,
2504 4409 2639 4452 cum
2672 4393 2846 4460 illam,
2872 4369 3004 4463 quin
3036 4406 3134 4462 per
3161 4399 3336 4461 caput
3364 4390 3683 4461 significata
3708 4397 3819 4456 est,

327 4475 574 4542 nocinio,
631 4476 874 4532 mortuis
931 4477 1201 4546 operibus
1245 4477 1509 4534 addicere
1555 4479 1805 4535 student.
1856 4480 2018 4545 Quis-

327 4565 532 4634 quilias
571 4566 837 4631 frumenti
899 4565 1182 4632 vendunt,
1244 4580 1377 4623 cum
1424 4575 1701 4634 extrema,
1744 4575 1798 4624 et
1850 4568 2018 4638 quasi

325 4653 634 4710 carnaliter
672 4654 825 4710 dicta
849 4655 1282 4726 Scripturarum
1324 4656 1606 4726 exempla,
1654 4655 1727 4712 ad
1771 4654 2019 4711 audien-

325 4741 472 4798 tium
501 4742 918 4800 traductionem
949 4758 1017 4799 ex
1030 4753 1270 4814 ponunt.

396 4829 576 4888 Vana.
607 4835 660 4886 7.
695 4861 752 4872 -
795 4853 818 4881 ι
845 4831 1072 4888 Iuravit
1111 4833 1392 4888 Dominus
1419 4832 1478 4888 in
1508 4832 1778 4904 superbia
1823 4832 2014 4889 Iacob.

326 4939 354 4966 »
383 4917 441 4974 Si
502 4919 718 4976 oblitus
773 4919 938 4976 fuero
988 4934 1173 4990 usque
1230 4921 1300 4976 ad
1367 4921 1536 4978 finem
1592 4922 1788 4978 omnia
1845 4934 2020 4991 opera

332 5028 354 5055 ι
385 5020 608 5064 eorum.
643 5028 665 5054 ι
726 5009 798 5062 In
852 5008 1112 5076 superbia
1161 5008 1327 5065 ,Ιησοὸ
1381 5011 1531 5067 Deus
1568 5010 1750 5082 jurat,
1781 5023 1915 5067 cum
1945 5010 2017 5066 ti-

327 5107 542 5150 morem
573 5108 796 5163 eorum,
831 5094 932 5164 qui
958 5096 1028 5151 de
1073 5097 1538 5168 supplantatione
1566 5098 1838 5154 vitiorum
1889 5097 2019 5169 glo-

326 5181 576 5249 riantur,
659 5182 732 5238 ad
781 5182 884 5254 jus
933 5184 1137 5241 debitae
1203 5186 1440 5242 ultionis
1501 5187 1757 5242 vocando
1831 5185 2014 5242 reﬂat.

329 5272 528 5330 Omnia
557 5287 722 5341 opera
746 5288 928 5328 eorum
957 5290 1128 5344 usque
1150 5277 1225 5330 ad
1259 5276 1425 5341 ﬁnem
1466 5289 1579 5332 non
1634 5275 2014 5343 obliviscitur,

327 5359 469 5430 quia
496 5359 601 5415 etsi
629 5360 852 5418 interim
891 5362 1120 5419 videtur
1146 5363 1426 5431 oblivisci,
1475 5370 1530 5420 et
1582 5364 1754 5420 finem
1803 5371 2015 5432 tamen,

325 5447 382 5504 id
405 5455 492 5504 est
519 5449 861 5508 omnimodis
887 5451 959 5507 ab
987 5451 1116 5522 ejus
1143 5465 1520 5522 nequaquam
1561 5452 1780 5524 judicio
1830 5451 2020 5509 oblite-

325 5537 444 5593 rari
474 5539 906 5608 permittuntur.

392 5625 565 5684 Vens.
597 5630 650 5682 8.
675 5659 744 5668 —
775 5652 795 5677 σι
827 5616 1107 5698 Nunquid
1152 5641 1325 5696 super
1362 5627 1513 5686 istud
1544 5643 1658 5686 non
1687 5641 2016 5686 commove-

2125 4482 2532 4540 conscientiam
2561 4480 2844 4553 singulari
2879 4480 3052 4550 lapsae
3093 4479 3332 4536 rationis
3359 4479 3569 4534 damno
3614 4491 3823 4546 suppo-

2126 4571 2231 4628 nit.
2263 4571 2408 4627 Nota
2446 4570 2603 4639 quod
2649 4569 2720 4624 de
2766 4582 2974 4638 genere
3021 4567 3227 4623 transit
3285 4567 3355 4640 ad
3410 4579 3612 4636 genus,
3667 4566 3818 4620 sicut

2126 4658 2268 4716 illud
2296 4667 2402 4726 est,
2434 4657 2588 4728 quod
2619 4657 2802 4712 David
2855 4670 3124 4725 qtizerens
3156 4654 3599 4710 tabernaculum
3625 4651 3816 4707 Domi-

2126 4763 2221 4814 no,
2255 4747 2316 4804 in
2340 4747 2593 4817 prrata
2640 4746 2853 4801 dicitur
2896 4744 3183 4803 invenisse
3227 4757 3352 4798 eam
3408 4742 3591 4810 (Psat.
3617 4755 3812 4808 cum,

2123 4841 2178 4903 5,
2206 4837 2288 4903 6);
2321 4848 2424 4905 pro
2451 4833 2798 4904 signiﬁcante
2834 4833 3180 4888 interserens
3206 4835 3592 4901 signiﬁcatam.
3625 4831 3809 4884 Novi»

2127 4927 2271 4980 sima
2297 4925 2416 4994 ejus
2457 4928 2619 4994 quasi
2649 4923 2794 4976 diem
2827 4937 3075 4978 amarum
3103 4922 3278 4991 ponit,
3325 4934 3456 4976 cum
3503 4919 3811 4976 satietatem

2125 5013 2364 5084 peccati,
2441 5025 2618 5082 quam
2686 5009 3060 5080 paenitudinis
3101 5009 3386 5064 acerbitas
3440 5007 3580 5063 solet
3626 5009 3808 5076 sequi,

2122 5099 2482 5158 amarissime
2541 5099 2672 5154 facit
2729 5096 3026 5153 doloribus
3085 5095 3426 5164 suspicionis
3470 5093 3672 5150 addici.
3743 5095 3811 5151 Et

2124 5196 2276 5245 recte
2340 5187 2458 5242 dies
2521 5200 2778 5250 amarus,
2842 5185 3152 5254 Voluptatis
3203 5183 3461 5238 hilaritas
3530 5183 3811 5252 praemissa

2126 5275 2490 5333 maeroribus.

2196 5363 2369 5421 Vens.
2406 5366 2489 5416 ll.
2523 5393 2593 5403 -—
2626 5386 2646 5411 ι
2683 5363 2827 5418 Ecce
2875 5361 2996 5418 dies
3048 5361 3308 5427 veniunt,
3346 5359 3484 5416 dicit
3521 5358 3805 5427 Dominus,

2125 5472 2148 5500 ι
2183 5460 2239 5508 et
2277 5451 2534 5508 emittam
2590 5451 2792 5506 famem
2855 5451 2914 5505 in
2976 5458 3144 5516 terra,
3205 5463 3320 5504 non
3369 5449 3578 5504 famem
3631 5448 3803 5518 panis,

2125 5554 2376 5610 sneque
2429 5540 2579 5595 sitim
2633 5552 2823 5608 aquae,
2879 5539 2980 5594 sed
3032 5537 3306 5594 audiendi
3357 5537 3604 5593 verbum
3631 5536 3745 5593 Dei.
3781 5560 3800 5587 ι

2125 5649 2148 5676 ε
2190 5631 2333 5697 Ecce,
2360 5627 2411 5684 id
2436 5636 2521 5684 est
2553 5627 2612 5682 in
2647 5628 2752 5684 hoc
2784 5627 2905 5696 ipso
2949 5627 3091 5682 tanti
3142 5626 3387 5696 torporis
3427 5625 3646 5695 habitu,
3677 5627 3805 5695 dies,
