3956 6400
98 358 211 411 445

801 346 1264 416 TROPOLOGIE
1306 357 1372 413 IN
1412 356 1614 425 OSEE,
1652 357 1785 415 ΑΜ(

2007 357 2166 413 JER.
2213 386 2281 396 —
2323 356 2456 412 LIB.
2501 358 2591 413 ιν.
2633 357 2706 413 ΙΝ
2737 359 2942 417 AMOS.

3514 362 3619 417 446

102 507 223 549 non
251 493 551 561 claritatis,
588 493 685 551 sed
725 493 1010 550 malorum
1050 492 1526 550 manifestationis
1548 496 1802 559 ueniunt;
1843 492 1893 550 Α
1922 492 2049 549 istic
2074 501 2266 563 caput,
2302 495 2459 565 quod
2487 498 2960 565 supertiminaria.
2991 498 3100 554 hoc
3150 498 3244 555 hic
3272 501 3620 555 nouissimum

101 588 161 637 et
226 582 301 638 ab
350 581 612 639 interiori
656 582 891 639 miseria
950 584 1195 637 emittam
1240 582 1495 652 inopiam
1556 589 1810 638 externae

100 669 476 726 desolationis
501 671 559 725 in
582 684 780 740 opera,
811 670 911 727 ubi
950 685 983 726 a
1008 672 1236 727 nemine
1269 670 1642 742 intelligatur,
1698 684 1812 726 non

105 758 303 815 victus
327 759 644 829 corporalis
672 764 825 814 πίω
862 759 1074 826 inedia,
1119 760 1216 815 sed
1258 760 1415 816 verbi
1471 760 1591 825 Dei,
1641 760 1696 815 id
1726 768 1812 815 est

104 846 351 904 interna:
381 848 705 905 dulcedinis
734 848 1068 905 medullitus
1098 849 1404 920 gustandas
1438 848 1700 919 penuria.

179 937 351 994 Vens.
396 941 480 992 t2.
507 968 580 978 —
632 960 653 986 ι
683 938 752 993 Et
782 938 1308 994 commovebuntur
1354 952 1387 993 a
1421 938 1568 994 mari
1626 952 1811 1008 usque

110 1046 129 1071 ι
158 1026 233 1081 ad
266 1040 442 1094 mare,
474 1034 529 1082 et
578 1027 652 1083 ab
701 1026 973 1097 aquilone
1024 1041 1211 1096 usque
1255 1027 1326 1082 ad
1360 1026 1659 1083 orientem.
1703 1048 1723 1075 ι
1760 1028 1809 1081 Α

101 1118 253 1167 mari
285 1131 453 1185 usque
476 1116 550 1169 ad
578 1132 728 1169 mare
757 1124 1212 1183 commoventur,
1241 1131 1376 1172 cum
1420 1117 1493 1173 ab
1523 1117 1812 1172 anxietate

103 1202 387 1260 facinoris
419 1205 750 1275 perpetrati,
794 1219 980 1275 usque
1026 1205 1098 1261 ad
1146 1204 1390 1261 extremi
1423 1206 1683 1261 timorem
1708 1206 1808 1276 ju-

105 1292 242 1347 dicii
277 1293 556 1348 continua
600 1293 860 1349 cordinm
911 1293 1271 1350 discursione
1314 1294 1587 1350 citantur.
1637 1296 1815 1364 Usque

104 1381 185 1435 ad
212 1385 472 1436 orientem
513 1397 747 1453 quoque
803 1382 872 1437 ab
927 1385 1183 1452 aquilone
1230 1383 1568 1453 procedunt,
1618 1397 1750 1439 cum
1779 1397 1813 1438 a

105 1469 416 1525 diabolicae
458 1471 879 1541 desperationis
930 1471 1063 1541 gelu
1108 1472 1181 1528 ad
1240 1472 1335 1528 Dei
1406 1472 1812 1528 misericordiae

104 1558 390 1613 orientem
432 1560 718 1629 respirare
764 1561 1143 1616 contendunt.
1181 1583 1201 1609 ι
1254 1560 1598 1617 Circuibunt
1646 1575 1812 1631 quae-

111 1669 135 1695 ι
172 1654 366 1704 rentes
395 1648 640 1704 verbum
694 1649 941 1717 Domini,
982 1658 1037 1705 et
1082 1664 1196 1706 non
1246 1649 1562 1705 invenient.
1611 1670 1632 1698 ι
1680 1652 1813 1704 Ver—

104 1736 236 1790 bum
282 1737 498 1791 Domini
549 1738 862 1807 quaerendo
909 1739 1291 1805 circumeunt,
1334 1739 1430 1794 sed
1484 1752 1600 1793 non
1646 1737 1812 1792 inve-

102 1824 300 1892 niunt,
329 1838 464 1881 cum
493 1825 776 1882 divinitus
800 1826 907 1881 sibi
932 1826 1116 1883 Deum
1152 1827 1308 1883 illabi
1361 1834 1661 1897 appetunt,
1712 1826 1810 1882 sed

104 1927 211 1983 per
240 1913 441 1969 mundi
470 1914 759 1983 appetitus
792 1913 1101 1971 circumire
1141 1929 1257 1970 non
1285 1914 1586 1984 desinunt;
1635 1928 1808 1985 quem

100 2002 344 2073 quidem
373 2016 490 2058 non
522 2002 846 2071 inveniunt,
872 2004 1013 2074 quia
1042 2003 1396 2060 dissimiliter
1425 2017 1601 2073 quam
1627 2002 1810 2074 quaeri

100 2091 404 2159 debuerat,
439 2099 731 2162 quaerunt.

177 2179 353 2235 Vnus.
392 2182 476 2235 13.
509 2210 578 2221 -
625 2200 653 2228 ‹‹
687 2180 752 2236 In
783 2181 875 2236 die
925 2179 1023 2235 illa
1072 2181 1335 2237 deficient
1373 2182 1629 2254 virgines
1677 2180 1811 2251 pul-

106 2290 129 2317 ι
173 2268 351 2335 clirze,
412 2276 467 2325 et
518 2268 906 2325 adolescentes
963 2269 1023 2326 in
1049 2270 1165 2325 siti.
1206 2292 1227 2318 ι
1284 2272 1349 2324 In
1400 2271 1491 2324 die
1538 2272 1637 2324 illa
1694 2284 1811 2324 non

100 2356 329 2413 intimae
360 2356 524 2424 lucis,
559 2358 659 2414 sed
683 2358 918 2413 ultionis
943 2357 1280 2425 manifestae,
1304 2361 1541 2426 virgines
1571 2361 1813 2429 pulchrae

101 2445 405 2513 deficiunt,
439 2461 574 2502 cum
615 2447 940 2514 subtiliora,
968 2455 1024 2503 et
1072 2448 1241 2518 quasi
1284 2448 1636 2517 delicatiora,
1681 2463 1812 2518 quae

100 2536 418 2606 Apostolus
449 2544 614 2592 vocat
639 2537 990 2593 charismata
1020 2538 1257 2595 meliora
1298 2538 1342 2609 (l
1379 2540 1510 2595 Cor.
1561 2551 1657 2606 xu,
1692 2538 1809 2609 31),

100 2624 351 2695 spiritus
377 2624 555 2680 nostri
595 2626 748 2681 dona
793 2626 1145 2696 dispereunt.
1206 2627 1587 2684 Adulescentes
1636 2628 1811 2683 etiam

102 2716 283 2768 insiti
309 2714 606 2776 deficiunt,
631 2729 766 2771 cum
816 2715 984 2772 fortia
1015 2732 1287 2787 quaeque,
1340 2717 1435 2772 sed
1492 2731 1591 2787 per
1632 2717 1809 2787 hypo-

104 2802 305 2859 crisim
337 2803 506 2870 facta,
541 2804 612 2859 ab
643 2805 870 2860 interna
894 2805 1159 2861 ariditate
1196 2806 1525 2863 subsidunt.

177 2892 354 2948 Vens.
395 2894 478 2947 14.
515 2923 585 2932 -—
629 2916 649 2941 ι
700 2892 805 2960 Qui
849 2895 1052 2965 iurant
1095 2895 1153 2951 in
1180 2896 1385 2951 delicto
1438 2895 1733 2964 Samaria),
1785 2918 1806 2943 ι

101 2980 249 3051 quia
285 2980 525 3037 firmiter
564 2996 932 3052 perseverare
971 2984 1096 3039 sine
1143 2984 1338 3040 fructu
1384 2984 1641 3040 interiori
1672 2984 1811 3039 deli-

101 3077 254 3140 gunt
282 3069 340 3125 in
369 3071 681 3127 simulacro
706 3072 1004 3128 exterioris
1051 3073 1344 3129 custodiae.
1378 3072 1637 3130 Samaria
1657 3073 1809 3128 enim

100 3159 358 3213 custodia
389 3158 621 3215 dicitur.
662 3182 683 3209 ι
736 3161 911 3228 Vivit,
954 3161 1247 3232 inquiunt,
1280 3163 1431 3217 Deus
1474 3169 1610 3218 tuus
1660 3162 1802 3228 Dan,

107 3267 129 3293 ι
161 3254 218 3302 et
251 3246 396 3303 vivit
426 3247 521 3302 via
550 3248 845 3316 Bersabee,
886 3256 941 3305 et
970 3251 1195 3317 cadent,
1229 3260 1283 3306 et
1331 3266 1450 3306 non
1501 3258 1807 3322 resurgant

107 3349 130 3379 ι
166 3330 345 3386 ultra.
412 3351 433 3378 ι
496 3331 618 3386 Dan
688 3334 1100 3402 interpretatur
1151 3334 1447 3403 judicium.
1530 3334 1807 3391 Bersabee

103 3426 302 3475 autem
322 3424 524 3491 puteus
573 3425 864 3476 satietatis.
916 3427 997 3477 Ac
1037 3424 1081 3478 si
1107 3423 1395 3479 dicerent:
1432 3423 1504 3479 Hi
1548 3424 1651 3494 qui
1698 3422 1806 3478 sibi

103 3508 205 3564 Dei
269 3508 718 3567 misericordiam
785 3518 909 3582 post
965 3511 1197 3583 longam
1250 3512 1599 3582 hypocrisim
1656 3512 1809 3569 circa

106 3597 284 3654 finem
340 3598 703 3669 pollicentur,
750 3614 784 3655 ο
816 3600 1069 3657 terribile
1100 3600 1411 3672 judicium,
1468 3602 1615 3657 Deus
1658 3606 1805 3668 tuus,

104 3686 207 3756 qui
257 3687 502 3744 salutem
554 3688 788 3745 cuilibet
830 3704 1186 3761 quacunque
1241 3691 1383 3748 hora
1439 3690 1808 3763 ingemuisset

104 3775 427 3845 spopondit,
466 3780 625 3844 vivit,
680 3779 822 3853 quia
867 3779 987 3835 heri
1018 3788 1073 3836 et
1104 3779 1270 3836 hodie
1316 3779 1435 3851 ipse
1461 3789 1547 3837 est
1600 3781 1800 3849 (Hebr.

104 3878 225 3931 xm,
269 3866 357 3934 8);
414 3864 563 3922 idem
611 3868 768 3938 quod
815 3868 1073 3938 promisit
1123 3868 1306 3926 facere
1363 3876 1591 3940 potens;
1624 3869 1722 3926 sed
1751 3878 1806 3927 et

104 3952 216 4017 uia,
245 3950 302 4006 id
333 3959 418 4007 est
446 3954 594 4009 actio
643 3955 801 4024 putei
832 3957 1131 4023 satietatis,
1183 3957 1239 4013 id
1287 3964 1373 4014 est
1409 3958 1608 4029 gloriae
1658 3965 1806 4014 tem-

106 4040 320 4106 poralis
347 4042 587 4111 advivit,
605 4043 925 4113 plurimum
948 4046 1192 4103 infirmis
1216 4047 1508 4104 mentibus
1537 4048 1627 4104 sui
1650 4062 1806 4104 com-

104 4128 376 4185 moditate
421 4131 639 4189 valens.
696 4133 851 4202 Ideo,
897 4134 977 4191 ait
1025 4136 1322 4206 propheta,
1375 4137 1570 4192 cadent
1609 4143 1660 4192 et
1698 4153 1806 4192 non

104 4224 387 4287 resurgent
412 4222 561 4276 ultra
607 4222 749 4294 quia
794 4236 913 4279 non
955 4223 1165 4282 debent
1212 4224 1411 4282 divina
1458 4225 1806 4296 restringere

104 4306 214 4362 sub
245 4322 352 4365 suo
381 4309 525 4366 velle
550 4310 792 4383 judicia.

767 4453 1000 4513 CAPUT
1035 4454 1139 4512 IX.

180 4576 352 4634 Vens.
391 4582 438 4632 1.
472 4609 539 4619 -
574 4601 595 4628 ι
631 4579 762 4637 Vidi
782 4580 1092 4638 Dominum
1115 4589 1361 4639 stantem
1395 4596 1573 4654 super
1596 4583 1800 4652 altare,

112 4686 131 4713 ι
163 4673 220 4722 et
270 4666 418 4725 dixit
481 4683 495 4722 :
556 4668 797 4727 Percute
842 4670 1158 4737 cardinem,
1221 4680 1277 4729 et
1329 4681 1805 4730 commoveantur

112 4774 133 4800 ι
169 4755 654 4825 superliminaria.
695 4779 717 4808 ι
775 4760 1056 4817 Dominus
1082 4775 1247 4831 super
1282 4762 1459 4817 altare
1504 4766 1635 4830 stat,
1668 4776 1804 4818 cum

108 4854 258 4913 aegre
285 4844 476 4901 ferens
498 4845 647 4903 dura
676 4848 1177 4905 animadversione
1213 4850 1504 4921 proposita
1536 4864 1805 4920 perversa

109 4929 432 5006 impugnat.
466 4934 575 4991 Pro
604 4935 773 4993 altari
819 4937 973 4994 enim
1012 4937 1244 5007 habent,
1276 4939 1564 5011 quidquid
1615 4940 1803 5010 hypo-

108 5020 263 5079 critai
292 5023 428 5079 novi
458 5023 706 5081 instituti
757 5040 1039 5099 magnum
1082 5028 1237 5099 apud
1276 5044 1335 5086 se
1388 5038 1660 5086 censent:
1693 5028 1803 5096 Qui

108 5109 256 5167 enim
285 5120 400 5169 stat
441 5114 500 5169 in
557 5113 1161 5187 Synagoga'Deorum,
1212 5117 1333 5189 ipse
1368 5118 1540 5175 etiam
1586 5118 1801 5191 dijudi-

109 5205 196 5253 cat
224 5199 396 5271 (Pcat.
444 5216 637 5269 Lxxxr,
668 5206 740 5275 1).
788 5204 1016 5262 Percuti
1057 5206 1336 5262 cardinem
1378 5206 1562 5277 jubet,
1609 5214 1674 5264 ut
1702 5223 1802 5262 su-

110 5290 494 5354 perliminaria
512 5299 962 5364 commoveantur,
996 5310 1130 5352 cum
1164 5296 1637 5367 praedicationum
1680 5297 1801 5367 spi-

112 5376 252 5434 culis
280 5380 454 5436 corda
481 5381 740 5451 praecipit
777 5383 1097 5450 vulnerari,
1128 5383 1186 5441 in
1213 5393 1440 5444 tantum
1487 5386 1797 5456 siquidem,

114 5470 175 5518 ut
223 5467 392 5525 etiam
444 5469 697 5527 exterior
735 5471 968 5528 habitus
1015 5482 1424 5530 commutetur.
1462 5498 1482 5522 ο
1538 5475 1802 5532 Avaritia

119 5572 139 5597 ι
178 5556 322 5612 enim
351 5558 408 5613 in
439 5558 624 5628 capite
660 5560 942 5625 omnium,
972 5570 1026 5618 et
1074 5563 1453 5620 novissimum
1496 5580 1697 5622 eorum
1740 5566 1799 5621 in

118 5660 138 5687 ι
170 5643 355 5714 gladio
404 5647 766 5705 interflciam.
820 5670 844 5699 ι
886 5649 1050 5716 Quod
1107 5664 1284 5723 super
1332 5653 1643 5741 cardinem,
1693 5654 1801 5711 hoc

1920 582 2187 653 appellat.
2218 584 2478 639 Avaritia
2504 587 2563 639 in
2599 588 2777 656 capite
2806 589 3044 641 omnium
3081 595 3186 653 est,
3222 602 3355 644 cum
3389 587 3623 645 honoris

1918 680 1973 727 et
2039 671 2254 728 favoris
2308 673 2545 729 ambitio
2611 674 2910 744 principali
2974 677 3252 732 mentium
3319 676 3621 733 intentioni

1920 761 2133 817 subest.
2200 764 2562 817 Nouissimam
2625 778 2811 818 eorum
2885 765 2948 820 in
2999 766 3185 832 gladio
3254 766 3617 833 interﬁcitur,

1920 864 2054 905 cum
2079 865 2307 921 corpus,
2342 851 2498 921 quod
2529 851 2652 908 ideo
2676 855 3031 909 novissimum
3061 854 3291 919 dicitur,
3326 854 3466 924 quia
3496 867 3619 909 ma-

1921 939 2007 1009 gis
2032 953 2210 1009 quam
2244 954 2405 995 mens
2458 940 2797 1011 contiguum
2845 957 2967 998 esse
2997 942 3374 1014 dignoscitur,
3425 942 3621 999 lethali

1922 1032 2152 1093 peccato
2200 1024 2507 1080 addicitur.
2565 1048 2585 1073 ε
2623 1025 2745 1081 Non
2795 1031 2904 1083 erit
2957 1028 3094 1095 fuga
3123 1028 3223 1084 eis.
3279 1028 3503 1098 Fugiet,
3566 1035 3623 1083 et

1926 1134 1947 1161 ι
1980 1128 2098 1169 non
2140 1113 2463 1169 salvabitur
2505 1129 2576 1170 ex
2620 1114 2701 1170 eis
2728 1118 2827 1186 qui
2871 1117 3101 1185 fugerat.
3146 1139 3166 1163 ι
3223 1117 3385 1187 Fuga
3433 1117 3622 1187 hypo-

1922 1202 2082 1258 critis
2108 1217 2223 1259 non
2256 1210 2359 1270 est,
2410 1217 2544 1259 cum
2582 1203 2700 1259 illic
2727 1204 2928 1261 timore
2958 1206 3264 1275 trepidant,
3316 1205 3416 1261 ubi
3451 1205 3623 1262 timor

1921 1306 2038 1346 non
2066 1299 2172 1347 est.
2210 1292 2374 1364 Fuga
2420 1306 2675 1362 namque
2704 1293 2885 1350 animi
2942 1296 3110 1350 timor
3151 1302 3254 1350 est.
3290 1294 3504 1350 Tamen
3538 1294 3623 1349 fu-

1923 1382 2113 1455 giunt,
2150 1380 2290 1451 quia
2334 1395 2457 1437 sum
2489 1380 2678 1438 laudis
2735 1382 2856 1439 sola
2913 1383 3127 1439 damna
3180 1389 3467 1439 metuunt.
3512 1382 3620 1450 Qui

1922 1484 2058 1525 vero
2124 1468 2356 1541 fugerit,
2392 1484 2507 1524 non
2536 1469 2817 1535 salvatur,
2848 1472 2990 1540 quia
3021 1472 3291 1541 quisquis
3318 1471 3425 1526 hoc
3452 1470 3621 1527 modo

1919 1558 2200 1625 timuerit,
2230 1571 2605 1628 nequaquam
2634 1572 2669 1613 a
2702 1559 3055 1629 Deijudicio,
3090 1559 3244 1630 quod
3278 1559 3622 1630 plerumque

1922 1653 2154 1716 peccata
2180 1646 2462 1716 propalat,
2474 1724 2483 1729 ι
2496 1654 2851 1703 contutatur.

1851 1795 1892 1851 Β
1993 1762 2165 1819 Vens.
2195 1764 2247 1816 2.
2274 1790 2348 1804 —
2386 1784 2407 1811 ι
2443 1762 2498 1818 Si
2545 1763 2942 1820 descenderint
2974 1778 3159 1833 usque
3198 1764 3268 1819 ad
3303 1763 3618 1830 infernum,

1922 1870 1950 1902 ι
1984 1851 2117 1907 inde
2158 1865 2368 1907 manus
2419 1866 2548 1907 mea
2596 1852 2799 1909 educet
2829 1866 2945 1908 eos.
2996 1872 3023 1904 ιο
3059 1853 3155 1906 Ad
3208 1854 3486 1919 infernum
3516 1852 3618 1908 de-

1919 1940 2222 2008 scendunt,
2258 1942 2361 2013 qui
2389 1942 2553 1998 nulla
2575 1942 2784 2012 pietate
2814 1942 2886 1998 ad
2910 1942 3220 1998 Dominum
3251 1942 3616 2012 resipiscunt.

1918 2029 2059 2085 Inde
2085 2045 2282 2085 manus
2312 2031 2411 2087 Dei
2465 2045 2551 2085 eos
2599 2030 2812 2096 educit,
2863 2046 2997 2087 cum
3046 2045 3165 2101 quo
3208 2031 3621 2099 desperatiores

1917 2126 2074 2187 sunt,
2109 2126 2268 2175 tanto
2294 2119 2519 2176 facilius
2545 2120 2608 2174 is.
2666 2120 2773 2186 Qui
2802 2120 2997 2175 educit
3026 2120 3250 2175 vinctos
3295 2120 3352 2175 in
3385 2118 3620 2174 fortitu-

1915 2209 2067 2275 dine,
2100 2215 2156 2264 et
2190 2209 2245 2263 in
2279 2208 2558 2277 sepulcris
2591 2207 2920 2264 habitantes
2949 2222 3043 2263 eos
3064 2208 3215 2263 eruit
3236 2209 3404 2275 (Psat.
3444 2221 3617 2274 van,

1918 2298 1991 2367 7).
2030 2319 2050 2345 ι
2088 2298 2158 2353 Et
2186 2298 2233 2352 si
2267 2298 2665 2353 descenderint
2696 2312 2879 2367 usque
2903 2297 2973 2351 ad
3004 2296 3236 2362 caelum,
3264 2296 3397 2351 inde
3427 2296 3618 2351 detra-

1924 2407 1946 2434 ι
1983 2386 2118 2442 ham
2158 2400 2275 2442 eos.
2314 2408 2335 2434 ι
2388 2385 2480 2441 Ad
2512 2387 2698 2440 coetum
2739 2386 3056 2441 ascendens
3098 2385 3232 2440 inde
3275 2385 3616 2445 detrahitur.

1920 2476 2020 2546 qui
2055 2475 2241 2531 elatus
2276 2474 2335 2529 in
2382 2474 2714 2544 superbiam
2766 2482 2849 2541 ut,
2896 2474 3070 2544 juxta
3110 2474 3236 2537 Joh,
3268 2480 3443 2542 caput
3495 2474 3622 2544 ejus

1919 2564 2105 2621 nubes
2133 2571 2334 2635 tangat
2388 2564 2511 2634 (Job
2571 2578 2677 2630 xx,
2726 2565 2800 2630 6),
2867 2564 3032 2634 quasi
3073 2561 3505 2633 sterquilinium
3561 2562 3619 2618 in

1921 2654 2031 2710 fine
2060 2654 2434 2724 disperditur.

1990 2768 2159 2825 Vens.
2193 2766 2247 2823 3.
2303 2797 2371 2808 —
2425 2789 2445 2816 ι
2494 2765 2615 2822 Etsi
2664 2766 2978 2822 absconditi
3038 2765 3253 2822 fuerint
3311 2764 3370 2821 in
3407 2764 3621 2822 vertice

1925 2881 1945 2907 ι
1982 2856 2249 2925 Carmeli,
2302 2856 2435 2912 inde
2474 2864 2742 2912 scrutans
2783 2856 3043 2912 auferam
3090 2869 3202 2911 eos.
3244 2875 3264 2902 ι
3324 2852 3619 2909 Carmelus

1921 2947 2333 3017 interpretatur
2360 2947 2566 3014 mollis;
2612 2953 2803 3000 vertex
2837 2953 3027 3000 autem
3061 2944 3374 3013 superbiam
3406 2943 3616 3013 signat,

1921 3043 1986 3092 ut
2013 3044 2097 3091 est
2121 3034 2261 3090 illud
2293 3034 2447 3104 quod
2493 3033 2749 3103 psalmus
2800 3034 3073 3088 verticem
3121 3032 3311 3101 capilli
3370 3029 3620 3101 appellat

1850 3097 2447 3193 c(Psal.1.xvu,.2‘z).
2491 3097 2555 3177 in
2602 3121 2815 3177 vertice
2861 3121 3104 3178 Carmeli
3156 3097 3613 3185 absconduntur,

1921 3213 2022 3283 qui
2054 3212 2123 3268 de
2149 3225 2253 3267 suo
2289 3211 2479 3283 fragili
2510 3225 2677 3281 opere
2710 3210 2764 3265 in
2806 3223 2912 3266 sua
2954 3210 3294 3281 cogitatione
3324 3209 3613 3265 laetantur.

1916 3302 2056 3359 Inde
2083 3307 2335 3356 scrutans
2365 3317 2449 3355 eos
2480 3301 2631 3356 Deus
2659 3300 2867 3368 aufert,
2900 3314 3031 3355 cum
3058 3313 3153 3354 eos
3208 3299 3360 3354 intra
3390 3313 3448 3353 se
3490 3312 3615 3353 me-

1916 3392 2012 3449 dia
2041 3391 2263 3448 ratione
2294 3404 2472 3461 super
2492 3406 2595 3446 suo
2627 3390 2782 3460 turpi
2814 3396 2947 3445 actu
2978 3388 3310 3453 discutiens,
3340 3401 3373 3442 a
3416 3386 3616 3457 pristi-

1917 3482 2008 3537 nis
2059 3480 2410 3537 foeditatibus
2467 3480 2739 3535 dimovet.
2810 3501 2830 3527 ι
2892 3478 3012 3534 Etsi
3064 3476 3377 3533 celaverint
3429 3491 3488 3532 se
3542 3475 3615 3531 ab

1917 3591 1946 3623 υ
1978 3570 2159 3627 oculis
2184 3569 2326 3626 meis
2354 3570 2412 3625 in
2442 3569 2622 3625 fun'do
2652 3569 2846 3636 maris,
2884 3567 2961 3624 ibi
3010 3566 3297 3623 mandabo
3341 3565 3614 3636 serpenti,

1918 3682 1940 3709 ι
1975 3666 2031 3715 et
2063 3658 2347 3715 mordebit
2390 3674 2503 3715 eos.
2564 3680 2585 3707 ι
2641 3661 2703 3713 1n
2733 3658 2914 3725 fundo
2962 3660 3135 3712 maris
3187 3655 3255 3710 ab
3298 3656 3466 3710 oculis
3517 3654 3617 3710 Dei

1915 3764 1973 3806 se
2003 3750 2207 3815 celant,
2238 3748 2338 3818 qui
2373 3748 2430 3803 in
2456 3748 2728 3803 extremis
2757 3755 2810 3803 et
2853 3744 3393 3817 despicabilioribus
3421 3741 3613 3799 saeculi

1913 3838 2090 3906 vitiis,
2124 3837 2341 3908 quibus
2371 3838 2551 3893 Deum
2586 3837 2929 3902 amaricant,
2969 3834 3359 3906 dignationem
3403 3831 3615 3888 divina:

1913 3926 2282 3994 visitationis,
2322 3926 2588 3981 abdicata
2619 3939 2652 3981 a
2681 3938 2739 3979 se
2784 3924 3013 3994 penitus
3056 3922 3213 3977 omni
3264 3919 3617 3976 confessione

1914 4024 2295 4086 sequestrant.
2327 4017 2412 4071 Ibi
2442 4016 2594 4071 Deus
2619 4015 2857 4084 serpenti
2902 4012 3159 4079 mandat,
3218 4025 3409 4072 eosque
3456 4022 3616 4064 mor-

1913 4106 2026 4174 det,
2081 4120 2213 4161 cum
2262 4104 2480 4160 carnali
2534 4112 2728 4159 nostro
2772 4101 3004 4158 affectui
3074 4099 3486 4170 instinguendo
3525 4098 3617 4154 de-

1914 4194 2166 4261 nuntiat,
2226 4202 2291 4250 ut
2354 4195 2624 4250 miseram
2698 4192 3000 4259 rationem,
3064 4189 3236 4260 cujus
3287 4187 3500 4244 astutia
3556 4200 3615 4243 se

1914 4284 2193 4339 hactenus
2226 4283 2371 4339 male
2398 4283 2650 4339 occuluit
2681 4281 3025 4338 fastidiendo
3056 4294 3188 4351 quas
3215 4278 3363 4345 fecit,
3397 4289 3613 4333 excru-

1840 4402 1887 4456 D
1912 4372 2038 4428 ciet.
2074 4373 2185 4428 iste
2211 4379 2296 4428 est
2343 4386 2595 4442 serpens,
2649 4370 2752 4441 qui
2783 4371 2986 4435 Evam,
3039 4368 3093 4424 id
3136 4375 3221 4423 est
3250 4366 3613 4423 voluntatem

1911 4460 2162 4526 seduxit,
2194 4468 2249 4517 et
2273 4461 2400 4532 ejus
2437 4460 2705 4516 calcaneo
2736 4457 2991 4529 quotidie
3022 4456 3349 4513 insidiatur.

1984 4583 2154 4640 Vnus.
2198 4584 2249 4637 4.
2282 4610 2356 4624 -
2392 4605 2413 4632 ε
2450 4582 2519 4637 Et
2553 4583 2597 4638 si
2632 4582 2688 4637 in
2721 4580 3111 4651 captivitatem
3142 4578 3387 4636 abierint
3418 4591 3612 4634 coram

1915 4693 1937 4722 ι
1970 4672 2218 4728 inimicis
2250 4672 2391 4736 suis,
2425 4671 2501 4727 ibi
2539 4671 2826 4727 mandabo
2854 4669 3067 4741 gladio,
3093 4676 3149 4726 et
3177 4668 3394 4725 occidet
3431 4681 3547 4723 eos.
3586 4686 3607 4713 ο

1914 4763 1979 4816 In
2011 4764 2387 4830 captivitatem
2404 4777 2582 4815 coram
2609 4762 2851 4815 inimicis
2883 4759 3120 4825 abeunt,
3142 4756 3302 4828 quia
3330 4756 3421 4812 sui
3447 4754 3612 4812 exuti

1911 4850 2173 4907 libertate
2203 4849 2426 4906 arbitrii
2452 4850 2583 4919 plus
2608 4849 2785 4904 etiam
2828 4848 2984 4918 apud
3015 4862 3073 4901 se
3116 4859 3354 4917 peccare
3391 4844 3613 4899 delibe-

1909 4947 2061 5008 rant,
2094 4954 2274 5010 quam
2306 4939 2593 4995 daemones
2624 4936 2733 5007 ipsi
2780 4944 3097 5007 suggerant
3138 4935 3241 5006 qui
3307 4934 3611 5005 aptivave-

1908 5037 2068 5085 runt.
2101 5030 2196 5084 Ibi
2226 5029 2413 5094 gladio
2436 5030 2589 5084 Deus
2613 5033 2752 5082 Ml
2814 5027 3094 5091 mandat,.
3119 5040 3149 5079 ιι
3180 5074 3181 5077 η
3208 5039 3336 5095 ιιιιιθ
3382 5023 3608 5091 occidit,

1907 5133 2041 5176 cum
2077 5118 2403 5196 infelicibus
2436 5116 2704 5187 peccandi
2736 5115 3124 5186 opportunita‘
3151 5130 3223 5172 :m
3247 5114 3405 5171 laxat
3428 5114 3611 5170 inter-

1909 5208 2136 5278 ituique
2176 5208 2472 5277 permittit.
2512 5229 2532 5255 ι
2589 5207 2658 5263 Et
2712 5220 2918 5276 ponam
2980 5212 3177 5261 ocios
3232 5218 3386 5261 meos
3432 5217 3610 5273 super

1914 5317 1935 5344 ι
1967 5311 2063 5352 eos
2083 5296 2139 5351 in
2174 5296 2414 5363 malum,
2446 5303 2502 5351 et
2532 5311 2645 5351 non
2686 5296 2743 5351 in
2776 5296 3013 5351 bonum.
3065 5318 3082 5339 -
3119 5294 3304 5364 Super
3330 5308 3427 5349 eos
3479 5308 3613 5348 ocu-

1910 5386 1987 5440 tos
2028 5400 2163 5441 suos
2209 5386 2361 5442 Deus
2413 5386 2589 5455 ponit,
2638 5401 2769 5443 cum
2807 5386 2909 5441 hos
2967 5401 3001 5455 p
3036 5384 3296 5441 :elibatos
3349 5383 3612 5453 quinque
3706 5412 3724 5430 ο

1911 5474 2181 5545 peccandi
2250 5475 2465 5540 modos,
2527 5490 2643 5531 non
2701 5483 2816 5531 tam
2877 5476 2993 5531 ani:
3042 5471 3369 5529 adversorie
3432 5484 3611 5541 quam

1908 5562 2354 5634 propitiabiliter
2390 5563 2610 5634 aspicit.
2648 5564 2779 5620 Haec
2826 5568 2884 5619 in
2929 5582 3015 5619 ma
3050 5580 3137 5618 um
3166 5579 3272 5618 non
3319 5564 3378 5616 in
3418 5562 3614 5616 bonum

1909 5654 2067 5721 facit,
2100 5653 2241 5710 dum
2277 5654 2360 5711 eis
2395 5668 2509 5710 non
2539 5654 2693 5711 bona
2739 5668 2873 5726 quae
2915 5668 3017 5725 per
3070 5651 3419 5724 hypocrisim
3477 5663 3613 5721 per-
