3956 6446
315 397 414 450 Hi

1203 393 1259 446 V.
1307 390 1646 450 GUIBERTI
1679 392 1975 447 ABBA'I‘IS
2013 393 2068 447 S.
2113 390 2352 446 MARI/E
2391 389 2482 448 DE
2523 390 2917 446 NOVIGENTO

3721 395 3838 448 448

315 539 507 597 agere,
542 525 640 581 sed
669 524 850 580 malas
896 522 1238 580 intentiones
1275 522 1490 592 quibus
1524 522 1620 577 illa
1653 521 1831 576 fecere
1871 534 2008 590 pro—
2046 525 2093 577 Α
2119 521 2276 592 regio
2305 529 2406 578 est.
2457 521 2603 591 Syri,
2655 522 2873 590 Cyrene
2910 521 3172 579 similiter
3215 531 3553 591 evocantur,
3615 523 3714 580 vel
3746 531 3844 589 ut,

316 613 494 685 ponit.

391 703 560 759 Vens.
589 705 642 756 ὅ.
677 730 734 742 -
784 725 803 749 ι
851 701 923 756 Ει
967 699 1245 756 Dominus
1291 700 1434 753 Deus
1490 698 1873 762 exercituum,
1909 697 2012 768 qui

327 813 346 839 -
385 791 570 860 tangit
631 797 862 856 terram,
929 797 984 843 et
1036 788 1309 854 tabescet;
1373 795 1426 842 et
1483 785 1764 854 lugebant
1816 799 2014 841 omnes

327 901 346 926 ι
383 878 706 934 habitantes
758 877 816 932 in
880 890 967 931 ea.
1025 897 1046 923 ι
1100 878 1378 935 Dominus,
1434 873 1642 944 inquit,
1679 877 1818 927 Deus
1865 889 2015 926 exer-

321 970 526 1021 cituum
562 973 666 1032 est,
725 965 824 1036 qui
880 965 1284 1034 potentiarum,
1334 971 1504 1034 prout
1558 963 1806 1030 libuerit,
1859 978 2013 1033 qua-

324 1072 571 1128 rumque
613 1057 818 1113 efticax
868 1066 972 1112 est.
1022 1057 1181 1113 Unde
1223 1063 1278 1110 et
1322 1070 1454 1111 cum
1511 1055 1756 1124 tetigerit
1813 1061 2014 1109 terram

325 1147 580 1211 tabescit,
631 1145 772 1216 quia
823 1159 956 1200 cum
1013 1159 1250 1200 manum
1291 1158 1456 1199 suam
1512 1158 1613 1212 per
1654 1143 2014 1198 conscientiae

323 1236 598 1301 foramen,
627 1235 798 1304 juxta
830 1234 968 1290 illud
1011 1233 1234 1288 Cantici
1282 1234 1662 1297 canticorum,
1715 1231 2013 1286 immiserit

321 1326 509 1393 (Cant.
544 1339 598 1389 v,
649 1327 729 1392 4),
781 1337 846 1377 ac
896 1329 1111 1378 tactum
1163 1323 1290 1392 ejus
1335 1330 1536 1377 venter
1581 1321 1891 1390 peccatoris
1933 1321 2014 1376 in-

324 1412 613 1477 tremiscit,
668 1420 723 1468 et
764 1412 930 1482 quasi
985 1425 1056 1467 ex
1113 1412 1203 1466 sui
1257 1410 1709 1466 consideratione
1758 1410 2010 1465 tabescit.

328 1501 587 1569 «Tangit
649 1501 804 1556 enim
881 1508 1101 1555 montes
1165 1507 1221 1554 et
1281 1499 1569 1560 fumigant
1649 1499 1818 1566 (Psal.
1899 1513 2012 1564 cm,

323 1593 427 1656 32),
466 1611 486 1637 ι
520 1589 750 1659 respicit
782 1596 838 1644 et
887 1588 1020 1644 facit
1061 1595 1303 1643 tremere
1352 1596 1586 1655 terram,
1641 1589 1832 1642 Omnes
1863 1587 2017 1640 habi-

321 1683 495 1732 tantes
519 1681 577 1731 in
605 1693 671 1732 ea
701 1677 920 1748 lugent,
953 1691 1087 1733 cum
1127 1677 1298 1732 etiam
1339 1676 1442 1746 qui
1471 1689 1709 1746 corpora
1740 1689 1845 1731 sua
1875 1676 2017 1730 bene

323 1773 556 1836 regunt,
600 1764 659 1819 in
711 1764 870 1821 omni
916 1779 1020 1820 suo
1070 1765 1221 1820 bono
1270 1772 1404 1819 actu
1458 1764 1566 1819 nisi
1623 1763 1785 1820 luctu
1840 1763 2018 1833 digna

321 1853 539 1910 vident.
575 1852 628 1909 Si
667 1852 864 1923 justus
907 1853 1004 1908 vix
1055 1852 1316 1909 salvatur
1341 1853 1399 1921 (I
1437 1855 1580 1907 Petr.
1615 1867 1690 1919 IV,
1757 1852 1861 1923 l8),
1897 1866 2012 1907 non

320 1953 458 2011 ergo
496 1941 708 1996 mirum
741 1941 787 1996 si
821 1949 1146 2010 peccatores
1178 1940 1395 1996 timent.
1435 1964 1455 1988 ι
1483 1941 1554 1995 Ει
1583 1941 1848 1996 ascendet
1867 1940 2016 1995 sicut

331 2051 350 2077 ι
386 2029 550 2086 rivus
579 2029 788 2102 omnis,
817 2037 873 2085 et
903 2029 1114 2085 defluet
1142 2029 1292 2085 sicut
1323 2029 1540 2085 ﬂuvius
1564 2029 1816 2100 Egypti.
1853 2050 1874 2077 ι
1912 2029 2015 2084 llic

322 2133 541 2186 versus,
573 2126 628 2174 et
657 2118 931 2174 medietas
958 2119 1330 2188 praecedentis
1359 2133 1536 2188 supra
1569 2119 1867 2188 expositus
1897 2126 2008 2174 est.

320 2207 587 2263 Ascendit
625 2209 768 2264 sicut
824 2211 975 2262 rivus
1014 2211 1206 2274 omnis,
1253 2222 1386 2263 cum
1428 2207 1614 2262 omnis
1642 2207 1746 2277 qui
1805 2221 2017 2277 corpus

322 2309 496 2351 suum
541 2296 804 2365 castigat,
853 2303 910 2351 et
940 2297 998 2351 in
1051 2297 1384 2352 servitutem
1429 2296 1634 2365 redigit
1686 2296 1732 2364 (ι
1773 2297 1904 2350 Cor.
1936 2311 2012 2363 fx,

319 2383 427 2449 27),
458 2383 623 2452 pleno
646 2383 720 2438 ad
753 2383 934 2439 Deum
973 2383 1156 2439 fertur
1187 2383 1404 2454 impetu
1466 2383 1816 2438 intentionis.
1863 2385 2016 2439 Sicut

320 2473 518 2536 ﬂuvius
545 2473 770 2540 Δσέρῃριὶ
796 2471 1019 2536 defluit,
1055 2486 1187 2528 cum
1218 2472 1433 2528 astutia
1457 2471 1574 2536 illa,
1607 2486 1725 2542 qua
1749 2473 2016 2540 configu-

322 2558 562 2614 rabatur
592 2558 857 2615 saeculari
885 2559 1158 2625 scientiae,
1189 2575 1262 2616 ex
1295 2568 1408 2616 toto
1439 2560 1496 2616 in
1525 2575 1592 2616 eo
1623 2560 1862 2630 deperit.

395 2649 564 2705 Vnus.
595 2650 648 2704 6.
680 2679 750 2689 —-
801 2671 824 2698 ι
856 2650 964 2716 Qui
1017 2649 1262 2705 zedificat
1320 2649 1376 2704 in
1434 2649 1574 2704 coelo
1621 2649 2014 2705 ascensionem

331 2759 348 2784 ι
385 2750 572 2804 suam,
605 2744 659 2792 et
688 2737 1026 2794 fasciculum
1058 2753 1229 2794 suum
1251 2752 1426 2808 super
1448 2746 1656 2793 terram
1680 2738 1963 2793 fundavit.
1990 2761 2008 2784 ι

323 2828 390 2882 In
443 2829 567 2882 caelo
611 2829 972 2882 ascensionem
1019 2843 1175 2881 suam
1216 2827 1470 2896 aediﬁcat,
1521 2841 1652 2882 cum
1697 2827 1755 2881 in
1803 2827 2016 2882 electo-

325 2929 455 2972 rum
484 2923 726 2986 pectore,
761 2916 883 2987 qui,
915 2915 1062 2972 sicut
1088 2916 1318 2986 cadum,
1360 2916 1464 2971 sibi
1497 2923 1633 2971 sunt
1664 2916 1846 2984 sedes,
1893 2915 2014 2971 vir-

325 3010 513 3060 tutum
547 3005 931 3060 instrumenta
971 3004 1332 3074 multiplicat,
1367 3019 1470 3075 per
1516 3020 1647 3075 quae
1680 3020 1794 3060 non
1829 3004 2014 3060 solum

2118 610 2290 681 juxta
2323 611 2494 666 aliam
2529 611 2958 666 translationem
2997 611 3220 679 (LXX),
3267 611 3476 677 dicam,
3518 613 3588 666 de
3640 615 3844 679 fovea.

2121 700 2179 756 in
2241 714 2360 770 qua
2398 701 2760 767 tenebantur,
2821 715 2952 755 cum
3012 700 3246 770 superbi
3294 701 3516 771 quique
3568 701 3642 757 de
3702 701 3852 756 imis

2121 789 2396 845 vitiorum
2423 790 2602 859 eruti;
2639 791 2744 854 vel,
2781 789 2935 859 quod
2978 791 3193 859 Cyrene
3241 798 3422 856 sonat,
3472 791 3542 846 de
3577 790 3848 846 haeredi-

2123 879 2269 934 taria
2326 887 2474 935 sorte
2515 878 2725 934 diaboli
2778 893 2880 949 per
2921 879 3270 948 baptismum
3323 881 3599 950 exempti,
3672 881 3850 934 intra

2123 967 2408 1037 superbiae
2470 967 2880 1023 sublimitatem
2953 982 3251 1024 remanere
3298 959 3594 1024 sinuntur.
3662 969 3842 1033 Quod

2123 1063 2304 1111 totum
2337 1069 2404 1111 ac
2457 1056 2503 1111 si
2555 1057 2809 1112 diceret:
2870 1057 2950 1112 Ne
3006 1056 3360 1112 extollamini
3405 1059 3545 1127 quia
3597 1071 3704 1113 vos
3761 1058 3844 1112 de

2122 1146 2364 1216 .Egypto
2393 1145 2714 1211 eduxerim,
2769 1147 3090 1201 meminisse
3131 1146 3347 1200 debetis
3391 1146 3545 1215 quod
3590 1154 3648 1202 et
3682 1145 3840 1200 alias

2123 1249 2456 1290 communes
2497 1234 2780 1304 quaslibet
2817 1248 3090 1302 personas
3125 1235 3196 1290 de
3239 1235 3519 1302 gravibus
3550 1234 3725 1289 malis
3757 1235 3839 1287 ad

2123 1323 2382 1378 faciliora
2406 1338 2555 1394 saepe
2585 1322 2998 1378 transtulerint.

2197 1412 2361 1468 Vens.
2397 1415 2448 1466 8.
2479 1439 2552 1453 —
2587 1434 2607 1459 ε
2640 1413 2782 1466 Ecce
2809 1411 2958 1466 oculi
2991 1411 3215 1466 Domini
3245 1412 3339 1466 Dei
3367 1425 3542 1481 super
3575 1426 3839 1482 regnum

2131 1525 2150 1550 ι
2183 1516 2442 1572 peccans,
2492 1508 2548 1557 et
2597 1509 2884 1556 conteram
2944 1499 3080 1555 illud
3139 1515 3172 1555 a
3232 1500 3373 1555 facie
3424 1508 3611 1556 terrae.
3667 1519 3691 1552 ι
3751 1501 3844 1556 Ne

2123 1590 2443 1654 elevemini,
2477 1589 2740 1658 inquam,
2773 1589 3081 1660 hypocritze
3110 1602 3211 1658 pro
3241 1597 3428 1643 vestra
3458 1588 3658 1644 fucata
3687 1603 3842 1644 con-

2125 1678 2384 1743 tinentia,
2435 1678 2574 1746 quia
2623 1693 2735 1730 ecce
2775 1678 2917 1730 oculi
2978 1678 3200 1730 Domini
3225 1691 3396 1745 super
3424 1691 3657 1744 regnum
3704 1692 3840 1746 pec-

2127 1781 2277 1830 cans,
2322 1766 2376 1820 id
2419 1773 2503 1820 est
2545 1765 2854 1835 judiciaria
2904 1765 3001 1820 Dei
3057 1765 3465 1834 perspicacitas
3519 1779 3702 1834 super
3734 1779 3843 1822 eos

2055 1823 2099 1878 Β
2127 1855 2230 1925 qui
2260 1870 2317 1909 se
2337 1854 2593 1909 exterius
2624 1854 2838 1909 rexisse
2864 1853 3160 1919 videntur,
3193 1860 3250 1909 et
3280 1861 3470 1908 tamen
3495 1867 3569 1909 ex
3599 1867 3671 1910 eo
3705 1854 3842 1924 ipso

2126 1942 2401 2011 regimine
2431 1941 2487 1995 in
2537 1940 2798 1996 elationis
2831 1941 3052 1996 foveam
3096 1940 3537 2010 demerguntur.
3575 1941 3626 1996 Α
3685 1943 3841 2003 facile

2125 2035 2280 2084 terra
2311 2044 2553 2099 regnum
2583 2030 2920 2096 conteritur,
2943 2043 3074 2084 cum
3093 2029 3254 2100 justo
3280 2029 3376 2084 Dei
3403 2028 3625 2100 judicio
3652 2031 3838 2085 etiam

2123 2119 2195 2175 ad
2266 2120 2552 2174 humanos
2622 2133 2760 2173 usus
2825 2126 3104 2188 praetensa
3171 2117 3404 2174 castitas
3459 2118 3832 2174 adnullatur.

2130 2230 2150 2256 ι
2187 2207 2596 2263 Verumtamen
2629 2214 2928 2260 conterens
2967 2221 3080 2261 non
3111 2213 3404 2261 conteram
3447 2205 3689 2262 domum
3732 2207 3836 2261 ιδ-

2131 2320 2150 2344 »
2185 2297 2308 2351 cob.
2347 2317 2367 2343 ι
2426 2299 2508 2351 Ac
2560 2296 2606 2350 si
2653 2296 2846 2350 dicat:
2908 2294 3056 2350 Licet
3103 2308 3207 2349 vos
3259 2293 3572 2364 plurimam
3617 2295 3834 2351 sancti-

2124 2398 2374 2440 moniam
2445 2385 2654 2439 habere
2717 2383 3061 2452 permittam,
3123 2390 3178 2438 et
3228 2383 3433 2438 electos
3486 2396 3663 2444 meos,
3726 2384 3832 2454 qui

2123 2475 2263 2528 vitia
2295 2474 2669 2543 supplantare
2703 2473 2990 2537 nituntur,
3025 2471 3330 2542 aliquoties
3377 2471 3584 2526 cadere
3612 2471 3832 2536 sinam,

2123 2571 2420 2618 conterens
2472 2569 2662 2618 tamen
2713 2561 2987 2624 exterius,
3051 2561 3363 2616 introrsum
3419 2560 3660 2616 omnino
3714 2575 3837 2616 non

2123 2659 2434 2718 conteram,
2480 2651 2576 2706 sed
2629 2650 2829 2706 faciam
2884 2649 2966 2704 eis
3011 2662 3208 2704 casum
3265 2649 3452 2704 standi
3503 2649 3839 2704 materiam.

2121 2741 2316 2807 Iacob,
2349 2742 2737 2808 supplantator
2767 2746 2869 2792 est.

2199 2830 2366 2885 Vens.
2401 2833 2432 2880 9
2485 2858 2552 2868 —
2587 2851 2606 2876 ι
2646 2828 2790 2882 Ecce
2815 2841 2921 2897 ego
2953 2825 3262 2892 mandabo,
3302 2833 3356 2882 et
3394 2825 3732 2882 concutiam
3778 2827 3840 2882 in

2131 2939 2151 2965 ι
2188 2917 2457 2973 omnibus
2496 2916 2764 2986 gentibus
2800 2915 3033 2970 domum
3068 2913 3262 2982 Israel,
3318 2915 3465 2970 sicut
3493 2915 3844 2971 concutitur

2131 3031 2150 3053 υ
2188 3006 2440 3062 triticum
2471 3005 2526 3059 in
2557 3005 2767 3068 cribro,
2797 3012 2851 3058 et
2881 3017 2994 3058 non
3035 3003 3197 3058 cadet
3228 3003 3460 3072 lapillus
3501 3017 3683 3072 super
3725 3011 3843 3059 ter-

326 3092 382 3147 iu
410 3093 616 3149 borum
645 3093 909 3150 sensibus
959 3094 1328 3163 provehatur,
1375 3093 1468 3148 sed
1497 3093 1772 3165 eos‘.ipsos
1823 3093 1892 3148 ad
1925 3093 2014 3148 sui
2055 3119 2096 3175 ο
2128 3115 2154 3147 η
2186 3109 2329 3150 ram.
2369 3117 2387 3142 ι
2425 3095 2576 3149 Deus
2615 3093 2870 3159 mandat,
2915 3106 3044 3147 cum
3081 3091 3316 3148 minime
3377 3092 3499 3147 fleri
3547 3099 3726 3148 vetat.
3767 3095 3842 3148 In

324 3182 587 3238 notitiam
648 3183 968 3252 promoveri
1019 3181 1209 3238 faciat.
1264 3183 1607 3238 Fasciculum
1651 3198 1807 3236 suum
1855 3197 2018 3250 super

325 3274 525 3324 terram
572 3269 794 3337 fundat,
851 3285 983 3326 cum
1020 3271 1078 3325 in
1128 3284 1365 3340 corpore
1410 3279 1602 3326 nostro
1655 3270 1826 3326 totius
1884 3269 2017 3326 boni

323 3359 580 3415 exercitii
637 3360 932 3415 materiem
994 3373 1096 3429 per
1173 3367 1386 3415 sanctae
1426 3359 1720 3429 religionis
1787 3358 2020 3415 vincula

324 3447 662 3518 constringit
699 3455 753 3502 et
782 3447 1005 3502 solidat.
1045 3469 1065 3495 ε
1119 3446 1224 3510 Qui
1277 3454 1441 3502 vocat
1485 3461 1669 3516 aquas
1729 3448 1925 3513 maris,
1965 3454 2019 3502 et

332 3557 350 3580 ι
375 3535 619 3592 effundit
646 3549 744 3591 eas
785 3549 960 3605 super
1005 3535 1210 3590 faciem
1259 3543 1446 3600 terrae,
1495 3536 1778 3591 Dominus
1811 3549 2019 3591 nomen

331 3645 352 3671 ι
389 3623 533 3694 ejus.
575 3645 595 3672 ι
630 3630 817 3692 Aquas
849 3625 1019 3678 maris
1047 3623 1326 3678 Dominus
1357 3631 1538 3690 vocat,
1587 3638 1720 3678 cum
1759 3639 2020 3694 quosque

327 3711 480 3768 leves
523 3720 578 3768 et
632 3711 858 3777 fluidos,
903 3721 960 3768 et
1017 3712 1244 3767 sentina
1306 3711 1522 3781 putida:
1569 3713 2020 3768 conversationis

325 3814 548 3856 amores
569 3800 642 3856 ad
671 3816 790 3856 suae
836 3799 1214 3856 institutionis
1244 3801 1502 3857 studium
1534 3808 1824 3871 provocat,
1871 3816 2021 3871 quas

328 3889 618 3948 intautum
666 3890 864 3960 gratiae
901 3905 1021 3946 suae
1067 3890 1434 3946 condimento
1489 3891 1754 3946 dulcorat
1811 3899 1873 3946 ut
1930 3907 2020 3947 eas

325 3993 489 4047 super
514 3980 712 4043 faciem
743 3985 899 4034 terrae
924 3978 1206 4043 effundat,
1243 3979 1294 4033 id
1327 3987 1410 4034 est
1459 3987 1592 4034 ante
1645 3979 1840 4034 faciem
1874 3994 2018 4050 quo-

326 4082 577 4138 rumque
623 4069 924 4136 bonorum,
971 4069 1073 4140 qui
1120 4071 1294 4140 juxta
1347 4069 1705 4139 Apostolum,
1752 4077 1889 4126 sunt
1922 4069 2020 4125 Dei

327 4156 558 4213 cultura
579 4158 622 4227 (ι
652 4159 781 4212 Cor.
819 4173 898 4223 ιιι,
933 4158 1004 4226 9),
1039 4173 1136 4212 eos
1170 4172 1270 4228 pro
1297 4157 1553 4227 exemplo
1599 4166 1868 4227 exponat.
1908 4158 2021 4215 Nec

327 4243 384 4300 id
415 4243 652 4316 injuria.
675 4246 800 4314 Ipse
830 4253 915 4301 est
942 4246 1094 4300 enim
1121 4245 1418 4313 Dominus,
1454 4247 1534 4301 sic
1567 4261 1628 4302 re
1659 4253 1721 4303 ut
1766 4246 2018 4314 nomine,

327 4331 422 4388 cui
450 4333 664 4399 subest,
697 4347 828 4388 cum
858 4333 1120 4398 voluerit,
1156 4347 1332 4402 posse.

2124 3185 2370 3238 omnibus
2397 3183 2644 3250 gentibus
2676 3181 2892 3236 domum
2923 3181 3092 3234 Israel
3121 3180 3396 3246 concutit,
3434 3181 3581 3234 inter
3627 3180 3840 3236 omnia

2123 3288 2272 3346 pene
2302 3272 2442 3327 vitia
2487 3270 2891 3326 conscientiam
2944 3269 3254 3339 hypocrita:
3287 3267 3629 3338 plerumque
3676 3268 3844 3323 colli-

2127 3361 2229 3416 dit.
2253 3361 2322 3415 Et
2347 3360 2454 3414 hoc
2492 3358 2553 3413 fit
2581 3361 2724 3412 sicut
2770 3359 3011 3410 triticum
3051 3360 3107 3409 in
3161 3356 3341 3409 cribro
3391 3356 3724 3418 concutitur,
3777 3355 3838 3410 in

2127 3463 2243 3519 quo
2276 3448 2553 3502 bonorum
2587 3445 2942 3500 naturalium
2977 3444 3172 3512 fruges
3199 3457 3233 3499 a
3265 3442 3442 3513 paleis
3470 3450 3524 3499 et
3557 3444 3842 3500 sordibus

2125 3537 2398 3592 vitiorum
2431 3536 2546 3590 Deo
2587 3534 2947 3589 discernente
2981 3540 3326 3602 purgantur.
3357 3533 3461 3588 Sed
3507 3547 3622 3587 non
3673 3533 3841 3588 cadit

2127 3627 2350 3696 lapillus
2405 3641 2568 3693 super
2632 3629 2853 3689 terram,
2909 3623 3048 3692 quia
3103 3621 3408 3677 obduratio
3472 3619 3652 3674 animi
3711 3635 3840 3676 non

2125 3715 2368 3781 excedit,
2400 3721 2460 3770 ut
2518 3713 2805 3783 pertingat
2847 3727 3032 3782 usque
3057 3712 3128 3766 ad
3161 3712 3372 3780 peccati
3427 3717 3481 3764 et
3526 3713 3840 3764 terrenita-

2129 3804 2198 3861 tis
2227 3817 2346 3858 suae
2380 3803 2660 3857 notitiam.

2198 3891 2368 3948 Vsus.
2403 3893 2486 3944 10.
2517 3921 2586 3929 -—
2623 3913 2644 3938 ι
2675 3891 2739 3944 In
2771 3889 2959 3959 gladio
3007 3888 3327 3944 morientur
3373 3901 3570 3942 omnes
3623 3889 3837 3957 populi

2132 4003 2152 4028 ι
2190 3987 2510 4050 peccatores
2537 3978 2670 4045 mei,
2704 3979 2805 4048 qui
2853 3979 3088 4033 dicunt:
3133 3977 3256 4033 Non
3308 3977 3836 4046 appropinquabit,

2130 4090 2154 4119 ι
2192 4084 2307 4126 non
2331 4069 2521 4124 veniet
2549 4082 2724 4138 super
2753 4083 2858 4123 nos
2925 4067 3160 4122 malum.
3198 4088 3217 4113 ι
3273 4064 3430 4132 Quod
3471 4072 3555 4120 est
3586 4065 3785 4120 dicere.
3824 4081 3835 4118 :

2125 4161 2468 4228 Quicunque
2499 4157 2604 4212 sibi
2663 4155 3039 4212 immuitatem
3089 4170 3120 4209 τι
3169 4168 3333 4224 plena
3383 4152 3620 4222 peccati,
3659 4155 3836 4224 quasi

2127 4262 2228 4318 pro
2261 4247 2391 4302 vitae
2411 4245 2614 4302 merito
2653 4245 2760 4301 sibi
2791 4244 3091 4314 spondent,
3137 4257 3238 4314 pro
3291 4257 3399 4298 sua
3425 4247 3572 4296 249
3617 4244 3841 4298 securi-

2131 4343 2246 4392 tate
2266 4335 2529 4405 capitalis
2555 4333 2813 4391 criminis
2834 4333 3090 4403 gladium
3120 4331 3385 4386 incident.

400 4420 570 4476 Vnus.
601 4420 654 4474 '7.
689 4443 797 4469 -«
827 4419 1104 4493 Nunquid
1137 4437 1276 4485 non,
1308 4429 1371 4478 ut
1395 4422 1492 4478 filii
1534 4423 1887 4493 IEtbiopum,
1921 4438 2020 4479 vos
2061 4419 2104 4476 D
2195 4423 2364 4480 Vnus.
2396 4427 2480 4478 ll.
2531 4454 2599 4462 —
2637 4445 2658 4470 ι
2695 4423 2758 4477 In
2791 4423 2881 4477 die
2912 4422 3006 4476 illo
3045 4419 3336 4475 suscitabo
3383 4417 3832 4474 tabernaculum

333 4508 524 4564 uestis
588 4507 748 4575 mihi,
819 4509 955 4566 dicit
1015 4510 1306 4578 Dominus,
1379 4511 1478 4566 ﬁlii
1538 4512 1807 4568 Israel?»
1893 4514 2022 4567 Filii

330 4598 508 4652 Israel
543 4597 875 4670 Ethiopum
927 4600 1034 4666 ﬁlii
1067 4599 1179 4654 Deo
1243 4600 1407 4666 fiunt,
1450 4615 1581 4656 cum
1616 4600 1693 4667 hi,
1738 4600 1840 4671 qui
1886 4614 2021 4656 cum

329 4686 442 4742 Deo
471 4687 592 4743 suis
622 4687 872 4743 motibus
904 4687 1215 4757 principari
1261 4687 1600 4752 debuerant,
1653 4687 2025 4744 immutabili-

329 4784 415 4832 ter
441 4777 499 4832 in
551 4777 766 4847 peccati
813 4778 1115 4848 nigredine
1173 4785 1558 4846 perseverant.
1617 4778 1818 4845 Israel,
1857 4778 2024 4848 prin-

328 4878 457 4933 ceps
485 4878 618 4920 cum
649 4865 782 4931 Deo,
832 4865 1066 4930 dicitur,
1101 4863 1204 4934 qui
1235 4865 1306 4919 ad
1335 4865 1652 4920 obstinatos
1701 4865 2026 4934 hypocritas

329 4967 515 5008 sermo
543 4953 833 5024 dirigitur.
871 4975 892 5002 ‹
928 4953 1208 5024 Nunquid
1239 4968 1355 5011 non
1386 4953 1556 5009 Israel
1601 4954 1906 5010 ascendere
1940 4954 2025 5010 fe-

336 5063 357 5088 ι
390 5040 441 5096 ci
488 5041 558 5096 de
610 5048 763 5096 terra
818 5042 1072 5112 .Egypti,
1139 5050 1194 5098 et
1249 5042 1582 5098 Palmstinos
1627 5042 1695 5098 de
1737 5041 2026 5112 Cappado-

337 5150 358 5175 ι
393 5129 502 5196 cia,
546 5136 602 5184 et
648 5129 820 5198 Syros
868 5131 936 5186 de
987 5129 1244 5201 Cyrene?
1308 5153 1330 5179 ι
1393 5133 1564 5186 Israel
1628 5132 1912 5186 ascendere
1961 5133 2027 5186 de

333 5225 481 5272 terra
510 5221 734 5288 .Egypti
768 5219 918 5274 Deus
963 5219 1118 5285 facit,
1165 5233 1298 5275 cum
1343 5219 1414 5275 de
1442 5218 1638 5274 szeculi
1685 5220 2027 5276 maeroribus

333 5321 402 5364 ac
444 5307 691 5363 tenebris
734 5307 805 5362 ad
851 5323 910 5364 se
946 5307 1261 5364 videndum
1305 5309 1457 5363 Deus
1510 5321 1812 5379 assurgere
1868 5308 2020 5364 facit.

334 5394 619 5451 Palaestini
675 5396 1117 5466 deCappadocia
1158 5402 1469 5461 eruuntur,
1509 5410 1642 5452 cum
1694 5397 1762 5452 de
1814 5396 2026 5466 frigore

335 5483 688 5540 inﬁdelitatis
716 5484 788 5540 ad
820 5484 927 5540 hoc
959 5491 1020 5540 ut
1067 5483 1378 5538 mundana:
1409 5483 1720 5554 voluptatis
1766 5483 2027 5556 portione

334 5571 656 5640 concidant,
723 5572 926 5643 aliqui,
1005 5571 1358 5628 educuntur.
1426 5572 1713 5629 Palaestini
1796 5573 2027 5642 potione

335 5661 600 5718 cadentes
661 5662 968 5729 dicuntur;
1025 5658 1383 5728 Cappadocia
1437 5670 1628 5718 autem
1680 5661 2028 5732 aquilonalis

2136 4533 2158 4561 ι
2196 4512 2397 4577 David,
2424 4511 2578 4581 quod
2621 4510 2842 4573 cecidit.
2873 4519 2928 4566 et
2971 4508 3326 4564 rea-dilicabo
3357 4514 3659 4576 aperturas
3708 4521 3837 4562 mu-

2135 4621 2159 4650 ι
2191 4615 2389 4656 rerum
2415 4601 2562 4671 ejus,
2611 4606 2665 4655 et
2706 4614 2773 4655 ea
2805 4613 2936 4668 quze
2987 4605 3346 4662 corruerant,
3400 4595 3762 4650 restaurabo.
3809 4619 3828 4640 -

2128 4691 2193 4745 In
2222 4690 2433 4744 dieillo
2482 4689 2888 4742 tabernaculum
2935 4687 3108 4742 David
3165 4685 3310 4753 quod
3351 4684 3545 4738 cecidit
3591 4684 3835 4738 suscita-

2131 4783 2248 4844 tur,
2288 4791 2420 4832 cum
2469 4776 2525 4830 in
2567 4775 2665 4831 illa
2723 4773 3142 4830 illuminatione
3204 4773 3450 4837 interna,
3504 4784 3644 4839 qua,
3688 4770 3832 4826 dum

2131 4865 2387 4934 superbit
2417 4864 2648 4934 impius,
2698 4864 2770 4918 ad
2805 4861 2894 4918 sui
2936 4861 3253 4917 claritatem
3305 4859 3462 4914 velut
3506 4871 3720 4914 aurum
3756 4859 3837 4914 ἰο-

2131 4954 2398 5010 cenditur
2424 4966 2642 5023 pauper
2671 4953 2839 5018 (Psal.
2875 4965 2950 5017 lx,
2985 4949 3095 5018 23),
3143 4954 3342 5004 sancta
3393 4947 3596 5003 militia
3637 4948 3835 5018 cujus-

2133 5043 2268 5099 libet
2299 5055 2477 5098 manu
2509 5041 2690 5104 fortis,
2720 5056 2852 5112 quae
2880 5039 3097 5096 desidia
3132 5039 3456 5102 effluxerat,
3493 5037 3826 5092 innovatur.

2131 5134 2445 5200 Aperturas
2491 5143 2796 5186 murorum
2858 5129 2984 5198 ejus
3030 5127 3356 5190 reaediﬁcat,
3433 5139 3564 5180 cum
3625 5127 3833 5180 mentis

2134 5221 2346 5287 hiatus,
2417 5232 2517 5288 per
2583 5232 2730 5288 quos
2806 5216 3218 5272 admittebatur
3275 5227 3454 5284 prava
3517 5215 3829 5284 suggestio,

2132 5307 2308 5364 litura
2356 5306 2588 5362 virtutis
2643 5306 2959 5375 accopulat.
3026 5305 3164 5370 Quae
3229 5306 3568 5358 corruerant
3620 5310 3834 5359 restau-

2133 5403 2243 5460 rat,
2262 5409 2394 5452 cum
2428 5395 2642 5450 datnna
2675 5395 2884 5464 peccati
2937 5391 3311 5463 plenitudinis
3357 5389 3712 5460 impensione
3740 5407 3833 5446 re-

2135 5485 2444 5556 dintegrat.

2208 5573 2380 5629 Vens.
2420 5575 2498 5627 t2.
2533 5601 2600 5610 -——
2637 5594 2656 5618 ι
2691 5572 2760 5626 Ει
2799 5570 3157 5627 resedificabo
3184 5584 3281 5626 eos
3329 5569 3477 5624 sicut
3526 5568 3583 5622 in
3631 5568 3833 5625 diebus

2139 5681 2164 5713 ι
2197 5661 2477 5733 antiquis,
2509 5670 2572 5717 ut
2602 5660 2922 5728 possideant
2955 5658 3231 5728 reliquias
3259 5657 3507 5712 ldumeae
3547 5664 3603 5712 et
3636 5670 3834 5712 omnes
