3956 6410
82 378 177 429 149
570 373 1030 431 TROPOLOGUE
1070 374 1137 429 IN
1174 373 1375 437 OSEE,
1418 372 1602 430 ΑΜοὸ
1640 373 1727 429 ΕΤ
1766 373 1916 430 JER.
1957 396 2026 416 -
2064 373 2192 428 [ΑΒ.
2236 373 2301 428 ν.
2340 373 2408 427 IN
2446 370 2692 437 JERJ—
2723 370 3116 427 PROLOGUS.

3476 374 3582 425 450

81 524 107 559 ι
138 502 418 567 nationes,
471 514 539 557 eo
587 502 743 573 quod
798 502 1128 559 invocatum
1184 502 1256 559 sit
1312 515 1522 558 nomen
1576 516 1768 558 meum
1807 509 1852 561 Α
1882 508 2126 573 agreste,
2164 501 2309 557 nihil
2348 501 2617 569 insolens,
2656 500 2801 558 nihil
2843 502 3286 573 incompositum
3336 503 3587 559 residere

77 612 99 640 ι
137 604 314 661 super
342 604 456 646 eos.
491 610 511 637 ιι
547 591 703 645 Sicut
734 593 794 645 in
823 592 1012 647 diebus
1042 594 1290 660 antiquis
1328 606 1413 646 eos
1443 591 1771 659 reaediticat,

73 694 208 737 cum
247 680 319 735 ad
370 680 696 749 exemplum
756 680 1173 750 supercudestis
1226 681 1562 747 Jerusalem,
1606 682 1778 751 cujus

74 768 299 837 diebus,
330 770 379 823 id
415 776 496 824 est
528 768 860 836 virtutibus,
901 777 963 825 ut
993 769 1071 825 sic
1102 770 1374 835 dixerim,
1424 769 1565 825 nihil
1607 778 1778 825 zeter—
1810 821 1813 825 .

75 858 232 921 nius,
264 871 357 912 eos
387 857 489 927 qui
522 858 739 913 militias
772 856 850 913 illi
887 858 1211 926 inequitant
1241 858 1489 914 instituit
1516 866 1570 913 et
1602 859 1778 915 refor—

76 953 216 1000 mat.
251 947 320 1000 Ut
360 946 676 1015 possideant
714 948 980 1015 reliquias
1017 946 1271 1011 Idumcte,
1304 953 1355 1001 et
1382 962 1560 1001 omnes
1598 950 1778 1002 natio-

72 1049 189 1100 nes,
231 1036 618 1091 terrenitatem
648 1035 911 1091 videlicet
951 1036 1042 1091 sui
1085 1037 1360 1105 corporis,
1400 1046 1455 1092 et
1503 1037 1780 1106 concupi-

76 1123 325 1178 scentias
356 1137 454 1193 per
483 1137 693 1193 corpus
717 1134 1050 1194 evagantes.
1088 1124 1155 1179 Et
1190 1124 1314 1191 hoc,
1345 1141 1402 1177 eo
1451 1126 1596 1195 quod
1624 1129 1779 1179 invo-
1807 1136 1821 1148 °

75 1218 261 1265 catum
307 1215 382 1266 sit
426 1227 618 1267 nomen
665 1228 841 1266 meum
878 1228 1043 1281 super
1090 1228 1196 1277 eos,
1252 1212 1306 1267 id
1366 1221 1450 1268 est
1501 1228 1616 1269 non
1676 1228 1782 1269 suo

77 1299 300 1354 nomini
370 1300 586 1369 peccati
654 1300 957 1356 victoriam
1019 1302 1428 1370 ascripserunt,
1492 1302 1587 1357 sed
1651 1310 1784 1357 ante

77 1386 359 1442 thronum
393 1388 493 1442 Dei
524 1402 766 1443 coronas
808 1403 945 1444 suas
976 1388 1083 1459 ipsi
1108 1388 1208 1444 soli
1243 1390 1680 1459 gratulabundi,
1713 1391 1782 1446 de

74 1476 171 1530 sui
203 1475 415 1531 laboris
444 1478 837 1546 prosecutione
876 1478 1176 1534 miserunt.

154 1563 327 1620 Vnus.
362 1567 447 1619 13.
480 1595 548 1603 -
586 1587 605 1613 ι
657 1567 800 1621 Ecce
853 1566 973 1621 dies
1004 1568 1263 1632 veniunt,
1300 1568 1437 1623 dicit
1482 1569 1781 1637 Dominus,

83 1658 193 1706 net
258 1653 705 1722 comprehendet
768 1662 962 1710 arator
1017 1669 1345 1724 messorem,
1415 1666 1469 1712 et
1537 1658 1786 1713 calcator

86 1762 103 1783 -
148 1754 276 1794 uvae
308 1740 621 1797 mittentem
652 1756 867 1799 semen.
907 1765 927 1791 ι
969 1747 1096 1799 Dies
1138 1749 1379 1810 veniunt,
1425 1760 1559 1801 cum
1609 1746 1784 1800 menti

77 1827 373 1885 claritates
430 1829 668 1885 internae
712 1832 1050 1888 succedunt.
1103 1833 1542 1903 Comprehendit
1598 1840 1787 1888 arator

76 1932 389 1983 messorem,
428 1932 558 1973 cum
608 1919 945 1974 exercitium
998 1920 1132 1975 boni
1187 1921 1392 1989 operis,
1428 1921 1598 1976 etiam
1649 1936 1785 1976 nec—

78 2005 220 2061 dum
264 2016 521 2077 promoto
563 2008 774 2074 studio,
796 2010 918 2077 jam
957 2009 1088 2063 boni
1121 2008 1334 2078 operis,
1357 2023 1557 2065 secure
1578 2009 1784 2079 operiri

82 2095 288 2165 incipit
321 2098 683 2151 messionetn.
715 2096 879 2165 Quod
916 2097 997 2153 illi
1052 2098 1228 2153 statui
1256 2097 1492 2153 obviare
1536 2100 1787 2164 videtur,

78 2199 201 2254 quo
265 2184 690 2254 perfectissimis
754 2194 889 2241 ante
950 2186 1161 2243 ChriSti
1217 2187 1530 2243 adventum
1592 2190 1788 2257 negari

82 2273 269 2329 solere
298 2274 678 2343 cognovimus
714 2274 958 2329 caelestis
997 2275 1196 2345 patrize
1228 2276 1607 2331 mansionem.
1651 2277 1792 2329 Cal-

79 2370 237 2417 cator
279 2377 396 2416 uva:
448 2365 747 2416 mittentem
775 2363 997 2418 semina
1047 2364 1502 2433 comprehendit.
1535 2380 1665 2421 cum
1725 2365 1788 2431 is,

81 2452 187 2524 qui
221 2450 435 2506 divinae
478 2452 678 2521 gratiae
726 2460 925 2508 nectar
955 2467 1057 2522 per
1112 2468 1274 2509 nova
1333 2454 1795 2523 compunctionis

83 2538 359 2595 affectum
394 2553 428 2594 a
453 2554 560 2595 sua
602 2548 793 2596 mente
820 2549 1129 2612 extorquet
1158 2548 1213 2597 et
1250 2542 1425 2607 elicit,
1459 2543 1643 2610 illum,
1690 2544 1791 2613 qui

83 2629 366 2685 doctrinae
415 2628 685 2685 salutaris
723 2631 945 2700 spargit
988 2644 1203 2695 semen,
1261 2630 1485 2687 fervore
1514 2630 1593 2700 pii
1639 2630 1795 2685 desi-

83 2719 232 2774 derii
280 2719 644 2788 aequiparare
690 2719 1003 2775 contendit.
1052 2740 1074 2769 ι
1113 2717 1179 2775 Et
1222 2719 1524 2776 stillabunt
1574 2728 1796 2776 montes

92 2828 112 2854 ι
144 2806 537 2875 dulcedinem,
588 2815 643 2864 et
671 2822 870 2864 omnes
916 2808 1088 2864 colles
1131 2808 1269 2864 culti
1323 2817 1515 2864 erunt.
1551 2831 1579 2860 ι
1640 2812 1795 2864 Mon-

85 2902 163 2950 tes
190 2896 536 2951 dulcedinem
577 2896 819 2963 stillant,
865 2912 998 2953 cum
1046 2898 1390 2954 excellentes
1429 2899 1488 2953 in
1536 2906 1797 2953 content-

88 2985 346 3055 platione
377 2985 577 3053 animi,
606 2986 675 3041 de
705 3000 971 3055 supernas
1002 2986 1199 3057 gloriae
1238 2987 1451 3057 gaudio
1480 2988 1711 3051 sensim,
1743 2994 1799 3041 et

1884 592 1943 647 in
1975 592 2339 647 subditorum
2369 599 2557 646 mente
2583 591 2956 661 conspicitur.

1957 680 2127 736 VERS.
2179 682 2260 733 l4.
2298 711 2365 719 —
2400 700 2420 727 ι
2451 680 2794 735 Convertam
2826 680 3210 749 captivitatem
3244 681 3440 751 populi
3474 683 3586 738 mei

1891 790 1912 817 n
1959 770 2153 835 Israel,
2201 777 2255 824 et
2287 768 2658 824 aadificabunt
2695 768 2953 824 civitates
3002 770 3277 835 desertas,
3330 777 3384 827 et
3430 771 3589 826 habi-

1892 880 1913 907 ι
1952 858 2157 914 tabunt
2190 857 2248 913 in
2275 858 2376 912 eis.
2412 878 2434 905 ι
2471 858 2868 927 Captivitatem
2896 859 3090 927 populi
3120 858 3213 914 sui
3256 860 3406 914 Deus
3446 874 3589 915 con-

1888 946 2077 1013 vertit,
2111 959 2241 1001 cum
2292 945 2393 1014 qui
2428 944 2683 1014 captivos
2712 954 2935 1000 nostros
2964 946 3255 1000 duxerant
3311 945 3591 1002 animales

1889 1043 2098 1102 motus,
2161 1034 2265 1103 ipsi
2326 1033 2536 1105 captivi
2587 1032 2964 1089 abducuntur
3021 1034 3091 1088 ad
3155 1033 3317 1089 liberi
3366 1034 3588 1091 arbitrii

1890 1123 2197 1180 rationales
2222 1130 2415 1178 nutus.
2445 1121 2604 1177 Unde
2624 1128 2708 1176 est
2734 1136 2746 1176 :
2770 1143 2791 1171 ι
2826 1122 3151 1191 Captivam,
3186 1123 3395 1192 inquit,
3419 1123 3593 1179 duxit
3628 1182 3635 1185 _

1888 1211 2278 1282 captivitatem
2312 1211 2529 1279 (Ephes.
2574 1223 2647 1275 tv,
2691 1208 2767 1279 8).
2827 1210 3097 1264 Civitates
3125 1210 3365 1265 desertas
3406 1211 3593 1266 aediﬁ-

1890 1307 2042 1367 cant,
2091 1313 2225 1355 cum
2275 1297 2675 1354 sensualitates
2726 1298 2822 1353 Dei
2870 1298 3248 1354 contubernio
3287 1299 3588 1365 desolatas,

1890 1398 2091 1445 contra
2147 1387 2320 1444 totius
2368 1387 2639 1443 incursus
2679 1386 2951 1442 vanitatis
3009 1386 3357 1443 instaurant.
3404 1389 3477 1442 In
3516 1392 3595 1443 eis

1893 1477 2240 1541 inhabitant,
2270 1490 2404 1532 cum
2429 1489 2528 1531 eas
2564 1474 2805 1531 sollicita
2846 1476 3108 1530 custodia
3138 1475 3593 1546 frequentantes,

1892 1579 2012 1620 sum
2038 1563 2240 1620 ditioni
2272 1564 2389 1619 ﬁxa
2417 1563 2827 1619 deliberatione
2854 1552 3212 1634 ’subjugant.
3252 1586 3271 1612 ι
3306 1564 3378 1619 Et
3426 1564 3598 1633 plan-

1898 1676 1920 1700 »
1952 1654 2158 1709 tabuut
2187 1653 2405 1719 vineas,
2438 1659 2492 1707 et
2520 1651 2717 1707 bibent
2754 1652 2958 1713 vinum
3007 1666 3231 1719 earum,
3282 1660 3337 1708 et
3388 1652 3597 1709 facient

1901 1763 1920 1789 ι
1961 1744 2168 1808 hortos,
2200 1748 2255 1796 et
2283 1740 2579 1797 comedent
2610 1740 2834 1796 fructus
2866 1754 3088 1796 eorum.
3128 1762 3151 1789 ι
3192 1743 3387 1795 Vincas
3428 1742 3598 1811 plan-

1824 1809 1866 1862 Β
1897 1839 2039 1897 tant,
2071 1831 2172 1901 qui
2199 1844 2407 1886 causas
2435 1838 2663 1886 aeternae
2697 1829 2904 1885 laetitiae
2936 1832 3022 1898 pie
3043 1809 3447 1885 collaborando
3469 1844 3601 1900 pro-

1899 1928 2134 1991 pagant.
2206 1922 2405 1975 Vinum
2448 1934 2636 1972 earum
2686 1919 2914 1985 bibunt,
2971 1933 3105 1974 cum
3164 1920 3281 1988 spei
3318 1918 3598 1990 gaudium

1896 2009 2258 2079 sempiterna).
2288 2009 2419 2065 inde
2454 2016 2832 2078 prtesumunt.
2888 2008 3022 2063 Inde
3069 2007 3431 2075 debriantur,
3467 2023 3599 2064 cum

1899 2099 1967 2154 ad
2001 2098 2291 2153 anteriora
2338 2098 2652 2162 tendentes,
2700 2110 2766 2151 ea
2825 2111 2956 2166 quae
3010 2100 3162 2151 retro
3207 2104 3341 2152 sunt
3389 2097 3602 2152 oblivi-

1898 2195 2142 2243 scuntur
2187 2186 2413 2254 (Philip.
2468 2199 2549 2251 ut,
2613 2187 2716 2247 l3).
2771 2185 2983 2239 Hortos
3038 2184 3278 2251 faciunt,
3338 2200 3474 2241 cum
3531 2186 3600 2241 ad

1900 2275 2089 2341 fortia,
2121 2281 2176 2330 et
2210 2274 2381 2329 etiam
2414 2273 2728 2343 corporalis
2774 2274 3201 2329 exercitationis
3248 2274 3440 2330 studia
3484 2288 3605 2330 sese

1901 2364 2246 2434 proripiunt.
2282 2365 2510 2417 Fructus
2540 2378 2723 2416 eorum
2754 2363 3085 2427 comedunt,
3120 2377 3252 2418 cum
3295 2363 3365 2418 de
3410 2362 3605 2419 labore

1902 2453 2190 2520 forastico,
2216 2459 2271 2507 et
2300 2452 2370 2508 de
2397 2451 2786 2507 beneficentiae
2815 2452 2874 2506 in
2913 2452 3246 2521 proximum
3296 2452 3602 2521 impendio,

1903 2542 1972 2598 de
2002 2540 2213 2597 ccelesti
2245 2540 2424 2596 menti
2451 2540 2733 2595 securitas
2761 2540 2933 2595 etiam
2969 2540 3489 2610 imprmsentiarttm
3518 2540 3605 2595 in-

1903 2631 2166 2687 nascitur
2200 2628 2418 2684 bravio.
3294 2640 3305 2653 ν

1976 2720 2142 2775 VERS.
2172 2717 2256 2773 15.
2284 2748 2354 2757 ——
2384 2740 2405 2767 ι
2434 2718 2504 2773 Ει
2526 2717 2800 2788 plantabo
2826 2731 2921 2773 eos
2949 2731 3124 2788 super
3145 2718 3390 2774 humum
3418 2732 3605 2783 suam,

1912 2830 1932 2855 ι
1965 2817 2019 2864 et
2048 2823 2163 2865 non
2188 2807 2434 2864 evellam
2462 2822 2558 2863 eos
2586 2807 2742 2864 ultra
2780 2808 2849 2863 de
2881 2816 3035 2863 terra
3064 2822 3243 2878 quam
3275 2808 3404 2864 dedi
3444 2809 3547 2863 eis.
3583 2828 3603 2853 ι

1905 2899 2091 2968 Super'
2129 2898 2351 2953 humum
2405 2913 2562 2951 suam
2609 2913 2694 2952 eos
2749 2897 2990 2966 plantat,
3050 2911 3182 2952 cum
3242 2895 3611 2953 immobililer

1906 2988 1986 3043 eis
2016 3001 2257 3043 suorum
2314 3000 2645 3055 corporum,
2694 2999 2765 3040 ne
2820 2985 3067 3041 ulterius
3115 2994 3321 3055 praeter
3374 2986 3610 3041 modum

86 3074 350 3145 quadam
383 3073 691 3132 verborum
726 3073 1087 3143 lentitudine,
1116 3082 1384 3130 tractant.
1422 3075 1489 3129 Et
1530 3075 1617 3130 hae
1663 3077 1799 3129 sunt
1840 3109 1878 3158 υ
1908 3075 2142 3131 rebellia
2175 3077 2332 3141 fiant,
2368 3074 2691 3130 dominium
2731 3074 2927 3129 donat.
2961 3078 3032 3128 De
3064 3081 3209 3127 terra
3244 3090 3414 3143 quam
3458 3074 3613 3129 dedit

87 3163 360 3218 scintillze
393 3163 549 3232 apud
584 3162 937 3219 Ezecltielem
982 3163 1114 3219 aeris
1160 3163 1460 3219 candentis
1504 3163 1724 3233 (Επειδὴ.
1760 3179 1795 3230 t,

87 3252 161 3322 7).
197 3252 272 3307 Et
303 3252 445 3321 quid
481 3250 640 3307 aliud
672 3265 853 3321 quam
872 3240 1098 3309 stillare
1130 3251 1380 3317 videtur,
1416 3253 1518 3321 qui
1550 3253 1701 3322 quod
1730 3253 1798 3307 de

92 3340 206 3396 Deo
242 3340 437 3407 sentit,
477 3339 819 3410 neutiquam
869 3339 1214 3396 elucubrare
1246 3341 1643 3410 permittitur?
1673 3342 1798 3396 0m-

88 3444 184 3484 nes
224 3430 386 3484 colles
416 3430 552 3483 culti
597 3435 753 3495 sunt,
783 3442 917 3484 cum
947 3429 1020 3484 ab
1071 3443 1271 3486 eorum
1319 3430 1607 3485 stillicidio
1655 3430 1796 3486 nihil

1910 3167 1985 3217 eis
2013 3165 2162 3218 ultra
2191 3179 2275 3218 eos
2303 3179 2408 3217 non
2432 3163 2642 3230 evellit,
2676 3164 2817 3232 quia
2847 3176 3024 3233 quam
3066 3164 3328 3232 promisit
3376 3161 3613 3217 mitibus

1911 3253 2307 3324 possidendam
2341 3252 2561 3320 (Matth.
2596 3267 2651 3317 v,
2702 3253 2778 3321 4),
2827 3265 3027 3307 eorum
3082 3251 3345 3307 videlicet
3404 3264 3611 3321 corpo-

1916 3357 2045 3398 rum
2076 3349 2287 3398 terram
2314 3348 2528 3397 aeterno
2557 3344 2641 3397 eis
2664 3342 2796 3412 jure
2830 3340 3097 3410 praeﬁxit.

1417 3601 1702 3647 EXPLICIT
1748 3602 1915 3647 AMOS
1964 3602 2288 3647 PROPHETA
2301 3632 2313 3646 .

1018 3950 1533 4025 PROLOGUS
1589 3952 1718 4025 AD
1782 3951 2149 4025 LIBRUM
2209 3901 2683 4037 QUINTUM.

172 4338 325 4388 948
348 4332 719 4389 Beatissimus
744 4332 1040 4397 Jeremias,
1058 4333 1180 4403 qui,
1204 4348 1275 4388 ex
1298 4332 1416 4403 ipso
1436 4333 1636 4388 matris
1648 4340 1813 4388 utero

1924 4331 2017 4385 sed
2051 4345 2182 4386 cum
2223 4330 2297 4385 ad
2328 4330 2665 4387 charitatem
2716 4331 2813 4386 Dei
2863 4340 2919 4388 et
2968 4334 3210 4403 proximi
3260 4350 3420 4390 mens
3466 4350 3623 4392 com-

100 4423 500 4479 sanctiticatus
527 4431 582 4477 et
626 4422 902 4492 propheta
931 4422 1201 4491 gentibus
1244 4421 1582 4487 destinatus,
1619 4420 1807 4476 iniens
1841 4406 1882 4460 D
1923 4427 2159 4489 puncta,
2200 4427 2254 4475 et
2301 4420 2510 4476 excidii
2553 4420 2642 4476 sui
2690 4419 3141 4491 lacrymabtliter
3189 4423 3487 4481 recordata
3530 4438 3625 4480 re--

99 4526 294 4569 aevum
327 4511 438 4568 sub
472 4511 807 4583 evangelica
839 4511 1167 4581 virginitate
1217 4510 1510 4581 produxit,
1545 4511 1670 4581 qui,
1716 4524 1810 4566 se-

99 4602 367 4657 cundum
399 4600 658 4655 inclitam
688 4599 800 4655 sibi
847 4600 1178 4669 puritatem,
1212 4607 1372 4655 tanto
1419 4602 1649 4656 acutius
1690 4613 1811 4655 sese

100 4689 171 4745 ad
206 4689 436 4745 interna
485 4689 787 4758 proripuit,
831 4695 1049 4758 quanto
1080 4687 1155 4743 ab
1191 4696 1431 4743 externo
1478 4687 1705 4750 imitere.
1755 4694 1812 4742 et

101 4777 480 4848 prosperitate
523 4778 838 4843 mundana,
881 4791 983 4847 pro
1028 4777 1298 4846 temporis
1343 4776 1721 4844 incommodo,
1758 4782 1812 4832 et

102 4868 274 4924 corde
314 4867 686 4936 pudicissimo
726 4866 997 4921 secretior
1022 4866 1150 4921 fuit.
1182 4866 1340 4922 Unde
1370 4874 1582 4921 sanctae
1628 4865 1812 4921 infor-

106 4957 343 5013 tunium
372 4955 622 5011 civitatis
647 4956 716 5011 ad
769 4954 1057 5011 interioris
1099 4955 1347 5010 hominis
1394 4958 1696 5011 conferens
1724 4955 1814 5010 la-

109 5058 301 5114 psum.
343 5044 708 5115 quadruplex
767 5043 1022 5114 mysticis
1064 5041 1359 5100 doloribus
1406 5044 1676 5100 adhibuit
1724 5043 1809 5098 al-

108 5134 453 5202 phabetum,
489 5140 553 5189 ut
583 5147 754 5203 quem
783 5140 1038 5203 quatuor
1074 5132 1489 5189 elementorum
1539 5133 1813 5189 immode-

108 5223 318 5278 rantiis
371 5222 558 5278 ruisse
612 5229 982 5291 compererat,
1057 5236 1160 5291 per
1205 5222 1607 5292 evangelicum
1651 5231 1816 5280 cata-

111 5312 334 5381 plasma
356 5317 610 5377 sanaret,
639 5317 693 5365 et
721 5309 823 5380 qui
851 5309 1197 5380 Decalogum
1232 5309 1588 5379 duplicitatis
1627 5318 1815 5368 trans-

111 5401 407 5471 gressione
469 5398 814 5465 calcaverat,
877 5399 988 5454 sub
1039 5398 1375 5469 evangelica
1424 5415 1485 5455 se
1541 5400 1817 5459 dualitate

111 5490 504 5560 restringeret.
566 5486 784 5557 Viginti
846 5487 1003 5543 enim
1049 5487 1180 5543 dune
1234 5486 1434 5542 litterae
1485 5500 1620 5543 cum
1677 5486 1815 5557 sint,

111 5578 477 5636 deutereseos
502 5590 830 5645 excessum,
855 5589 988 5646 quae
1022 5575 1162 5646 legis
1219 5589 1399 5631 sacrae
1432 5576 1816 5633 sinceritatem

110 5662 491 5720 traditionum
543 5662 798 5716 novitate
837 5667 1195 5730 corruperat,
1258 5661 1551 5717 vicenario
1590 5661 1815 5731 signat;

1918 4506 2159 4577 digitur,
2189 4507 2435 4564 interius
2472 4509 2884 4565 exterminium
2931 4510 3146 4581 gemini
3197 4500 3464 4583 princepti
3508 4513 3626 4570 bre-

1919 4597 2094 4651 vitate
2119 4606 2441 4666 reparatur.
2491 4598 2605 4654 Nos
2652 4613 2791 4669 ergo
2820 4598 3163 4656 deuteresim
3213 4602 3540 4659 omittentes
3566 4611 3622 4659 et

1922 4685 2291 4755 hypocrisim,
2319 4701 2450 4758 quae
2478 4687 2601 4743 suis
2633 4688 2922 4743 coloribus
2961 4689 3240 4758 plurimos
3278 4690 3338 4745 in
3369 4691 3628 4747 Ecclesia
3706 4672 3727 4685 I

1920 4775 2305 4843 conduplicat,
2352 4785 2727 4844 assumentes,
2781 4777 2836 4831 in
2878 4790 3049 4832 casus
3107 4787 3161 4833 et
3201 4778 3420 4834 damna
3465 4794 3627 4836 men-

1922 4863 2086 4929 tium,
2114 4878 2247 4934 quae
2277 4865 2336 4919 in
2372 4866 2713 4936 quotidiana
2743 4866 3062 4922 vastatione
3089 4869 3462 4936 perpetimur,
3493 4869 3628 4926 sub-
3720 4898 3731 4907 -

1921 4951 2098 5008 tiliter
2139 4953 2504 5021 invehamur,
2570 4961 2626 5009 et
2678 4954 3066 5010 simulationis
3119 4969 3349 5026 rugam,
3386 4969 3506 5027 qua
3556 4958 3630 5013 ad

1924 5039 2107 5095 Deum
2139 5041 2372 5110 quidem
2402 5049 2811 5112 angustamur,
2853 5042 2924 5097 ad
2964 5044 3241 5100 saeculum
3275 5058 3413 5101 vero
3448 5047 3629 5117 pessi-

1924 5141 2020 5182 ma
2050 5129 2325 5184 vicenarii
2356 5129 2833 5200 multiplicatione
2866 5131 3235 5202 replicamur,
3266 5133 3336 5190 de
3367 5136 3631 5205 proximo

1924 5226 2124 5274 euntes
2151 5219 2210 5273 in
2260 5219 2464 5285 Deum,
2506 5219 2565 5274 in
2617 5220 2832 5276 amicos
2875 5228 2931 5276 et
2977 5222 3238 5278 inimicos
3279 5225 3463 5281 multa
3490 5239 3632 5297 qua-

1925 5306 2651 5376 quaversumliberalitato
2708 5309 3037 5389 tendantur.
3123 5312 3186 5367 In
3211 5312 3437 5370 defectu
3494 5328 3632 5385 ergo

1926 5395 2186 5462 urbium,
2220 5397 2424 5452 ruinas
2454 5397 2799 5455 meditemur
2848 5400 3206 5468 animorum,
3244 5409 3301 5457 et
3330 5402 3635 5459 videamus

1926 5484 2068 5555 quid
2099 5486 2319 5555 primus
2347 5486 2514 5542 nobis
2538 5485 2841 5544 character
2866 5489 3141 5557 insinuet,
3174 5503 3246 5545 ex
3287 5505 3405 5562 quo
3449 5491 3536 5548 uti
3563 5491 3633 5548 de

1928 5580 2151 5629 caeteris
2175 5581 2419 5642 constat,
2448 5574 2590 5645 quia
2620 5576 2881 5646 subjecta
2905 5579 3190 5635 sententia
3216 5579 3443 5648 pendet.
3478 5579 3634 5650 Ergo

1929 5671 2126 5721 sancto
2155 5679 2259 5721 nos
2284 5665 2503 5736 Spiritu
2531 5665 2867 5736 accingente
2893 5680 3224 5738 pergamus.
