3956 6402
382 391 476 444 451

1291 386 1359 443 ν.
1406 385 1744 444 GUIBERTI
1785 383 2079 444 ABBATIS
2115 385 2170 445 S.
2208 385 2446 444 MAR”?
2488 386 2578 445 DE
2617 386 3006 445 NOVIGENTO

3785 387 3875 443 432

1728 673 2013 746 LIBER
2069 671 2515 758 QUINTUS.

705 885 1532 988 TROPOLOGI/E
1626 886 1755 981 IN
1849 881 2897 980 LAMENTATIONES
2987 883 3557 981 JEREMI/E

937 1203 1171 1261 CAPUT
1210 1199 1510 1258 PRIMUM.

1127 1321 1312 1364 ALEPH
1323 1349 1335 1361 .

453 1405 623 1462 Vens.
661 1405 712 1457 1.
763 1431 833 1441 -
867 1421 889 1447 ι
945 1397 1240 1465 Quomodo
1289 1395 1445 1451 sedet
1487 1393 1610 1450 sola
1653 1393 1856 1449 civitas
1906 1393 2077 1463 plena

386 1517 408 1543 ι
442 1492 673 1565 populo,
705 1489 856 1546 facta
900 1495 984 1544 est
1040 1485 1209 1557 quasi
1263 1485 1444 1540 vidua
1497 1482 1733 1539 domina
1789 1481 2073 1553 gentium,

385 1604 406 1631 ι
443 1581 709 1652 princeps
761 1575 1194 1648 provinciarum
1249 1572 1398 1628 facta
1455 1578 1539 1627 est
1593 1569 1703 1626 sub
1756 1569 2014 1626 tributo?
2047 1590 2070 1617 ι

380 1670 564 1741 Aleph
623 1667 1036 1736 interpretatur
1081 1662 1353 1716 doctrina.
1405 1661 1612 1716 Civitas
1663 1660 1828 1727 plena
1876 1659 2076 1726 populo

378 1761 496 1814 sola
523 1757 700 1822 sedet,
745 1768 876 1810 cum
906 1766 1066 1808 mens
1101 1748 1514 1819 cogitationum
1565 1747 1773 1816 stipata
1817 1744 2079 1816 frequen-

379 1848 492 1915 tiis,
543 1846 664 1902 sola
713 1851 768 1900 et
820 1840 1150 1898 incomitata
1205 1838 1426 1907 absque
1483 1836 1758 1891 doctrina
1805 1834 2076 1890 salutaris

375 1934 745 1992 meditatione
795 1929 1071 1996 subsidet,
1128 1927 1268 1983 dum
1302 1926 1375 1980 ad
1426 1924 1810 1994 reparandam
1867 1922 2076 1978 mentis

377 2025 628 2096 quietem
667 2021 1075 2090 tumultusque
1121 2017 1401 2074 sedandos
1433 2015 1594 2071 nulla
1631 2013 1689 2069 vi
1734 2027 1837 2083 per
1871 2027 1931 2067 se
1977 2025 2075 2067 as-

377 2127 614 2184 surgere
640 2111 810 2166 valet.
851 2109 1013 2165 Unde
1054 2106 1285 2162 cuidam
1323 2104 1486 2160 mala
1549 2101 1763 2172 virgini
1815 2101 2070 2156 dicitur:

382 2223 406 2251 ο
440 2202 580 2257 Sede
609 2200 667 2256 in
693 2199 928 2270 pulvere
953 2198 1105 2265 (lsai.
1139 2209 1310 2260 XLVII,
1346 2194 1416 2263 l).
1457 2214 1477 2240 ι
1509 2191 1674 2246 Solus
1696 2203 1951 2260 namque
1981 2202 2076 2244 ne-

377 2305 471 2346 mo
500 2297 605 2355 est,
658 2289 759 2358 qui
791 2285 942 2342 sacri
995 2283 1210 2354 eloquii
1253 2283 1403 2337 intra
1453 2295 1512 2336 se
1557 2293 1788 2348 compos
1825 2286 1929 2333 est.
1963 2280 2073 2331 Do-

375 2382 528 2433 mina
564 2381 806 2446 gentium
845 2378 1006 2445 quasi
1031 2372 1201 2426 vidua
1245 2371 1322 2434 fit,
1356 2383 1490 2425 cum
1522 2368 1688 2433 ratio,
1734 2380 1866 2438 qua
1910 2366 2074 2421 vitio-

376 2481 507 2523 rum
539 2466 808 2537 gentibus
851 2461 1210 2518 discretionis
1245 2466 1469 2528 sceptro
1510 2456 1814 2528 prasidere
1864 2455 2072 2510 debue-

375 2563 486 2622 rat,
517 2567 724 2623 expers
769 2551 952 2607 divini
1004 2549 1258 2613 seminis,
1319 2555 1375 2602 et
1408 2547 1522 2601 Deo
1577 2545 1822 2615 conjuge
1879 2551 2065 2599 vacat.

374 2647 632 2712 Princeps
653 2643 1059 2710 provinciarum
1093 2637 1153 2692 lit
1185 2637 1284 2692 sub
1333 2635 1557 2702 tributo,
1589 2648 1725 2690 cum
1774 2633 1887 2694 illa.
1937 2647 2070 2703 qua

375 2731 692 2803 provinciis
738 2729 1092 2786 exteriorum
1151 2738 1450 2791 sensuum,
1497 2722 1600 2793 qui
1651 2723 1707 2777 in
1756 2721 2070 2792 Evangelio

373 2820 638 2891 quinque
669 2817 931 2874 civitates
977 2803 1347 2885 appellantur
1395 2813 1548 2882 (Luc.
1581 2826 1695 2877 xix,
1743 2811 1852 2881 l9),
1884 2809 2068 2866 eflici-

373 2915 471 2964 tur
500 2906 750 2963 obnoxia
779 2912 1024 2976 peccato.
1061 2904 1138 2958 De
1161 2917 1278 2973 quo
1303 2901 1520 2957 tributo
1561 2900 1775 2955 dicitur
1806 2913 1819 2953 :
1852 2899 1931 2955 De
1962 2913 2066 2954 ne-

373 2996 731 3053 cessitatibus
758 2995 902 3050 meis
929 2993 1112 3049 libera
1141 3005 1230 3046 me
1261 2990 1428 3058 (Psal.
1461 3003 1614 3058 XXIV,
1645 2989 1752 3059 l7).

1132 3095 1276 3136 ΒΕἸἮ
1285 3123 1298 3136 .

441 3175 616 3233 Vsus.
657 3176 712 3228 2.
738 3204 807 3213 —
852 3193 873 3222 ι
922 3170 1162 3226 Plorans
1193 3168 1442 3239 ploravit
1484 3167 1543 3222 in
1572 3173 1756 3232 nocte,
1793 3174 1848 3223 et
1873 3165 2067 3236 lacry-

372 3287 400 3314 ››
430 3277 536 3319 ma
581 3263 710 3334 ejus
761 3261 820 3316 in
864 3258 1115 3315 maxillis
1165 3258 1312 3328 ejus.
1382 3281 1401 3305 ι
1462 3255 1602 3311 Beth
1656 3255 2069 3326 interpretatur

371 3355 633 3418 confusio.
667 3350 734 3405 In
760 3356 925 3405 nocte
969 3347 1178 3418 plorat,
1229 3345 1330 3416 qui
1365 3346 1423 3400 in
1470 3344 1805 3400 confusione
1849 3344 2066 3414 peccati

371 3443 578 3497 mentis
606 3452 851 3495 acumen
882 3435 1052 3507 quasi
1098 3434 1299 3504 capitis
1325 3433 1520 3489 oculos
1550 3433 1623 3487 ab
1656 3434 1896 3488 humore
1926 3433 2064 3502 pic-

370 3529 505 3586 tatis
549 3533 845 3585 extenuat.
889 3527 1167 3591 Lacryma
1195 3523 1313 3591 ejus
1354 3524 1412 3574 in
1453 3521 1698 3574 mamillis
1741 3521 1859 3589 ejus
1904 3529 2062 3588 sunt,

368 3631 504 3674 cum
555 3615 628 3671 ad
677 3617 872 3683 aperta
915 3610 1216 3680 dispendia
1274 3610 1601 3665 animorum
1659 3608 2066 3664 interioritates

368 3705 657 3761 deﬂuunt.
689 3702 851 3759 Unde
893 3701 962 3756 de
1006 3699 1208 3769 iniquo
1246 3697 1503 3768 quolibet
1527 3697 1784 3753 dicitur:
1832 3697 1898 3752 In
1945 3697 2063 3752 vita

2109 1200 2155 1252 Α

2107 2499 2149 2554 C

2185 1197 2338 1254 tione
2395 1198 2725 1255 damnatur.
2783 1200 2933 1254 Inter
2981 1205 3160 1268 gentes
3217 1199 3455 1267 habitat,
3517 1201 3661 1256 dum
3709 1201 3867 1258 mala

2179 1287 2635 1343 conversationis
2664 1287 2991 1343 barbariem
3041 1289 3326 1357 peccando
3374 1288 3722 1359 frequentat.
3773 1293 3872 1345 Re-

2182 1379 2361 1445 quiem
2393 1392 2500 1430 non
2546 1376 2787 1444 invenit,
2836 1377 2979 1447 quia
3035 1377 3094 1432 in
3135 1376 3379 1432 miseriis
3424 1391 3540 1432 non
3592 1378 3872 1434 subsistit.

2189 1487 2209 1513 ι
2242 1463 2450 1519 Omnes
2479 1473 2867 1534 persecutores
2915 1465 3042 1535 ejus
3077 1465 3586 1535 apprehenderunt
3621 1481 3751 1523 eam
3783 1467 3873 1522 in-

2187 1573 2208 1601 »
2244 1560 2330 1608 ter
2357 1553 2678 1624 angustias.
2715 1574 2736 1602 ι
2777 1553 2936 1609 lens
2979 1561 3349 1623 angustatur,
3385 1568 3518 1609 cum
3570 1555 3706 1610 hinc
3750 1557 3872 1612 inde

2183 1641 2644 1711 pravo.appetitu
2675 1642 2932 1698 irruente
2970 1651 3238 1698 vexatur.
3273 1645 3423 1698 Inter
3452 1643 3556 1698 has
3587 1647 3871 1710 angustias

2180 1736 2540 1799 persecutores
2570 1732 2687 1800 ejus
2712 1747 2830 1785 eam
2856 1731 3322 1800 apprehendunt,
3346 1745 3480 1788 cum
3511 1746 3870 1804 quacunque

2182 1818 2456 1874 irruerint
2493 1819 2634 1876 vitia
2661 1833 2788 1875 eam
2819 1819 2924 1875 sibi
2955 1819 3273 1890 subjugare
3300 1833 3415 1876 non
3445 1820 3737 1878 desinunt.

2907 1940 3148 1981 DALETH.

2251 2013 2424 2069 Vnus.
2463 2015 2518 2068 4.
2550 2043 2618 2053 -
2647 2033 2675 2063 κ
2726 2013 2848 2070 Via
2879 2014 3011 2070 Sion
3061 2014 3262 2085 lugent
3289 2029 3354 2071 eo
3401 2015 3556 2086 quod
3606 2029 3721 2072 non
3764 2018 3871 2072 sint

2187 2122 2207 2149 ι
2252 2101 2352 2171 qui
2401 2102 2636 2157 veniant
2670 2101 2742 2158 ad
2772 2103 3209 2159 solemnitatem.
3260 2123 3288 2156 ιο
3336 2104 3537 2160 Daleth
3591 2103 3871 2175 interpre-

2181 2197 2339 2245 tatur
2370 2193 2552 2246 timor.
2594 2191 2706 2245 Via
2741 2192 2876 2246 Sion
2920 2193 3122 2260 lugent,
3170 2207 3304 2248 cum
3333 2192 3462 2259 illa,
3511 2207 3643 2263 qua
3689 2207 3865 2264 quou-

2179 2279 2312 2334 dam
2345 2279 2573 2335 fuerant
2615 2281 2814 2336 mundi
2863 2281 3050 2336 cordis
3095 2282 3393 2351 puritates,
3445 2296 3544 2352 per
3573 2296 3722 2352 quas
3763 2282 3869 2337 itur

2181 2367 2240 2422 in
2270 2368 2516 2435 divinas,
2542 2369 2695 2439 quod
2726 2377 2807 2424 est
2838 2370 2970 2424 Sion
2999 2371 3413 2439 :pcculationcs,
3441 2371 3522 2426 nil
3553 2369 3624 2426 de
3665 2371 3866 2441 gaudio

2180 2455 2394 2512 calesti
2427 2465 2804 2526 pragustant,
2838 2457 2934 2512 sed
2971 2457 3118 2513 male
3164 2457 3270 2513 sibi
3302 2459 3541 2514 conscia
3586 2458 3666 2514 nil
3716 2458 3867 2514 aliud

2182 2553 2414 2610 norunt,
2438 2545 2545 2600 nisi
2571 2554 2872 2600 continuos
2913 2546 3203 2616 parturire
3243 2547 3492 2602 timores.
3538 2547 3626 2602 Ex
3673 2564 3732 2602 eo
3763 2561 3868 2602 au-

2181 2639 2290 2686 tem
2319 2633 2522 2699 lugent,
2564 2633 2708 2701 quod
2756 2648 2862 2686 non
2911 2636 3023 2687 sint
3070 2636 3168 2702 qui
3198 2637 3422 2688 veniant
3475 2635 3550 2688 ad
3577 2635 3870 2688 solemnita-

2179 2723 2302 2785 tem,
2335 2733 2402 2774 ea
2433 2720 2586 2775 enim
2626 2734 2801 2775 causa
2842 2729 2898 2776 et
2933 2731 3161 2776 remoue
3209 2722 3439 2789 latitia,
3473 2724 3614 2793 quia
3657 2723 3870 2778 nullius

2179 2808 2476 2876 respiratio
2511 2809 2744 2864 virtutis
2783 2810 3058 2877 occurrit,
3091 2824 3223 2880 qua
3251 2811 3322 2864 ad
3373 2811 3868 2880 contemplandam

2177 2897 2436 2966 spiritus,
2469 2904 2523 2952 et
2555 2897 2763 2953 anima
2801 2898 3215 2967 cogitationum
3246 2912 3501 2970 quoque,
3531 2907 3586 2955 et
3616 2899 3868 2954 intentio

2176 2999 2319 3040 num
2353 2992 2628 3055 tanquam
2658 2987 2929 3042 solemnis
2965 2986 3073 3042 diei
3105 2985 3491 3057 frequentiam
3521 3002 3625 3043 nos
3664 2987 3867 3043 ducere

2177 3074 2372 3143 possit.
2411 3096 2431 3122 ε
2466 3073 2676 3130 Omnes
2730 3083 2906 3144 porta
2933 3076 3060 3146 ejus
3104 3075 3428 3132 destructa.
3463 3097 3486 3124 ι
3528 3077 3711 3131 Porta
3753 3077 3864 3145 ejus

2176 3178 2352 3216 omnes
2392 3162 2794 3230 destruuntur,
2831 3178 2964 3219 cum
2995 3178 3028 3218 a
3059 3163 3264 3219 debita
3309 3165 3674 3221 continentia
3721 3171 3866 3220 statu

2176 3251 2518 3308 sensualitas
2547 3261 2662 3308 tota
2690 3252 2960 3308 diruitur.
2997 3254 3073 3308 De
3099 3253 3315 3323 quibus
3346 3253 3558 3323 legitur
3587 3268 3601 3307 :
3639 3275 3662 3303 ι
3691 3253 3863 3309 Attol-

2179 3341 2292 3407 lite,
2351 3341 2560 3411 inquit,
2613 3349 2822 3410 portas,
2871 3341 3180 3411 principes,
3227 3349 3448 3397 vestras
3497 3343 3666 3412 (Psal.
3709 3356 3864 3406 XXIII,

2174 3432 2230 3497 '7,
2260 3434 2339 3501 9).
2377 3452 2396 3478 ι
2432 3461 2498 3469 —
2544 3452 2564 3478 ι
2597 3429 2924 3486 Sacerdotes
2952 3432 3079 3502 ejus
3108 3439 3418 3501 gementes,
3452 3431 3713 3501 virgines
3747 3431 3866 3502 ejus

2181 3540 2202 3567 ι
2238 3518 2538 3589 squalida.
2572 3540 2592 3565 ι
2645 3519 2958 3574 Sacerdotes
2991 3519 3107 3588 ejus
3157 3527 3417 3589 gemunt,
3453 3532 3587 3574 cum
3643 3520 3865 3575 intelle-

2173 3609 2498 3664 ctualitates
2526 3609 2671 3678 ejus,
2706 3622 2959 3678 quarum
2987 3616 3109 3664 erat
3137 3608 3308 3664 officii
3341 3623 3568 3665 sacrum
3594 3609 3704 3665 sibi
3739 3624 3865 3680 pra-

2174 3697 2307 3752 bere
2329 3697 2627 3763 ducatum,
2662 3695 2776 3752 non
2821 3695 2930 3751 nisi
2977 3697 3152 3767 digna
3181 3698 3400 3768 gemitu
3438 3705 3688 3754 tractare
3743 3711 3862 3768 per-

367 3807 476 3850 sua
513 3791 752 3862 projecit
796 3789 998 3844 intima
1045 3801 1172 3843 sua.
1209 3808 1232 3834 ι
1275 3786 1398 3842 Non
1446 3793 1530 3841 est
1579 3786 1680 3856 qui
1736 3785 2064 3840 consoletur
2104 3800 2144 3854 Β
2174 3786 2406 3841 sistunt.
2445 3787 2698 3852 Virgines
2751 3786 2868 3854 ejus
2922 3793 3058 3842 sunt
3108 3786 3396 3856 squalida,
3429 3800 3562 3842 cum
3618 3786 3762 3842 tides
3814 3793 3861 3841 et

367 3905 397 3932 »
427 3896 553 3938 eam
582 3893 655 3936 ex
683 3877 956 3934 omnibus
993 3875 1184 3930 charis
1207 3875 1352 3944 ejus.
1393 3895 1414 3921 ι
1450 3876 1538 3928 Ea:
1585 3874 1832 3928 omnibus
1879 3874 2061 3927 charis

365 3972 484 4042 ejus
510 3985 618 4024 non
641 3973 720 4022 est
744 3969 841 4036 qui
869 3967 1189 4030 consoletur,
1229 3976 1360 4018 cum
1395 3976 1467 4017 ex
1522 3962 1893 4017 universitate
1938 3962 2062 4016 vir-

365 4067 579 4126 tutum,
613 4058 672 4112 in
703 4054 919 4126 quibus
957 4053 1078 4107 sola
1108 4065 1246 4106 vera
1271 4050 1576 4106 charitudo
1616 4063 1786 4120 penes
1831 4064 1936 4105 nos
1968 4065 2058 4105 re-

363 4148 608 4218 peritur,
634 4159 750 4200 non
780 4151 863 4199 est
891 4142 1091 4211 aliqua
1113 4139 1346 4195 residua
1376 4153 1508 4208 qua
1539 4153 1643 4193 nos
1673 4138 1744 4193 ad
1777 4153 1936 4209 spem
1966 4152 2060 4194 re-

365 4237 556 4292 fovere
580 4233 866 4290 videatur.
906 4251 928 4278 ι
961 4229 1169 4285 Omnes
1201 4226 1370 4282 amici
1398 4227 1525 4298 ejus
1543 4235 1889 4297 spreverunt
1911 4241 2060 4294 eam,

367 4343 396 4376 ι
435 4331 492 4378 et
521 4320 652 4378 facti
686 4327 824 4376 sunt
855 4318 908 4374 ei
951 4316 1188 4372 inimici.
1227 4337 1250 4364 ι
1305 4317 1498 4374 Omnes
1531 4320 1681 4370 Q44
1723 4317 1888 4370 amici
1945 4317 2063 4383 ejus

363 4427 483 4467 eam
550 4415 850 4479 spernunt,
910 4419 1043 4462 cum
1102 4412 1292 4460 motus
1343 4404 1673 4472 rationales,
1730 4418 1878 4474 quos
1928 4419 2064 4460 vere

364 4498 600 4564 amicos,
641 4497 689 4552 si
733 4511 792 4552 se
838 4494 1214 4562 continerent,
1264 4493 1474 4549 habere
1520 4500 1802 4562 potuerat,
1851 4491 1923 4546 ob
1957 4491 2065 4546 fa-

363 4589 600 4644 ditatem
656 4599 778 4642 sua
825 4582 1068 4640 actionis
1115 4582 1379 4638 animum
1427 4581 1765 4638 detestando
1809 4579 2064 4636 confun-

363 4677 512 4734 dunt
567 4678 619 4730 ei
671 4675 905 4741 inimici,
961 4685 1115 4740 cum,
1164 4669 1294 4727 licet
1342 4669 1498 4740 quod
1553 4677 1738 4740 agunt
1795 4677 1851 4725 et
1906 4669 2062 4740 quod

363 4767 620 4838 cogitant
653 4763 900 4820 habeant
941 4758 1340 4826 exsecrationi,
1373 4773 1488 4814 non
1530 4757 1926 4815 succurrendo
1970 4766 2063 4814 ta-

363 4867 495 4910 men
523 4855 652 4925 ejus
681 4850 879 4908 infami
906 4849 1135 4920 negotio
1163 4854 1531 4918 perseverant
1557 4847 1794 4903 inimici.

1093 4952 1328 4994 GHIMEL.

2171 3889 2315 3944 spes,
2349 3888 2482 3944 qua
2515 3874 2646 3928 sola
2687 3874 3034 3944 incorrupta
3065 3874 3337 3930 resedisse
3367 3874 3659 3942 videntur,
3693 3889 3861 3946 squa-

2172 3963 2394 4018 loribus
2449 3963 2722 4018 vitiorum
2780 3962 3170 4018 indesinenter
3225 3963 3599 4019 addicuntur.
3639 3963 3758 4020 Nec
3815 3962 3860 4017 id

2173 4052 2413 4122 injuria,
2441 4065 2574 4108 nam
2621 4056 2746 4121 ipsa
2775 4067 3034 4121 appr-essu
3061 4052 3446 4106 amaritudine.
3481 4053 3862 4108 Amaritudine

2171 4140 2533 4210 opprimitur,
2567 4154 2700 4210 qua
2728 4139 2884 4196 nulla
2920 4154 3185 4210 superna
3222 4140 3542 4196 dulcedinis
3567 4140 3860 4197 aflectione

2172 4229 2457 4284 conditur.

2243 4405 2415 4462 Vens.
2457 4407 2509 4460 5.
2556 4435 2626 4446 —-
2675 4423 2703 4456 α
2755 4405 2907 4462 Facti
2950 4413 3087 4462 sunt
3134 4405 3326 4462 hostes
3379 4407 3507 4478 ejus
3560 4405 3620 4462 in
3679 4407 3856 4478 capite

2178 4515 2201 4543 ι
2232 4493 2450 4551 inimici
2502 4493 2655 4550 illius
2701 4493 3030 4564 locupletati
3074 4503 3230 4562 sunt,
3281 4495 3422 4566 quia
3475 4496 3758 4552 Dominus
3793 4495 3860 4550 lo-

2172 4603 2200 4632 »
2226 4590 2398 4640 cutus
2449 4591 2537 4639 est
2589 4597 2764 4653 super
2807 4596 2954 4639 eam.
2996 4605 3018 4632 ι
3075 4584 3154 4640 Ile
3184 4584 3594 4654 interpretatur
3629 4600 3761 4640 esse.
3804 4585 3858 4638 In

2171 4675 2348 4743 capite
2378 4673 2496 4741 ejus
2529 4673 2702 4726 hostes
2751 4661 2920 4740 fiunt,
2970 4686 3104 4728 cum
3135 4672 3193 4728 in
3241 4680 3512 4739 mentem,
3556 4687 3676 4743 qua
3723 4673 3858 4730 sicut

2168 4761 2354 4831 capite
2384 4762 2642 4816 membra
2666 4759 2944 4830 regimus.
2973 4768 3030 4817 et
3073 4761 3134 4816 in
3177 4775 3296 4831 qna
3349 4762 3760 4829 substantiam,
3799 4767 3857 4815 ut

2121 4895 2130 4904 .
2169 4850 2250 4906 ita
2278 4849 2545 4916 dixerim,
2572 4862 2704 4904 vere
2731 4848 2954 4904 essendi
2981 4848 3036 4904 in
3073 4849 3185 4904 Deo
3228 4849 3562 4920 accipimus,
3614 4850 3857 4906 obsidio-

2170 4952 2302 4994 nem
2333 4938 2445 4993 imo
2497 4937 2906 5007 possessionem
2951 4943 3316 5006 peccatorum
3359 4937 3739 4994 admittimus.
3773 4936 3855 4991 ille

434 5029 607 5085 Vsus.
649 5032 700 5084 3.
733 5059 803 5068 —
833 5047 862 5079 ι
894 5026 1163 5098 Migravit
1199 5026 1374 5081 ludas
1416 5032 1649 5095 propter
1693 5022 2063 5080 afﬂictionem
2103 5095 2133 5098 __
2171 5027 2326 5082 enim
2355 5040 2470 5081 non
2507 5039 2628 5080 esse
2661 5025 2772 5080 dici
2805 5033 3001 5094 potest,
3032 5025 3136 5095 qui
3185 5025 3426 5082 interna
3465 5026 3695 5082 veritati
3743 5026 3855 5081 sin—

369 5141 392 5168 ι
423 5127 480 5174 et
507 5117 939 5173 multitudinem
982 5095 1294 5181 servitutis,
1341 5113 1621 5169 habitavit
1667 5113 1815 5169 inter
1843 5121 2058 5184 gentes,
2102 5095 2145 5148 Ῑ)
2171 5127 2301 5167 cere
2331 5113 2578 5168 vivendo
2617 5128 2732 5168 non
2775 5123 2946 5170 coest.
3001 5113 3163 5170 Unde
3208 5115 3278 5170 de
3328 5114 3553 5170 diabolo
3606 5115 3852 5171 dicitur:

371 5229 393 5256 ι
427 5221 533 5264 nec
586 5206 808 5262 invenit
858 5203 1139 5273 requiem.
1181 5223 1203 5250 ι
1251 5202 1473 5258 Ghimel
1524 5202 1942 5272 interpretatur
1983 5218 2066 5256 re-

367 5297 618 5352 tributio.
670 5295 904 5362 Propter
949 5293 1320 5374 aﬂlictionem,
1356 5299 1408 5346 et
1445 5292 1850 5346 multitudinem
1891 5295 2061 5345 servi-

365 5386 500 5440 tutis
530 5382 683 5436 Iuda
712 5382 945 5451 migrat,
978 5394 1109 5435 cum
1165 5389 1396 5449 propter
1443 5379 1796 5449 flagitiorum
1839 5389 1895 5434 et
1942 5391 2063 5434 sce-

364 5473 551 5530 lerum
603 5469 982 5528 creberrimos
1025 5469 1082 5523 in
1117 5476 1305 5523 mente
1351 5482 1642 5534 recursus,
1692 5466 2064 5522 confessionis

365 5560 602 5617 omnino
639 5559 828 5614 virtus
874 5555 1181 5612 amittitur.
1227 5555 1316 5611 Sic
1352 5555 1508 5610 enim
1553 5554 1734 5609 ludas
1773 5553 2061 5622 interpre-

364 5655 542 5717 tatur,
573 5647 879 5717 taliterque
906 5645 1152 5716 pessima
1181 5644 1300 5700 vita
1330 5642 1540 5714 pejoris
1569 5655 1773 5708 sensus
1803 5642 2058 5698 retribu-

2175 5223 2198 5249 ι
2235 5201 2506 5257 Habitent
2538 5203 2597 5257 in
2630 5202 3002 5258 tabernaculo
3031 5201 3166 5258 socii
3197 5203 3325 5273 ejus
3355 5203 3457 5273 qui
3489 5217 3606 5258 non
3632 5212 3719 5258 est
3748 5200 3854 5272 (Job

2171 5304 2330 5355 xvut,
2363 5290 2469 5359 l5).
2522 5310 2550 5339 »ι
2597 5292 2812 5344 Inimici
2856 5293 3008 5345 illius
3055 5292 3370 5360 locupletati
3419 5297 3563 5356 smtl,
3619 5306 3753 5348 cum
3797 5288 3856 5344 de

2169 5392 2237 5432 ea
2267 5392 2442 5447 quam
2473 5378 2638 5433 nobis
2667 5379 3064 5448 subripuerint
3095 5378 3384 5434 damones
3414 5379 3630 5434 virtute
3660 5389 3854 5448 super-

2174 5466 2364 5522 biunt.
2399 5467 2470 5522 Et
2500 5466 2606 5522 hoc
2639 5467 2718 5533 iit,
2748 5470 2880 5535 quia
2916 5469 3181 5522 Dominus
3217 5482 3382 5536 super
3427 5483 3546 5521 eam
3585 5467 3849 5538 loquitur,

2169 5555 2326 5625 quod
2351 5555 2562 5610 scilicet
2605 5569 2724 5610 sua
2759 5555 2958 5611 merito
2989 5555 3263 5625 nequitia
3309 5555 3382 5610 ad
3431 5555 3850 5626 opprimendam

2169 5654 2295 5696 eam
2327 5641 2612 5698 sententia
2637 5640 2831 5698 datur.
2868 5662 2890 5690 ι
2925 5641 3032 5696 Pro
3072 5641 3441 5697 multitudine
3476 5640 3600 5714 [al.,
3636 5648 3848 5713 propter
