3956 6414
104 386 126 433 "l
140 382 206 433 333

843 375 1300 435 TROPOLOGIE
1339 376 1407 434 IN
1445 375 1645 447 OSEE,
1684 376 1869 433 AMOS
1908 374 1996 433 ET
2032 375 2183 434 JER.
2225 405 2295 418 —
2330 375 2464 433 LIB.
2512 377 2575 433 ν.
2626 377 2699 433 ΙΝ
2736 375 2879 435 JEB.

3512 383 3617 436 454

102 532 133 562 ι
164 512 622 585 multitudinem]
654 510 1029 582 iniquitatum
1056 509 1203 581 ejus,
1240 509 1471 581 parvuli
1502 510 1630 581 ejus
1648 508 1805 565 ducti
1844 512 1890 563 Α
1921 522 2019 577 na,
2052 522 2185 580 qum
2212 508 2516 579 Apostolus
2538 517 2707 567 vocat
2745 510 2983 567 meliora
3029 511 3380 571 charismata
3411 516 3464 584 (Ι
3492 518 3612 573 Cor.

102 625 127 652 ι
161 603 416 662 suntin
473 602 867 673 captivitatem
920 604 1053 657 ante
1103 599 1304 657 faciem
1363 600 1714 656 tribulantis.
1774 623 1799 645 ον

98 694 338 749 Parvuli
362 694 665 749 ducuntur
702 693 761 746 in
798 693 1194 761 captivitatem,
1237 704 1369 746 cum
1404 690 1594 746 idiota:
1624 689 1796 761 quili—

97 784 193 840 bet
225 798 325 854 per
346 797 550 840 eorum
597 782 767 839 devia
815 780 965 837 fiunt
993 788 1162 837 extra
1198 779 1423 836 arbitrii
1459 780 1802 847 libertatem,

98 880 169 930 ut
198 873 535 929 necessitate
564 879 815 942 peccent,
852 871 1008 941 quod
1047 870 1440 926 contraxerint
1489 869 1801 924 voluntate.

100 962 175 1018 Et
206 962 315 1018 hoc
337 978 438 1032 pro
466 961 816 1017 multitudine
845 960 935 1016 his
976 959 1182 1015 accidit
1222 961 1599 1028 iniquitatum,
1654 964 1718 1013 ut
1747 971 1806 1013 se

101 1051 350 1123 quilibet
379 1065 413 1107 a
444 1052 579 1122 jure
607 1051 699 1106 sui
741 1064 945 1106 sensus
973 1048 1180 1105 sentiat
1218 1048 1638 1118 captivitatum.
1691 1047 1805 1101 Du-

98 1147 322 1195 cuntur
350 1148 544 1196 autem
570 1144 698 1193 ante
724 1140 924 1205 faciem
962 1137 1299 1203 tribulantis,
1332 1149 1466 1190 cum
1515 1134 1809 1190 ardentior

99 1236 191 1283 est
216 1228 461 1299 impetus
507 1241 745 1298 peccare
794 1226 1055 1292 volentis,
1091 1232 1149 1281 et
1196 1225 1364 1294 longe
1412 1223 1809 1292 subsequatur

100 1317 320 1373 diaboli
344 1316 636 1388 suggestio
669 1315 1022 1372 attentantis.
1064 1314 1130 1368 In
1166 1320 1375 1369 terram
1402 1311 1556 1369 enim
1588 1312 1808 1383 spatio-

98 1419 249 1474 sam,
284 1415 340 1462 et
362 1406 558 1472 latam,
584 1405 758 1475 juxta
790 1403 931 1460 illud
962 1402 1275 1469 lsaianum,
1309 1400 1477 1472 quasi
1512 1401 1626 1471 pila
1677 1400 1806 1456 mi:-

98 1501 317 1549 tuntur
347 1493 497 1566 (lsai.
527 1508 666 1561 xxii,
700 1494 809 1560 18).
842 1490 957 1561 Ipsi
985 1490 1158 1547 etiam
1188 1503 1395 1546 auram
1429 1503 1621 1560 prava:
1650 1488 1806 1559 aspi-

96 1582 347 1639 rationis
376 1583 481 1638 sibi
515 1595 791 1654 generare
820 1581 1116 1636 dicuntur.

885 1683 1036 1724 VAU.

181 1761 352 1816 Vens.
386 1762 439 1814 6.
467 1788 540 1800 —
581 1784 600 1808 ι
665 1760 733 1814 Et
786 1772 1018 1828 gressus
1049 1763 1134 1813 est
1181 1770 1216 1811 a
1271 1755 1385 1811 filia
1441 1755 1575 1811 Sion
1622 1755 1809 1811 omnis

1913 612 2011 665 xu,
2047 601 2155 665 31),
2205 606 2260 653 et
2312 613 2443 668 qua
2503 598 2635 654 filiae
2686 599 2840 671 regis
2897 600 2969 656 ab
3028 601 3187 658 intus
3242 612 3379 660 sunt
3436 605 3620 677 gloria

1915 688 2081 758 (Psal.
2116 700 2270 754 xuv,
2306 688 2415 756 l4).
2446 709 2467 736 ι
2519 690 2665 745 Cum
2711 689 2936 744 caderet
2971 691 3220 761 populus
3247 692 3375 763 ejus
3418 694 3476 749 in
3503 709 3620 750 ma-

1921 798 1943 825 ι
1978 791 2062 832 nu
2104 776 2312 844 hostili,
2353 786 2553 834 etnon
2601 786 2746 835 esset
2787 778 3119 836 auxiliator.
3173 802 3193 829 ι
3233 781 3396 838 Cadit
3438 800 3617 855 popu-

1917 866 2001 920 lus
2044 864 2161 935 ejus
2205 868 2265 920 in
2303 882 2471 921 manu
2497 867 2702 934 hostili,
2753 882 2887 924 cum
2937 868 3353 939 cogitationum
3384 860 3620 945 'vulgus

1918 953 2223 1009 lasciviens
2287 954 2466 1011 fracto
2532 955 2681 1011 bono
2755 957 3047 1026 proposito
3120 958 3272 1014 cedit
3320 959 3618 1017 diabolicae

1918 1042 2089 1112 parti.
2122 1045 2241 1099 Non
2277 1051 2362 1099 est
2409 1045 2737 1112 auxiliator,
2771 1059 2905 1101 cum
2951 1046 3108 1101 deest
3152 1047 3391 1117 spiritus
3438 1063 3621 1121 repu-

1918 1141 2147 1202 gnator.
2185 1153 2206 1180 ι
2256 1132 2534 1188 Viderunt
2558 1146 2687 1189 eam
2730 1133 2939 1201 hostes,
2994 1142 3049 1190 et
3102 1136 3430 1193 deriserunt
3478 1138 3619 1195 Sab-

1924 1240 1945 1268 ι
1981 1220 2115 1276 bata
2142 1221 2289 1291 ejus.
2340 1242 2359 1268 ι
2398 1224 2584 1276 Hostes
2630 1238 2748 1276 eam
2790 1222 3010 1291 vident,
3060 1239 3191 1279 cum
3244 1226 3411 1282 malae
3453 1227 3618 1283 habi-

1919 1316 2013 1365 tus
2044 1310 2250 1365 mentis
2298 1309 2381 1365 eis
2409 1311 2571 1367 nullo
2620 1312 2786 1367 modo
2834 1311 3156 1382 displicent.
3209 1314 3453 1370 Sabbata
3502 1316 3620 1385 ejus

1918 1397 2200 1467 derident,
2230 1414 2365 1454 cum
2389 1413 2515 1454 eam
2563 1399 2668 1455 sibi
2700 1400 3177 1470 acquiescentem,
3208 1409 3266 1457 et
3306 1402 3463 1458 omni
3492 1404 3617 1460 utili

1919 1486 2111 1547 studio
2140 1487 2626 1557 supersedentem,
2655 1488 2866 1544 habere
2894 1504 2953 1544 se
2984 1490 3260 1560 gaudent.

2396 1594 2399 1599 '
2667 1591 2862 1632 HITH.

1991 1664 2163 1721 Vens.
2196 1664 2250 1720 8.
2281 1695 2349 1703 —
2395 1686 2423 1714 ‹
2459 1666 2760 1721 Peccatum
2809 1668 3066 1735 peccavit
3116 1667 3435 1726 Jerusalem
3483 1686 3620 1741 pro-

1924 1773 1946 1800 ι
1984 1760 2177 1822 pterea
2228 1753 2512 1810 instabilis
2579 1754 2729 1809 facta
2792 1762 2894 1810 est.
2933 1776 2955 1802 ι
3011 1755 3154 1811 Heth
3210 1757 3623 1828 interpretatur

108 1872 132 1898 ι
160 1850 332 1905 decor
358 1848 507 1919 ejus,
541 1847 672 1903 facti
722 1821 858 1902 sunt
891 1846 1178 1916 principes
1224 1845 1352 1915 ejus
1398 1844 1557 1899 velut
1606 1845 1811 1899 arietes
1849 1821 1891 1876 Β
1917 1821 2131 1910 stupor.
2165 1840 2378 1912 Stupor
2402 1849 2597 1898 autem
2629 1843 3040 1899 insensibilitas
3057 1854 3161 1901 est.
3208 1821 3623 1905 Insensihilitas

103 1957 134 1989 ››
171 1952 290 1994 non
322 1936 677 1992 invenientes
709 1949 943 2005 pascua.
980 1954 1008 1984 ι
1037 1934 1165 1990 Vau
1208 1933 1625 2003 interpretatur
1673 1934 1808 2001 ipse.

100 2029 242 2095 Ipse
270 2033 463 2082 autem
511 2025 919 2094 proprietatem
966 2023 1095 2092 ejus
1145 2036 1368 2091 semper
1421 2036 1541 2091 quo
1577 2021 1808 2089 dicitur,

105 2116 391 2172 insinuat.
436 2115 597 2171 Unde
618 2128 866 2183 egressus
891 2128 925 2165 a
950 2115 1071 2182 filia
1098 2112 1227 2167 Sion
1278 2114 1451 2165 omnis
1491 2110 1649 2164 decor
1696 2109 1811 2179 ejus

102 2206 345 2279 dicitur,
378 2218 512 2259 cum
539 2203 612 2259 ab
644 2216 712 2258 ea
755 2210 961 2268 mente,
1009 2216 1141 2270 qum
1188 2200 1503 2256 caelestium
1545 2200 1813 2270 specula-

104 2302 325 2361 torum,
375 2299 478 2349 aut
524 2292 656 2347 olim
710 2291 917 2357 fuerat,
967 2298 1069 2346 aut
1111 2304 1232 2344 esse
1278 2296 1558 2358 potuerat,
1614 2287 1659 2343 si
1700 2288 1813 2342 Deo

104 2376 459 2432 inniteretur
488 2377 626 2444 filia,
683 2376 790 2432 hoc
821 2376 1032 2445 ipsum,
1084 2374 1238 2445 quod
1275 2374 1333 2428 in
1377 2373 1474 2428 Dei
1505 2381 1814 2442 conspectu

100 2466 568 2536 personalitatem
617 2465 747 2532 sibi,
779 2472 855 2530 et,
888 2472 953 2520 ut
996 2463 1075 2518 ita
1120 2464 1330 2528 dicam,
1392 2462 1813 2518 substantivam

101 2555 429 2626 quamdam
461 2556 863 2625 proprietatem
892 2552 1213 2609 exstruitet
1236 2550 1501 2619 aedificat,
1535 2551 1632 2606 Dei
1667 2550 1817 2605 vide-

100 2645 242 2700 licet
272 2643 538 2714 gratiam,
574 2658 751 2713 quam
783 2642 965 2698 solam
1004 2642 1123 2711 ipse
1153 2640 1506 2710 concupiscit
1547 2640 1814 2710 speciem,

103 2733 319 2789 intima
359 2732 533 2802 pestis
580 2732 862 2788 eliminat.
925 2732 1089 2786 Velut
1140 2732 1338 2784 arietes
1389 2731 1666 2799 principes
1699 2730 1817 2797 ejus

100 2830 266 2889 sunt,
304 2836 436 2877 cum
463 2836 668 2877 sensus
697 2820 824 2890 ejus
843 2821 1158 2875 exteriores
1183 2818 1358 2874 duces
1386 2820 1673 2873 universae
1691 2817 1819 2887 ejus

104 2910 464 2982 operationis
496 2912 660 2966 fiunt.
696 2910 916 2965 Arietes
944 2908 1098 2965 enim
1130 2908 1409 2963 ducatum
1458 2908 1617 2977 gregi
1667 2920 1817 2975 prte-

106 3002 247 3056 bere
297 2999 502 3065 solent,
561 3005 617 3054 et
647 2998 806 3054 hunc
854 2997 1194 3067 quinarium
1238 2996 1410 3051 habet
1456 2995 1823 3051 Samaritana

106 3089 423 3160 coniugem
457 3089 637 3156 (Joan.
682 3101 758 3153 IV,
822 3088 925 3155 18).
993 3088 1057 3141 Hi
1108 3087 1305 3139 arietes
1353 3099 1469 3140 non
1515 3083 1821 3139 inveniunt

104 3192 343 3248 pascua,
413 3175 689 3231 nimirum
754 3174 972 3242 vitalia,
1038 3188 1144 3230 nec
1208 3172 1504 3242 requirere
1583 3172 1818 3241 quidem

108 3267 371 3337 gestiunt
399 3264 693 3319 alimenta.
728 3285 750 3312 ι
796 3264 867 3319 Ει
903 3263 1172 3319 abierunt
1223 3262 1443 3331 absque
1489 3260 1823 3316 fortitudine

112 3377 135 3403 ι
173 3364 315 3412 ante
376 3353 579 3409 faciem
641 3352 1073 3422 subsequentis.
1148 3372 1169 3398 ι
1218 3351 1445 3418 Absque
1494 3351 1825 3416 fortitudine

107 3444 353 3511 abeunt,
378 3456 510 3498 cum
554 3442 774 3511 absque
807 3440 927 3496 ulla
974 3438 1285 3495 rebellione
1337 3439 1577 3509 spiritus
1613 3438 1824 3495 diaboli

106 3528 590 3603 suggestionibus
615 3528 846 3583 cedunt.
882 3530 1025 3581 Ante
1066 3528 1266 3592 faciem
1295 3526 1466 3582 etiam
1495 3526 1823 3595 subsequen-

109 3623 180 3676 tis
208 3622 449 3685 abeunt,
490 3631 623 3674 cum
666 3625 797 3673 ante
843 3614 1259 3686 experientiam
1310 3613 1578 3685 malignae
1620 3616 1827 3672 adhor-

107 3708 368 3771 tationis,
412 3707 577 3778 quasi
615 3713 978 3776 praesentiam
1027 3704 1191 3761 faciei
1222 3703 1344 3760 suis
1391 3704 1646 3775 ipsorum
1697 3720 1825 3762 mo-

109 3799 272 3855 tibus
301 3798 454 3854 ultro
477 3796 890 3853 succumbunt.

250 3917 267 3925 ο
713 3900 818 3939 zu
863 3884 985 3954 [al.,
1045 3883 1234 3953 zuN].

184 3977 359 4033 Vens.
394 3976 449 4029 7.
484 4006 552 4014 —
590 3998 610 4023 ι
662 3974 733 4030 Ει
765 3973 1066 4029 recordata
1093 3981 1178 4028 est
1230 3972 1548 4028 Jerusalem
1599 3973 1826 4029 dierum

120 4088 141 4113 ι
178 4064 511 4122 afﬂictionis
552 4078 693 4131 suae,
738 4070 796 4119 et
836 4060 1330 4134 praevaricationis
1371 4062 1631 4117 omnium
1676 4062 1827 4118 desi-

122 4177 143 4204 ι
173 4154 523 4211 derahilium
553 4168 814 4220 suorum,
858 4166 990 4223 qua:
1038 4151 1318 4208 habuerat
1357 4165 1390 4206 a
1419 4151 1624 4207 diebus
1671 4153 1827 4208 anti-

122 4265 143 4292 ι
180 4244 332 4314 quis.
374 4267 395 4292 ι
432 4243 525 4299 Zai
559 4243 975 4312 interpretatur
1020 4241 1141 4308 huc,
1177 4240 1320 4295 illud
1371 4239 1639 4307 innuens,
1694 4241 1828 4296 ani-

118 4347 273 4389 mam
303 4333 520 4402 lapsam
558 4332 889 4388 meminisse
933 4330 1162 4400 debere,
1197 4330 1352 4386 unde
1399 4337 1456 4386 et
1503 4344 1621 4400 quo
1666 4330 1830 4401 lapsa

1921 1938 2114 1986 autem
2161 1930 2241 1986 nil
2291 1930 2449 1986 aliud
2481 1945 2660 2001 quam
2711 1930 2993 2000 reprobus
3044 1947 3265 1989 sensus.
3319 1936 3436 1991 Hoc
3484 1951 3623 2008 ergo

1921 2021 2372 2075 antonomastice
2412 2026 2690 2089 peccatum
2738 2022 3077 2075 Hierusalem
3128 2032 3345 2091 peccat,
3385 2032 3441 2081 et
3497 2026 3623 2083 ideo

1924 2106 1985 2161 lit
2010 2109 2307 2175 instabilis,
2341 2109 2482 2179 quia
2512 2118 2816 2179 postquam
2850 2122 2886 2164 a
2915 2111 3136 2165 visione
3185 2112 3341 2180 pacis
3386 2113 3623 2169 internae

1924 2211 2084 2253 mens
2121 2198 2323 2265 ruerit,
2367 2212 2468 2267 per
2500 2205 2847 2254 tentatorum
2883 2199 3167 2269 impuisus
3201 2200 3318 2255 huc
3374 2201 3624 2272 illucque

1924 2286 2278 2357 vagabunda
2345 2287 2640 2342 discurrit.
2711 2309 2732 2335 ι
2780 2286 3009 2354 Omnes,
3069 2289 3172 2358 qui
3226 2289 3625 2359 glorificabant

1928 2398 1948 2423 ι
1979 2389 2128 2443 eam,
2163 2383 2509 2445 spreverunt
2561 2374 2741 2443 illam,
2779 2376 3057 2446 quoniam
3117 2377 3390 2434 viderunt
3455 2379 3624 2451 igno-

1929 2486 1950 2513 ι
1986 2464 2223 2519 miniam
2296 2464 2445 2535 ejus.
2494 2486 2515 2513 ι
2583 2466 2691 2529 Qui
2753 2480 2871 2518 eam
2935 2466 3337 2534 gloriﬁcabant,
3385 2469 3628 2526 virtutes

1924 2562 2062 2610 sunt
2092 2553 2300 2623 animi;
2328 2554 2553 2609 hiceam
2568 2562 2868 2623 spernunt,
2892 2569 3024 2609 cum
3039 2563 3372 2625 contemptu
3391 2557 3628 2629 dignam

1925 2652 2271 2713 argumento
2302 2656 2423 2699 suae
2448 2642 2784 2698 desertionis
2830 2642 3160 2699 ostendunt.
3194 2646 3465 2709 Quoniam
3539 2648 3629 2703 in-

1925 2732 2074 2802 quit,
2106 2734 2463 2797 ignominiam
2508 2734 2624 2801 ejus
2670 2731 2949 2797 viderunt,
3004 2732 3276 2789 infantem
3314 2735 3527 2791 scilicet
3554 2751 3628 2792 ex

1926 2821 2175 2877 obscena
2210 2820 2644 2876 conversatione
2688 2820 2870 2875 videri
2914 2820 3189 2877 fecerunt.
3245 2822 3392 2878 Sunt
3434 2832 3627 2881 autem

1928 2909 2265 2980 hujusmodi
2297 2909 2449 2964 dicta
2476 2908 2798 2964 secundum
2830 2922 2844 2963 :
2880 2909 3023 2965 illud
3050 2930 3080 2958 «
3119 2910 3632 2970 Abominabuntur

1930 3012 2019 3053 me
2053 2998 2395 3053 vestimenta
2425 3010 2552 3052 mea
2581 2996 2737 3066 (Job.
2770 3011 2848 3061 ix,
2899 2998 3008 3065 3t).
3044 3017 3066 3045 ι
3100 3029 3169 3037 —
3204 3021 3225 3047 ι
3267 3000 3399 3069 Ipsa
3436 3009 3630 3059 autem

1859 3124 1899 3177 Ο
1936 3108 1957 3135 ι
1995 3100 2227 3157 gemens
2254 3094 2308 3142 et
2354 3100 2635 3141 conversa
2685 3094 3024 3141 retrorsum.
3066 3108 3086 3134 ι
3121 3087 3306 3142 Gemit
3354 3105 3487 3144 cum
3534 3091 3632 3146 mi-

1929 3189 2055 3230 sera
2121 3189 2283 3230 mens
2347 3174 2743 3230 difﬁcultatem
2810 3173 2959 3229 male
3039 3177 3315 3245 operandi
3391 3178 3627 3235 invenit.

1935 3287 1955 3311 ε
1995 3263 2113 3319 Sub
2153 3263 2374 3333 lingua,
2424 3264 2635 3333 inquit,
2681 3263 2808 3333 ejus
2848 3262 3010 3318 labor
3037 3272 3091 3318 et
3148 3264 3311 3319 dolor
3338 3267 3510 3334 (Psal.
3570 3282 3628 3334 x,

1932 3356 2002 3420 7).
2043 3375 2065 3403 ι
2134 3353 2449 3407 Βεινυνεωη
2533 3351 2911 3416 convertitur,
2980 3365 3114 3407 cum
3196 3352 3269 3407 ad
3317 3356 3632 3422 praeteritas

1930 3440 2120 3510 potius
2150 3439 2469 3508 voluptates
2498 3446 2885 3509 retorquetur,
2909 3452 3091 3509 quam
3112 3453 3212 3509 spe
3238 3441 3309 3496 ad
3341 3443 3633 3498 anteriora

1931 3527 2221 3585 tendatur.

2695 3631 2882 3671 TBTH.

2005 3707 2175 3764 Vens.
2209 3710 2261 3762 9.
2293 3734 2368 3748 —
2405 3728 2424 3753 α
2466 3704 2670 3761 Sordes
2716 3705 2845 3776 ejus
2902 3705 2959 3761 in
3021 3706 3262 3775 pedibus
3316 3711 3462 3779 ejus,
3524 3725 3630 3767 nec

1936 3818 1963 3847 ι
1998 3797 2295 3853 recordata
2334 3803 2420 3851 est
2477 3795 2609 3850 ﬁnis
2643 3794 2754 3861 sui,
2801 3795 3057 3864 deposita
3105 3803 3189 3852 est
3240 3798 3630 3868 vehementer,

1938 3908 1960 3935 ι
1997 3901 2114 3942 non
2181 3886 2400 3941 habens
2449 3885 2878 3939 consolatorem.
2935 3903 2962 3935 ν
3029 3884 3170 3941 Teth
3220 3886 3635 3957 interpretatur

1933 3977 2193 4030 exclusio.
2231 3975 2427 4031 Sordes
2474 3975 2592 4045 ejus
2634 3977 2693 4029 in
2738 3976 2973 4044 pedibus
3010 3976 3128 4045 ejus
3179 3986 3338 4044 sunt,
3376 3992 3511 4034 cum
3560 3980 3634 4035 ab

1934 4063 2237 4120 affectibus
2289 4064 2418 4135 ejus
2496 4063 2712 4134 peccati
2771 4064 3112 4120 intentiones
3167 4080 3281 4121 non
3339 4066 3631 4125 desinunt.

1933 4156 2085 4209 Finis
2135 4155 2224 4208 sui
2281 4168 2389 4208 non
2436 4154 2791 4220 recordatur,
2842 4168 2976 4209 cum
3021 4168 3058 4210 a
3104 4157 3268 4224 pravi
3315 4156 3407 4211 sui
3449 4165 3636 4213 status

1934 4242 2390 4298 consideratione
2433 4242 2812 4299 excluditur:
2875 4243 2982 4298 hoc
3021 4243 3174 4299 enim
3225 4244 3282 4298 in
3339 4246 3636 4315 praemissa

1935 4330 2124 4386 littera
2176 4330 2508 4387 adnotatur.
2551 4331 2748 4387 Finem
2794 4346 2968 4387 suum
3014 4333 3349 4398 altenderet,
3412 4335 3461 4389 si
3519 4334 3637 4391 fru-

117 4423 213 4491 sit,
246 4422 403 4494 quod
460 4420 673 4478 scilicet
729 4422 831 4475 huc
888 4424 1041 4474 us
1089 4433 1313 4489 semper
1356 4419 1590 4475 oculum
1640 4427 1824 4475 retor-
1865 4428 2093 4487 Dctum
2124 4420 2298 4476 studii
2343 4420 2435 4475 sui
2478 4419 2612 4491 quis
2653 4419 2726 4476 sit
2772 4419 3007 4477 futurus
3059 4422 3402 4479 adverteret.
3462 4424 3637 4479 Vehe-

118 4525 301 4580 quere
329 4524 557 4567 necesse
585 4509 676 4565 sit.
720 4508 871 4575 Ideo,
908 4509 1120 4579 inquit,
1160 4514 1529 4564 convertetur
1573 4509 1824 4578 populus

121 4614 287 4657 meus
318 4600 433 4656 huc
466 4599 585 4669 [al.,
617 4597 729 4667 hic]
762 4598 934 4667 (Psal.
983 4612 1157 4665 Lxxn,
1197 4600 1307 4666 l0).
1352 4598 1652 4652 Jerusalem
1698 4597 1822 4652 die-

116 4705 242 4743 rum
308 4690 629 4756 afflictionis
694 4702 805 4741 suae
854 4686 1208 4754 recordatur,
1273 4700 1406 4742 cum
1459 4700 1637 4753 mens,
1689 4701 1822 4757 quae

117 4778 438 4848 aliquando
468 4776 747 4833 visionem
794 4776 951 4846 pacis
996 4777 1282 4846 attigerat,
1335 4789 1454 4831 suae
1494 4774 1824 4845 dejectionis

117 4867 535 4923 reminiscitur.
563 4865 920 4923 Recordatur
952 4873 1143 4921 autem
1171 4864 1403 4930 dierum,
1453 4863 1509 4919 id
1556 4872 1641 4920 est
1672 4878 1820 4935 qua-

119 4968 490 5027 rumcunque
585 4954 1016 5021 discretiouum,
1098 4961 1412 5023 antequam
1488 4954 1824 5009 cwcutireut

118 5044 268 5099 oculi
335 5044 741 5108 intentionum,
802 5044 956 5113 quod
1005 5042 1144 5098 solet
1189 5042 1312 5098 ﬁeri
1373 5042 1432 5096 in
1491 5041 1823 5112 primordiis

122 5136 524 5191 tentationum.
573 5135 1049 5189 Przvaricationis
1088 5134 1326 5186 omnium
1376 5130 1823 5185 desiderabilium

118 5234 358 5279 suorum
410 5223 767 5288 recordatur,
807 5236 940 5278 cum
990 5223 1230 5277 internae
1278 5220 1580 5290 opulentiae
1629 5232 1818 5291 gazas,

120 5323 251 5379 qua
283 5311 453 5367 modo
482 5310 818 5367 animorum
857 5310 1331 5380 praevaricatione
1378 5309 1713 5376 turbantur,
1765 5316 1822 5365 et

119 5411 251 5469 quae
280 5415 314 5456 a
339 5400 545 5457 diebus
585 5400 861 5471 antiquis,
896 5400 950 5455 id
983 5407 1066 5455 est
1096 5407 1408 5469 antequam
1442 5413 1603 5454 mens
1653 5412 1822 5468 pror-

120 5500 219 5565 sus
277 5490 720 5555 tenebrasceret,
788 5488 1175 5555 habebantur,
1222 5488 1641 5555 miserabiliter,
1699 5488 1822 5544 sine

118 5574 323 5636 eﬂ’ectu
353 5588 548 5637 tamen
578 5578 797 5649 aliquo,
847 5577 921 5634 ad
971 5577 1306 5633 memoriam
1356 5591 1628 5633 revocare
1673 5577 1824 5635 vide-

121 5671 233 5722 tur.
269 5666 680 5724 Desiderabilia
710 5680 824 5721 non
863 5664 979 5721 alia
1025 5673 1363 5736 suntquam
1411 5664 1687 5722 interiora
1714 5665 1817 5720 bo-

1932 4516 2138 4564 menter
2166 4508 2492 4579 deponitur,
2517 4524 2649 4579 quae
2670 4524 2832 4579 nunq
2842 4509 3059 4566 uamad
3080 4512 3401 4581 appetenda
3419 4520 3636 4570 aeterna

1931 4599 2179 4655 levatur.
2211 4599 2607 4655 Consolatorem
2642 4614 2751 4653 non
2796 4598 2986 4665 habet,
3037 4614 3171 4655 cum
3219 4600 3367 4656 inter
3410 4609 3493 4658 tot
3524 4602 3637 4658 mi-

1931 4688 2129 4753 serias,
2163 4701 2268 4743 nec
2298 4687 2531 4743 virtutis
2561 4686 2862 4757 quidpiam
2891 4702 3009 4756 quo
3053 4688 3317 4757 respiret,
3349 4689 3494 4759 quin
3527 4703 3635 4760 po-

1932 4778 2047 4833 tius
2073 4777 2232 4832 omni
2265 4777 2449 4832 sancti
2479 4775 2728 4845 Spiritus
2758 4775 3145 4831 consolatione
3191 4785 3368 4832 caret.
3407 4800 3429 4827 (
3470 4778 3635 4849 Vide,

1935 4887 1959 4916 ι
1993 4865 2255 4934 Domine,
2302 4865 2670 4921 afﬂictionem
2715 4878 2922 4931 meam,
2965 4864 3241 4934 quoniam
3283 4873 3510 4922 erectus
3550 4875 3636 4923 est

1936 4977 1958 5003 ι
1998 4954 2285 5010 inimicus.
2342 4975 2363 5002 ι
2431 4954 2554 5010 Vox
2609 4960 2693 5010 est
2753 4953 2933 5009 sancti
2993 4954 3341 5025 cujuspiam,
3393 4956 3499 5025 qui
3566 4956 3636 5013 de

1931 5043 2102 5113 lapsu
2130 5042 2317 5098 alieno
2338 5041 2638 5113 afﬂigitur.
2675 5041 2950 5097 Inimicus
2994 5042 3240 5113 erigitur
3270 5057 3284 5096 :
3311 5045 3635 5102 secundum

1931 5132 2108 5203 quod,
2164 5130 2281 5200 illa,
2340 5140 2406 5188 ut
2455 5131 2855 5202 supradictum
2898 5139 3002 5199 est,
3054 5131 3423 5190 vehementer
3467 5134 3636 5206 depo-

1930 5223 2110 5279 nitur.

2528 5324 2679 5366 iorn
2726 5310 2828 5379 [a.,
2868 5309 3024 5381 Jon].

2004 5399 2179 5455 Vnns.
2216 5401 2299 5453 10.
2331 5430 2403 5439 --
2436 5421 2458 5449 ι
2488 5398 2725 5455 Manum
2756 5412 2924 5455 suam
2957 5399 3113 5455 misit
3131 5399 3311 5457 hostis
3338 5400 3409 5457 ad
3439 5401 3636 5458 omnia

1937 5510 1960 5538 ι
1998 5487 2401 5544 desiderabilia
2476 5489 2624 5559 ejus,
2686 5488 2827 5558 quia
2873 5489 3016 5544 vidit
3092 5499 3289 5560 gentes
3346 5490 3635 5561 ingressas

1936 5599 1959 5627 ι
1992 5578 2392 5634 sanctuarium
2435 5591 2630 5645 suum,
2666 5578 2736 5633 de
2774 5577 2991 5647 quibus
3037 5592 3392 5649 praeceperas
3438 5595 3509 5637 ne
3539 5581 3634 5638 in-

1938 5689 1958 5716 ι
1990 5674 2210 5723 trarent
2264 5665 2321 5721 in
2378 5665 2676 5722 ecclesiam
2733 5673 2916 5723 tuam.
2948 5685 2979 5718 ι
3035 5667 3161 5723 Joth
3221 5668 3635 5739 interpretatur
