3956 6414
377 378 481 429 4ΞὶῙὶ
1230 372 1293 426 ν.
1340 370 1670 426 GUlBERTI
1732 370 2026 425 ABBATIS
2082 371 2139 425 S.
2205 371 2453 428 MABUE
2511 372 2602 428 DE
2651 371 3044 428 NOVIGENTO
3797 372 3872 424 iiii;

381 512 662 567 desolatio.
698 511 767 566 Et
793 507 962 578 plane
988 507 1297 572 desolatur,
1331 520 1464 562 cum
1495 513 1758 576 potestas,
1805 505 1956 575 quod
1991 511 2075 560 est
2113 507 2158 559 Α
2188 518 2422 562 sumens
2450 507 2730 573 exoritur,
2765 507 2866 578 qui
2899 506 2964 561 de
3000 507 3224 574 excelso,
3258 506 3313 563 id
3338 515 3424 564 est
3470 507 3630 564 fastu
3683 521 3877 580 super-

379 612 592 656 manus
621 597 861 664 hostilis,
891 610 992 666 per
1020 595 1292 651 interiora
1317 595 1486 661 bona,
1523 608 1654 663 quae
1704 593 1816 648 Deo
1849 591 2070 647 deside-

369 687 654 754 _rabiliora
681 685 1018 751 creduntur,
1060 683 1402 753 obvagatur.
1444 680 1605 747 Quod
1637 681 1761 735 ideo
1805 681 1853 735 ei
1886 680 2072 735 conti-

381 777 484 848 git,
516 776 657 847 quia
685 779 864 843 gentes
905 776 1177 841 ingressas
1214 773 1593 825 sanctuarium
1638 785 1796 823 suum
1822 769 1983 830 vidit,
2018 768 2073 823 id

379 872 464 922 est
527 864 816 934 nequitias
882 861 1165 932 quaslibet
1225 858 1632 914 conscientiam
1703 865 2069 927 occupantes,

379 968 514 1025 quae
547 953 820 1022 templum
854 950 950 1006 Dei
980 964 1101 1005 esse
1146 949 1442 1013 debuerat,
1486 947 1890 1017 aequanimiter
1921 947 2000 1000 tul
2033 957 2066 999 t.

381 1042 465 1098 Ea
495 1043 650 1098 enim
677 1054 808 1111 quae
832 1053 1008 1095 exosa
1047 1037 1346 1102 habemus,
1379 1036 1630 1090 solemus
1673 1035 1883 1102 dicere,
1934 1049 2073 1104 quia

381 1131 574 1187 videre
606 1143 720 1184 non
751 1141 1078 1198 possumus.
1110 1126 1187 1181 De
1213 1126 1300 1180 his
1339 1125 1599 1194 praecepit
1627 1127 1764 1179 Deus
1805 1138 1870 1176 ne
1891 1125 2074 1176 intra-

378 1225 499 1274 rent
542 1223 602 1272 in
641 1218 915 1272 ecclesiam
960 1231 1135 1280 suam,
1191 1214 1292 1284 qui
1342 1214 1512 1268 etiam
1570 1213 1753 1268 averti
1806 1211 2075 1282 praecepit

379 1307 573 1364 oculos
600 1321 669 1362 ne
707 1305 969 1360 viderent
1019 1302 1354 1370 vanitatem,
1405 1301 1620 1358 nedum
1664 1301 1788 1370 ipsa
1848 1301 2074 1356 vanitas

379 1397 775 1453 admitteretur
805 1393 860 1449 in
901 1399 1169 1449 mentem.

1135 1493 1326 1534 CAPH.

449 1575 620 1631 Vens.
655 1576 740 1626 il.
795 1592 919 1618 -σι
977 1568 1176 1624 Omnis
1236 1567 1484 1637 populus
1537 1567 1664 1635 eius
1709 1579 1960 1636 gemens.
2020 1573 2076 1620 et

307 1699 330 1710 -
387 1685 406 1710 ι
441 1676 708 1732 quaerens
758 1673 986 1730 panem,
1035 1657 1318 1711 dederunt
1366 1655 1613 1724 pretiosa
1670 1667 1920 1724 quaeque
1976 1666 2074 1720 pro

387 1773 408 1798 ι
443 1751 572 1806 cibo
622 1750 694 1804 ad
762 1746 1190 1803 refocillandam
1251 1743 1526 1798 animam.
1567 1763 1587 1789 ι
1653 1741 1808 1810 Caph
1865 1740 2078 1795 dicitur

2185 593 2291 649 bize
2318 595 2508 651 itidem
2557 605 2886 667 generatur.
2934 597 3132 667 Ignem
3175 596 3329 652 enim
3371 596 3452 652 sic
3495 596 3692 668 accipi
3740 601 3880 655 testis

2181 693 2264 737 est
2310 685 2627 754 propheta:
2681 706 2701 732 ι
2760 689 2801 740 Α
2857 699 3015 751 voce,
3077 685 3286 754 inquit,
3342 685 3592 754 loqueiae
3655 689 3881 758 grandis

2182 771 2400 826 exarsit
2431 772 2580 841 ignis
2613 771 2669 826 in
2718 787 2786 827 ea
2815 771 2953 841 (Jer.
2993 786 3068 837 χι,
3103 773 3178 843 6).
3218 793 3240 820 ι
3276 773 3478 830 Erudit
3532 789 3700 842 eum,
3761 790 3879 830 cum

2183 859 2252 914 de
2299 874 2415 930 quo
2472 861 2620 916 bono
2667 860 2953 928 ceciderit,
3001 861 3313 917 instruitur
3358 875 3460 932 per
3509 863 3738 932 peccati
3791 879 3880 917 cu-

2177 945 2415 1015 juslibet
2454 959 2674 1002 casum.
2732 947 2893 1002 Unde
2941 955 2998 1003 et
3047 948 3277 1002 Balaam
3309 948 3380 1004 de
3426 951 3622 1019 seipso
3660 965 3675 1004 :
3729 972 3750 997 α
3784 949 3879 1014 Qui

2182 1034 2354 1100 cadit,
2402 1034 2610 1104 inquit,
2677 1041 2733 1090 et
2796 1035 2877 1090 sic
2931 1035 3277 1105 aperiuntur
3319 1037 3470 1092 oculi
3500 1039 3635 1108 ejus
3697 1037 3876 1104 (Num.

2182 1135 2338 1188 xxw,
2367 1124 2446 1192 4).
2467 1145 2487 1170 ι
2527 1153 2586 1164 σ-
2619 1143 2645 1172 ς
2671 1123 2962 1192 Expandit
2992 1132 3109 1180 rete
3135 1124 3378 1194 pedibus
3407 1129 3565 1190 meis,
3602 1127 3876 1181 convertit

2188 1231 2212 1259 ι
2255 1225 2342 1266 me
2411 1218 2755 1281 retrorsum;
2816 1212 3006 1281 posuit
3057 1227 3146 1268 me
3203 1213 3536 1281 desolatam,
3619 1222 3744 1270 tota
3795 1214 3873 1268 die

2187 1320 2210 1346 ι
2250 1313 2493 1354 mturare
2551 1300 2887 1356 confectam.
2959 1322 2979 1348 ι
3033 1299 3164 1354 Rete
3217 1301 3444 1370 pedibus
3500 1302 3876 1372 expanditur,

2182 1401 2315 1442 cum
2345 1386 2756 1444 offendiculum
2809 1401 3003 1443 coram
3047 1388 3156 1454 his,
3215 1390 3317 1459 qui
3377 1389 3700 1446 volontarie
3751 1404 3878 1460 pec-

2182 1483 2335 1539 cant,
2369 1476 2630 1545 ponitur;
2659 1484 2714 1532 et
2753 1477 2892 1532 dum
2924 1477 3060 1533 hinc
3105 1478 3376 1548 expedire
3405 1492 3463 1534 se
3511 1477 3746 1545 nititur,
3793 1478 3877 1533 in-

2184 1565 2515 1634 gruentium
2548 1565 2833 1622 malorum
2867 1567 3108 1621 maculis
3134 1567 3386 1636 amplihs
3438 1567 3722 1622 irretitur.
3785 1569 3875 1621 Be-

2186 1665 2418 1707 trorsum
2445 1655 2745 1720 convertit,
2781 1669 2916 1710 cum
2945 1653 3020 1709 ad
3053 1665 3283 1724 peccata
3313 1664 3546 1711 veterna
3592 1655 3873 1721 reliditur,

2185 1742 2446 1796 Desolata
2499 1743 2754 1812 ponitur,
2796 1757 2927 1799 cum
2975 1757 3008 1798 a
3047 1744 3160 1798 Deo
3219 1743 3607 1799 inhabitatore
3671 1757 3876 1798 vacans

381 1843 720 1904 incurvatus,
771 1851 877 1891 nec
925 1834 1226 1890 immerito.
1266 1834 1451 1889 Omnis
1480 1831 1632 1886 enim
1680 1808 1913 1899 populus
1959 1831 2076 1896 ejus
2117 1808 2156 1862 Β
2184 1808 2820 1886 diabolicae-voluntati
2887 1832 3459 1901 prostituitur.'Tota
3519 1833 3610 1886 die
3661 1848 3874 1886 meo-ore

383 1942 593 1994 gemens
625 1941 817 1995 panem
848 1923 1076 1994 quierit,
1109 1935 1242 1976 cum
1271 1928 1388 1976 tota
1422 1920 1689 1990 cogitatio
1719 1918 1827 1973 sub
1860 1917 2077 1987 cupidi-

384 2023 567 2073 tatum
594 2017 743 2072 fasce
769 2014 966 2069 dolens
997 2010 1327 2080 temporalis
1369 2007 1752 2080 jucunditatis
1802 2007 2076 2061 alimenta

381 2103 759 2175 circumlegit.
810 2102 934 2170 Quo
973 2108 1174 2156 contra
1218 2099 1277 2154 in
1317 2097 1420 2153 Job
1473 2097 1719 2166 legitur:
1759 2118 1780 2143 ‹
1835 2095 2075 2150 Abomi-

381 2193 589 2250 nabilis
636 2195 696 2249 tit
750 2190 802 2247 ei
851 2191 1016 2260 panis
1069 2189 1122 2244 in
1153 2188 1273 2242 vita
1315 2200 1421 2242 sua
1459 2186 1596 2256 (Job.
1649 2199 1848 2251 χχχιιι,
1907 2185 2011 2250 20).
2048 2205 2068 2230 ι

384 2284 638 2338 Pretiosa
675 2295 900 2349 quaeque
945 2293 1048 2348 pro
1104 2277 1220 2330 cibo
1263 2276 1420 2342 dant,
1473 2287 1606 2330 cum
1656 2288 1760 2343 pro
1813 2272 2074 2328 saeculari

381 2371 618 2429 lascivia
656 2371 808 2426 bona
835 2366 1126 2432 interiora,
1161 2377 1374 2434 magna
1397 2363 1586 2433 pretii,
1618 2369 1674 2418 et
1721 2362 1926 2417 mercis
1971 2361 2074 2416 ini-

380 2461 601 2532 quitate
623 2459 970 2528 dispensant.
1021 2455 1138 2510 Hoc
1175 2454 1414 2519 faciunt,
1450 2459 1513 2507 ut
1561 2453 1801 2505 animam
1852 2448 2078 2506 refocil-

383 2550 520 2614 lent,
581 2555 648 2604 ut
699 2551 1098 2602 momentaneo
1145 2541 1360 2597 scilicet
1414 2539 1725 2609 voluptatis
1768 2539 2076 2609 cujuslibet

381 2637 616 2702 haustu,
693 2631 973 2702 appetitui
1065 2644 1187 2686 suae
1275 2627 1646 2684 animalitatis
1735 2628 2072 2682 asserviant.

387 2749 406 2775 ι
439 2725 603 2792 Vide,
650 2722 906 2788 Domine,
957 2727 1013 2775 et
1073 2719 1372 2775 considera
1416 2718 1696 2787 quoniam
1739 2715 1886 2772 facta
1945 2730 2073 2771 sum

385 2835 408 2862 ι
442 2813 591 2868 vilis.
653 2832 676 2860 ι
734 2811 880 2866 Sunt
936 2807 1196 2878 quidam,
1246 2807 1347 2877 qui
1387 2806 1457 2860 de
1501 2805 1608 2860 hac
1636 2817 1745 2860 sua
1811 2805 2078 2860 incurva-

382 2901 534 2958 tione
580 2913 647 2956 ac
695 2901 740 2954 si
784 2897 1024 2963 vilitate,
1075 2896 1243 2966 quasi
1287 2895 1356 2950 de
1417 2895 1719 2964 profundis
1768 2894 1837 2949 ad
1894 2893 2075 2949 Deum

382 2988 744 3046 inclamando
773 2986 1076 3056 respirent.
1129 2984 1292 3041 Videt
1340 2983 1511 3050 Deus,
1552 2997 1684 3039 cum
1736 2983 1932 3038 videre
1972 2995 2075 3037 nos

2184 1919 2504 1986 conficitur,
2573 1933 2702 1975 cum
2789 1919 2899 1975 sub
2964 1927 3189 1976 terreno
3260 1934 3434 1976 onere
3504 1920 3874 1990 ingemiscens

2185 2016 2299 2063 toto
2329 2009 2441 2074 die,
2480 2007 2536 2062 id
2589 2016 2672 2064 est
2721 2008 2958 2079 jugiter,
2993 2008 3066 2064 ab
3111 2009 3341 2065 aeternis
3393 2009 3873 2066 exsultationibus

2182 2097 2507 2152 exsulatur.

2961 2201 3112 2241 NCN.

2257 2273 2427 2328 Vens.
2468 2274 2549 2328 lli.
2583 2304 2646 2313 —
2680 2297 2699 2322 ε
2737 2274 3012 2344 Vigilavit
3047 2275 3260 2345 jugum
3311 2275 3689 2346 iniquitatum
3722 2289 3868 2330 tuea-

2190 2382 2211 2408 ι
2248 2376 2408 2428 rum;
2447 2363 2501 2417 in
2544 2375 2722 2418 manu
2751 2363 2878 2432 ejus
2924 2365 3245 2419 convolutae
3283 2371 3440 2431 sunt,
3484 2371 3540 2418 ει
3591 2365 3864 2434 impositae

2194 2451 2390 2504 icollo
2455 2465 2600 2506 meo.
2671 2471 2693 2498 ι
2764 2451 2899 2506 Nun
2955 2451 3366 2521 interpretatur
3414 2455 3631 2506 unicus.
3694 2453 3868 2520 Supra

2182 2539 2428 2603 dixerat,
2462 2542 2600 2610 quia
2633 2540 2700 2594 de
2740 2554 2860 2595 suae
2908 2541 3302 2596 zestimationis
3330 2541 3574 2607 excelso,
3623 2541 3686 2596 in
3739 2542 3866 2595 ossi-

2186 2628 2292 2683 bus
2321 2628 2604 2683 interioris
2626 2629 2981 2696 constantiae,
3027 2628 3320 2698 jactantite
3353 2629 3502 2700 ignis
3553 2638 3866 2695 exarserat,

2185 2716 2396 2771 idcirco
2426 2716 2663 2772 unicum
2693 2730 2751 2769 se
2780 2723 2835 2771 et
2862 2717 3221 2786 singularem
3255 2717 3596 2773 aestimabat.
3633 2717 3871 2774 Proinde

2183 2807 2241 2858 in
2269 2821 2435 2859 manu
2495 2805 2591 2860 Dei
2631 2806 2830 2874 jugum
2873 2808 3230 2873 iniquitatum
3286 2807 3413 2876 ejus
3457 2806 3684 2876 vigilat,
3746 2808 3871 2876 quia

2185 2908 2328 2949 usus
2357 2902 2693 2963 perpetratae
2724 2894 3016 2964 nequitiae,
3051 2895 3152 2964 qui
3201 2909 3304 2950 nos
3349 2894 3746 2951 indesinenter
3777 2911 3870 2965 op-

2183 2983 2378 3051 primit
2407 2989 2462 3036 et
2499 2982 2758 3049 inclinat,
2817 2982 3277 3038 irremedialibus
3321 2996 3426 3038 nos
3467 2982 3626 3037 curis
3676 2983 3870 3051 exagi-

381 3079 541 3148 facit;
571 3075 917 3143 considerat,
956 3088 1092 3130 cum
1121 3087 1226 3128 nos
1255 3072 1327 3128 ad
1359 3071 1538 3128 nostri
1557 3071 2070 3128 considerationem
2112 3108 2152 3161 Ο
2183 3078 2284 3126 tat.
2330 3073 2567 3138 Vigilare
2589 3071 2742 3125 enim
2780 3072 3072 3124 sollicitari
3105 3079 3208 3126 est.
3251 3071 3383 3125 Haec
3421 3070 3868 3132 convolvuntur,

380 3167 621 3224 reducit.

865 3267 1122 3309 LAMBTE
1167 3252 1288 3322 [al.,
1333 3266 1456 3306 ιη
1476 3250 1591 3319 an].

449 3347 621 3402 Vnus.
651 3348 736 3400 12.
777 3367 797 3392 ι
831 3343 876 3400 Ο
905 3358 1006 3400 vos
1032 3356 1250 3407 omnes,
1300 3341 1402 3411 qui
1435 3340 1691 3396 transitis
1746 3352 1847 3409 per
1897 3339 2072 3404 viam,

385 3458 406 3484 ι
441 3434 735 3502 attendite,
771 3442 825 3489 et
854 3432 1040 3487 videte
1069 3431 1116 3484 si
1144 3437 1228 3485 est
1253 3429 1414 3484 dolor
1445 3429 1592 3484 sicut
1617 3427 1781 3482 dolor
1826 3441 2008 3482 meus.
2049 3447 2068 3473 ι

381 3524 616 3580 Lameth
677 3523 1092 3590 interpretatur
1148 3533 1238 3572 cor
1283 3519 1582 3571 servitutis.
1635 3516 1741 3571 Per
1789 3529 1906 3583 cor,
1957 3529 2075 3585 quo

379 3611 652 3682 sapimus,
686 3608 1116 3681 “intelligentia;
1155 3619 1265 3675 per
1291 3606 1624 3660 servitutem
1673 3603 1888 3674 peccati
1946 3603 2077 3658 sub-

375 3699 544 3770 jectio
581 3698 940 3768 designatur.
992 3695 1098 3750 Per
1143 3707 1241 3750 cor
1285 3706 1423 3762 ergo
1479 3691 1772 3747 servitutis
1824 3691 2076 3761 cognitio

379 3795 464 3843 est
490 3787 717 3857 signata
747 3797 1031 3855 perversae
1061 3781 1130 3838 ad
1164 3789 1460 3852 peccatum
1501 3779 1862 3836 humilitatis.
1919 3779 2077 3835 Unde

381 3877 654 3947 operibus
693 3875 950 3930 clamat:
1007 3873 1050 3928 Ο
1111 3887 1203 3926 vos
1269 3885 1449 3925 omnes
1508 3872 1606 3938 qui
1663 3871 1914 3923 transitis
1977 3885 2076 3938 per

379 3969 532 4020 S40
554 3968 724 4030 uiam,
767 3962 870 4032 qui
915 3975 1016 4032 per
1043 3961 1338 4016 Christum
1365 3959 1646 4025 videlicet,
1694 3957 1797 4028 qui
1845 3957 1938 4012 via
1993 3965 2076 4014 est

378 4056 556 4122 (Joan.
605 4068 718 4119 xiv,
775 4054 853 4122 6),
910 4048 1202 4106 informati
1260 4048 1580 4118 transigitis
1633 4047 1833 4115 vitam,
1897 4054 2077 4102 atten-

377 4143 530 4210 dere,
569 4150 623 4198 et
677 4142 871 4197 videre
905 4139 1267 4203 documento,
1318 4142 1374 4192 et
1429 4134 1690 4204 exemplo
1736 4149 1827 4190 me
1885 4133 2072 4201 facite,

377 4239 613 4301 quantae
643 4227 942 4284 dementiae
971 4227 1046 4281 sit
1077 4225 1168 4281 his
1205 4237 1295 4280 me
1325 4223 1622 4280 doloribus
1673 4223 1881 4278 addici.
1928 4222 2072 4279 Cum

377 4319 531 4375 enim
561 4317 660 4374 alii
691 4316 919 4371 doleant
959 4327 1060 4384 pro
1098 4327 1203 4369 suo
1250 4311 1404 4383 quod
1445 4311 1781 4368 commisere
1822 4319 2072 4381 peccato,

2181 3160 2322 3216 dum
2389 3160 2796 3230 iniquitatibus
2857 3160 3190 3230 iniquitates
3247 3160 3660 3217 admiscentur.
3737 3162 3869 3216 Collo

2181 3250 2584 3319 imponuntur,
2630 3250 2769 3305 dum
2839 3249 2897 3304 in
2951 3249 3337 3320 oppressionis
3399 3249 3867 3306 consuetudinem

2182 3341 2452 3394 universa
2479 3339 2814 3394 trahuntur.
2845 3361 2864 3385 «
2893 3339 3190 3394 Inﬁrmata
3213 3345 3299 3394 est
3327 3339 3513 3394 virtus
3544 3352 3708 3408 mea;
3732 3337 3871 3393 dedit

2185 3448 2210 3478 ι
2241 3441 2330 3482 me
2352 3428 2630 3482 Dominus
2657 3427 2714 3482 in
2744 3440 2944 3493 manu,
2973 3427 3042 3482 de
3063 3440 3181 3496 qua
3202 3441 3312 3482 non
3338 3427 3817 3498 poterojsurgere.
3851 3447 3866 3468 -

2181 3516 2406 3571 Exinde
2430 3519 2606 3569 virtus
2627 3514 2976 3582 infirmatur,
2999 3514 3140 3584 quia
3167 3527 3283 3569 non
3304 3523 3385 3570 est
3413 3513 3534 3570 ulla
3551 3514 3643 3569 vis
3669 3515 3866 3579 cordis,

2181 3620 2315 3675 qute
2343 3604 2776 3660 suborientibus
2804 3603 2958 3658 vitiis
2985 3603 3328 3673 refragetur.
3359 3604 3464 3659 Dat
3490 3617 3595 3658 nos
3621 3606 3868 3658 Dominus

2179 3695 2239 3748 in
2266 3693 2520 3748 manude
2558 3708 2668 3762 qua
2718 3707 2824 3746 non
2881 3705 3190 3760 possumus
3235 3705 3474 3758 surgere,
3517 3705 3654 3747 cum
3713 3690 3867 3747 semel

2181 3781 2331 3837 servi
2362 3781 2493 3836 facti
2529 3779 2744 3850 peccati
2773 3793 2806 3834 a
2832 3779 2966 3848 jure
3006 3780 3152 3849 ejus,
3185 3779 3280 3834 cui
3329 3793 3434 3834 nos
3474 3779 3867 3846 submisimus.

2185 3870 2498 3940 nequimus
2523 3883 2627 3925 nos
2661 3867 2954 3939 potestatis
2983 3881 3204 3924 eruere.

2893 3971 3167 4012 SAIECH.

2255 4047 2426 4104 Vnus.
2467 4049 2549 4100 15.
2597 4078 2664 4086 -
2723 4069 2742 4094 ι
2805 4045 3053 4102 Abstulit
3098 4060 3296 4102 omnes
3345 4044 3688 4116 magnificos
3731 4060 3869 4102 meos

2189 4156 2208 4182 ι
2244 4135 2525 4190 Dominus
2579 4135 2648 4190 de
2705 4135 2894 4190 medio
2941 4135 3082 4204 mei;
3137 4135 3363 4190 vocavit
3409 4134 3726 4192 adversum
3793 4149 3868 4188 me

2187 4244 2208 4270 ι
2245 4230 2492 4292 tempus,
2576 4229 2641 4278 ut
2703 4231 2962 4278 conterat
3023 4222 3230 4278 electos
3295 4237 3468 4278 meos.
3543 4243 3565 4271 ι
3637 4222 3862 4279 Samech

2181 4311 2396 4368 dicitur
2435 4315 2855 4380 ﬁrmamentum.
2899 4314 3156 4366 Dominus
3203 4312 3270 4366 de
3307 4311 3486 4366 medio
3525 4313 3712 4368 nostri
3759 4327 3866 4365 ma-

377 4407 541 4473 mihi,
589 4405 734 4476 proh
786 4401 974 4459 dolori
1033 4417 1148 4459 non
1200 4408 1317 4458 tam
1377 4414 1584 4457 mteror
1639 4414 1816 4470 quam
1883 4399 2070 4456 rabies
2107 4409 2154 4465 1)
2183 4402 2406 4469 gniﬁcos
2435 4399 2640 4468 aufert,
2672 4415 2803 4456 cum
2825 4400 3171 4471 principales
3199 4409 3406 4467 motus,
3431 4401 3653 4470 quibus
3672 4412 3867 4470 magna

377 4495 726 4560 innascitur;
771 4492 927 4564 quod
961 4492 1034 4547 ad
1081 4491 1310 4548 libitum
1355 4503 1592 4560 peccare
1637 4503 1750 4544 non
1778 4488 1958 4544 valeo.
2003 4488 2074 4543 Et

377 4586 484 4642 hoc
534 4585 660 4640 ideo
719 4605 739 4632 ι
800 4581 1079 4654 quoniam
1132 4579 1510 4636 vindemiavit
1569 4593 1659 4634 me
1701 4598 1722 4626 ι
1767 4578 2069 4644 Dominus,

378 4673 552 4730 totius
611 4671 812 4742 utique
874 4669 952 4740 pii
1017 4667 1298 4734 exercitii,
1355 4673 1410 4723 et
1463 4666 1702 4722 caelestis
1754 4663 2074 4722 dulcedinis

377 4761 668 4832 subripuit
713 4759 855 4816 mihi
885 4759 1128 4826 fructus.
1163 4778 1186 4806 ι
1227 4757 1295 4812 In
1345 4756 1436 4812 die
1479 4755 1692 4812 furoris
1739 4755 1830 4810 sui
1889 4754 2076 4810 Domi-

381 4873 404 4900 ›
435 4865 569 4918 nus,
597 4871 620 4898 ι
649 4851 767 4906 haec
788 4849 1066 4918 loquitur,
1101 4859 1234 4901 cum
1263 4844 1540 4915 inaperta
1567 4858 1692 4899 suae
1711 4843 2073 4898 animadver-

376 4937 862 5010 sioniszsententia
905 4941 1227 5006 peccatum,
1266 4940 1322 4989 et
1368 4945 1538 5003 ptena
1593 4931 1808 5000 peccati
1859 4933 2074 5001 pariter

378 5029 546 5099 quasi
574 5026 634 5082 in
655 5025 746 5082 die
766 5027 1127 5095 reteguntur.

1151 5125 1302 5166 IBN.

451 5204 620 5261 Vens.
658 5203 745 5257 13.
777 5230 843 5239 —-
880 5221 899 5248 ι
942 5198 1020 5252 De
1061 5198 1284 5253 excelso
1334 5196 1490 5252 misit
1519 5196 1711 5268 ignem
1757 5196 1815 5252 in
1846 5195 2073 5253 ossibus

385 5293 598 5359 .meis,
665 5297 721 5346 et
779 5287 1032 5344 erudivit
1095 5302 1203 5343 me.
1244 5309 1262 5333 ι
1333 5287 1459 5342 Men
1528 5286 1939 5354 interpretatur
2005 5302 2072 5340 ea:

376 5384 534 5454 ipsis.
570 5381 654 5436 Ex
679 5377 815 5449 ipsis
846 5376 1012 5446 plane
1060 5383 1162 5443 est,
1196 5376 1337 5446 quia
1365 5388 1439 5430 ex
1489 5373 1741 5442 ipsorum
1777 5375 1837 5430 fit
1867 5373 2072 5430 merito

377 5467 664 5542 quidquid
696 5469 1008 5522 introrsum
1048 5464 1244 5520 damni
1289 5471 1393 5519 est.
1449 5463 1605 5518 Unde
1655 5461 1725 5518 de
1779 5464 1984 5518 excelso
2014 5465 2074 5516 in

377 5560 587 5615 ossibus
618 5557 768 5628 ignis
785 5553 1052 5620 mittitur,
1085 5567 1218 5608 cum
1250 5552 1396 5608 inter
1417 5550 1544 5620 ipsa
1584 5549 1782 5620 lapsus
1818 5552 2072 5620 primor-

378 5648 493 5715 dia,
539 5647 686 5717 ignis
728 5641 1064 5700 ceuodoxim
1085 5641 1155 5695 de
1210 5640 1494 5696 virtutum
1539 5639 1740 5694 robore
1787 5637 2070 5708 originem

2179 4489 2239 4544 in
2272 4489 2456 4545 medio
2483 4490 2685 4556 nostri,
2716 4491 2774 4544 in
2813 4489 2938 4559 ipsa
2965 4489 3177 4546 scilicet
3225 4489 3445 4546 ratione
3494 4499 3801 4558 geruntur.
3821 4495 3863 4542 et

2179 4577 2415 4648 quibus,
2443 4579 2615 4648 juxta
2643 4580 2949 4648 praemissae
2980 4578 3180 4634 litterae
3210 4593 3465 4643 sensum,
3517 4578 3577 4633 in
3622 4579 3720 4635 Dei
3753 4578 3863 4633 dile

2177 4666 2368 4724 ctione
2415 4667 2734 4733 firmamur,
2789 4667 2901 4729 Deo
2950 4667 3144 4738 judice
3197 4667 3646 4723 subtrahuntur.
3705 4667 3860 4723 Vocat

2179 4755 2473 4810 adversum
2512 4770 2618 4811 nos
2666 4761 2892 4824 tempus,
2945 4763 3010 4812 ut
3055 4756 3261 4812 electos
3317 4763 3541 4812 nostros
3599 4760 3857 4818 conterat,

2179 4858 2314 4900 cum
2381 4844 2679 4914 temporali
2745 4859 2850 4900 nos
2906 4845 3164 4914 appetitu
3239 4843 3534 4900 diabolica:
3602 4845 3858 4900 instinctu

2179 4935 2564 5004 suggestionis
2613 4935 2867 5000 irritans,
2902 4942 2957 4990 et
2995 4947 3064 4989 ea
3091 4933 3164 4989 ab
3215 4933 3332 5003 ipso
3364 4942 3690 5002 opportune
3740 4945 3859 5001 sup-

2179 5021 2419 5092 peditari
2471 5023 2822 5092 permittens,
2865 5022 3154 5093 quidquid
3206 5021 3494 5091 insignius
3550 5022 3612 5077 in
3663 5021 3855 5084 animo,

2178 5111 2467 5181 quidquid
2494 5110 2731 5166 electius
2759 5119 2843 5166 est
2873 5111 3180 5167 demolitur
3207 5113 3264 5166 et
3293 5110 3554 5180 dissipat.
3594 5130 3623 5162 α
3675 5112 3859 5166 Torcu-

2185 5221 2205 5248 ι
2245 5199 2332 5254 lar
2355 5199 2599 5254 calcavit
2628 5199 2907 5255 Dominus
2938 5199 3154 5270 virgini
3203 5199 3336 5254 tiliae
3382 5199 3552 5254 Juda.
3589 5221 3616 5247 ››
3661 5201 3857 5255 Torcu-

2180 5287 2286 5343 lari
2323 5301 2531 5343 succus
2555 5287 2864 5356 cujuslibet
2911 5288 2990 5342 rei
3038 5287 3404 5358 exprimitur.
3455 5290 3719 5343 Torcular
3742 5297 3856 5354 ergo

2183 5377 2442 5430 Dominus
2481 5375 2684 5442 calcat,
2736 5390 2870 5432 cum
2914 5391 3018 5431 suo
3052 5375 3272 5446 judicio
3319 5389 3416 5432 eas
3461 5391 3598 5446 quae
3640 5391 3676 5432 a
3716 5374 3856 5431 nobis

2179 5462 2482 5518 humorem
2563 5461 2740 5518 totius
2797 5463 3025 5532 pietatis
3089 5463 3325 5519 eliciant
3379 5471 3433 5518 et
3498 5463 3854 5520 obstinatione

2180 5549 2361 5605 indita
2391 5549 2683 5620 passiones
2710 5557 3108 5618 augmentant.
3160 5551 3230 5606 Et
3261 5550 3367 5606 hoc
3401 5551 3464 5607 fit
3509 5554 3722 5620 virgini
3751 5552 3852 5620 [uia

2177 5638 2341 5700 Juda,
2374 5637 2712 5694 confessioni
2745 5638 3005 5694 videlicet
3043 5653 3158 5694 non
3188 5638 3362 5704 virili,
3396 5653 3530 5710 qua}
3569 5641 3851 5696 adversum
