3956 6424
84 369 194 422 4757

847 370 1301 427 TROPOLOGUE
1340 372 1414 425 IN
1453 371 1654 438 OSEE,
1693 371 1873 429 AMOS
1908 372 1998 428 ET
2034 371 2186 428 JER.
2220 401 2288 410 —
2318 371 2446 427 LIB.
2487 372 2549 426 V.
2593 371 2663 425 IN
2701 373 2844 428 JER.

3502 377 3607 430 458

86 519 146 559 se
174 505 436 560 conﬁteri
480 512 774 574 proponat,
821 506 917 561 sed
967 505 1358 574 infructuoszr,
1423 507 1577 576 quod
1631 507 1797 577 virgo
1835 509 1881 560 A
1917 528 1935 553 ι
1972 513 2110 562 runt
2149 507 2207 560 in
2241 500 2651 575 captivitatem,
2697 528 2719 554 ι
2757 506 2913 576 quod
2954 514 3039 562 est
3069 507 3256 563 dicere
3291 524 3304 562 :
3364 508 3418 563 Si
3463 510 3607 579 quid

86 600 194 660 est,
232 601 290 648 et
332 594 529 659 sterili,
581 609 712 664 qua:
753 602 983 663 parturn
1032 610 1206 650 suum
1253 596 1323 650 ad
1375 597 1651 652 vomitum
1702 610 1797 651 re-

85 681 328 737 deundo
357 681 669 750 effeminat,
704 683 792 737 vel
823 682 1126 738 annihilat.

885 785 1022 824 AIN.

163 861 570 916 Vens.16.—
629 883 649 909 ι
710 860 926 915 Idcirco
985 874 1122 930 ergo
1179 861 1430 931 plorans,
1489 868 1544 916 et
1594 861 1798 916 oculus

91 968 110 993 ι
149 961 320 1002 meus
349 948 639 1004 deducens
667 962 904 1017 aquam,
937 948 1076 1017 quia
1112 948 1280 1017 longe
1311 948 1498 1003 factus
1529 955 1612 1003 est
1642 961 1676 1002 a
1710 962 1798 1004 me

90 1056 109 1081 ι
153 1037 501 1103 consolator,
587 1044 927 1092 convertens
991 1036 1262 1091 animam‘
1305 1051 1511 1093 meam.
1588 1058 1606 1083 ι
1666 1036 1793 1101 Ain,

85 1123 505 1196 interpretatur
569 1123 776 1178 oculus.
845 1124 1037 1179 Plorat
1094 1124 1196 1193 qui
1256 1137 1291 1178 a
1343 1138 1401 1178 se
1460 1123 1795 1178 instinctum

84 1212 499 1266 teneritudinis
555 1210 796 1266 internae
839 1211 1120 1265 eliminat.
1173 1212 1368 1265 Oculus
1411 1212 1537 1280 ejus
1596 1225 1797 1278 aquam

85 1295 343 1363 deducit,
381 1311 514 1351 cum
569 1296 830 1361 intentio,
891 1311 1022 1364 qua:
1067 1295 1437 1364 cogitationes
1486 1295 1796 1362 illuminat,

86 1397 121 1436 a
151 1398 214 1438 se
266 1385 478 1439 fontem
529 1383 821 1452 sapientiae
871 1383 1142 1438 salutaris
1190 1383 1534 1451 pedetentim
1589 1381 1792 1451 rejicit.

87 1470 238 1525 Hinc
268 1479 352 1526 est
382 1471 536 1540 quod
573 1470 863 1540 proposita
911 1470 1096 1524 littera
1139 1470 1374 1524 oculum
1425 1476 1610 1535 sonat,
1657 1468 1798 1537 quia

88 1560 193 1626 qui
227 1573 406 1626 supra
435 1560 718 1614 virtutum
757 1559 1120 1612 ﬁrmamenta
1160 1557 1517 1623 dissolverat,
1567 1565 1621 1611 et
1651 1572 1794 1612 ocu-

87 1646 212 1700 lum
242 1647 363 1714 ipse
396 1647 726 1701 intentionis
763 1652 1182 1714 consequenter
1224 1651 1518 1700 extenuat.
1553 1645 1622 1699 Et
1665 1645 1790 1708 hoc,

89 1735 247 1800 longe
294 1737 478 1800 factus
525 1740 602 1788 est
668 1749 701 1786 a
757 1749 812 1787 se
878 1734 1196 1798 consolator,
1267 1732 1407 1787 dum
1468 1733 1621 1786 enim
1679 1731 1792 1800 spi-

89 1823 242 1877 ritus
308 1822 715 1877 consolationis
773 1821 844 1876 ab
905 1821 1096 1875 animo
1151 1820 1448 1880 emittitur,
1502 1819 1789 1888 quidquid

89 1910 409 1965 introrsum
461 1910 675 1965 residui
741 1916 848 1976 est,
915 1909 1278 1977 sempiternis
1323 1907 1790 1962 indurationibus

89 1997 461 2052 obﬁrmatur.
492 2000 542 2052 is
571 1997 891 2052 consolator
929 1999 1176 2050 animam
1224 1995 1522 2061 convertit,
1574 1995 1714 2063 quia
1755 2008 1790 2048 a

90 2101 197 2140 suo
226 2086 463 2154 impetu,
497 2085 607 2140 nisi
637 2085 764 2153 ejus
804 2083 1176 2152 inspiratione
1223 2083 1418 2137 anima
1464 2082 1790 2137 miseranda

91 2186 209 2226 non
241 2172 405 2226 redit.
455 2191 482 2222 α
543 2172 695 2226 Facti
745 2179 883 2226 sunt
929 2170 1030 2224 ﬁlii
1088 2171 1197 2224 mei
1233 2169 1458 2239 perditi,
1513 2169 1790 2238 quoniam

90 2281 117 2308 »
153 2260 403 2315 invaluit
436 2259 722 2314 inimicus.
761 2279 780 2306 ι
821 2259 958 2312 Filii
997 2258 1338 2327 perduntur,
1383 2260 1640 2326 quoniam
1686 2260 1790 2310 ini-

90 2348 263 2400 micus
293 2349 547 2413 invaluit,
581 2360 715 2402 cum
750 2361 882 2415 quze
938 2345 1082 2400 bene
1137 2353 1296 2415 gesta
1329 2345 1617 2411 videntur,
1674 2359 1788 2399 non

90 2447 197 2502 pro
229 2435 342 2489 Deo
372 2441 676 2504 geruntur,
709 2441 811 2488 aut
839 2447 940 2502 pro
972 2434 1083 2488 Deo
1113 2441 1290 2503 gesta,
1323 2433 1548 2488 diabolo
1580 2431 1786 2502 nequi-

92 2521 203 2577 tias
228 2523 542 2593 ingerente,
573 2521 951 2578 retributione
981 2521 1306 2590 privantur.

869 2625 1014 2664 ΡΗΕ.

157 2698 338 2754 Vens.
376 2703 458 2752 l7.
489 2728 559 2738 —
617 2722 636 2747 ι
672 2698 962 2767 Expandit
992 2698 1122 2753 Sion
1191 2711 1399 2752 manus
1456 2710 1610 2763 suas,
1672 2710 1788 2751 non

98 2807 118 2832 ι
159 2795 246 2841 est
276 2787 375 2856 qui
415 2786 745 2842 consoletur
786 2800 930 2841 eam.
989 2808 1008 2834 ι
1056 2787 1188 2852 Phe,
1243 2785 1651 2854 interpretatur
1703 2800 1788 2837 er-

95 2878 261 2928 ravit.
313 2876 492 2942 Quem
549 2890 800 2931 errorem
849 2890 1142 2944 exponens
1189 2874 1532 2943 subjungit:
1594 2875 1790 2928 Manus

95 2979 222 3019 suas
253 2965 384 3020 Sion
417 2965 704 3033 expandit,
738 2978 871 3019 cum
903 2977 1076 3032 opera
1106 2976 1212 3018 sua
1251 2963 1317 3029 is,
1351 2963 1452 3032 qui
1492 2961 1561 3016 ad
1607 2963 1788 3016 Deum

97 3053 516 3120 Speculandum
595 3059 832 3107 eatenus
890 3051 1211 3106 intenderat
1273 3050 1403 3120 (hoc
1449 3049 1604 3104 enim
1659 3048 1789 3103 Sion

95 3141 400 3211 signiﬁcat)
430 3155 528 3210 per
577 3140 944 3210 hypocrisim,
1002 3153 1120 3208 qua
1171 3139 1333 3209 pejus
1380 3152 1545 3192 nemo
1576 3152 1610 3192 a
1653 3152 1787 3192 vero

94 3235 341 3292 exerrat,
377 3227 743 3282 manifestare
772 3234 1076 3284 concertat.
1124 3227 1254 3281 Ideo
1294 3241 1399 3279 non
1437 3231 1514 3280 est
1544 3227 1640 3293 qui
1670 3241 1786 3278 eam

93 3316 406 3381 consoletur,
467 3315 608 3385 quia
665 3329 840 3384 super
893 3316 982 3370 his
1010 3315 1323 3381 laboribus,
1379 3328 1525 3383 quos
1572 3313 1785 3368 frustra

91 3411 335 3470 exercet,
370 3403 533 3459 nulla
564 3418 737 3473 penes
769 3404 950 3458 Deum
980 3417 1077 3472 spe
1102 3403 1407 3458 refovetur.
1437 3424 1463 3450 «
1492 3400 1786 3457 Mandavit

97 3508 116 3535 ι
150 3489 427 3545 Dominus
472 3491 782 3545 adversum
818 3490 990 3545 Iacob
1044 3489 1102 3544 in
1149 3489 1396 3544 circuitu
1442 3489 1568 3558 ejus
1598 3488 1785 3543 hostes

97 3597 115 3622 υ
149 3580 304 3648 ejus;
339 3583 483 3633 24'!
515 3577 665 3633 facta
704 3585 787 3633 est
818 3577 1134 3633 Jerusalem
1166 3577 1331 3646 quasi
1382 3576 1603 3646 polluta
1632 3590 1784 3631 men-

97 3680 124 3715 »
153 3666 330 3721 struis
360 3665 509 3721 inter
539 3680 652 3721 eos.
710 3688 731 3713 ι
768 3668 1025 3720 Dominus
1074 3665 1363 3718 adversum
1391 3664 1552 3717 Iacob
1613 3665 1785 3717 hostes

97 3752 207 3820 ejus
258 3755 517 3819 mandat,
569 3768 702 3810 cum
751 3754 1027 3810 adversus
1067 3767 1220 3820 eum,
1254 3753 1355 3822 qui
1396 3752 1463 3808 de
1506 3751 1783 3808 vitiorum

97 3842 553 3912 supplantatione
583 3857 640 3898 se
673 3843 872 3913 jactat,
907 3840 1276 3897 hostilitatem
1313 3840 1643 3897 tentationis
1682 3854 1782 3895 ex-

99 3932 349 3986 suscitat.
383 3932 646 3987 Mandare
665 3931 819 3986 enim
850 3931 977 4000 ejus
1021 3932 1333 3999 permittere
1372 3931 1492 3997 ﬁeri
1535 3936 1636 3984 est.
1672 3929 1786 3983 Hos

100 4015 154 4070 in
204 4019 450 4074 circuitu
503 4019 629 4090 ejus
693 4018 967 4086 immittit,
1027 4033 1158 4073 cum
1215 4017 1387 4073 etiam
1441 4016 1782 4072 exteriorem

101 4103 378 4164 hominem
409 4107 701 4163 evidenter
741 4107 878 4162 sinit
926 4105 1211 4176 impediri.
1255 4106 1550 4160 Jerusalem
1590 4112 1783 4160 autem

102 4198 252 4263 quasi
276 4197 489 4266 polluta
519 4199 808 4250 menstruis
840 4202 922 4250 est
949 4197 1090 4249 inter
1119 4209 1222 4261 eos,
1258 4208 1390 4250 cum
1442 4193 1590 4248 intro
1620 4192 1786 4248 foris—
1815 4237 1824 4243 .

100 4294 204 4349 que
232 4283 474 4352 pulsata,
507 4283 872 4353 potissimum
891 4282 1126 4352 languet
1155 4282 1468 4337 introrsum
1494 4280 1609 4350 iper
1636 4279 1785 4350 cogi-

101 4373 243 4426 tatus
281 4371 574 4427 obscenos.

847 4475 1028 4514 SADR.

165 4545 330 4602 Vsus.
368 4551 452 4602 18.
483 4576 556 4589 —
613 4570 633 4596 ε
703 4549 901 4603 Justus
933 4547 1230 4612 Dominus,
1267 4545 1408 4614 quia
1469 4558 1532 4599 os
1560 4544 1686 4613 ejus
1715 4542 1787 4598 ad

109 4654 127 4680 ι
160 4633 513 4693 iracundiam
579 4637 929 4708 provocavit.
1025 4658 1040 4684 ι
1135 4636 1296 4701 Sade,
1380 4635 1789 4703 interpretatur

100 4721 327 4788 justitia.
363 4725 521 4782 Unde
572 4725 839 4794 sequitur
881 4739 892 4777 :
948 4723 1093 4790 Quia
1126 4725 1310 4792 justus
1362 4725 1642 4788 Dominus,
1692 4723 1790 4792 qui

108 4824 158 4863 os
185 4815 291 4882 ejus
333 4814 408 4868 ad
456 4814 807 4868 iracundiam
851 4815 1184 4882 provocavit,
1227 4811 1381 4881 juste
1428 4809 1690 4865 videlicet
1716 4809 1788 4864 ad

108 4902 347 4958 exterius
403 4903 815 4958 inconveniens
863 4902 1052 4970 duxit,
1099 4900 1238 4970 quia
1290 4899 1489 4954 divina
1532 4913 1647 4953 non
1687 4911 1788 4966 pro

111 4986 213 5044 Deo
236 4991 492 5048 faciendo
533 4992 700 5061 quasi
754 4991 812 5045 in
847 4991 1050 5046 faciem
1098 4991 1212 5044 Deo
1251 4987 1566 5044 maledixit.
1596 5004 1623 5039 ι
1660 4987 1789 5042 Au—

115 5094 133 5121 ›
166 5076 288 5145 dite,
319 5080 575 5145 obsecro,
623 5078 878 5134 universi
928 5077 1146 5148 populi,
1200 5084 1254 5131 et
1299 5076 1486 5131 videte
1534 5074 1784 5130 dolorem

116 5182 134 5208 ι
167 5179 370 5224 meum.
415 5189 435 5216 ι
467 5167 741 5224 Obsecrat
789 5167 1092 5222 universos
1138 5165 1378 5234 populos
1412 5171 1477 5220 ut
1523 5163 1786 5227 audiant,

112 5264 228 5308 cum
263 5270 361 5326 per
395 5269 588 5325 pravae
629 5255 978 5324 operationis
1029 5253 1328 5308 infamiam
1379 5266 1576 5308 omnes
1628 5249 1790 5305 solli-

114 5339 252 5410 citat,
281 5351 540 5400 exertam
572 5350 794 5399 contrat
824 5357 882 5398 se
914 5341 1009 5397 Dei
1043 5341 1403 5396 considerare
1424 5338 1787 5394 sententiam.

121 5427 310 5500 Videte,
338 5432 547 5502 inquit,
581 5432 815 5486 dolorem
846 5446 1039 5497 meum,
1073 5443 1190 5484 non
1228 5443 1345 5497 quo
1393 5442 1498 5497 ego
1548 5425 1793 5481 miseriis

119 5518 259 5588 meis,
289 5521 432 5591 proh
462 5521 647 5577 nefas!
686 5519 992 5585 indoleam,
1035 5517 1133 5572 sed
1156 5515 1311 5586 quod
1349 5521 1563 5570 statum
1596 5513 1792 5568 dolore

119 5601 338 5675 dignum
370 5609 603 5666 ducam.
636 5631 656 5658 ι
693 5607 960 5678 Virgines
989 5620 1129 5663 meae
1155 5611 1209 5659 et
1235 5605 1480 5675 juvenes
1502 5599 1611 5657 mei
1645 5599 1796 5654 abie-

451 5708 728 5772 PATROL.
783 5706 986 5771 CLVI.

1905 594 2308 663 incorruptum
2357 594 2416 648 in
2449 608 2575 649 mea
2605 603 2815 661 mente,
2873 595 2921 650 si
2972 595 3113 665 quid
3160 596 3418 652 validum
3467 611 3609 652 con-

1905 689 2181 752 stansque
2238 683 2545 749 resederat,
2597 683 2776 738 hostis
2817 683 3100 754 antiquus
3172 685 3245 740 ab
3291 686 3449 740 omni
3516 687 3608 754 pio

1837 785 1840 788 ·
1905 770 2109 826 habitu
2141 771 2479 826 abducendo
2505 771 2785 839 captivat.

2667 872 2849 912 COPH.

1977 946 2148 1002 Vens.
2187 948 2270 999 19.
2305 976 2372 986 -
2406 967 2425 993 ι
2480 946 2693 1001 Vocavi
2739 946 2953 1002 amicos
2985 961 3159 1014 meos,
3199 955 3254 1002 et
3299 947 3402 1016 ipsi
3436 948 3602 1005 dece-

1909 1053 1930 1080 ι
1969 1040 2178 1101 perunt
2207 1047 2316 1088 me.
2352 1051 2379 1084 io
2418 1032 2596 1101 Coph,
2638 1033 3054 1102 interpretatur
3098 1037 3385 1088 conclusio.
3429 1035 3604 1092 Plane

1903 1119 2272 1174 concluditur
2309 1133 2343 1173 a
2376 1133 2492 1188 quo
2533 1119 2632 1174 ubi
2676 1120 2957 1189 respirare
2996 1120 3182 1176 valeat
3229 1121 3464 1176 minime
3511 1121 3606 1176 in-

1903 1209 2156 1263 venitur.
2201 1208 2377 1264 Vocat
2405 1207 2559 1262 enim
2590 1211 2808 1274 amicos,
2860 1217 2914 1263 et
2945 1209 3053 1277 ipsi
3103 1209 3419 1278 decipiunt,
3469 1223 3603 1265 cum

1902 1297 2074 1351 etiam
2104 1294 2210 1350 sibi
2243 1296 2370 1350 vult
2399 1295 2704 1350 conciliare
2743 1295 3045 1362 daemonia,
3082 1310 3198 1366 quo
3257 1296 3604 1352 familiarius

1902 1383 2011 1438 sibi
2037 1382 2476 1438 subministrent
2510 1383 2678 1451 vitia;
2715 1383 2811 1437 sed
2843 1383 2902 1438 in
2933 1383 3040 1438 hoc
3071 1383 3188 1452 ipso
3225 1399 3356 1439 eum
3387 1383 3602 1440 exitia-

1902 1470 2030 1526 liter
2061 1469 2287 1525 fallunt.
2327 1493 2347 1519 ι
2404 1470 2733 1525 Sacerdotes
2765 1471 2872 1526 mei
2911 1479 2966 1526 et
3005 1486 3169 1526 senes
3201 1472 3310 1526 mei
3357 1472 3412 1526 in
3453 1472 3600 1527 urbe

1905 1581 1926 1607 ι
1957 1559 2281 1627 consumpti
2321 1565 2477 1623 sunt,
2526 1558 2676 1627 quia:
2733 1561 3088 1627 quaesierunt
3143 1561 3334 1615 cibum
3391 1560 3498 1614 sibi
3532 1567 3597 1614 ut

1907 1667 1927 1692 ι
1964 1645 2341 1700 refocillarent
2372 1647 2626 1700 animam
2657 1660 2844 1700 suam.
2903 1668 2922 1694 ι
2959 1648 3272 1701 Sacerdotes
3304 1647 3410 1716 ipsi
3459 1654 3594 1702 sunt

1899 1732 2210 1787 rationales
2274 1739 2463 1787 motus
2525 1731 2799 1786 ducatum
2863 1734 3036 1788 menti
3094 1733 3354 1788 ferentes.
3411 1736 3592 1800 Senes,

1819 1805 1872 1882 ,Β
1902 1820 2094 1876 itidem
2131 1828 2336 1887 motus,
2388 1819 2477 1874 vel
2530 1820 2585 1874 in
2641 1834 2834 1885 sensu,
2876 1821 2965 1875 vel
3016 1821 3073 1874 in
3113 1836 3348 1890 corpore
3393 1822 3598 1892 majori

1900 1908 2181 1977 gravitate
2232 1909 2684 1976 praeminentes.
2735 1908 2803 1961 Hi
2845 1911 2905 1960 in
2959 1908 3090 1962 urbe
3141 1917 3594 1976 consumuntur,

1897 2010 2031 2050 cum
2063 1996 2213 2050 intra
2243 1996 2670 2060 conscientiam,
2696 1995 3088 2066 ubioriginem
3115 2004 3374 2062 sumunt,
3412 1996 3597 2051 divini

1897 2082 2057 2137 verbi
2099 2082 2288 2137 inedia
2333 2083 2747 2151 periclitantur.
2813 2083 2878 2136 Hi
2935 2083 3112 2136 cibum
3157 2083 3267 2136 sibi
3299 2091 3592 2152 quaerunt,

1897 2175 1960 2223 ut
1999 2173 2239 2224 animam
2272 2170 2605 2237 refocillent,
2637 2185 2768 2224 cum
2816 2169 3152 2239 temporalia
3204 2177 3594 2239 aucupantur,

1899 2259 2115 2328 quibus
2145 2271 2280 2314 suas
2309 2257 2693 2313 animalitates
2722 2257 3106 2326 sublevigent.

2684 2361 2819 2399 RES.

1969 2431 2139 2489 Vnus.
2172 2432 2262 2488 20.
2291 2462 2366 2474 —
2402 2455 2423 2481 ι
2477 2433 2630 2500 Vide,
2686 2432 2942 2500 Domine,
2993 2432 3270 2502 quoniam
3317 2432 3592 2502 tribulor;

1904 2543 1924 2569 ›
1959 2529 2162 2576 venter
2191 2536 2356 2576 meus
2389 2521 2772 2576 conturbatus
2802 2528 2906 2586 est,
2968 2520 3314 2576 subversum
3362 2529 3446 2577 est
3498 2535 3596 2576 cor

1903 2629 1924 2656 ι
1959 2623 2154 2664 meum
2188 2608 2243 2662 in
2269 2609 2624 2677 memetipsa,
2659 2607 2938 2676 quoniam
2987 2607 3375 2664 amaritudine
3426 2607 3595 2677 plena

1899 2716 1928 2750 ιο
1962 2712 2112 2752 sum.
2146 2718 2166 2744 ι
2229 2697 2357 2762 Res,
2390 2702 2554 2764 caput
2610 2696 2841 2751 dicitur.
2901 2695 3103 2750 Videre
3161 2697 3342 2751 Deum
3405 2703 3586 2766 rogat,

1899 2785 2174 2854 quoniam
2224 2784 2555 2849 tribulatur,
2616 2797 2749 2838 cum
2801 2783 2870 2838 de
2927 2782 3246 2851 profundis,
3307 2791 3371 2838 ut
3418 2796 3596 2853 supra

1898 2872 2170 2939 diximus,
2206 2872 2544 2941 resipiscens
2585 2871 2763 2926 Deum
2817 2869 3119 2940 aliquoties
3170 2871 3484 2926 inclamitat
3531 2877 3598 2925 ut

1897 2961 2109 3023 videre,
2146 2961 2200 3014 id
2231 2968 2315 3014 est
2347 2959 2662 3029 intelligere
2694 2972 2750 3013 se
2782 2958 2952 3013 faciat
2983 2967 3241 3024 mortem,
3280 2974 3411 3027 quae
3443 2958 3592 3013 intro

1900 3056 2218 3118 grassatur.
2263 3050 2455 3102 Venter
2485 3046 2886 3111 conturbatur,
2913 3060 3045 3100 cum
3079 3048 3326 3113 animus,
3361 3061 3431 3101 ne
3463 3060 3593 3115 quae

1900 3137 2118 3206 patitur
2148 3135 2334 3189 valeat
2366 3133 2736 3204 perpendere,
2775 3133 3140 3188 obscuratur.
3195 3135 3258 3187 lu
3289 3132 3593 3200 semetipsa

1897 3239 1989 3277 cor
2007 3225 2118 3291 ejus
2150 3221 2525 3286 subvertitur,
2579 3235 2710 3275 cum
2752 3221 2916 3287 ratio,
2960 3235 3091 3289 quae
3143 3221 3198 3274 in
3245 3219 3594 3288 prmtitulata

1898 3311 2085 3367 littera
2111 3317 2282 3378 caput
2312 3308 2543 3374 dicitur,
2582 3309 2638 3362 in
2666 3322 2771 3364 sua
2803 3308 2981 3376 ipsius
3003 3317 3202 3362 contra
3231 3308 3371 3362 vitia
3415 3306 3594 3361 ratio-

1896 3399 2181 3455 cinatione
2219 3397 2614 3452 confunditur.
2651 3397 3042 3450 Amaritudine
3085 3396 3312 3465 plenam
3344 3410 3401 3450 se
3432 3395 3590 3458 dicit,

1897 3490 2038 3559 quia
2091 3501 2218 3542 eam
2278 3485 2440 3540 nulla
2490 3499 2756 3554 supernae
2795 3484 3114 3540 dulcedinis
3165 3485 3352 3555 gratia
3391 3483 3591 3539 reﬁcit.

1903 3599 1923 3624 ι
1961 3576 2118 3630 Foris
2149 3574 2416 3629 interﬁcit
2451 3573 2697 3643 gladius,
2727 3579 2781 3628 et
2811 3573 2963 3628 domi
2995 3587 3148 3628 mors
3197 3572 3400 3627 similis
3423 3579 3524 3627 est.
3560 3590 3588 3623 »

1896 3664 2126 3721 Gladius
2157 3665 2298 3728 foris
2330 3664 2606 3730 interﬁcit,
2671 3675 2803 3717 cum
2851 3662 3216 3717 exsecutione
3269 3661 3591 3732 cujuspiam

1895 3752 2154 3822 capitalis
2207 3750 2461 3814 admissi,
2508 3749 2813 3804 efﬁcientia
2852 3763 2979 3804 eam
3034 3749 3346 3819 corporalis
3417 3749 3592 3805 inter-

1896 3841 2050 3910 cipit.
2076 3841 2219 3894 Mors
2266 3839 2463 3893 similis
2506 3837 2654 3891 domi
2706 3838 2974 3902 habetur,
3035 3852 3168 3892 cum
3215 3838 3473 3893 exterius
3503 3851 3594 3906 οι)⁶

1897 3927 2234 4000 portunitati
2300 3933 2542 3981 vacante
2596 3933 2880 3996 peccante,
2950 3925 3220 3994 peccandi
3273 3925 3590 3982 introrsum

1894 4017 2151 4089 maligna
2181 4015 2450 4071 aviditate
2481 4014 2738 4069 szcvitur.

2678 4116 2806 4156 SIN.

1966 4192 2136 4248 Vsus.
2169 4195 2257 4245 2t.
2290 4221 2360 4229 —
2395 4212 2416 4238 ι
2463 4189 2788 4245 Audierunt
2824 4187 2964 4258 quia
3007 4187 3319 4258 ingemisco
3357 4201 3484 4258 ego,
3538 4194 3592 4242 et

1900 4301 1921 4327 ι
1957 4294 2071 4336 non
2111 4287 2194 4336 est
2224 4280 2327 4349 qui
2371 4277 2697 4334 consoletur
2757 4291 2866 4332 me.
2932 4298 2953 4324 ι
3013 4275 3130 4344 Sin,
3182 4275 3593 4345 interpretatur

1824 4362 2058 4437 Dsuper
2083 4370 2300 4422 vulnus.
2347 4367 2522 4435 Super
2571 4366 2766 4419 vulnus
2819 4371 3013 4420 autem
3066 4371 3170 4430 est,
3230 4378 3364 4419 cum
3421 4377 3595 4433 super

1897 4456 2185 4512 interioris
2235 4455 2482 4510 hominis
2541 4453 2754 4508 damna
2801 4453 2970 4508 etiam
3022 4452 3341 4508 adversitas
3383 4465 3592 4520 corpo-

1896 4544 2032 4600 ralis
2063 4559 2121 4599 se
2144 4543 2331 4599 infert.
2365 4541 2578 4596 Audire
2625 4540 2682 4596 in
2737 4539 3044 4610 Scripturis
3087 4539 3362 4610 mysticis,
3393 4553 3494 4608 pro
3528 4553 3594 4595 eo

1897 4633 2051 4702 quod
2080 4640 2163 4687 est
2203 4633 2524 4698 intelligere,
2561 4629 2813 4699 ponitur.
2860 4628 3125 4684 Audiunt
3173 4628 3313 4698 quia
3350 4628 3596 4698 ingemi-

1897 4721 2021 4785 scit,
2051 4719 2191 4789 quia
2219 4718 2481 4774 videlicet
2519 4717 2677 4786 lapsa
2726 4715 2923 4770 anima
2970 4715 3042 4770 ad
3092 4717 3269 4770 Deum
3314 4714 3597 4783 respirare

1899 4808 2210 4864 contendit.
2243 4806 2508 4862 Audiunt
2534 4805 2726 4871 etiam,
2762 4803 2902 4872 quia
2929 4818 3036 4856 non
3072 4808 3149 4856 est
3179 4804 3276 4870 qui
3297 4804 3599 4857 consoletur

1894 4911 2049 4961 eum,
2081 4910 2196 4950 non
2222 4907 2520 4963 superesse
2548 4893 2752 4962 utique
2781 4891 2995 4956 animo,
3037 4889 3138 4959 qui
3171 4903 3344 4958 super
3380 4891 3594 4946 virtute

1897 4984 2124 5039 interna
2165 4981 2448 5038 consolari
2487 4980 2664 5049 possit
2704 4993 2861 5034 eum.
2902 5001 2923 5027 ι
2974 4978 3184 5033 Omnes
3230 4976 3443 5033 inimici
3487 4978 3596 5034 mei

1904 5093 1925 5121 ι
1961 5071 2273 5126 audierunt
2307 5068 2524 5124 malum
2557 5082 2771 5133 meum,
2818 5066 2992 5122 laetati
3031 5073 3189 5132 sunt,
3224 5066 3500 5136 quoniam
3535 5075 3600 5122 tu

1903 5181 1924 5208 ι
1961 5159 2158 5215 fecisti.
2198 5181 2218 5206 ι
2282 5156 2442 5222 Quod
2494 5163 2578 5212 est
2617 5156 2850 5211 dicere:
2897 5154 3108 5210 Omnes
3157 5154 3444 5210 interioris
3492 5155 3601 5211 ho-

1897 5247 2069 5303 minis
2108 5247 2317 5311 hostes,
2338 5259 2471 5300 cum
2502 5243 2947 5313 subintelligunt
2967 5241 3076 5297 sibi
3105 5241 3394 5297 hominem
3431 5257 3464 5297 a
3485 5243 3600 5297 Deo

1900 5334 2148 5406 permitti
2180 5341 2419 5400 tentare,
2453 5332 2742 5398 laetantur,
2785 5330 3063 5401 quoniam
3097 5330 3264 5400 quasi
3313 5329 3600 5400 optionem

1897 5426 1978 5481 eis
2009 5422 2288 5478 intuleris.
2336 5441 2359 5469 ν
2410 5419 2720 5475 Adduxisti
2738 5419 2887 5474 diem
2920 5417 3352 5484 consolationis,
3384 5425 3439 5474 et
3467 5418 3604 5474 ﬁent

1905 5534 1927 5561 ι
1963 5509 2176 5566 similes
2204 5508 2334 5564 mei.
2370 5530 2390 5557 ι
2427 5509 2578 5564 Deus
2607 5515 2819 5573 tamen,
2852 5507 3150 5576 siquando
3183 5506 3441 5577 aliquam
3463 5520 3603 5561 con—

1901 5596 2231 5654 solationem
2295 5595 2658 5665 resipiscendi
2705 5595 2944 5663 captivae
2992 5595 3168 5650 menti
3217 5594 3474 5659 inducat,
3530 5593 3606 5648 ad

3169 5697 3248 5754 15
