3956 6428
325 377 430 428 459

325 504 780 562 conformitatem
815 501 965 558 illico
991 502 1117 573 ejus
1147 480 1334 556 omnis
1355 498 1780 554 aﬂ‘ectualitatis
1811 505 2022 564 motus,
2063 500 2109 550 Α

327 593 428 664 qui
460 594 567 648 hac
604 592 850 660 illacque
895 589 1316 659 evagabantur,
1362 586 1542 656 redigi
1585 593 1822 640 constat.
1874 585 2017 639 Cor-

327 689 483 736 recta
512 678 666 734 enim
713 677 885 733 semel
917 677 1156 740 ratione,
1208 673 1402 729 omnia
1449 672 1521 726 ad
1581 671 1726 726 idem
1783 678 2018 726 contra—

331 768 573 822 buntur.

1103 863 1248 903 TAU.

401 954 573 1010 Vitas.
615 955 704 1008 22.
749 981 818 991 —
858 973 880 1001 ι
930 949 1297 1020 Ingrediatur
1343 961 1512 1003 omne
1554 945 1771 1001 malum
1819 958 2022 1000 eorum

338 1063 358 1090 ι
393 1055 584 1096 coram
616 1048 689 1107 te,
721 1046 776 1095 et
813 1036 1173 1093 devindemia
1210 1049 1327 1101 eos,
1381 1034 1529 1089 sicut
1583 1032 2023 1088 devindemiasti

338 1150 360 1177 ι
396 1143 484 1184 me
504 1135 735 1198 propter
773 1125 1103 1195 iniquitates
1155 1136 1328 1178 meas.
1364 1143 1384 1171 ι
1434 1121 1577 1187 Tau,
1633 1120 1848 1176 dicitur
1899 1135 2024 1172 con-

331 1217 643 1271 summavit.
676 1218 1124 1271 Consummatur
1154 1210 1310 1280 quod
1342 1209 1441 1263 ﬁni
1474 1209 1807 1278 cuicunque
1855 1207 2026 1262 addi-

331 1303 500 1359 citur.
530 1301 690 1368 Quod
722 1302 802 1367 ﬁt,
835 1300 882 1354 si
921 1313 1090 1354 omne
1119 1297 1418 1353 diabolicae
1449 1296 1762 1352 voluntatis
1805 1295 2026 1350 malum

331 1405 525 1447 coram
555 1393 684 1457 Deo,
721 1389 876 1459 quod
913 1396 997 1443 est
1029 1387 1272 1457 ingredi,
1321 1385 1692 1441 exaudiatur.
1717 1385 1788 1441 Ut
1817 1385 2026 1439 devin-

331 1480 676 1544 demientur,
731 1477 788 1532 id
824 1483 908 1531 est
953 1476 1142 1530 omnis
1194 1487 1397 1529 eorum
1449 1473 1519 1528 de
1567 1486 1657 1527 me
1700 1471 2028 1542 jocunditas

332 1566 687 1632 annulletur,
744 1564 913 1619 sicuti
967 1563 1072 1632 ipsi
1107 1576 1215 1627 me,
1263 1574 1384 1615 mea
1434 1560 1699 1629 exigente
1748 1558 2025 1629 nequitia,

332 1653 732 1709 annullarunt.
778 1650 939 1706 Multi
969 1651 1122 1704 enim
1169 1649 1416 1718 gemitus
1445 1647 1576 1714 mei,
1606 1654 1662 1703 et
1699 1661 1798 1702 cor
1837 1660 2028 1702 meum

334 1755 602 1807 maerens,
675 1739 840 1794 multi
913 1738 1114 1807 utique
1173 1737 1416 1802 labores,
1492 1735 1708 1805 quibus
1769 1735 2026 1804 ingemo;

337 1836 394 1884 et
427 1829 571 1898 ipsa,
607 1841 738 1898 qua:
764 1840 879 1881 non
909 1825 1019 1880 nisi
1050 1824 1230 1894 digna
1266 1823 1428 1880 luctu
1473 1823 1612 1893 agit,
1657 1823 2032 1893 perturbatur

340 1915 511 1971 ratio.

1011 1999 1243 2055 CAPUT
1283 1999 1356 2054 II.

1075 2119 1305 2160 ALBPB.

415 2214 589 2270 Vnus.
629 2217 674 2267 l.
717 2243 786 2254 —
816 2235 837 2261 ι
871 2211 1166 2278 Quomodo
1215 2211 1432 2268 obtexit
1461 2211 1709 2282 caligine
1753 2210 1812 2264 in
1843 2209 2037 2266 furore

348 2324 367 2350 ι
402 2315 508 2357 suo
534 2301 810 2356 Dominus
832 2300 1008 2355 ﬁliam
1035 2300 1190 2365 Sion,
1223 2299 1460 2368 projecit
1490 2299 1561 2355 de
1590 2298 1732 2353 cmlo
1765 2298 2038 2367 inclytam

351 2412 370 2437 ι
400 2387 594 2455 Israel,
626 2395 822 2444 etnon
869 2395 950 2442 est
997 2387 1332 2442 recordatus
1380 2386 1611 2442 scabelli
1661 2385 1871 2456 pedum
1900 2400 2040 2440 suo-

351 2495 370 2521 ι
405 2487 538 2528 rum
575 2473 632 2526 in
684 2472 776 2526 die
831 2469 1044 2526 furoris
1073 2470 1182 2526 sui.
1224 2491 1246 2518 ι
1303 2470 1501 2538 Aleph,
1560 2470 1706 2525 sicut
1748 2469 2036 2539 superius,

345 2560 601 2614 doctrina
630 2557 864 2613 dicitur.
899 2557 1287 2626 Conqueritur
1305 2571 1442 2627 ergo
1471 2555 1682 2623 anima,
1714 2564 1769 2612 et
1799 2557 2044 2612 miratur

350 2647 614 2714 quomodo
676 2645 958 2701 obtexerit
1018 2646 1251 2712 caligine
1299 2648 1356 2698 in
1402 2647 1593 2710 furore
1634 2659 1728 2697 suo
1790 2647 2042 2698 Dominus

347 2736 522 2803 ﬁliam
579 2735 730 2798 Sion,
790 2733 1074 2802 quomodo
1124 2731 1328 2802 utique
1371 2732 1693 2801 permiserit
1747 2732 2044 2800 obcaecari,

355 2835 454 2890 per
505 2819 934 2875 irrevocabilem
991 2819 1507 2874 animadversionis
1534 2834 1653 2874 suae
1701 2821 2043 2875 sententiam

355 2907 775 2976 supercoalestis
804 2905 938 2961 olim
987 2905 1141 2972 Sion,
1187 2907 1242 2961 id
1275 2914 1359 2962 est
1397 2906 1804 2976 speculationis
1846 2907 2042 2974 ﬁliam,

355 3003 410 3050 et
439 2995 506 3047 de
533 2995 684 3060 calo,
720 2993 773 3048 id
816 3001 900 3048 est
939 2993 1008 3047 de
1035 3007 1287 3062 superna
1333 2994 1784 3060 conversatione,
1837 2994 1894 3050 in
1929 3002 2044 3051 ter-

355 3096 524 3138 renas
585 3081 1075 3150 concupiscentias
1152 3081 1417 3152 dejecerit
1495 3087 1644 3136 Q48
1708 3096 1835 3137 eam
1913 3097 2044 3152 quae

357 3185 488 3226 cum
565 3169 681 3224 Deo
738 3169 909 3238 dirigi
959 3176 1205 3238 coeperat
1249 3170 1524 3226 animam.
1565 3171 1800 3224 Scabelli
1847 3173 2047 3241 pedum

356 3273 574 3312 suorum
604 3260 661 3310 in
691 3257 780 3310 die
807 3258 1016 3322 furoris
1039 3259 1128 3311 sui
1161 3271 1276 3312 non
1307 3258 1591 3314 recordari
1637 3259 1867 3326 dicitur,
1912 3274 2045 3316 cum

358 3345 582 3416 pietatis
631 3344 906 3414 antiquae,
960 3345 1116 3414 quod
1164 3345 1426 3400 videlicet
1471 3346 1528 3400 in
1584 3353 1735 3401 terra
1783 3355 2043 3415 matrem,

358 3433 511 3490 Patri
548 3440 888 3498 coaeternus,
949 3446 1050 3500 pro
1111 3431 1342 3487 homine
1386 3433 1664 3487 salvando
1713 3434 2044 3503 susceperit,

357 3521 617 3578 oblivisci
650 3520 900 3575 videtur.
943 3519 1263 3574 Scabellum
1289 3520 1441 3574 enim
1478 3520 1688 3588 pedum
1733 3535 1836 3590 pro
1873 3521 2049 3576 Geni-

361 3609 500 3664 trice
526 3607 784 3678 ejusdem
816 3606 1123 3662 benedicta:
1148 3606 1341 3660 carnis
1378 3606 1673 3675 accipitur.
1719 3608 1881 3663 Unde
1914 3616 1998 3664 est
2032 3623 2045 3663 :

367 3717 388 3744 ι
415 3695 666 3750 Adorate
697 3693 1010 3749 scabellum
1046 3693 1255 3762 pedum
1291 3694 1418 3764 ejus
1469 3695 1632 3762 (Psal.
1665 3709 1860 3763 xcvm,
1904 3695 1981 3762 5).
2022 3718 2043 3744 ι

361 3780 714 3837 Praetitulata
761 3788 952 3836 autem
987 3780 1174 3836 littera
1219 3781 1538 3837 doctrinam
1587 3783 1877 3852 exprimit,
1919 3798 2050 3853 quae

362 3869 606 3938 caligine
668 3868 890 3924 obtecta
953 3866 1226 3937 disperiit,
1294 3868 1387 3924 cui
1456 3877 1734 3941 tanquam
1803 3871 2051 3926 lucernae

364 3957 574 4014 lucenti
619 3958 676 4012 in
739 3956 1049 4027 caliginoso
1106 3957 1227 4012 loco
1293 3958 1371 4025 (II
1413 3959 1558 4012 Petr.
1627 3973 1664 4027 I,
1723 3959 1826 4028 l9),
1890 3973 2053 4015 mens

363 4058 572 4102 sanum
597 4043 872 4114 sapientis
905 4043 1170 4100 intendit.

1121 4164 1308 4224 nuru.

434 4256 605 4313 Vens.
635 4259 690 4309 2.
722 4285 791 4293 —
821 4277 849 4303 «
877 4253 1257 4322 Praecipitavit
1302 4255 1600 4324 Dominus,
1642 4271 1745 4313 nec
1801 4258 2052 4328 pepercit

369 4364 390 4392 ι
419 4343 614 4399 omnia
643 4341 897 4412 speciosa
944 4342 1137 4407 Jacob,
1189 4342 1475 4399 destruxit
1531 4344 1589 4399 in
1633 4345 1827 4401 furore
1874 4345 2058 4401 muni-

371 4452 391 4478 ι
425 4430 604 4485 tiones
670 4429 913 4498 virginis
961 4429 1131 4495 Juda,
1188 4430 1391 4500 dejecit
1451 4431 1510 4486 in
1569 4440 1802 4499 terram,
1854 4434 2059 4503 polluit

367 4539 396 4566 »
428 4533 671 4588 regnum
716 4527 771 4574 et
820 4515 1102 4588 pfincipes
1153 4519 1298 4588 ejus.
1343 4542 1365 4569 ι
1411 4520 1572 4587 Beth,
1629 4521 1842 4578 dicitur
1870 4523 2058 4579 domus

365 4606 523 4662 haud
561 4606 803 4662 dubium
845 4606 988 4676 quin
1033 4610 1146 4662 Dei.
1183 4607 1370 4676 Hujus
1399 4609 1693 4679 quondam
1741 4610 1883 4666 vitia
1919 4625 2057 4681 sup-

364 4695 676 4764 plantantis
720 4697 902 4749 omnia
964 4699 1205 4764 speciosa
1268 4697 1473 4752 domus
1523 4698 1864 4767 praecipitat.
1924 4713 2058 4756 cum

366 4784 535 4839 totius
605 4783 838 4839 virtutis
893 4783 1118 4853 insigne
1174 4784 1454 4839 debilitat.
1521 4785 1784 4841 Parceret
1842 4795 2055 4853 autem,

364 4871 412 4924 si
442 4871 531 4926 vel
573 4870 666 4940 pia
709 4871 949 4926 intentio
997 4871 1286 4926 resideret.
1347 4873 1516 4940 Virgo
1559 4873 1728 4938 Juda,
1785 4875 2058 4930 confessio

363 4965 448 5012 est
479 4957 856 5013 infructuosa.
890 4957 1078 5027 Hujus
1104 4961 1429 5013 munitiones
1450 4963 1508 5013 in
1543 4964 1732 5027 furore
1759 4962 2061 5018 destruun-

365 5048 479 5110 tur,
511 5058 644 5099 cum
687 5043 1047 5099 ﬁrmissimas
1091 5045 1362 5113 rationes,
1395 5061 1646 5116 quarum
1692 5049 1908 5106 intuitu
1950 5051 2059 5106 ad—

329 5131 602 5186 'versum
630 5145 688 5186 se
735 5145 872 5186 suas
903 5131 1218 5200 injustitias
1261 5134 1663 5203 conﬁtebatur,
1702 5138 2060 5194 exuberante

365 5217 627 5287 nequitia
679 5217 1008 5274 demolitur.
1060 5221 1133 5273 In
1174 5224 1374 5274 terram
1416 5222 1628 5291 dejicit,
1656 5238 1788 5280 cum
1829 5226 1901 5280 ad
1941 5234 2060 5281 ter-

368 5317 508 5359 rena
532 5303 721 5359 solum
764 5304 1040 5373 sapienda
1089 5306 1360 5362 destituit.
1403 5309 1656 5377 Regnum
1697 5317 1747 5365 et
1779 5297 2058 5382 principes

367 5392 485 5458 ejus
514 5391 734 5460 polluit,
765 5405 898 5447 cum
945 5392 1449 5451 intellectualitatis
1476 5397 1686 5464 sedem,
1731 5413 1864 5455 cum
1902 5401 2058 5456 omni

366 5477 754 5545 sensualitate,
847 5481 1042 5549 pravis
1113 5481 1586 5540 delectationibus
1673 5485 1860 5543 addici
1927 5501 2058 5556 per-

366 5565 560 5622 mittit.

1228 369 1297 423 V.
1342 366 1678 422 GUIBEBTI
1717 365 2015 420 ABBATIS
2051 364 2104 419 ὃ.
2144 363 2381 418 ΗΔΒιῶ
2423 362 2512 418 DE
2552 360 2941 417 NOVIGENTO

3721 357 3812 410 460

2846 509 3107 549 σηῐιιι.

2197 584 2368 640 Vnus.
2403 587 2453 638 3.
2481 614 2553 624 —
2595 605 2616 632 ι
2651 582 2942 652 Confregit
2969 582 3026 636 in
3058 581 3144 636 ira
3169 579 3381 635 furoris
3419 593 3593 636 omne
3640 593 3814 634 cornu

2134 693 2154 717 ι
2189 671 2380 736 Israel,
2416 671 2624 726 avertit
2676 678 2991 724 retrorsum
3038 668 3334 723 dexteram
3380 681 3550 724 suam
3601 681 3638 721 a
3687 667 3817 721 facie

2134 780 2154 805 ι
2191 758 2428 825 inimici,
2459 766 2514 814 et
2541 757 2832 814 succendit
2866 756 2924 811 in
2953 756 3126 811 Jacob
3156 755 3322 826 quasi
3355 756 3544 825 ignem
3577 755 3816 809 ﬁammzp

2135 868 2156 893 ι
2191 846 2522 902 devorantis
2555 846 2612 900 in
2641 858 2799 916 gyro.
2847 866 2866 891 -
2901 843 3145 909 Ghimel,
3197 844 3612 912 interpretatur
3645 843 3817 911 pleni-

2131 933 2282 998 tudo,
2314 945 2383 986 ea
2427 930 2641 985 scilicet
2678 932 2747 986 de
2788 945 2908 1000 qua
2955 930 3168 986 dicitur
3202 944 3216 983 :
3272 951 3293 978 ι
3342 929 3652 1000 Completze
3689 936 3817 984 sunt

2133 1019 2466 1089 iniquitates
2507 1019 2978 1074 Amorrhteorum
3023 1019 3179 1084 (Gen.
3210 1032 3308 1082 xv.
3369 1019 3473 1086 16).
3521 1037 3551 1067 ι
3603 1017 3818 1071 Secun-

2131 1107 2271 1162 dum
2302 1107 2452 1161 hanc
2480 1120 2595 1161 non
2625 1119 2801 1162 causa
2827 1106 3214 1173 correctionis,
3247 1120 3378 1176 quae
3405 1105 3678 1162 irascitur
3707 1119 3814 1159 non

2134 1194 2336 1260 iratus,
2369 1193 2466 1249 sed
2495 1197 2555 1248 in
2581 1197 2669 1247 ira
2695 1196 2924 1260 furoris,
2959 1208 3091 1264 qua;
3127 1207 3243 1249 non
3292 1193 3622 1259 reﬂectitur,
3676 1208 3818 1247 omne

2133 1299 2300 1336 cornu
2358 1284 2527 1337 Israel
2599 1282 3004 1352 confringitur,
3055 1297 3190 1338 cum
3247 1281 3532 1352 quidquid
3590 1295 3818 1336 carnem

2133 1371 2436 1436 excedens,
2467 1384 2599 1440 quas
2628 1383 2862 1424 sursum
2891 1377 3028 1425 sunt
3056 1383 3254 1438 sapere
3283 1377 3524 1438 poterat,
3549 1368 3610 1424 in
3638 1377 3820 1424 mente

2135 1459 2458 1514 suburitur.
2491 1460 2543 1512 Α
2589 1461 2734 1523 facie
2777 1460 2986 1512 inimici
3022 1457 3302 1512 dexteram
3329 1472 3486 1512 suam
3526 1463 3818 1511 retrorsum

2136 1550 2354 1612 avertit,
2387 1561 2520 1601 cum
2549 1546 2697 1601 inter
2728 1546 3068 1600 tentationes
3112 1545 3170 1600 in
3213 1545 3428 1615 quibus
3465 1546 3819 1615 potissimum

2139 1636 2355 1690 inimici
2400 1635 2586 1689 virtus
2641 1635 2992 1703 agnoscitur,
3041 1634 3319 1689 memoria
3364 1641 3574 1689 sanctae
3625 1646 3821 1702 perpe-

2143 1722 2362 1778 tuitatis
2415 1736 2450 1778 a
2487 1722 2654 1776 corde
2709 1725 3008 1777 recutitur.
3060 1723 3108 1775 Α
3154 1723 3299 1786 facie
3330 1721 3483 1776 enim
3544 1720 3826 1790 cognosci-

2147 1824 2297 1875 mus,
2330 1817 2386 1864 et
2413 1809 2650 1865 dextera
2678 1809 2968 1879 eligimur.
3019 1809 3190 1874 Quasi
3220 1809 3370 1878 ignis
3403 1811 3631 1876 ﬂammae
3672 1808 3823 1860 dero-

2144 1901 2319 1952 rantis
2347 1900 2406 1951 in
2443 1913 2578 1965 gyro
2629 1901 2686 1951 in
2735 1899 2897 1952 Jacob
2940 1897 3326 1964 succenditur,
3376 1910 3510 1952 cum
3553 1895 3828 1964 concupi-

2146 1987 2373 2041 scentiae
2403 1986 2725 2055 corporales
2752 1999 2851 2055 per
2887 1999 3092 2040 sensus
3121 1993 3177 2040 et
3215 1985 3490 2050 membra,
3537 1984 3598 2039 in
3639 1998 3707 2039 eo
3732 1983 3826 2052 qui

2145 2073 2279 2128 olim
2309 2088 2407 2129 eas
2435 2073 2768 2129 subvertere
2796 2080 3191 2140 consueverat,
3239 2072 3655 2127 excandescere
3703 2083 3826 2140 per-

2147 2162 2478 2218 mittuntur.

2859 2263 3129 2304 DALBTH.

2219 2336 2390 2392 Vens.
2421 2337 2474 2390 4.
2499 2365 2567 2376 -
2600 2357 2621 2384 ε
2652 2336 2910 2392 Tetendit
2929 2349 3131 2391 arcum
3153 2349 3325 2390 suum
3347 2334 3514 2405 quasi
3544 2334 3824 2399 inimicus,

2156 2445 2176 2470 ι
2213 2424 2464 2480 firmavit
2522 2424 2821 2479 dexteram
2867 2438 3034 2480 suam
3081 2417 3248 2493 quasi
3297 2423 3496 2488 hostis,
3544 2431 3599 2478 et
3635 2422 3828 2478 occidit

2155 2533 2177 2560 ι
2210 2527 2380 2567 omne
2407 2512 2561 2582 quod
2595 2512 2904 2581 pulchrum
2923 2516 3046 2568 erat
3069 2513 3198 2567 visu
3222 2512 3279 2566 in
3303 2511 3676 2567 tabernaculo
3709 2509 3828 2564 ﬁlia

2157 2621 2178 2647 ι
2211 2600 2364 2668 Sion,
2391 2599 2592 2655 eﬁ'udit
2642 2600 2809 2670 quasi
2862 2600 3054 2669 ignem
3105 2599 3554 2669 indignationem
3589 2612 3773 2654 suam.
3809 2619 3827 2642 ι

2156 2688 2375 2755 Daleth,
2404 2688 2818 2758 interpretatur
2849 2689 3174 2756 januarum,
3208 2687 3364 2742 haud
3405 2687 3649 2742 dubium
3697 2686 3832 2754 quin

2153 2779 2479 2831 exteriorum
2508 2792 2778 2842 sensuum,
2814 2791 2914 2846 per
2949 2791 3096 2846 quos
3140 2790 3286 2844 saepe
3330 2784 3590 2831 nostrum
3634 2774 3834 2829 admit-

2155 2866 2330 2920 timus
2360 2863 2674 2920 interitum.
2718 2865 2895 2928 Quasi
2937 2867 3189 2918 inimicus
3227 2879 3416 2917 arcum
3460 2878 3618 2916 suum
3659 2863 3834 2917 Domi-

2157 2967 2267 3006 nus
2296 2952 2494 3017 tendit,
2527 2966 2659 3006 cum
2697 2951 2878 3007 futuri
2914 2952 3100 3006 minas
3125 2951 3349 3021 judicii,
3387 2950 3553 3020 quasi
3595 2949 3834 3006 securim

2083 3061 2124 3116 ο
2154 3038 2225 3092 ad
2240 3039 2487 3093 radicem
2515 3040 2795 3094 intentare
2835 3053 2948 3094 non
2972 3039 3199 3094 desinit.
3227 3039 3387 3095 Unde
3411 3046 3514 3105 est,
3548 3060 3568 3086 ι
3606 3037 3834 3100 Dedisti,

2157 3126 2364 3196 inquit,
2388 3126 2866 3195 signiﬁcationem
2897 3133 2961 3182 ut
2982 3127 3205 3196 fugiant
3230 3139 3264 3180 a
3297 3126 3438 3180 facie
3463 3139 3634 3181 arcus
3682 3126 3835 3194 (Psal.

2157 3228 2266 3280 Lix,
2309 3215 2382 3282 6).
2440 3215 2608 3280 Quasi
2663 3214 2837 3268 hostis
2903 3214 3182 3268 dexteram
3232 3229 3387 3268 suam
3443 3213 3656 3278 ﬁrmat,
3717 3227 3837 3268 cum

2155 3314 2228 3356 ex
2284 3308 2493 3355 nostrae
2541 3291 2757 3356 intuitu
2805 3300 3180 3371 malignitatis
3225 3312 3534 3369 supernam
3591 3298 3761 3353 nobis
3790 3310 3841 3350 se

2157 3387 2525 3444 occlusurum
2555 3389 2820 3458 patriam,
2865 3391 3045 3456 quasi,
3079 3389 3135 3444 id
3165 3395 3250 3443 est
3291 3401 3510 3450 revera.
3545 3388 3720 3441 hostis
3771 3387 3842 3440 in-

2157 3475 2371 3530 sinuat.
2405 3476 2569 3531 Omne
2606 3476 2750 3546 quod
2773 3477 3067 3546 pulchrum
3105 3481 3223 3530 erat
3252 3479 3372 3530 visu
3404 3478 3462 3528 in
3501 3473 3842 3529 tabernaculo

2154 3565 2288 3632 ﬁlis
2317 3564 2448 3619 Sion
2492 3564 2718 3631 occidit,
2750 3578 2882 3620 cum
2913 3563 3200 3634 quidquid
3230 3564 3624 3634 injextrinseco
3653 3576 3839 3632 opere,

2159 3649 2249 3705 vel
2275 3651 2409 3718 Deo,
2442 3651 2530 3706 vel
2563 3651 2778 3706 homini
2811 3651 3030 3721 placere
3056 3658 3340 3721 potuerat,
3377 3651 3504 3721 ejus
3545 3650 3651 3718 qui
3679 3649 3840 3705 matri

2159 3737 2545 3807 superctnlesti
2603 3739 2855 3794 similare
2901 3739 3196 3805 debuerat,
3241 3739 3528 3808 perditum
3577 3738 3660 3794 ire
3691 3737 3839 3792 sinit.

2161 3827 2336 3892 Quasi
2373 3829 2553 3894 ignem
2590 3827 3019 3896 indignationem
3061 3825 3326 3897 elfundit,
3376 3827 3516 3882 dum
3571 3826 3840 3881 universa

2161 3913 2506 3971 criminibus
2533 3915 2990 3971 consummanda
3019 3916 3298 3971 concedit.

2230 4090 2404 4146 Vnus.
2453 4093 2504 4144 5.
2545 4113 2566 4139 ι
2630 4091 2837 4146 Factus
2887 4099 2973 4146 est
3040 4091 3318 4146 Dominus
3357 4089 3513 4146 velut
3561 4088 3840 4151 inimicus,

2168 4198 2190 4226 ι
2227 4176 2605 4248 praecipitavit
2671 4178 2862 4246 Israel,
2933 4178 3304 4248 praecipitavit
3373 4179 3565 4234 omnia
3642 4175 3843 4232 moenia

2168 4286 2189 4312 ι
2222 4265 2350 4334 ejus
2373 4308 2389 4333 ,
2415 4265 2716 4335 dissipavit
2743 4265 3092 4322 munitiones
3111 4265 3258 4336 ejus,
3290 4275 3344 4322 et
3375 4264 3609 4335 replevit
3645 4265 3705 4320 in
3737 4264 3842 4318 ﬁlia

2097 4334 2139 4388 ι)
2170 4374 2190 4400 ι
2224 4353 2376 4408 Juda
2437 4334 2806 4410 humiliatum
2853 4361 2908 4410 et
2965 4334 3348 4410 humiliatam.
3408 4334 3446 4402 »ί
3491 4354 3592 4418 He,
3643 4352 3844 4408 dicitur

2163 4442 2482 4509 suscipiens,
2513 4455 2629 4496 non
2658 4441 2772 4496 alia
2805 4441 2971 4510 plane
3009 4455 3186 4510 quam
3235 4456 3366 4511 qua;
3407 4441 3706 4496 intrudere
3752 4453 3842 4492 vo-

2164 4525 2334 4582 luerit
2365 4527 2628 4583 diabolus
2658 4527 2929 4584 inﬂuens.
2973 4529 3133 4584 Unde
3161 4536 3214 4584 et
3242 4529 3626 4598 praecipitasse
3679 4525 3842 4582 Israel

2165 4613 2393 4681 dicitur,
2423 4615 2564 4670 dum
2614 4615 2901 4685 quidquid
2948 4630 3080 4671 cum
3130 4617 3244 4672 Deo
3281 4615 3609 4672 directionis
3657 4613 3840 4671 haberi

2163 4701 2315 4757 valet
2367 4702 2426 4756 in
2483 4701 2674 4758 animo
2724 4703 3054 4760 inclinatur.
3107 4707 3352 4759 Directus
3379 4704 3534 4760 enim
3595 4705 3722 4771 Dei,
3764 4701 3840 4757 vel

2163 4805 2281 4844 cum
2309 4793 2410 4844 Deo
2447 4791 2622 4846 Israel
2647 4799 2828 4847 sonat.
2857 4793 3052 4848 Omnia
3073 4795 3282 4860 maznia
3332 4794 3448 4862 ejus
3489 4794 3841 4862 praecipitan-

2165 4885 2281 4942 tur,
2313 4879 2454 4934 dum
2482 4881 2733 4935 exterior
2755 4880 3119 4936 continentia:
3155 4882 3282 4952 ejus
3329 4880 3701 4952 pulchritudo
3735 4880 3843 4936 dis-

2165 4967 2425 5022 solvitur.
2459 4969 2784 5022 Munitiones
2815 4967 2932 5038 ejus
2961 4969 3336 5038 dissipantur.
3368 4970 3508 5025 dum
3539 4967 3843 5038 spiritualis

2165 5054 2438 5110 custodite
2477 5055 2763 5124 proposita
2816 5057 3217 5112 annullantur.
3277 5059 3645 5112 Humiliatum
3674 5061 3724 5110 et
3750 5057 3843 5108 hu—

2161 5143 2433 5196 miliatam
2465 5145 2524 5196 in
2550 5143 2672 5197 ﬁlia
2718 5143 2866 5198 Iuda
2912 5145 3110 5214 replet,
3163 5159 3296 5202 cum
3352 5144 3571 5215 dejecto
3627 5142 3840 5214 spiritu,

2163 5239 2220 5286 et
2283 5231 2453 5286 etiam
2515 5229 2810 5288 voluntate
2865 5232 3102 5304 dejecta,
3181 5232 3508 5289 effeminata
3584 5227 3844 5288 confessio

2165 5317 2503 5388 languidam
2543 5328 2790 5374 mentem
2829 5335 2932 5390 pro
2956 5321 3264 5376 destructis
3303 5319 3727 5376 munitionibus
3754 5318 3842 5371 im-

2167 5405 2298 5474 plet.
2334 5406 2480 5458 Filia
2533 5405 2686 5460 enim
2715 5407 2862 5460 Iuda
2909 5407 3186 5464 confessio
3242 5415 3326 5463 est
3382 5406 3604 5462 inutilis
3663 5415 3718 5462 et
3759 5405 3843 5459 im-

2167 5492 2361 5561 proba.
2423 5490 2570 5547 Nota
2625 5493 2968 5550 Hebraicum
3035 5509 3272 5562 morem,
3333 5495 3488 5566 quod
3539 5495 3754 5552 dicitur
3794 5495 3840 5544 in

2163 5581 2284 5646 ﬁlia
2309 5579 2455 5634 Iuda
2498 5581 2725 5648 replevit
2769 5584 3123 5639 humiliatum
3165 5591 3216 5639 et
3253 5586 3620 5651 humiliatam,
3677 5591 3741 5641 ut
3772 5585 3841 5636 est
