3956 6410
175 398 274 449 461

915 397 1372 454 TROPOLOGIA‘J
1411 400 1477 453 IN
1517 400 1715 468 OSEE,
1756 402 1938 456 AMOS
1979 401 2066 456 ET
2102 402 2252 457 JER.
2294 432 2364 442 —
2400 403 2533 459 LIB.
2581 405 2643 458 V.
2694 405 2767 459 IN
2803 405 2946 460 JER.

3575 412 3680 462 462

178 525 361 581 alibi:
398 549 418 574 ι
467 526 723 595 Replevit
767 541 996 582 carnem
1031 542 1136 597 pro
1163 542 1230 584 ea
1270 529 1421 598 (Gen.
1449 543 1505 596 ιι,
1559 528 1651 597 21)
1700 552 1720 578 ι
1774 545 1876 599 pro
1913 536 1959 587 Α
1989 533 2130 586 tione
2154 549 2375 587 manum
2406 549 2562 588 suam
2609 550 2716 588 non
2754 538 2970 603 avertit,
3026 537 3166 606 quia
3209 551 3342 592 cum
3375 552 3536 594 mens
3574 554 3683 595 sua

177 628 244 668 eo
273 615 428 684 quod
457 629 560 670 nos
591 615 837 671 dicimus
869 632 882 670 :
923 615 1169 684 Reptevil
1189 617 1373 684 filiam
1417 618 1562 671 Juda
1591 619 1881 672 humiliata

177 709 227 757 et
262 705 570 758 humi/lata.

958 809 1100 848 VAU.

255 881 419 937 Vnus.
453 885 506 935 6.
537 912 606 921 -—
651 903 673 930 ι
730 880 1034 950 Dissipavit
1073 881 1242 951 quasi
1287 882 1521 938 hortum
1567 884 1877 939 tentorium

183 988 205 1015 υ
243 982 435 1036 suum,
463 969 770 1025 demolitus
800 977 885 1024 est
939 969 1381 1025 tabernaculum
1415 985 1607 1026 suum.
1643 993 1670 1022 ι»
1726 972 1876 1039 Vau,

180 1055 599 1126 interpretatur
653 1060 938 1126 possessio,
969 1072 1101 1127 quae
1132 1073 1246 1114 non
1273 1065 1359 1114 est
1389 1059 1503 1113 alia
1545 1073 1723 1129 quam
1765 1060 1880 1128 ipse

179 1145 282 1214 qui
323 1146 708 1202 subscribitur
743 1147 967 1215 hortus,
998 1147 1090 1202 cui
1123 1147 1414 1216 quondam
1448 1147 1640 1203 vitalis
1688 1148 1879 1202 incre-

177 1241 345 1288 verat
407 1234 651 1290 fructus.
706 1235 880 1300 Quasi
936 1237 1149 1289 hortum
1187 1250 1324 1306 ergo
1371 1238 1661 1290 tentorium
1723 1251 1880 1290 suum

177 1319 434 1390 dissipat,
480 1336 616 1377 cum
656 1322 862 1377 avulsa
891 1322 1208 1393 vigilantiae
1237 1331 1292 1378 et
1323 1323 1542 1380 timoris
1590 1325 1754 1394 quasi
1786 1339 1878 1379 se-

177 1407 339 1475 pium
376 1409 828 1478 circumstantia,
879 1411 999 1466 suis
1045 1418 1293 1466 mentem
1324 1411 1689 1478 utilitatibus,
1731 1426 1797 1466 ac
1832 1413 1876 1467 si

177 1493 413 1550 hortum
472 1496 757 1552 fructibus
805 1497 1012 1565 privat.
1071 1498 1142 1552 Et
1198 1500 1400 1554 merito
1451 1503 1738 1554 tentorium
1790 1499 1878 1555 vel

180 1583 589 1638 tabernaculum
633 1585 1064 1654 conscientiam,
1098 1600 1212 1642 non
1244 1587 1480 1642 domum
1513 1595 1696 1655 vocat,
1741 1588 1880 1656 quia

177 1671 257 1725 nil
293 1686 684 1740 perseverans,
724 1673 804 1727 nil
861 1674 1062 1728 stabile
1110 1674 1265 1743 apud
1310 1690 1368 1729 se
1399 1676 1712 1744 proposuit,
1748 1690 1880 1744 quae

176 1766 392 1814 statum
426 1774 600 1815 suum
632 1769 748 1816 tam
780 1761 931 1816 facili
966 1762 1283 1818 desertione
1308 1763 1593 1832 debilitat;
1629 1771 1877 1832 utraque

1988 634 2160 689 penes
2202 622 2382 676 Deum
2437 637 2552 677 non
2609 623 2952 692 deprecatur
3003 625 3200 692 exitia,
3260 627 3494 682 evidens
3544 628 3683 683 ultio

1987 708 2315 777 cogitationi
2347 710 2560 765 divinae
2608 713 2878 768 succedit.
2922 716 3278 768 Antemurale
3327 715 3502 784 luget,
3550 731 3682 771 cum

1986 796 2330 851 sensualitas
2403 798 2656 854 exterior
2727 800 2970 856 dolendo
3054 802 3329 872 appetitui
3402 803 3680 873 subjacet.

1985 884 2178 938 Murus
2219 888 2436 954 pariter
2497 886 2830 956 dissipatur,
2892 904 3024 944 cum
3080 891 3561 962 imaginationum
3611 892 3684 946 li-

1985 973 2174 1028 centia
2202 973 2413 1042 passim
2445 975 2682 1030 remissa
2710 977 3084 1048 dispergitur.

2752 1080 2916 1120 TETH.

2058 1149 2228 1206 Vens.
2261 1152 2314 1204 9.
2369 1180 2432 1188 —
2481 1173 2501 1200 ι
2555 1151 2770 1208 Detixze
2818 1161 2953 1208 sunt
3004 1153 3061 1209 in
3108 1159 3262 1210 terra
3311 1164 3488 1226 porta
3534 1159 3680 1229 ejus,

1993 1258 2013 1285 ι
2051 1238 2295 1307 perdidit
2341 1247 2396 1294 et
2449 1241 2719 1296 contrivit
2764 1251 2952 1298 vectes
2998 1245 3144 1313 ejus,
3198 1260 3390 1315 regem
3437 1247 3584 1317 ejus,
3629 1257 3684 1304 et

1991 1346 2013 1374 ι
2055 1327 2344 1396 principes
2393 1327 2520 1398 ejus
2568 1329 2625 1382 in
2671 1330 2959 1398 gentibus.
3009 1353 3029 1379 ι
3078 1333 3237 1399 Teth,
3274 1333 3687 1403 interpretatur

1987 1414 2201 1469 bonum.
2261 1417 2433 1470 Porta
2474 1417 2592 1484 ejus
2633 1419 2691 1470 in
2733 1424 2879 1472 terra
2918 1419 3274 1489 defiguntur,
3324 1435 3456 1476 cum
3485 1422 3682 1478 obsta-

1985 1503 2117 1558 cula
2151 1503 2408 1572 rationis,
2440 1519 2572 1573 quae
2595 1504 2748 1559 vitiis
2779 1516 3178 1576 opponuntur,
3202 1509 3355 1578 quod
3389 1524 3683 1566 summum

1989 1591 2235 1645 hominis
2295 1591 2509 1646 bonum
2567 1601 2669 1657 est,
2731 1594 2976 1647 terrenis
3022 1595 3437 1663 cupiditatibus
3486 1598 3682 1666 oppri-

1988 1686 2248 1734 muntur.
2305 1680 2486 1733 Vectes
2529 1681 2646 1747 ejus
2697 1680 2898 1748 perditi
2943 1689 3341 1746 conteruntur.
3390 1699 3521 1739 cum
3566 1686 3687 1753 spi-

1990 1765 2229 1820 rituales
2262 1766 2588 1833 instinctus,
2622 1769 2745 1822 sine
2786 1768 3002 1837 quibus
3041 1770 3249 1825 rationi
3297 1771 3476 1826 robur
3509 1771 3687 1827 inesse

175 1845 330 1900 enim
376 1847 696 1917 peregrinis
743 1856 797 1903 et
849 1848 1233 1904 militantibus
1277 1827 1667 1918 perfunctoria
1717 1827 1870 1905 sunt.
1915 1827 1956 1880 Β
1989 1867 2104 1908 non
2169 1853 2463 1923 przevalet,
2509 1827 2954 1910 consumuntur.
3024 1859 3237 1925 Regem,
3306 1863 3356 1912 et
3409 1861 3686 1927 principes

180 1954 206 1983 ι
237 1933 526 1989 Oblivioni
561 1935 793 1991 tradidit
820 1936 1098 1991 Dominus
1141 1936 1196 1990 in
1249 1935 1380 1991 Sion
1421 1937 1782 1992 festivitatem
1824 1945 1878 1992 et

179 2043 204 2070 ι
239 2021 576 2090 Sabbatum,
633 2031 687 2078 et
753 2025 1061 2093 opprobrio
1106 2025 1163 2078 in
1214 2024 1609 2094 indignatione
1666 2025 1879 2081 furoris

179 2131 203 2158 ›
241 2111 333 2165 sui
392 2125 585 2180 regem
630 2119 684 2166 et
728 2113 1098 2167 sacerdotem.
1154 2133 1175 2159 ι
1241 2114 1306 2166 In
1335 2114 1466 2166 Sion
1521 2115 1877 2178 festivitatem

173 2203 226 2252 et
259 2199 558 2254 Sabbatum
615 2199 891 2255 oblivioni
947 2203 1087 2254 Deus
1128 2200 1318 2267 tradit,
1380 2215 1514 2255 cum
1582 2200 1637 2254 in
1690 2208 1877 2256 mente

173 2287 475 2356 quondam
505 2288 728 2355 devota,
765 2289 1103 2343 omnimodae
1142 2288 1375 2354 virtutis
1413 2289 1793 2358 frequentiam
1825 2296 1878 2344 et

174 2375 398 2444 peccati
422 2377 604 2431 otium
637 2376 953 2431 oblitterari
983 2375 1271 2445 permittit.
1308 2377 1475 2431 Hunc
1506 2376 1652 2431 diem
1673 2377 1876 2432 Solem-

173 2477 312 2518 nem
346 2463 404 2518 in
436 2463 739 2519 condensis
767 2468 920 2517 249
970 2464 1228 2533 psalmus
1272 2464 1471 2520 indicit
1497 2464 1668 2534 (Psal.
1701 2479 1874 2531 cxvu,

173 2551 292 2621 27).
354 2551 551 2606 Tradit
610 2552 783 2606 etiam
846 2552 1136 2620 opprobrio
1200 2567 1376 2618 regem
1436 2557 1486 2605 et
1527 2552 1874 2618 sacerdotem,

175 2653 310 2695 cum
360 2639 650 2709 spirituali
715 2640 993 2709 regimine
1051 2654 1288 2709 prorsus
1329 2641 1612 2696 exstincto
1662 2641 1880 2711 pariter

175 2727 467 2784 annihilat
497 2727 778 2792 divinam,
819 2742 950 2797 quze
999 2741 1101 2782 nos
1125 2727 1284 2782 ducit
1321 2736 1376 2783 et
1414 2729 1574 2784 docet
1621 2729 1677 2783 in
1720 2716 1884 2784 omni

173 2816 501 2878 sanctitate,
532 2815 872 2872 doctrinam.

944 2918 1120 2957 ZAIN.

250 2993 502 3048 Vens.7.
564 3021 632 3030 -
695 2990 925 3060 Repulit
989 2991 1269 3046 Dominus
1329 2991 1529 3058 altare,
1581 2991 1879 3048 maledixit

1986 1942 2104 2010 ejus
2152 1941 2337 2011 perdit
2383 1944 2443 1996 in
2491 1943 2742 2009 gentibus
2803 1959 2936 1999 cuni
2997 1945 3286 2014 spiritum.
3339 1946 3434 2002 cui
3490 1947 3687 2002 omnia

1987 2037 2182 2084 nostra
2239 2044 2437 2100 regere
2489 2031 2710 2097 attinet,
2760 2046 2891 2086 cum
2955 2033 3344 2088 sensualitatis
3387 2033 3688 2090 affectibus

1986 2117 2144 2172 vitiis
2177 2117 2499 2188 submergit
2542 2119 2898 2174 enormibus.
2932 2139 2959 2170 α
3006 2120 3130 2174 Non
3167 2128 3252 2176 est
3296 2121 3397 2176 lux
3447 2130 3502 2177 et
3550 2135 3688 2191 pro-

1992 2226 2013 2253 ι
2050 2205 2233 2274 phetae
2253 2206 2380 2276 ejus
2410 2221 2525 2261 non
2579 2207 2928 2263 invenerunt
2969 2209 3250 2264 visionem
3295 2222 3328 2263 a
3358 2210 3620 2265 Domino.
3653 2233 3680 2259 ››

1988 2294 2094 2349 Ubi
2147 2294 2383 2363 spiritus
2427 2309 2540 2349 non
2589 2302 2672 2350 est
2720 2309 2843 2362 rex,
2890 2295 3111 2351 nullius
3158 2297 3566 2353 moderationis
3602 2306 3685 2354 est

1987 2382 2093 2435 lem.
2154 2383 2432 2450 Prophetas
2495 2382 2610 2451 ejus
2662 2398 2769 2436 non
2831 2384 3135 2439 inveniunt
3187 2387 3449 2438 visionem
3500 2402 3536 2438 a
3578 2389 3684 2440 Do-

1985 2473 2152 2538 mino,
2208 2470 2346 2539 quia
2392 2471 2767 2539 providentiae
2829 2471 3069 2525 interna:
3125 2471 3270 2527 nihil
3314 2472 3422 2528 sibi
3460 2475 3687 2543 prospi-

1987 2558 2168 2626 ciunt,
2201 2558 2312 2613 nisi
2341 2558 2497 2627 quod
2526 2559 2704 2628 prosit
2723 2558 2953 2614 saeculo.

2779 2662 2893 2702 10D.

2061 2737 2242 2793 Vens.
2281 2738 2363 2789 l0.
2399 2765 2466 2773 ——
2503 2756 2531 2783 ‹‹
2562 2734 2845 2791 Sederunt
2875 2736 2934 2790 in
2967 2743 3139 2802 terra,
3173 2737 3576 2795 conticuerunt
3594 2753 3688 2795 se-

1991 2845 2012 2871 ι
2041 2839 2165 2891 nes,
2196 2823 2326 2878 filiae
2358 2823 2488 2878 Sion
2519 2831 2963 2892 consperserunt
2991 2825 3182 2880 cinere
3211 2826 3402 2894 capita
3431 2840 3536 2882 sua
3562 2828 3686 2882 vir-

1991 2931 2019 2962 »
2053 2911 2214 2981 gines
2265 2909 2664 2965 Jerusalem.»
2737 2910 2860 2976 Jod,
2915 2911 3217 2976 confessio;
3274 2911 3372 2966 illa
3453 2913 3689 2982 procul-

1986 2999 2162 3054 dubio
2209 3013 2338 3068 qua}
2381 2998 2526 3067 perit
2578 3010 2612 3052 a
2667 3005 2892 3053 mortuo
2933 2999 3100 3065 (Psal.
3147 3013 3224 3062 v1,
3279 3001 3349 3067 6).
3403 3001 3562 3056 Unde
3592 3015 3688 3056 se-

178 3103 202 3131 »
240 3079 676 3135 sanctificationi
710 3093 848 3145 suae,
878 3079 1113 3134 tradidit
1135 3079 1193 3133 in
1227 3093 1406 3134 manu
1438 3079 1650 3134 inimici
1680 3093 1876 3135 muros
1913 3113 1955 3168 ε
1987 3089 2123 3143 deni
2153 3089 2211 3139 in
2258 3092 2408 3141 terra
2454 3093 2509 3140 et
2556 3085 2950 3141 conticescunt
2997 3101 3145 3140 senes
3179 3088 3314 3150 ﬁliae
3358 3088 3510 3154 Sion,
3546 3089 3687 3158 quia

179 3192 201 3219 ι
242 3169 496 3224 turrium
544 3167 690 3238 ejus,
743 3181 939 3222 vocem
985 3167 1268 3223 dederunt
1300 3167 1356 3221 in
1405 3167 1572 3222 domo
1623 3168 1874 3236 Domini,

180 3257 385 3312 »εἱουι
449 3257 506 3311 in
561 3256 651 3311 die
717 3255 976 3310 solemni.
1037 3276 1058 3303 »
1114 3255 1250 3310 Zain
1309 3255 1721 3325 interpretatur
1777 3256 1880 3310 ali-

172 3351 436 3400 mentum.
467 3346 661 3399 Altare
690 3357 861 3399 suum
892 3347 1148 3397 Dominus
1178 3343 1419 3413 repellit,
1453 3358 1586 3398 cum
1616 3343 1876 3400 animum

174 3449 250 3490 ex
284 3447 400 3503 quo
449 3433 612 3488 bona}
643 3432 959 3488 voluntatis
995 3439 1049 3486 et
1095 3431 1220 3487 fidei
1272 3431 1545 3487 alimenta
1592 3433 1876 3500 sumebat,

176 3521 405 3577 malitia
470 3529 797 3590 emergente
857 3520 1187 3575 contemnit.
1267 3521 1700 3588 Sanctiﬁcationi
1771 3535 1880 3574 sum

175 3608 488 3675 maledicit,
539 3623 672 3663 cum
703 3607 759 3662 id
782 3609 935 3678 quod
989 3608 1308 3663 sanctitatis
1354 3608 1668 3677 aliquando
1723 3607 1881 3677 justo

179 3696 602 3767 insigoiebatur
677 3696 986 3766 agnomine
1047 3696 1104 3750 in
1178 3696 1463 3751 defectum
1529 3695 1879 3765 quotidianae

180 3784 640 3840 doteriorationis
671 3783 924 3838 adducit.
959 3783 1276 3839 Maledictio
1303 3783 1456 3838 enim
1506 3798 1608 3853 pro
1656 3783 1879 3839 defectu

181 3873 438 3942 ponitur,
466 3871 612 3927 sicut
656 3871 970 3927 benedictio
1006 3885 1106 3940 pro
1161 3879 1490 3942 augmento.
1541 3872 1646 3926 Per
1683 3886 1881 3926 muros

181 3959 509 4016 cohibentia
537 3959 1002 4026 sensualitatum,
1050 3973 1153 4028 per
1199 3966 1392 4014 turres
1434 3960 1748 4016 eminentia
1775 3961 1878 4015 de-

181 4049 450 4119 signatur
479 4048 784 4103 virtutum.
820 4047 952 4102 Haec
981 4050 1040 4100 in
1064 4063 1231 4100 manu
1260 4049 1480 4102 inimici
1523 4049 1713 4112 tradit,
1746 4063 1877 4104 cum

181 4150 249 4192 ea
280 4136 573 4191 diabolum
603 4135 986 4191 subintrando
1021 4150 1304 4204 occupare
1351 4136 1646 4204 permittit.
1698 4139 1882 4191 Vocem

182 4227 243 4277 in
296 4223 450 4278 domo
498 4226 719 4278 Domini
765 4225 907 4277 sicut
953 4225 1014 4277 in
1051 4223 1139 4276 die
1169 4225 1393 4278 solemni
1423 4224 1582 4291 dant,
1619 4239 1750 4279 cum
1783 4239 1882 4293 per

182 4326 387 4368 sensus
418 4312 644 4382 reprobi
687 4311 1034 4367 dementiam
1075 4311 1134 4366 in
1171 4311 1428 4381 pessimis
1475 4313 1646 4368 rebus
1682 4313 1878 4368 exsul-

1984 3177 2124 3231 dum
2173 3175 2391 3229 haerent
2433 3174 2671 3228 omnino
2735 3173 2992 3239 terrenis,
3043 3173 3190 3229 sicut
3239 3174 3304 3240 is,
3360 3175 3462 3244 qui
3513 3176 3571 3231 in
3603 3190 3688 3231 ca-

1986 3264 2188 3320 thedra
2240 3261 2576 3331 pestilentiae
2637 3261 2781 3316 sedit
2848 3261 3026 3328 (Psal.
3086 3277 3128 3329 1,
3201 3264 3276 3331 l),
3342 3265 3687 3319 maturiores

1986 3351 2163 3405 animi
2219 3357 2428 3413 motus,
2483 3362 2630 3418 quos
2679 3349 2892 3418 peccati
2936 3350 3286 3405 conscientia
3333 3351 3685 3406 atrocissime

1987 3439 2248 3494 mordere
2296 3438 2453 3504 solet,
2487 3451 2520 3490 a
2572 3436 3027 3493 confessionibus
3073 3437 3495 3494 obmutescunt.
3548 3439 3686 3494 Inde

1986 3533 2403 3596 consequenter
2451 3527 2693 3591 virgines
2745 3527 3056 3580 Jerusalem
3113 3530 3301 3596 capita
3360 3542 3462 3581 sua
3511 3531 3687 3582 cinere

1986 3621 2397 3684 conspergunt,
2432 3627 2566 3668 cum
2598 3613 2763 3682 lapsi,
2795 3621 2848 3668 et
2874 3613 3092 3668 steriles
3124 3614 3379 3684 antiqua
3411 3615 3682 3684 paciﬁca-

1986 3701 2157 3759 tionis
2205 3709 2413 3768 motus,
2468 3703 2674 3756 mentis
2724 3702 2939 3770 peccati
2991 3702 3353 3757 refricatione
3396 3703 3680 3759 inficiunt.

1987 3791 2092 3846 Per
2118 3789 2371 3845 cinerem
2406 3789 2558 3844 enim
2586 3789 2896 3858 perpetrati
2931 3789 3066 3844 olim
3117 3789 3331 3859 peccati
3382 3791 3682 3858 memoria,

1986 3886 2204 3934 mentes
2230 3878 2450 3948 signari
2479 3891 2579 3946 per
2610 3876 2799 3946 capita
2829 3877 2885 3932 in
2916 3877 3228 3948 Scripturis
3255 3878 3476 3935 celebre
3507 3887 3608 3934 est.

2757 3979 2922 4020 CAPH.

2280 4053 2470 4124 (Vulg.
2503 4056 2749 4122 ssquenti
2773 4055 3034 4108 versiculo
3051 4055 3383 4123 praemittit.)

2065 4164 2084 4190 ι
2121 4140 2377 4197 Αεείηηί
2421 4149 2557 4196 sunt
2596 4139 2814 4207 ciliciis,
2858 4141 3194 4210 abjecerunt
3225 4142 3282 4197 in
3313 4148 3467 4198 terra
3494 4139 3685 4212 capita

1991 4250 2020 4277 «
2042 4243 2148 4285 sua
2190 4229 2443 4299 virgines
2471 4230 2498 4284 .l
2509 4229 2640 4284 uda.
2678 4251 2703 4277 »
2729 4228 2907 4299 Caph,
2939 4229 3154 4284 dicitur
3182 4245 3289 4283 cor.
3323 4229 3453 4285 Ideo
3492 4229 3682 4300 plane,

1990 4317 2129 4387 quia
2155 4317 2439 4386 quidquid
2477 4317 2855 4387 subjungitur
2889 4317 3087 4373 littera:
3115 4317 3172 4372 in
3213 4318 3470 4373 interiori
3501 4325 3685 4373 totum

185 4407 328 4455 tant.
380 4399 508 4454 Non
553 4398 692 4455 dicit
738 4401 798 4452 in
843 4399 932 4453 die
977 4400 1220 4464 solemni,
1252 4399 1349 4454 sed
1387 4400 1552 4467 sicut,
1587 4401 1728 4470 quia
1767 4415 1881 4455 non
1922 4406 1966 4460 D
1995 4411 2215 4460 constat
2248 4404 2477 4458 damno.
2532 4405 2737 4460 Ciliciis
2769 4403 3176 4474 accinguntur,
3223 4419 3474 4474 quorum
3506 4404 3685 4460 lumbi

185 4495 269 4542 est
324 4494 484 4542 tanta
536 4486 832 4556 aliquibus
901 4487 958 4541 in
1032 4487 1166 4542 boni
1233 4487 1650 4556 perpetratione
1697 4489 1884 4557 operis

187 4583 408 4644 quanta
437 4575 496 4630 in
526 4574 810 4630 malorum
838 4575 1196 4630 exsecutione
1227 4574 1440 4631 lzetitia.

954 4679 1122 4719 HETH.

259 4751 432 4807 Vens.
466 4755 516 4806 8.
549 4780 600 4792 -
641 4773 662 4800 ιι
702 4751 984 4823 Cogitavit
1026 4752 1307 4808 Dominus
1339 4752 1617 4821 dissipare
1648 4767 1882 4808 murum

195 4861 216 4888 ι
249 4839 378 4895 filiae
409 4839 562 4907 Sion,
607 4840 846 4895 tetendit
887 4839 1217 4896 funiculum
1247 4855 1441 4908 suum,
1472 4849 1527 4896 et
1566 4856 1684 4896 non
1713 4855 1884 4896 aver-

197 4947 218 4973 ι
257 4929 320 4983 tit
351 4942 591 4983 manum
639 4942 805 4983 suam
838 4943 872 4983 a
918 4929 1253 4998 perditione,
1299 4929 1566 4999 quitque
1616 4937 1886 4984 antemu-

197 5033 218 5061 ι
252 5016 390 5083 rale,
451 5024 505 5072 et
567 5030 774 5072 murus
823 5018 1036 5086 pariter
1110 5017 1420 5088 dissipatus
1475 5025 1575 5073 est.
1638 5040 1658 5065 -
1719 5018 1884 5084 Heth,

194 5100 603 5172 interpretatur
635 5121 830 5174 pavor,
870 5113 925 5161 et
972 5106 1018 5160 is
1062 5121 1177 5162 non
1227 5106 1477 5170 aliunde,
1524 5119 1700 5175 quam
1733 5105 1888 5175 quod

195 5195 454 5257 cogitavit
490 5195 748 5248 Dominus
793 5209 1010 5248 murum
1057 5194 1331 5262 dissipare
1359 5193 1490 5263 ﬁliae
1516 5195 1669 5260 Sion,
1706 5193 1888 5249 conti-

197 5280 451 5334 nentiam
509 5279 722 5336 scilicet
771 5295 971 5336 earum
1030 5296 1162 5352 qum
1218 5283 1325 5337 hac
1377 5281 1506 5336 illac
1564 5289 1892 5352 evagantur

200 5365 699 5438 imaginationum.
755 5370 915 5425 Unde
964 5371 1279 5426 Dominus:
1322 5393 1342 5417 ι
1398 5370 1624 5436 Clauso,
1679 5370 1888 5439 inquit,

201 5456 340 5511 ostio
401 5470 503 5511 ora
561 5457 786 5512 Patrem
859 5466 1027 5514 tuum
1104 5459 1318 5527 (Matth.
1374 5472 1452 5525 v1,
1514 5460 1590 5528 6).
1657 5480 1683 5507 ιι
1732 5461 1894 5511 Funi-

201 5543 378 5598 culum
405 5559 564 5599 suum
613 5547 756 5599 Deus
804 5546 1001 5614 tendit,
1047 5561 1180 5602 cum
1231 5553 1530 5616 peccatum
1577 5559 1892 5615 pinnasque

203 5632 415 5698 peccati
444 5645 616 5702 aequa
662 5647 838 5702 super
885 5647 988 5688 nos
1032 5633 1192 5690 lance
1240 5632 1559 5703 perpendit.
1615 5634 1662 5686 Α
1701 5633 1894 5701 perdi-

1993 4491 2312 4548 titillatione
2343 4490 2599 4546 libidinis
2633 4499 3126 4562 compunguntur,
3173 4492 3269 4548 cui
3307 4493 3500 4548 sensui
3531 4493 3689 4548 adni-

1993 4578 2154 4646 titur,
2184 4579 2338 4649 quod
2369 4578 2584 4634 animal
2629 4579 2922 4649 petulcum
2970 4588 3073 4647 est,
3117 4581 3185 4635 de
3234 4582 3403 4651 cujus
3448 4581 3578 4650 pilis
3608 4582 3690 4636 in-

1994 4667 2230 4723 texitur.
2291 4669 2542 4735 Virgines
2588 4668 2752 4732 Juda,
2801 4667 3293 4726 infecundasunt
3321 4669 3690 4725 confessionis

1993 4755 2200 4810 officia.
2235 4756 2456 4810 Bonum
2486 4763 2570 4810 est
2620 4756 2772 4811 enim
2817 4755 3100 4821 confiteri,
3149 4755 3196 4810 si
3227 4755 3398 4811 simul
3442 4755 3514 4811 sit
3546 4757 3694 4826 psal-

1993 4841 2127 4899 lere.
2161 4845 2358 4912 Capita
2399 4858 2497 4897 sua
2528 4846 2587 4897 in
2627 4846 2776 4897 terra
2819 4843 3120 4913 abjiciunt,
3170 4857 3302 4898 cum
3351 4843 3692 4913 principales

1994 4929 2203 4983 mentis
2235 4935 2444 4994 motus,
2497 4926 2598 4998 qui
2650 4928 2959 4997 aliquoties
3003 4929 3071 4982 de
3117 4927 3471 4984 confessione
3508 4928 3694 4984 admo-

1997 5024 2152 5082 nent,
2187 5030 2368 5085 pravo
2392 5030 2451 5072 se
2479 5017 2700 5086 pudore
2726 5016 3128 5086 submergunt.

2069 5105 2243 5160 Vens.
2283 5108 2366 5159 ll.
2429 5137 2497 5144 —
2561 5128 2580 5153 ι
2641 5105 2983 5160 Defecerunt
3038 5117 3156 5174 prae
3218 5104 3486 5174 lacrymis
3542 5105 3692 5161 oculi

1998 5213 2026 5240 ››
2062 5193 2196 5260 mei,
2245 5193 2590 5248 conturbata
2638 5201 2775 5249 sunt
2834 5193 3052 5248 viscera
3103 5191 3250 5249 mea.
3290 5215 3310 5241 ι
3349 5195 3468 5248 Prae
3517 5195 3694 5263 lacry-

1998 5283 2101 5334 mis
2139 5281 2290 5335 oculi
2331 5281 2625 5348 deficiunt,
2672 5296 2804 5336 cum
2853 5281 3037 5337 effusa
3081 5281 3432 5352 benignitate
3483 5283 3696 5338 intrin-

1998 5383 2128 5424 seca
2155 5369 2326 5424 totius
2371 5369 2775 5425 rationalitatis
2816 5371 3084 5424 acumina
3132 5369 3418 5426 decidunt.
3473 5371 3698 5426 Viscera

2001 5457 2446 5523 conturbantur,
2489 5472 2620 5513 cum
2671 5458 2888 5527 pariter
2938 5458 3165 5514 interna
3219 5458 3470 5514 vitalitas
3499 5473 3533 5514 a
3561 5473 3698 5514 vera

2001 5544 2338 5601 discretione
2369 5545 2747 5602 suffunditur.
2787 5569 2806 5595 ε
2851 5545 3115 5602 Effusum
3145 5555 3229 5602 est
3258 5547 3319 5602 in
3351 5555 3502 5602 terra
3533 5549 3699 5618 jecur

2007 5654 2029 5680 ›
2065 5645 2278 5699 mcum,
2329 5647 2503 5703 super
2551 5634 2894 5689 contritione
2943 5634 3072 5688 filim
3123 5634 3316 5703 populi
3369 5635 3502 5701 mei,
3563 5647 3695 5690 cum
