3956 6416
261 360 366 412 463

263 514 292 542 ››
326 493 587 548 deﬁceret
637 491 918 561 parvulus
962 499 1016 546 et
1063 491 1274 546 lactens
1321 492 1376 546 in
1427 491 1624 561 plateis
1664 491 1879 560 oppidi.
1919 512 1938 537 ι
1982 495 2028 545 Α

264 580 592 636 Secundum
643 580 905 648 physicos
951 579 1137 647 jecore
1186 594 1468 632 amamus.
1513 582 1574 632 In
1631 584 1776 631 tem
1819 593 1955 646 ergo

251 671 409 737 jecur
458 667 796 727 effunditur.
859 681 992 721 cum
1041 667 1456 734 supercirlestis
1502 680 1664 720 amor
1731 673 1956 720 terreno
2003 683 2016 694 ’

264 764 542 810 mutatur.
573 756 643 809 Et
700 754 807 808 hoc
849 770 1012 821 suptr
1062 757 1378 807 contritione
1418 755 1544 822 ﬁlia:
1586 755 1776 822 populi
1808 754 1954 808 acci-

263 845 365 908 dit,
423 844 564 913 quia
620 843 758 898 tales
816 857 984 896 casus
1040 842 1218 896 tracta
1277 842 1538 896 mollities
1595 841 1958 909 cogitationis

264 931 467 986 nutrit.
498 932 566 985 Et
597 930 704 984 hoc
739 929 909 984 etiam
940 946 1059 983 cum
1098 931 1364 997 parvulus
1411 935 1462 983 et
1509 930 1708 982 lactens
1748 931 1806 981 in
1834 930 1954 998 pla-

266 1023 364 1073 teis
412 1019 603 1086 oppidi
653 1017 862 1081 deﬁcit,
911 1031 1041 1071 cum
1095 1017 1306 1071 scilicet
1362 1017 1490 1071 lidei
1539 1015 1852 1082 modicitas,
1903 1022 1958 1070 et

265 1105 584 1162 dulcedinis
631 1105 922 1160 saecularis
965 1105 1230 1172 aviditas,
1290 1118 1390 1174 per
1446 1104 1648 1158 mundi
1689 1103 1958 1159 sollicitu-

265 1193 428 1248 dines
455 1193 719 1248 interitus
743 1207 948 1248 causas
979 1193 1131 1246 facit.

989 1293 1236 1332 LAMBCH.

339 1368 508 1423 Vens.
547 1371 628 1420 l2.
661 1398 728 1405 —
765 1389 786 1415 ε
839 1367 1120 1421 Matribus
1150 1366 1270 1420 suis
1314 1365 1616 1420 dixerunt:
1666 1366 1826 1422 Unde
1875 1372 1957 1420 est

271 1476 292 1503 ι
329 1456 580 1511 triticum
613 1463 667 1510 et
708 1455 932 1520 vinum,
972 1469 1102 1508 cum
1136 1453 1442 1508 deﬁcerent
1473 1455 1636 1523 quasi
1671 1454 1956 1509 vulnerati

272 1563 292 1589 ι
327 1544 380 1597 in
433 1543 634 1612 plateis
675 1542 944 1606 civitatis,
995 1556 1126 1595 cum
1177 1541 1515 1596 exhalarent
1559 1541 1778 1595 animas
1826 1555 1960 1595 suas

272 1652 292 1677 ι
329 1632 385 1684 in
425 1632 559 1685 sinu
605 1638 856 1684 matrum
905 1629 1197 1682 suarum?
1236 1649 1255 1674 »
1311 1628 1576 1694 Lamech,
1633 1629 1962 1696 interpreta—

267 1726 365 1772 tur
395 1733 588 1771 sermo.
627 1718 881 1772 Manibus
930 1720 1042 1769 suis
1085 1716 1321 1769 dicunt:
1356 1717 1458 1769 Ubi
1500 1721 1578 1769 est
1627 1719 1868 1768 triticum
1910 1721 1958 1770 ct

265 1806 472 1870 vinum,
523 1819 656 1858 cum
706 1803 1007 1872 aliquoties
1060 1803 1281 1856 fastidio
1333 1802 1690 1870 voluptatum
1745 1815 1778 1856 a
1819 1817 1958 1856 ron-

269 1890 522 1945 scientiis
551 1891 815 1958 exigunt,
852 1904 963 1943 non
1009 1890 1191 1943 solum
1225 1892 1503 1942 sermonis
1535 1889 1735 1956 divini,
1787 1904 1959 1958 quem

269 1980 460 2044 signat
505 1977 690 2031 littera
733 1977 1060 2045 priescripta
1095 1982 1260 2040 250,
1304 1975 1590 2040 solatium,
1647 1977 1740 2030 Sed
1789 1977 1957 2031 etiam

269 2066 477 2119 divinae
505 2064 869 2132 aspirationis
927 2079 1042 2132 quo
1095 2063 1402 2117 alacriores
1471 2063 1789 2117 reddantur
1839 2063 1960 2116 ins-

270 2155 528 2209 tinctum.
568 2154 739 2216 Quasi
765 2153 1035 2204 vulnerati
1061 2154 1115 2204 in
1149 2153 1354 2219 plateis
1395 2151 1633 2205 civitatis
1663 2153 1956 2218 deliciunt,

268 2255 398 2295 cum
431 2239 694 2294 diabolici
736 2239 1024 2307 appetitus
1077 2242 1284 2305 sagitta
1332 2240 1514 2294 allecti
1561 2255 1632 2293 ex
1685 2240 1862 2293 nimia
1895 2239 1958 2293 li-

267 2328 454 2382 centia
508 2328 640 2380 vitae
695 2327 986 2380 srecularis
1042 2328 1412 2382 occumbunt.
1486 2327 1700 2382 Civitas
1759 2328 1851 2382 hic
1906 2333 1961 2381 et

266 2415 562 2483 oppidum,
609 2413 755 2468 sicut
802 2414 935 2468 alibi
977 2415 1214 2480 atrium,
1263 2414 1541 2469 saeculum
1592 2415 1802 2483 signat,
1849 2428 1958 2468 an-

269 2510 450 2571 gusta:
482 2502 588 2556 viae
619 2501 803 2570 platea
840 2509 1145 2570 repugnat.
1192 2505 1426 2555 Animas
1473 2506 1527 2555 in
1569 2505 1694 2555 sinu
1722 2505 1959 2556 matrum

266 2605 490 2643 suarum
515 2589 805 2656 exhalant,
856 2605 987 2644 cum
1038 2590 1187 2644 intra
1233 2590 1630 2655 conscientias,
1682 2606 1812 2660 quaa
1846 2605 1960 2645 ma-

267 2684 382 2731 tres
422 2685 476 2732 et
521 2677 803 2732 bonarum
854 2685 909 2732 et
969 2679 1253 2732 malarum
1311 2678 1755 2734 interioritatum
1800 2686 1954 2746 sunt,

265 2763 474 2834 laqueo
503 2764 1006 2832 concupiscentiali
1038 2779 1094 2818 se
1125 2765 1514 2835 strangulant.

1047 2867 1181 2906 ΜΕΝ.

339 2940 508 2996 Vens.
539 2943 620 2995 l3.
657 2971 724 2979 ——
762 2962 781 2988 ι
829 2939 933 2995 Cui
983 2941 1332 3009 comparabo
1382 2942 1476 2996 te?
1521 2940 1611 2996 vel
1661 2941 1755 2995 cui
1810 2941 1956 2996 assi-

274 3049 293 3074 ι
329 3027 539 3081 milabo
596 3034 666 3094 te,
727 3027 840 3081 lilia
887 3028 1246 3082 Jerusalem?
1289 3029 1382 3083 cui
1420 3029 1738 3098 exzequabo
1780 3036 1853 3093 te,
1902 3034 1957 3082 et

273 3137 291 3161 ι
329 3115 662 3170 consolabor
712 3123 783 3180 te,
835 3115 1000 3185 virgo
1051 3115 1166 3170 tilia
1204 3116 1384 3170 Sion?
1433 3132 1642 3186 magna
1688 3124 1770 3171 est
1803 3116 1954 3170 enim

271 3225 290 3250 ι
325 3203 484 3258 velut
535 3217 693 3258 mare
733 3203 997 3258 contritio
1043 3211 1158 3259 tua.
1210 3204 1350 3270 Quis
1408 3205 1731 3260 medebitur
1763 3203 1950 3260 tui?»

265 3289 412 3356 Men,
446 3291 675 3358 viscera,
715 3304 828 3344 non
862 3290 975 3344 alia
1020 3291 1187 3360 plane
1218 3305 1392 3360 quam
1441 3306 1638 3347 eorum
1675 3293 1778 3362 qui
1824 3306 1956 3347 cum

265 3378 617 3446 compassive
645 3392 783 3447 erga
815 3377 1044 3432 illorum
1089 3378 1189 3447 qui
1221 3380 1298 3433 sic
1341 3379 1737 3446 periclitantur
1775 3379 1959 3434 infor-

267 3465 450 3520 tunia.
488 3467 585 3520 Est
639 3479 778 3533 ergo
832 3478 1034 3518 sensus
1081 3478 1147 3519 ac
1200 3465 1244 3519 si
1301 3465 1526 3520 dicant:
1594 3467 1680 3522 Tu
1741 3467 1954 3532 anima,

265 3568 396 3622 quze
426 3551 814 3622 supercielesti
856 3551 1026 3605 matri
1059 3560 1170 3606 tua}
1219 3552 1381 3607 cultu
1425 3554 1660 3607 internas
1714 3555 1869 3623 pacis
1905 3562 1960 3609 et

271 3640 368 3694 Dei
413 3639 800 3707 speculatione
838 3638 1187 3692 conformari
1239 3639 1538 3706 debueras,
1588 3641 1758 3710 cujus
1805 3656 1958 3696 com-

273 3728 567 3796 paratione
599 3726 820 3793 lapsum
871 3733 1037 3779 tuum
1080 3725 1331 3795 levigare
1362 3735 1573 3794 potero,
1607 3743 1738 3782 cum
1780 3736 1830 3784 te
1859 3729 1960 3782 ab-

270 3814 496 3868 sorbcat
544 3819 642 3866 tua
701 3825 798 3880 per
849 3820 902 3867 te
950 3813 1291 3881 desperabili
1333 3815 1619 3870 oblivione
1653 3816 1960 3871 contritio?

270 3899 337 3954 Et
369 3913 500 3953 cum
531 3905 596 3953 tu
635 3899 718 3953 tui
770 3899 890 3968 jain
944 3914 1061 3954 non
1107 3901 1460 3972 memineris,
1503 3906 1624 3970 quis
1663 3904 1963 3958 medebitur

269 3985 631 4056 praidicando
659 3989 785 4041 tui?

1047 4092 1176 4132 NUN.

337 4164 508 4219 Vnus.
539 4163 624 4218 14.
687 4194 752 4200 -
788 4185 808 4211 ι
876 4164 1170 4232 Propheta:
1223 4166 1305 4220 tui
1357 4165 1627 4220 viderunt
1671 4165 1771 4221 tibi
1820 4166 1962 4222 falsa

273 4273 292 4299 ι
330 4258 385 4306 et
426 4252 623 4318 stulta,
654 4267 758 4306 nec
810 4251 1140 4319 aperiebant
1175 4251 1536 4322 iniquitatem
1595 4261 1770 4320 tuam,
1817 4262 1880 4310 ut
1909 4263 1962 4310 te

273 4362 292 4386 ι
329 4340 400 4394 ad
460 4339 848 4407 paenitentiam
917 4348 1311 4409 provocarent.
1375 4363 1395 4388 ι
1474 4341 1626 4408 Nun,
1682 4342 1958 4411 interpre-

267 4434 426 4482 tatur
452 4442 659 4494 pascua
690 4443 888 4490 eorum,
940 4428 1138 4497 procul
1172 4429 1346 4484 dubio
1397 4429 1623 4484 illorum
1671 4431 1774 4500 qui
1817 4432 1959 4487 alie-

267 4515 356 4568 nis
386 4514 699 4569 mendaciis
755 4517 1161 4584 pascebantur.
1214 4519 1492 4586 Propheta:
1518 4519 1684 4572 stulta
1728 4524 1776 4572 et
1816 4535 1959 4574 vana

264 4602 430 4657 nobis
472 4601 686 4669 vident,
738 4618 871 4658 cum
932 4611 1138 4659 [108le
1194 4608 1498 4662 saeculares
1555 4606 1781 4660 astutiae
1843 4621 1957 4662 non

265 4691 447 4745 solum
497 4690 665 4745 falsos
719 4700 1054 4760 proventus,
1101 4701 1162 4748 ut
1212 4693 1436 4760 assolet,
1489 4693 1790 4762 spondent,
1860 4695 1959 4750 sed

263 4778 434 4834 etiam
481 4779 548 4833 de
595 4779 809 4835 futuris
859 4781 1242 4850 conjectantos
1289 4782 1346 4836 in
1389 4797 1488 4850 spe
1535 4781 1812 4850 superbos
1857 4798 1960 4837 nos

266 4877 620 4936 promovent.
669 4869 808 4934 Quae
851 4877 1182 4938 sequuntur
1246 4870 1550 4939 perspicua
1615 4877 1771 4935 sunt,
1825 4885 1956 4926 cum

263 4956 536 5010 deberent
567 4957 779 5011 scilicet
829 4972 960 5026 quze
1020 4965 1258 5026 peccant
1299 4958 1406 5012 sibi
1450 4972 1783 5026 proponere,
1830 4967 1958 5014 stu-

263 5041 398 5096 dent
462 5043 646 5111 magis
705 5044 958 5098 fastuosa
1012 5046 1280 5114 cogitare.
1342 5067 1362 5092 ι
1431 5045 1709 5101 Viderunt
1765 5055 1957 5101 autem

263 5148 292 5179 io
328 5129 428 5184 tibi
471 5130 889 5199 assumptiones
937 5131 1128 5196 falsas,
1191 5141 1246 5188 et
1291 5133 1610 5202 ejectiones.
1647 5155 1670 5182 ι
1721 5135 1958 5188 Assum-

261 5219 471 5285 ptiones
515 5225 671 5283 sunt,
723 5218 936 5286 quibus
983 5233 1040 5274 se
1084 5219 1139 5274 in
1207 5222 1532 5277 mundanas
1577 5221 1958 5277 sublimitates

261 5303 638 5359 assumendos
667 5305 946 5371 credunt;
977 5305 1072 5360 sed
1099 5307 1220 5362 inec
1248 5309 1442 5363 omnia
1482 5309 1561 5364 nil
1593 5309 1752 5363 aliud
1797 5312 1953 5376 sunt,

261 5403 441 5460 quam
485 5390 782 5458 ejecliones,
833 5394 972 5460 quia
1010 5395 1150 5449 dum
1191 5405 1479 5452 crementa
1528 5397 1794 5452 forastica
1833 5411 1956 5452 am-

262 5477 450 5543 biunt,
510 5477 879 5534 certissimaa
931 5495 1066 5536 vero
1132 5483 1281 5538 bono
1330 5484 1604 5554 ejectione
1650 5498 1772 5540 sese
1823 5498 1955 5553 pro-

263 5565 535 5620 stituunt.

1142 357 1210 411 V.
1257 355 1589 412 GUIBERTI
1629 356 1919 412 ABBATIS
1959 356 2015 410 S.
2062 357 2307 412 ΜΛΒΙᾸΞ
2347 357 2437 412 DE
2477 357 2866 413 NOVIGENTO

3676 360 3775 411 364

2792 506 3034 545 SAMECH.

2137 580 2308 634 Vens.
2347 584 2428 634 lii.
2453 610 2520 619 —-
2551 601 2573 628 ι
2638 579 2985 635 Plauserunt
3038 594 3212 648 super
3257 587 3307 635 te
3337 582 3617 636 manibus
3649 596 3778 634 0m-

2067 690 2093 716 »
2126 683 2226 721 nes
2261 676 2623 723 transeuntes
2667 683 2767 736 per
2808 669 2983 728 viam,
3016 669 3417 734 sibilaverunt,
3469 677 3524 723 et
3570 683 3778 724 move-

2070 775 2092 802 ι
2125 762 2260 810 runt
2307 763 2481 824 caput
2535 770 2704 810 suum
2755 768 2926 822 super
2979 755 3152 808 tiliam
3200 755 3537 809 Jerusalem.
3578 775 3599 802 ι
3661 755 3774 808 Sa-

2065 843 2247 909 mech,
2317 844 2746 911 interpretatur,
2819 844 3178 909 adjutorium.
3243 842 3536 897 Plaudunt
3600 859 3776 910 super

2064 945 2190 985 eam
2237 931 2503 993 manibus,
2553 930 2654 1000 qui
2695 932 2988 999 quondam
3049 930 3104 983 in
3158 929 3443 998 adjutorio
3486 930 3774 985 Altissimi

2063 1027 2506 1083 commanentes,
2569 1018 2725 1086 quod
2807 1018 2994 1072 littera
3061 1017 3381 1086 praecinuit,
3468 1018 3574 1086 piis
3638 1019 3775 1087 ejus

2067 1107 2395 1162 allectantur
2423 1107 2713 1175 operibus.
2749 1106 2992 1160 Plausus
3024 1106 3177 1160 enim
3211 1105 3502 1172 collaitari,
3548 1120 3772 1161 manus

2066 1195 2254 1262 signat
2283 1195 2506 1263 operari
2583 1195 2698 1249 Hoc
2747 1193 3004 1248 fecerunt
3051 1209 3232 1247 omnes
3283 1199 3620 1248 transeuntes
3663 1210 3772 1263 per

2064 1287 2231 1348 ciam,
2260 1284 2400 1352 quia
2437 1283 2576 1336 dum
2612 1283 2667 1335 in
2711 1282 2860 1336 bono
2916 1296 3075 1336 mens
3127 1289 3280 1336 statu
3325 1289 3492 1347 esset,
3553 1296 3771 1352 aggra-

2066 1371 2406 1424 tulabantur
2460 1385 2657 1424 omnes
2704 1369 2802 1438 qui
2850 1383 2950 1437 per
2998 1369 3311 1435 Christum,
3364 1371 3464 1438 qui
3509 1371 3605 1423 via
3657 1377 3766 1434 est,

2067 1459 2452 1513 desideranter
2497 1459 2755 1526 aspirant
2798 1459 2869 1511 ad
2933 1457 3200 1526 patriam.
3252 1457 3358 1522 Qui
3405 1457 3619 1524 sibilat,
3667 1471 3773 1512 ore

2069 1546 2324 1600 restricto
2358 1546 2556 1599 llatuni
2590 1553 2882 1600 extenuat.
2919 1547 2986 1599 Et
3015 1546 3113 1613 qui
3146 1545 3213 1599 de
3256 1545 3401 1598 bono
3431 1546 3770 1614 quempiam

2067 1649 2236 1701 opere
2292 1635 2576 1701 sapienter
2640 1634 2856 1699 laudat,
2927 1633 3132 1701 partim
3205 1633 3480 1701 loquitur,
3551 1634 3768 1701 partim

2069 1721 2227 1789 loqui
2271 1720 2611 1776 dissimulat.
2675 1721 2756 1776 Ne
2807 1720 3154 1785 laudaveris,
3209 1719 3418 1788 inquit,
3470 1720 3770 1774 hominem

1999 1786 2039 1838 Β
2073 1786 2285 1863 ίῐι-γὶιει
2317 1824 2420 1862 sua
2457 1812 2644 1875 (Eccli.
2677 1824 2734 1873 ii,
2779 1809 2887 1875 30).
2941 1808 3009 1862 Et
3057 1786 3506 1861 laudandusest
3551 1807 3725 1875 plane
3751 1851 3768 1876 ,

2071 1897 2224 1964 quod
2257 1904 2312 1950 et
2366 1897 2582 1950 Paulus
2631 1896 2761 1950 facit
2810 1897 2864 1960 (I
2904 1896 3023 1948 Cor.
3077 1909 3156 1958 x1,
3202 1896 3275 1960 2),
3327 1902 3392 1949 ut
3433 1895 3770 1964 animetur;

2071 1999 2237 2052 parce
2270 1992 2456 2038 tamen
2491 1999 2560 2038 ne
2590 1983 3004 2037 securilicetur.
3041 1983 3200 2037 Unde
3237 1987 3402 2050 caput
3447 1998 3604 2036 suum
3633 1999 3771 2038 mo-

2069 2086 2201 2126 vere
2254 2072 2549 2136 dicuntur,
2607 2073 2747 2140 quia
2802 2071 2904 2126 etsi
2966 2071 3022 2124 in
3075 2071 3157 2125 eis
3195 2071 3378 2125 Deum
3425 2080 3766 2139 operantem

2068 2160 2315 2229 gloriosa
2354 2161 2656 2224 miramur,
2699 2160 2927 2214 interim
2975 2166 3163 2213 tamen
3205 2173 3304 2226 pro
3353 2159 3768 2215 incertitudine

2071 2248 2198 2301 linis
2227 2248 2490 2302 cohibere
2537 2249 2711 2302 verba
2749 2248 3043 2302 debemus.
3083 2269 3103 2294 ε
3157 2247 3420 2301 Ηωοοὶηθ
3465 2255 3547 2301 est
3595 2248 3764 2314 urbs,

2068 2354 2096 2384 ι›
2129 2335 2417 2399 dicentes;
2485 2335 2715 2403 perfecti
2797 2335 3037 2400 decoris,
3122 2334 3401 2404 gaudium
3472 2334 3768 2390 universa:

2073 2443 2093 2468 ι
2127 2423 2339 2478 terrze‘?
2383 2444 2402 2470 ι
2463 2423 2676 2478 Eadem
2737 2423 2937 2492 capitis
2993 2423 3188 2487 motio,
3244 2437 3376 2491 quae
3433 2436 3608 2490 super
3658 2424 3767 2478 Job

2065 2512 2359 2580 quondam
2393 2512 2452 2565 lit
2487 2511 2616 2576 (Job
2661 2526 2793 2576 xui,
2833 2511 2916 2580 ll)
2967 2518 3022 2565 et
3061 2524 3233 2578 super
3269 2510 3607 2565 Jerusalem.
3653 2511 3767 2566 Sed

2067 2606 2189 2667 post
2220 2599 2443 2668 lapsum
2476 2599 2600 2667 ejus
2634 2601 2861 2666 perfecti
2899 2598 3104 2651 decoris
3134 2612 3258 2652 eam
3303 2597 3476 2652 fuisse
3507 2613 3771 2668 conque-

2066 2695 2300 2752 runtur,
2356 2687 2495 2755 quia
2547 2687 2753 2741 veteris
2797 2685 2923 2755 ejus
2989 2686 3220 2739 habitus
3267 2684 3766 2753 pulchritudinem

2065 2775 2370 2829 securitate
2449 2774 2568 2843 jam
2641 2773 2829 2828 inutili
2893 2773 3287 2842 praedicantes,
3354 2773 3766 2828 recordantur.

2067 2862 2170 2916 Sed
2197 2863 2288 2916 ille
2319 2862 2600 2930 perfectus
2629 2863 2798 2916 decor
2833 2862 2888 2915 in
2923 2861 3204 2930 gaudium
3256 2860 3540 2914 universae
3592 2869 3767 2916 terra)

2065 2951 2438 3012 convertitur,
2491 2964 2620 3004 cum
2664 2949 2991 3017 exemplum
3043 2948 3228 3002 ruinze
3279 2945 3368 3001 vel
3415 2948 3768 3004 obstinatio-

1995 3036 2174 3124 Cnis,
2233 3037 2517 3092 universis
2584 3044 2811 3092 terrena
2870 3035 3263 3106 quaerentibus
3323 3035 3533 3091 exinde
3582 3037 3768 3091 mini-

2064 3131 2301 3180 stratur.

2852 3215 2966 3256 AIN.

2066 3291 2148 3358 (1n
2168 3290 2407 3357 vulgatis
2436 3291 2544 3343 loco
2573 3289 2703 3351 Ain.
2737 3295 2815 3343 est
2842 3291 3044 3354 littera,
3085 3288 3216 3352 Phe,
3250 3293 3299 3342 et
3330 3287 3439 3342 Ain
3465 3288 3575 3342 loco
3602 3289 3769 3360 Phe.)

2138 3377 2308 3432 VERS.
2345 3381 2391 3431 l.
2424 3409 2491 3416 —
2516 3397 2543 3428 «
2585 3378 2953 3446 Aperuerunt
2982 3391 3157 3445 super
3187 3384 3238 3431 te
3274 3391 3335 3431 os
3364 3390 3537 3431 suum
3561 3391 3772 3433 omnes

2069 3485 2097 3512 »
2134 3464 2346 3519 inimici
2379 3466 2481 3532 tui,
2530 3465 2930 3530 sibilaverunt,
2977 3473 3032 3520 et
3077 3463 3438 3520 fremuerunt
3491 3464 3773 3520 dentibus

2074 3572 2094 3599 ›
2130 3559 2183 3606 et
2231 3553 2545 3608 dixerunt:
2597 3553 3010 3609 Devorabimus
3053 3567 3201 3617 eam,
3247 3567 3318 3608 en
3366 3552 3467 3606 iste
3514 3561 3600 3608 est
3643 3554 3774 3609 dies

2071 3655 2304 3709 liquem
2377 3643 2881 3710 exspectabamus,
2962 3641 3308 3706 invenimus,
3397 3640 3687 3696 videmus.
3744 3661 3772 3690 ι

2067 3727 2196 3794 Ain,
2250 3728 2661 3798 interpretatur
2731 3733 2971 3798 quaestio.
3039 3729 3110 3782 Et
3173 3743 3303 3796 qua:
3358 3741 3774 3795 perversurum

2068 3818 2256 3885 major
2286 3818 2526 3885 quaestio
2557 3825 2658 3884 est,
2699 3831 2874 3886 quam
2906 3816 3060 3886 quod
3091 3829 3125 3870 a
3155 3815 3366 3870 sanctis
3397 3814 3536 3868 viris
3568 3815 3777 3869 minus

2070 3904 2486 3960 rationabiliter
2533 3914 2633 3960 aut
2675 3906 2912 3973 dictum,
2966 3911 3068 3959 aut
3109 3901 3324 3958 factum
3369 3901 3496 3958 est?
3545 3902 3775 3957 Idcirco

2068 4007 2230 4060 super
2257 4007 2352 4047 eos
2377 3995 2588 4047 inimici
2616 4009 2670 4047 os
2695 3994 2980 4062 aperiunt,
3017 4007 3146 4061 quae
3172 3991 3309 4046 dum
3344 3997 3554 4045 statum
3587 4004 3772 4045 suum

2069 4079 2214 4135 bene
2276 4088 2557 4149 regerent,
2607 4081 2804 4135 clausa
2879 4086 3207 4134 tenuerunt.
3265 4079 3357 4132 Vel
3425 4078 3596 4132 etiam
3662 4091 3774 4132 ora

2070 4168 2358 4236 aperiunt,
2409 4183 2541 4223 cum
2593 4169 2887 4223 mordaces
2933 4167 3310 4222 conscientias
3359 4173 3646 4234 retegunt.
3691 4164 3771 4219 Si-

2071 4257 2271 4322 bilant,
2301 4271 2430 4311 cum
2469 4257 2640 4312 totius
2664 4257 2903 4326 justitize
2937 4255 3242 4324 proposita,
3276 4268 3377 4322 pro
3417 4254 3594 4308 unius
3623 4267 3772 4308 casu

2001 4345 2188 4414 Djam
2235 4344 2538 4399 refutanda
2586 4353 2640 4399 et
2693 4344 3007 4398 decidenda
3063 4342 3403 4411 dijudicant.
3452 4340 3558 4394 Illa
3604 4340 3771 4394 enim

2066 4432 2464 4499 exsibilamus,
2499 4447 2630 4502 quae
2670 4433 2902 4487 omnino
2950 4431 3295 4500 respuimus.
3343 4428 3601 4482 Dentibus
3643 4427 3767 4482 fre-

2068 4527 2250 4581 munt,
2281 4534 2413 4575 cum
2442 4521 2497 4574 in
2519 4520 2599 4574 eis
2625 4521 2669 4574 si
2709 4520 2851 4589 quid
2903 4519 3116 4574 residui
3169 4517 3340 4574 fuerit
3373 4517 3522 4571 bona
3551 4523 3767 4570 czetera

2067 4609 2402 4677 decoquere,
2437 4608 2568 4674 imo,
2604 4615 2667 4664 ut
2700 4607 3028 4676 expressius
3074 4606 3280 4673 dicam,
3331 4603 3767 4659 commasticare

2065 4696 2438 4751 contendunt.
2490 4696 2560 4750 Et
2605 4695 2772 4750 aliter
2811 4710 2973 4762 super
3019 4708 3146 4748 eam
3189 4709 3244 4747 os
3287 4707 3444 4746 suum
3487 4691 3767 4760 aperiunt

2065 4787 2293 4851 inimici,
2325 4799 2458 4840 cum
2487 4783 2998 4854 supergredientur
3031 4797 3181 4849 eam,
3222 4783 3342 4852 jam
3370 4779 3545 4834 veluti
3577 4779 3767 4833 licen-

2066 4880 2150 4927 ter
2197 4871 2435 4926 consilia
2481 4887 2540 4926 se
2593 4871 2890 4927 declarant
2948 4871 3123 4926 hostis
3184 4868 3434 4937 antiqui.
3491 4867 3763 4933 Sibilant,

2061 4975 2195 5016 cum
2226 4960 2469 5016 crimina
2511 4959 2678 5016 dulce
2727 4959 3198 5014 immurmurant.
3249 4956 3504 5011 Dentibus
3567 4961 3768 5009 tamen

2065 5049 2339 5113 fremunt,
2393 5047 2534 5116 quia
2581 5047 2728 5103 inter
2773 5046 3054 5102 illationes
3103 5046 3199 5114 Lf.',
3243 5041 3620 5113 titillationesj
3659 5057 3771 5098 vo-

2064 5136 2357 5204 luptatum
2406 5143 2654 5192 mentem
2705 5137 2976 5192 miseram
3023 5136 3309 5191 universae
3353 5140 3518 5188 terrae
3559 5130 3774 5187 malleo

2064 5223 2438 5280 commolunt.
2497 5223 2868 5291 Devorabims,
2921 5224 3129 5293 inquit,
3177 5238 3316 5288 eum,
3368 5220 3424 5275 id
3469 5227 3552 5275 est
3599 5219 3777 5275 nobis

2064 5310 2582 5380 incorporabimus.
2621 5313 2706 5366 Ita
2750 5313 2904 5366 enim
2952 5311 3092 5377 dies,
3142 5310 3198 5364 id
3241 5317 3325 5364 est
3373 5308 3776 5376 prosperitatis

2065 5405 2273 5453 nostrae
2327 5396 2559 5452 claritas
2589 5405 2690 5465 est,
2749 5406 2803 5453 et
2849 5398 3038 5453 votive
3069 5403 3416 5466 exspectata,
3469 5393 3611 5463 quia
3659 5394 3774 5452 diu

2064 5485 2326 5555 quaesita,
2381 5484 2612 5539 tandem
2655 5487 2908 5551 inventa,
2963 5485 3196 5541 demum
3242 5481 3592 5553 experiendo
3638 5482 3770 5552 jam

2065 5586 2208 5628 V158.
