3956 6406
173 403 279 453 465

961 547 1089 587 ΡΗΕ.

245 619 416 676 Vnus.
458 622 539 673 17.
573 650 643 658 —
674 638 701 670 (ι
735 619 889 674 Fecit
919 619 1198 675 Dominus
1234 633 1366 690 quae
1395 620 1688 690 cogitavit,
1715 635 1876 676 com-

174 730 202 757 »
236 707 406 776 plevit
446 721 766 763 sermonem
819 721 992 763 suum
1049 723 1221 778 quem
1270 717 1615 778 praeceperat
1664 723 1698 762 a
1751 709 1876 764 die-

179 813 202 839 ι
240 792 349 848 bus
378 794 672 864 antiquis;
722 795 1027 862 destruxit,
1083 803 1138 851 et
1167 810 1280 850 non
1325 795 1594 865 pepercit,
1646 804 1700 852 et
1729 795 1877 852 laeti—

179 902 202 927 ι
237 881 428 937 [icavit
489 896 662 951 super
721 890 772 938 te
823 884 1141 950 inimicum,
1203 884 1482 940 exaltavit
1533 899 1714 940 cornu
1767 885 1877 940 ho-

180 989 202 1016 ι
238 969 412 1023 stium
441 977 694 1024 tuorum.
733 991 754 1017 ι
807 971 940 1037 Phe,
971 971 1384 1040 interpretatur
1413 989 1487 1027 os.
1521 973 1629 1028 Ore
1659 981 1876 1030 secreta

176 1063 384 1112 nostra:
432 1057 639 1112 mentis
691 1058 1062 1114 absolvimus.
1121 1061 1192 1114 Et
1241 1063 1499 1114 Dominus
1564 1060 1700 1116 facit
1757 1077 1877 1130 qua

174 1144 407 1213 cogitat,
447 1159 580 1200 cum
627 1159 708 1209 ea,
759 1161 890 1215 quze
935 1147 1087 1202 cordi
1141 1156 1331 1202 nostro
1361 1149 1668 1218 aspirando
1730 1149 1874 1204 insi-

173 1239 336 1298 nuat,
401 1233 495 1301 pia
557 1234 744 1302 operis
803 1237 1169 1289 exsecutione
1248 1237 1484 1291 revelat.
1565 1238 1872 1294 Sermonem

169 1332 328 1373 suum
375 1322 640 1389 complet,
701 1337 832 1376 cum
883 1335 969 1387 ea,
1027 1337 1159 1392 quae
1222 1338 1322 1392 per
1373 1323 1639 1393 spiritum
1697 1339 1869 1380 suum

167 1407 306 1464 serit
342 1409 398 1464 in
430 1409 614 1477 nobis,
667 1425 769 1480 per
797 1426 855 1466 se
883 1420 1172 1480 operatur,
1216 1426 1314 1480 per
1341 1427 1400 1466 se
1429 1413 1500 1466 ad
1536 1413 1869 1482 exemplum

165 1497 417 1552 exhibet.
452 1499 620 1554 Hunc
649 1508 994 1568 praeceperat
1021 1516 1055 1552 a
1103 1501 1290 1554 diebus
1331 1503 1595 1570 antiquis,
1628 1501 1768 1570 quia
1805 1515 1870 1555 eo

163 1597 272 1639 nos
325 1586 634 1642 instruerat
667 1600 702 1641 a
745 1587 1094 1656 primoribus
1143 1588 1374 1643 sanctis.
1410 1589 1479 1643 Hi
1531 1589 1685 1643 enim
1734 1597 1870 1644 sunt

161 1672 306 1738 dies,
339 1673 439 1742 qui
471 1675 526 1728 in
559 1674 704 1730 libro
739 1675 834 1729 Dei
885 1675 1228 1730 formantur.
1287 1677 1394 1731 Per
1433 1677 1537 1731 hos
1565 1677 1719 1731 enim
1750 1677 1870 1732 dies

160 1759 316 1814 dicto
367 1761 631 1831 factoque
684 1762 1038 1832 praecipitur,
1099 1777 1216 1832 quo
1281 1778 1442 1820 mens
1494 1771 1632 1818 25!
1672 1771 1864 1820 nostra

157 1861 236 1901 ex
265 1848 544 1903 sermonis
600 1851 964 1918 conceptione
1004 1850 1306 1906 lustratur.
1367 1851 1470 1906 Sed
1531 1859 1656 1920 post
1714 1851 1864 1906 hanc

156 1935 476 1991 claritatem
530 1937 772 1993 destruit
820 1937 1119 2004 Dominus,
1177 1945 1232 1993 et
1287 1952 1402 1993 non
1480 1939 1680 2008 parcit,
1729 1953 1863 1994 cum

157 2023 263 2092 qui
293 2025 667 2080 ascenderant
697 2025 768 2080 ad
817 2027 988 2082 caelos
1019 2035 1245 2096 repente
1285 2027 1344 2081 in
1393 2026 1624 2096 abyssos
1679 2027 1862 2082 delabi

155 2112 460 2180 permittit.
518 2115 807 2168 Inimicum
862 2129 1026 2182 super
1073 2129 1200 2169 eam
1245 2115 1515 2182 laetificat,
1574 2129 1707 2171 cum
1753 2116 1862 2171 sub

155 2216 267 2256 suo
295 2216 422 2257 eam
465 2201 661 2268 hostis,
697 2203 746 2257 id
790 2211 874 2257 est
905 2210 1040 2258 voto
1069 2203 1360 2270 cohibens,
1395 2203 1862 2274 gratulabundus

155 2298 462 2358 aggravat.
525 2291 702 2346 Cornu
750 2291 986 2344 hostium
1035 2292 1272 2358 exaltat,
1331 2307 1462 2347 cum
1518 2291 1668 2346 vires
1719 2293 1861 2346 resi-

153 2377 341 2432 stendi
373 2391 572 2432 eorum
603 2378 886 2446 superbiae
939 2385 1130 2447 negat.
1165 2378 1356 2434 Cornu
1387 2379 1537 2434 enim
1575 2386 1856 2446 nostrum,

153 2465 366 2533 spiritu
396 2477 626 2519 carnem
659 2465 935 2519 excedere
984 2473 1088 2519 est.
1145 2464 1342 2520 Cornu
1387 2473 1578 2521 autem
1620 2467 1856 2533 diaboli,

151 2551 436 2606 miserum
461 2565 558 2606 cor
581 2552 688 2606 hac
717 2551 965 2621 illacque
995 2552 1292 2608 ventilare.

927 2655 1082 2695 SADE.

226 2727 400 2784 Vnus.
447 2731 525 2782 18.
561 2757 632 2768 —
668 2749 690 2776 ι
725 2727 1008 2784 Clamavit
1059 2742 1156 2784 cor
1183 2742 1384 2784 eorum
1432 2728 1503 2784 ad
1547 2729 1857 2785 Dominum

153 2839 174 2863 »
245 2831 422 2886 super
474 2831 670 2872 muros
726 2816 857 2871 tiliae
904 2816 1056 2872 Sion.
1094 2839 1116 2865 ι
1175 2816 1339 2883 Sade,
1381 2819 1691 2872 consolatio.
1757 2819 1858 2874 Cor

145 2920 334 2960 eorum
386 2904 666 2971 videlicet,
697 2903 816 2974 [qui
861 2919 1038 2973 supra
1085 2904 1416 2974 plauserant
1464 2906 1736 2962 manibus
1783 2907 1855 2961 ad

145 2992 484 3057 Dominum,
515 3007 680 3060 super
707 3007 887 3045 muros
917 2994 1045 3060 ﬁlix
1074 2993 1202 3048 Sion
1243 2991 1471 3058 clamat,
1521 3006 1652 3046 cum
1684 3007 1856 3061 super

144 3079 327 3149 lapsae
369 3079 729 3134 conscientiae
771 3080 1202 3151 oppressionem
1251 3079 1704 3134 consideratione
1739 3079 1856 3135 rre-

145 3167 354 3238 quenti
384 3167 722 3236 illacrymat.
774 3167 844 3222 Et
896 3182 1028 3237 quae
1068 3167 1254 3236 major
1309 3167 1618 3222 consolatio
1647 3168 1856 3223 animas

145 3255 462 3326 cujuslibet
500 3254 713 3321 miseri,
775 3269 952 3324 quam
997 3255 1152 3325 quod
1185 3255 1289 3310 scit
1337 3254 1550 3310 sanctis
1605 3255 1744 3310 viris
1795 3269 1854 3310 se

144 3359 305 3402 curae
333 3344 580 3399 haberi?
608 3345 725 3407 Hoc
758 3343 912 3398 enim
939 3343 1132 3398 littera
1159 3350 1346 3398 sonat.
1389 3363 1418 3391 ‹‹
1449 3343 1643 3400 Deduc
1685 3344 1853 3414 quasi

146 3454 175 3486 π
208 3441 520 3490 torrentem
553 3431 836 3502 lacrymas
879 3446 980 3502 per
1035 3431 1205 3498 diem,
1261 3439 1315 3487 et
1358 3439 1604 3498 noctem,
1649 3441 1704 3488 et
1736 3447 1851 3488 non

149 3541 170 3568 ι
208 3519 312 3574 des
345 3517 603 3586 requiem
635 3518 756 3584 tibi,
789 3532 978 3588 neque
1010 3525 1190 3574 taceat
1223 3519 1442 3588 pupilla
1478 3518 1630 3574 oculi
1677 3519 1782 3575 tui.
1819 3539 1848 3571 »

144 3606 274 3664 Vox
302 3621 483 3660 eorum
531 3614 612 3661 est
651 3620 900 3676 quorum
949 3622 1040 3661 cor
1091 3607 1297 3662 clamat
1329 3607 1404 3660 ad
1436 3609 1734 3675 Dominum,
1776 3608 1848 3663 ad

143 3694 326 3748 ﬁliam
361 3693 512 3748 Sion.
547 3695 629 3748 Ac
659 3694 704 3748 si
734 3693 920 3749 dicat:
967 3695 1042 3748 De
1075 3694 1327 3750 interiori
1361 3703 1460 3750 tua
1502 3697 1849 3751 conscientia

142 3783 258 3838 duc
291 3782 350 3836 in
399 3782 634 3837 evidens
683 3781 906 3851 pietatis
953 3797 1114 3852 opus,
1157 3796 1224 3838 ac
1274 3783 1317 3836 si
1351 3789 1684 3850 torrentem,
1743 3784 1847 3854 qui

141 3871 314 3926 obvia
346 3870 486 3925 vitia
514 3884 763 3940 quaeque
793 3869 1127 3938 praecipitet,
1163 3870 1404 3926 internae
1435 3871 1507 3926 ad
1543 3871 1724 3926 Deum
1758 3886 1844 3928 re-

142 3958 474 4028 spirationis
524 3957 806 4027 lacrymas
862 3973 977 4014 non
1036 3957 1221 4013 solum
1299 3973 1400 4028 per
1453 3960 1846 4029 prosperitatis

141 4047 292 4102 diem
326 4045 694 4116 (conﬁtentur
721 4046 873 4102 enim
929 4046 1339 4116 quidamcum
1389 4047 1728 4104 benefecerit
1765 4049 1846 4104 eis

143 4135 298 4190 Dens
335 4136 503 4198 (Psal.
532 4149 722 4201 xnvm,
763 4135 866 4204 19),
902 4135 998 4190 sed
1024 4135 1197 4190 etiam
1231 4149 1330 4204 per
1354 4135 1714 4192 adversitatis
1737 4151 1841 4192 n0-

141 4231 310 4291 ctem,
340 4223 396 4278 in
443 4237 560 4292 qua
591 4223 904 4278 clarissime
936 4222 1170 4278 retinuit
1209 4223 1263 4276 in
1320 4223 1415 4278 Dei
1467 4237 1636 4279 aures
1668 4225 1846 4280 canti-

142 4327 277 4368 cum
309 4313 474 4383 ejus:
506 4328 602 4366 nec
643 4313 733 4366 des
775 4313 1033 4380 requiem,
1085 4311 1137 4365 id
1183 4319 1266 4366 est
1310 4311 1675 4367 securitatem
1720 4313 1840 4381 tibi,

921 400 1374 459 TROPOLOGME
1411 401 1480 458 IN
1519 403 1727 467 OSEE,
1767 404 1953 462 AMOS
1992 405 2078 460 ET
2116 406 2270 461 JER.

2318 434 2376 442 --
2405 405 2536 460 LIB.
2577 408 2643 462 V.
2693 407 2759 461 ΙΝ
2799 409 2948 465 JER.
3575 416 3688 468 466

1910 537 1956 588 Α
1985 535 2095 589 nisi
2127 543 2190 590 ut
2229 533 2449 604 absque
2487 536 2782 606 scrupulo,
2814 543 2868 593 et
2907 538 3285 596 crassitudine
3327 541 3690 614 cegitatiouis

1904 1824 1944 1877 Β

1986 622 2206 692 aliqua,
2257 623 2606 679 conscientia
2653 623 2916 695 interius,
2967 627 3070 684 ubi
3115 628 3272 684 solus
3312 630 3463 686 Deus
3511 633 3686 701 videt,

1984 718 2349 765 extenuetur.
2387 733 2408 759 ι
2456 711 2602 767 Leva
2631 713 2702 767 ad
2741 728 2874 768 eum
2923 729 3133 770 manus
3187 724 3313 772 tuas
3341 732 3446 788 pro
3493 721 3684 776 anima

1988 815 2013 846 ι)
2049 797 2429 866 parvulorum
2483 806 2735 867 tuorum,
2796 800 2898 870 qui
2944 803 3276 860 defecerunt
3325 805 3382 860 in
3434 807 3582 863 fame
3627 807 3687 864 in

1991 905 2010 931 ι
2047 885 2234 953 capite
2263 885 2522 941 omnium
2570 888 2972 958 compitorum.
3019 913 3038 938 η
3082 891 3176 946 Ad
3206 907 3324 946 eum
3375 893 3522 949 levat
3559 911 3686 948 ma—

1981 987 2104 1040 nus,
2135 972 2238 1044 qui
2274 973 2488 1030 bonum
2522 976 2578 1030 in
2601 976 2698 1030 Dei
2726 977 2974 1043 nomine,
3004 993 3116 1034 non
3149 980 3204 1034 in
3231 979 3402 1036 laude
3430 983 3686 1038 humana

1981 1061 2220 1126 extollit,
2253 1077 2370 1116 non
2411 1063 2644 1118 inclinat
2682 1078 2846 1133 opus.
2886 1065 2956 1120 Et
2983 1066 3088 1121 hoc
3125 1083 3226 1135 pro
3255 1071 3443 1122 anima
3469 1086 3684 1138 parvu-

1983 1150 2178 1212 lorum,
2217 1150 2269 1204 id
2317 1157 2401 1205 est
2458 1165 2560 1219 pro
2605 1151 2722 1206 vita
2777 1153 3100 1209 studiorum
3155 1169 3352 1212 recens
3393 1157 3450 1211 in
3484 1165 3684 1214 sancta

1981 1236 2328 1305 professione
2356 1245 2695 1306 coeptorum.
2749 1241 2813 1294 In
2851 1244 2999 1306 fame
3051 1242 3346 1309 deficiunt,
3389 1245 3488 1314 qui
3518 1247 3681 1302 verbi

1981 1324 2076 1378 Dei
2111 1324 2305 1394 inopia
2355 1334 2617 1395 pereunt.
2656 1329 2724 1381 In
2787 1333 2964 1397 capite
3017 1334 3257 1384 omnium
3303 1336 3676 1402 compitorum,

1981 1413 2040 1467 in
2072 1412 2358 1482 proposito
2401 1413 2614 1470 scilicet
2657 1417 2918 1472 omnium
2967 1419 3334 1476 saecularium
3365 1421 3676 1478 actionum.

2769 1518 2886 1558 RES.

2050 1584 2221 1640 Vnus.
2268 1589 2355 1639 20.
2385 1618 2454 1626 —-
2507 1610 2528 1635 ι
2590 1588 2752 1655 Vide,
2801 1589 3058 1656 Domine,
3089 1599 3144 1647 et
3196 1592 3492 1648 considera
3533 1609 3678 1664 quo-

1983 1692 2004 1718 ι
2057 1673 2211 1727 niam
2263 1673 2710 1731 vindemiavcris
2767 1677 2862 1731 ita.
2925 1698 2946 1724 ι
3007 1679 3133 1745 Res,
3185 1683 3444 1748 spiritum
3496 1689 3676 1738 sonat.

1975 1757 2237 1815 Clamant
2264 1775 2421 1831 ergo,
2455 1762 2556 1832 qui
2589 1776 2787 1833 supra,
2827 1765 3085 1828 Domino,
3121 1775 3184 1822 ut
3213 1767 3422 1835 videat,
3454 1777 3510 1825 et
3541 1785 3676 1826 con-

1977 1845 2184 1903 sideret
2241 1863 2415 1918 quem
2478 1851 2555 1906 ita
2611 1851 3074 1922 vindemiaverit,
3129 1854 3184 1909 id
3229 1864 3313 1911 est
3361 1857 3576 1926 videre,
3620 1865 3676 1914 et

1974 1936 2417 2004 praecordialiter
2467 1940 2759 1994 attendere
2806 1953 2910 1995 nos
2955 1941 3145 2009 faciat,
3177 1945 3464 2012 quomodo
3498 1946 3674 2015 spiri-

1975 2030 2117 2090 tum,
2151 2026 2251 2094 qui
2275 2025 2554 2082 adversus
2579 2041 2811 2082 carnem
2857 2029 3086 2098 proprie
3125 2031 3480 2106 concupiscit
3519 2033 3670 2104 (Gai.

1970 2125 2026 2177 v,
2063 2112 2167 2182 1'7),
2209 2113 2485 2169 vitalibus
2540 2115 2685 2170 lucis
2724 2115 3009 2172 fructibus
3054 2125 3344 2188 tantopere
3388 2120 3670 2189 spoliave-

1970 2199 2064 2254 rit.
2103 2220 2125 2248 α
2161 2201 2387 2270 Ergone
2412 2203 2704 2257 comedent
2736 2203 3005 2260 mulieres
3035 2205 3286 2262 fructum
3309 2223 3501 2275 suum,
3530 2222 3670 2278 par-

1973 2307 2000 2336 »
2029 2287 2196 2342 vulos
2235 2289 2302 2343 ad
2337 2304 2667 2344 mensuram
2722 2291 2973 2360 palmae?
3011 2292 3056 2347 si
3087 2294 3366 2350 occiditur
3419 2295 3475 2349 in
3543 2310 3671 2352 san-

1970 2394 1998 2427 ι)
2029 2377 2250 2431 ctuario
2280 2377 2503 2432 Domini
2536 2379 2796 2434 sacerdos
2841 2387 2894 2434 et
2933 2381 3212 2450 propheta
3233 2381 3261 2434 ?
3295 2403 3316 2429 ι
3370 2382 3530 2448 Quod
3586 2391 3668 2440 est

1969 2462 2174 2518 dicere.
2204 2462 2258 2519 Si
2290 2465 2435 2518 sacri
2467 2464 2682 2534 eloquii
2713 2465 2979 2532 ducatus,
3027 2467 3126 2538 qui
3170 2476 3252 2524 est
3293 2469 3528 2526 lucerna
3557 2485 3666 2526 no-

1968 2549 2100 2604 stris
2155 2549 2397 2618 pedibus
2423 2550 2589 2620 (Psal.
2623 2565 2815 2616 cxvm,
2870 2555 3012 2621 105),
3061 2562 3116 2608 et
3147 2555 3506 2623 providentia
3535 2571 3666 2625 qua:

1967 2637 2176 2692 nostris
2206 2639 2805 2708 praaeminetjactibus,
2833 2642 2893 2694 in
2914 2644 3228 2696 sanctuario
3251 2645 3484 2710 Domini,
3510 2645 3665 2714 quod

1965 2731 2050 2780 est
2078 2739 2258 2793 mens,
2279 2725 2601 2793 subruitur,
2636 2727 2779 2782 scire
2805 2728 2978 2783 velim
3004 2737 3201 2784 utrum
3235 2729 3481 2786 inﬁrmae
3515 2747 3669 2788 men-

1965 2819 2064 2876 tes,
2101 2827 2233 2882 quae
2281 2813 2613 2869 innuuntur
2657 2829 2756 2883 per
2793 2817 3069 2882 mulieres,
3123 2816 3180 2871 in
3215 2817 3431 2886 quibus
3477 2818 3664 2888 dispe-

1965 2908 2136 2955 reunt
2156 2901 2244 2956 hze
2273 2902 2404 2957 duae
2443 2916 2552 2968 res,
2586 2903 2877 2968 comedent,
2911 2903 2966 2958 id
2993 2912 3096 2971 est,
3144 2913 3484 2961 consument
3515 2907 3666 2962 intra

1963 3002 2022 3043 se
2055 2988 2226 3043 totius
2273 3003 2392 3044 suae
2436 2990 2600 3045 bonae
2649 2991 2891 3046 actionis
2942 2991 3165 3047 fructus
3197 3007 3382 3062 nuper
3427 3001 3659 3064 ereptos,

1895 3083 2017 3168 Cet
2067 3076 2312 3131 necdum
2369 3077 2440 3132 ad
2500 3077 2902 3145 perfectionem
2955 3079 3213 3150 aliquam
3269 3081 3663 3152 attingentes?

1966 3163 2162 3219 Palma
2213 3178 2348 3220 vero
2409 3164 2659 3232 initium,
2718 3166 2950 3221 cubitus
3003 3167 3416 3236 plenitudinem
3474 3169 3660 3240 signi-

1965 3251 2114 3308 ﬁcat.

2750 3356 2855 3397 SIN.

2032 3429 2202 3486 Vens.
2234 3432 2323 3484 21.
2359 3461 2424 3468 —
2460 3451 2481 3478 ‹
2511 3430 2825 3486 Iacuerunt
2855 3430 2913 3485 in
2944 3438 3096 3486 terra
3124 3429 3260 3486 toris
3288 3445 3435 3500 puer
3479 3439 3536 3488 et
3565 3447 3658 3488 se-

1964 3537 1986 3564 ι
2023 3531 2134 3572 nex
2155 3532 2172 3585 ;
2207 3516 2465 3586 virgines
2495 3531 2654 3581 mete,
2684 3524 2738 3571 et
2768 3517 3012 3586 juvenes
3063 3517 3170 3572 mei
3219 3517 3550 3574 ceciderunt
3583 3518 3661 3574 in-

1963 3625 1983 3652 ι
2019 3605 2228 3675 gladio,
2281 3605 2606 3660 interfecisti
2642 3604 2700 3659 in
2729 3605 2820 3660 die
2872 3605 3085 3660 furoris
3139 3605 3243 3672 tui,
3306 3606 3653 3674 percussisti,

1961 3715 1983 3741 ι
2021 3708 2124 3748 nec
2155 3693 2423 3748 misertus
2449 3707 2528 3747 es.
2562 3715 2583 3739 ι
2623 3692 2742 3762 Sin,
2775 3696 2890 3746 vita
2918 3707 2932 3761 ;
2964 3707 3078 3747 non
3117 3693 3230 3759 illa,
3265 3708 3395 3763 quae
3422 3694 3657 3750 abscon-

1955 3782 2076 3838 dita
2103 3788 2186 3837 est
2223 3795 2352 3836 cum
2403 3781 2628 3837 Christo
2657 3781 2714 3835 in
2759 3782 2872 3836 Deo
2917 3781 3050 3852 (Col.
3104 3796 3182 3849 tu,
3227 3781 3319 3852 3);
3368 3797 3483 3837 non
3537 3782 3652 3849 illa,

1955 3883 2072 3940 qua
2102 3869 2160 3924 in
2207 3869 2466 3938 praesenti
2515 3869 2946 3936 commorimur,
2994 3876 3050 3924 et
3096 3869 3516 3938 consepelimur
3549 3869 3652 3940 ipsi

1954 3958 2176 4014 Christo
2210 3959 2376 4026 (Rom.
2435 3971 2491 4020 v,
2534 3959 2586 4022 8,
2643 3958 2718 4023 4).
2777 3957 2936 4012 Unde
2963 3963 3046 4012 est
3094 3957 3250 4026 quod
3271 3958 3568 4025 jacuerunt
3598 3961 3654 4011 in

1955 4051 2102 4100 terra
2133 4048 2270 4108 foris
2297 4061 2434 4114 puer
2461 4049 2511 4098 et
2537 4060 2718 4098 senem.
2768 4045 2924 4098 Foris
2959 4060 3100 4112 puer
3128 4049 3178 4098 et
3218 4059 3384 4097 senem
3413 4047 3472 4098 in
3506 4050 3654 4098 terra

1950 4134 2160 4205 jacent,
2195 4148 2328 4189 cum
2369 4141 2537 4188 extra
2593 4147 2651 4188 se
2712 4147 2827 4187 non
2861 4132 3046 4187 solum
3089 4131 3343 4187 carnalis
3390 4131 3648 4201 affectus,

1955 4238 2072 4294 quo
2103 4223 2161 4277 in
2197 4237 2410 4278 morem
2441 4223 2603 4292 pueri
2659 4221 2740 4276 nil
2795 4221 2981 4276 levius
3031 4220 3112 4275 nil
3154 4219 3479 4276 instabilius
3523 4235 3653 4276 con-

1954 4319 2065 4367 stat
2099 4311 2154 4366 in
2188 4311 2436 4376 homine,
2457 4310 2550 4365 sed
2580 4309 2750 4364 etiam
2784 4309 2910 4378 ipsa
2934 4309 3098 4376 ratio,
3127 4307 3218 4364 cui
3256 4308 3444 4364 ﬂuxos
3471 4309 3650 4364 animi

141 4408 206 4456 ut
235 4401 304 4455 de
336 4401 418 4456 tui
455 4401 712 4456 maeroris
742 4399 1077 4454 assiduitate
1105 4413 1451 4468 przesumas;
1477 4417 1646 4468 neque
1669 4406 1842 4455 taceat
1881 4385 1925 4439 Ῑ)
1951 4400 2185 4456 habitus
2228 4415 2332 4455 suo
2377 4398 2670 4454 senioratu
2713 4397 3062 4467 restringere
3090 4397 3440 4462 conveniret,
3478 4405 3650 4454 terre-

137 4489 357 4557 pupitla
386 4489 526 4541 oculi
551 4489 649 4552 tui,
703 4487 755 4542 id
793 4495 877 4542 est
906 4501 1213 4558 nunquam
1259 4501 1450 4556 pravze
1480 4490 1842 4545 conscientia:

143 4577 490 4645 acquiescat,
541 4575 682 4644 quin
730 4574 852 4629 suis
907 4575 1265 4630 successibus
1307 4589 1530 4644 semper
1582 4576 1843 4648 invigilet

143 4663 431 4719 subtilitas
453 4663 768 4732 spiritualis
797 4663 956 4718 aciei.

907 4765 1068 4806 COPH.

209 4839 394 4895 Vnus.
431 4841 514 4893 19.
550 4869 617 4878 —
651 4861 672 4887 ε
707 4839 1022 4909 Consurgo,
1056 4838 1230 4894 lauda
1260 4839 1319 4893 in
1353 4847 1517 4895 nocte
1566 4841 1625 4896 in
1674 4842 1839 4910 prin-

145 4948 172 4975 »
203 4929 350 4998 cipio
383 4927 738 4999 vigiliarum,
769 4927 996 4984 eil‘unde
1015 4928 1163 4984 sicut
1194 4942 1350 4998 aqua
1385 4943 1484 4984 cor
1513 4935 1677 4985 tuum
1709 4940 1842 4987 ante

141 5023 506 5085 conspectum
541 5016 785 5071 Domini.
828 5038 848 5063 ι
894 5017 1074 5085 Copb,
1123 5016 1336 5071 dicitur
1391 5021 1590 5086 aspice.
1647 5018 1841 5088 Roga-

142 5109 237 5158 tur
257 5117 289 5159 a
319 5104 537 5174 quibus
566 5118 743 5173 supra
778 5109 841 5160 ut
871 5104 1111 5174 aspiciat
1141 5118 1423 5174 quorsum
1470 5115 1524 5161 et
1553 5108 1840 5176 quomodo

144 5189 210 5245 de
261 5191 435 5248 veteri
488 5192 677 5261 lapsu,
728 5200 784 5247 et
847 5192 920 5247 ad
977 5207 1152 5261 quem
1219 5207 1566 5264 consurgere
1615 5193 1835 5250 debeat.

149 5278 354 5347 Lauda,
405 5279 618 5348 inquit,
653 5282 710 5333 in
748 5284 916 5346 nocte,
951 5279 1005 5334 id
1036 5287 1119 5334 est
1161 5294 1464 5349 nunquam
1513 5295 1546 5335 a
1592 5283 1704 5336 Deo
1735 5281 1839 5336 de—

146 5364 349 5421 sciscas
379 5367 438 5422 in
470 5367 797 5422 tentatione.
851 5368 920 5423 Et
953 5367 1060 5422 hoc
1088 5370 1147 5421 in
1174 5370 1447 5436 principio
1495 5371 1833 5437 vigiliarum,

146 5449 203 5505 in
266 5452 428 5509 initio
483 5453 696 5509 scilicet
748 5453 1156 5519 conversnonis,
1205 5461 1306 5510 aut
1364 5455 1422 5510 in
1461 5455 1838 5526 primaevitate

147 5538 395 5606 ipsarum
425 5548 685 5597 aetatum.
717 5542 867 5596 Sicut
913 5557 1062 5610 aqua
1105 5557 1195 5596 cor
1237 5555 1411 5598 suum
1459 5548 1585 5598 ante
1611 5558 1838 5612 conspe-

146 5631 284 5682 ctum
306 5631 522 5684 Domini
543 5627 838 5685 effundere
857 5629 1117 5701 jubetur,
1143 5628 1283 5700 quia
1306 5643 1424 5685 non
1449 5629 1615 5687 aliter
1631 5631 1833 5701 placet.

1952 4488 2042 4544 nis
2075 4501 2309 4557 prorsus
2357 4485 2655 4540 inhaerent-
2715 4486 2986 4551 Virgines,
3029 4489 3078 4538 et
3116 4486 3342 4555 juvenes
3373 4488 3432 4539 in
3460 4487 3647 4553 gladio

1949 4577 2184 4642 cadunt,
2234 4588 2365 4630 cum
2400 4573 2447 4629 si
2478 4587 2596 4644 qua
2627 4573 2684 4628 in
2739 4573 2933 4628 animo
2968 4572 3121 4628 bona
3154 4573 3370 4628 illibata
3427 4575 3649 4630 resede-

1949 4665 2086 4730 rint,
2118 4665 2163 4719 si
2195 4663 2336 4732 quid
2369 4662 2423 4717 in
2445 4663 2572 4732 ejus
2606 4661 2864 4716 moribus
2909 4660 3169 4716 validum
3211 4675 3276 4716 ac
3308 4661 3450 4717 forte
3480 4663 3645 4718 resti-

1927 4753 2096 4820 .terit,
2150 4758 2331 4806 totum
2388 4749 2558 4805 alicui
2623 4748 2847 4818 capitali
2902 4756 3133 4818 peccato
3188 4749 3531 4804 succumbit.
3582 4752 3648 4805 In

1949 4841 2058 4905 die,
2091 4838 2181 4894 vel
2211 4847 2296 4894 est
2337 4838 2394 4893 in
2426 4836 2899 4902 manifestatione,
2944 4838 3033 4890 sui
3075 4837 3304 4903 furoris,
3357 4836 3642 4906 interﬁcit,

1947 4942 2081 4984 cum
2123 4927 2458 4982 interiorum
2505 4938 2773 4980 occasum
2804 4925 2874 4980 de
2925 4923 3226 4979 exterioris
3279 4923 3464 4980 ruina:
3519 4926 3646 4980 evi—
3699 4983 3706 4988 _

1947 5015 2140 5070 dentia
2168 5013 2431 5070 ostendit.
2483 5013 2754 5079 Percutit,
2821 5026 2926 5068 nec
2982 5011 3304 5079 miseretur,
3365 5026 3498 5068 cum
3529 5013 3644 5069 labi

1947 5103 2243 5173 permittit,
2277 5116 2383 5156 nec
2411 5102 2599 5157 statim
2651 5109 2774 5170 post
2813 5100 3037 5170 lapsum
3091 5100 3400 5170 compungi
3453 5116 3649 5158 conce-

1947 5191 2123 5246 ditur.
2157 5189 2262 5245 Cui
2292 5189 2579 5244 concinit:
2623 5211 2644 5237 ‹
2679 5191 2821 5246 Cum
2860 5189 3145 5257 ceciderit,
3186 5188 3400 5260 inquit,
3427 5190 3643 5261 justus,

1947 5291 2062 5333 non
2092 5276 2400 5342 colliditur,
2434 5278 2574 5346 quia
2599 5278 2878 5334 Dominus
2909 5277 3180 5347 supponit
3207 5291 3447 5334 manum
3477 5293 3644 5336 suam

1946 5367 2113 5437 (Psal.
2148 5379 2344 5432 xxxvr,
2379 5365 2491 5435 24).
2527 5387 2550 5413 ι

2706 5471 2878 5512 ΤΗΑυ.

2017 5543 2189 5600 Vens.
2221 5545 2308 5596 22.
2343 5567 2414 5582 -ι
2449 5565 2468 5592 ιι
2506 5545 2726 5600 Vocasti
2783 5545 2950 5616 quasi
2981 5545 3052 5601 ad
3105 5546 3253 5602 diem
3311 5547 3642 5614 solemnem,

1948 5653 1970 5680 ι
1996 5631 2098 5702 qui
2138 5638 2376 5688 terreret
2414 5645 2504 5689 me
2563 5632 2635 5688 de
2663 5633 2934 5702 circuitu,
2962 5641 3019 5690 et
3047 5647 3164 5692 non
3188 5635 3300 5693 fuit
3326 5636 3386 5692 in
3435 5635 3526 5691 die
3565 5636 3645 5692 fu-
