3956 6398
295 363 398 417 467

1197 361 1260 415 ν.
1298 359 1631 415 GUIBERTI
1667 357 1956 414 ABBATIS
1991 358 2048 413 S.
2087 358 2326 413 MARIE
2363 357 2457 412 DE
2497 353 2906 413 NOVIGENTO

3695 351 3807 407 468

300 516 322 542 ι
375 492 522 550 roris
575 493 802 550 Domini
857 493 961 563 qui
1019 493 1296 562 effugeret
1347 499 1403 549 et
1471 491 1912 561 relinqueretur.
1951 512 1972 539 ι
2016 496 2061 546 Α
2091 491 2258 547 Pellis
2287 499 2513 547 vetusta
2556 491 2824 558 efficitur,
2869 505 3003 547 cum
3048 489 3288 547 affectus
3328 498 3523 548 noster
3555 505 3683 562 quo
3719 490 3807 545 ci-

294 579 480 646 Thau,
517 579 929 650 interpretatur
970 582 1151 647 signa,
1184 579 1339 650 quod
1377 580 1460 634 eis
1509 579 1568 633 in
1612 578 1796 634 fronte
1819 580 1991 649 juxta

297 667 554 724 Ezechiel
599 668 990 738 praescribitur
1039 669 1252 736 (Ezech.
1301 682 1379 734 ix,
1427 668 1481 730 4,
1533 669 1608 734 6),
1662 666 1766 736 qui
1816 679 1992 735 super

296 754 500 810 alienis
523 755 690 810 malis
718 769 961 811 maerere
984 756 1322 824 probantur,
1354 752 1509 823 quod
1531 753 1622 808 hic
1645 753 1799 823 juste
1819 753 1990 807 dam-

296 844 449 898 natis
476 844 799 912 opponitur,
833 844 934 914 qui
963 843 1055 898 sui
1105 843 1357 911 ipsorum
1401 855 1506 895 nec
1551 840 1609 895 in
1670 842 1789 910 ipsa
1821 854 1991 910 pmna

297 930 663 986 miserentur.
720 931 889 997 Quasi
937 932 1013 985 ad
1067 931 1208 985 diem
1237 931 1518 985 solemnem
1543 937 1846 993 vocantur,
1887 929 1990 1000 qui

295 1031 422 1073 eam
454 1017 522 1073 de
567 1018 812 1073 circuitu
842 1025 1112 1085 terreant,
1155 1032 1286 1074 cum
1336 1018 1407 1072 ad
1446 1017 1838 1086 spectaculum
1869 1031 1992 1086 per-

296 1112 531 1173 petrata
562 1105 905 1174 iniquitatis,
941 1105 1108 1176 quasi
1147 1111 1296 1159 uss
1356 1104 1540 1159 festivi
1575 1105 1830 1172 ciuntur,
1885 1104 1986 1174 qui

293 1193 651 1248 extrinsecus
703 1193 894 1260 minis,
955 1201 1011 1249 et
1063 1192 1607 1262 exprobrationibus
1665 1207 1765 1261 pro
1823 1199 1988 1247 reatu

295 1280 532 1335 miseros
561 1280 914 1336 insectentur
941 1288 995 1336 et
1024 1288 1295 1350 arguant.
1329 1280 1452 1336 Non
1473 1289 1556 1334 est
1587 1283 1644 1333 in
1673 1281 1762 1333 die
1781 1282 1988 1340 furoris

297 1368 521 1420 Domini
572 1369 670 1435 qui
693 1366 934 1437 effugiat
984 1375 1040 1423 et
1067 1367 1450 1437 relinquatur,
1483 1369 1624 1436 quia
1651 1382 1766 1422 non
1815 1375 1898 1422 est
1929 1369 1987 1422 in

294 1454 402 1509 hac
426 1462 622 1522 aperta
651 1454 869 1510 ultione
889 1456 1180 1524 quispiam
1207 1455 1381 1510 animi
1408 1463 1616 1517 motus,
1640 1455 1738 1524 qui
1771 1469 1830 1509 se
1865 1470 1988 1524 pec-

292 1548 418 1596 cato
472 1540 797 1608 subtrahat,
853 1549 909 1596 et
958 1543 1304 1610 paenitentiae
1350 1550 1690 1596 reservetur.
1751 1562 1778 1590 «
1836 1542 1989 1607 Quos

298 1651 318 1676 ι
352 1629 594 1683 educavi
617 1636 673 1683 et
693 1628 935 1694 nutrivi,
960 1627 1230 1682 inimicus
1259 1643 1421 1683 meus
1446 1629 1799 1697 consumpsit
1818 1643 1930 1683 eos.
1961 1651 1981 1676 ι

293 1716 653 1782 Educautur,
689 1715 791 1784 qui
818 1729 854 1770 a
876 1715 1300 1784 temporalibus,
1331 1724 1608 1771 eteorum
1639 1711 1987 1785 appetitibus

277 1803 652 1878 eximuntur.
706 1802 1121 1870 Enutriuntur,
1179 1817 1311 1858 cum
1361 1803 1509 1858 idem
1568 1810 1752 1858 status
1809 1805 1983 1858 nostri

294 1889 404 1946 sub
437 1889 704 1956 fomento,
736 1898 792 1945 et
819 1889 1078 1945 custodia
1106 1891 1344 1946 rationis
1371 1898 1648 1960 aguntur.
1702 1891 1773 1946 Et
1803 1893 1983 1945 inimi-

293 1993 387 2032 cus
414 1992 499 2032 eos
536 1979 842 2044 consumit,
873 1993 1008 2034 cum
1029 1979 1286 2034 discretae
1317 1979 1595 2035 hactenus
1616 1980 1790 2035 menti
1811 1980 1986 2035 chaos

281 2066 712 2122 tenebrositatis
739 2065 980 2122 inducit.

960 2153 1193 2211 CAPUT
1235 2155 1328 2209 Ill.

1035 2256 1218 2296 ALBPH
1227 2280 1240 2294 .

365 2327 532 2384 Vnus.
567 2331 617 2380 l.
643 2355 717 2370 —
750 2350 770 2376 ι
806 2327 928 2398 Ego
965 2328 1056 2384 vir
1106 2328 1305 2384 videns
1359 2336 1755 2398 paupertatem
1800 2343 1985 2386 meam

297 2435 318 2461 ι
362 2413 422 2468 in
448 2413 614 2484 virga
643 2412 1053 2484 indignationis
1081 2414 1224 2484 ejus.
1269 2436 1288 2462 ι
1325 2414 1389 2469 In
1423 2415 1529 2469 hoc
1578 2415 1744 2471 tertio
1793 2416 1986 2486 alpha-

291 2501 419 2556 beto
459 2500 874 2556 attendendum
913 2501 1142 2556 videtur
1186 2501 1344 2571 quod
1394 2502 1640 2571 singulis
1689 2503 1986 2560 versiculis

294 2590 462 2646 tertio
486 2590 672 2646 littera
700 2603 951 2660 quaeque
999 2589 1294 2659 repetitur.
1327 2590 1392 2645 In
1423 2605 1540 2660 quo
1569 2591 1774 2661 conjici
1803 2600 1985 2661 potest

291 2676 470 2746 quod,
502 2684 755 2747 quatuor
783 2677 933 2732 modi
972 2677 1239 2746 peccandi
1269 2691 1400 2733 cum
1433 2677 1873 2748 sint,suggestio
1892 2679 1985 2734 vi-

292 2763 513 2831 delicet,
538 2763 856 2832 delectatio,
889 2779 1202 2820 consensus
1257 2773 1313 2820 et
1361 2766 1531 2830 actio,
1591 2766 1646 2820 in
1690 2765 1806 2822 solo
1847 2781 1984 2822 con-

291 2865 463 2907 sensu
492 2852 676 2922 major
703 2851 1030 2908 adhibenda
1061 2853 1133 2907 sit
1161 2853 1398 2908 rationis
1427 2861 1482 2908 et
1533 2853 1806 2910 doctrina:
1839 2867 1987 2910 cau—

291 2938 389 2994 tio.
423 2938 479 2994 Si
507 2939 660 2994 enim
687 2953 1030 2995 consensum
1087 2941 1324 3010 spiritus
1351 2941 1654 2996 rebellione
1700 2955 1982 3009 coerceas,

2099 577 2213 632 tius
2241 577 2300 632 in
2333 577 2589 634 interiori
2621 578 2851 634 homine
2879 578 2960 634 nil
2991 578 3238 646 laeditur,
3277 576 3568 649 cum'ipsa
3595 592 3803 643 carne,

2098 665 2150 719 id
2183 673 2268 719 est
2297 665 2611 731 voluntate,
2645 680 2777 735 qua:
2821 666 3011 721 media
3053 666 3202 722 inter
3232 666 3435 736 pellem
3464 676 3521 723 et
3553 680 3709 732 ossa,
3745 665 3809 721 id

2095 759 2179 807 est
2209 751 2474 808 affectum
2510 753 2925 822 rationemque,
2976 753 3250 819 consistit,
3307 754 3806 810 creberrimorum

2095 853 2336 895 casuum
2388 848 2669 895 vetustate
2720 841 3097 896 consumitur.
3156 864 3176 889 ι
3231 840 3394 907 Quod
3440 842 3596 897 enim
3645 842 3807 897 anti-

2095 935 2314 996 quatur
2339 936 2396 984 et
2451 930 2706 992 senescit,
2759 943 2926 997 μωμθ
2970 928 3267 984 interitum
3317 936 3403 984 est
3436 929 3616 995 (Hebr.
3671 943 3802 994 vni,

2099 1016 2206 1084 t3).
2242 1034 2272 1067 ι
2325 1017 2462 1071 Ossa
2517 1023 2921 1084 conteruntur,
2966 1030 3098 1071 cum
3147 1016 3624 1082 rationalitatum,
3662 1030 3805 1086 quae

2094 1103 2320 1173 fragilia
2361 1118 2610 1173 quaeque
2664 1104 2721 1158 in
2775 1103 2939 1158 nobis
2985 1117 3182 1172 regere
3231 1104 3568 1170 debuerant,
3634 1103 3806 1174 rigor

2097 1191 2454 1260 infringitur.
2489 1191 2632 1245 Ecce
2675 1191 2911 1246 evidens
2956 1191 3014 1245 in
3069 1199 3259 1246 mente
3304 1191 3583 1246 confusio.
3647 1191 3804 1246 Nota

2094 1278 2421 1333 distantiam
2477 1279 2624 1333 inter
2695 1277 2961 1333 allectum
3012 1285 3068 1333 et
3098 1278 3472 1344 voluntatem,
3523 1277 3670 1346 quia
3726 1277 3804 1332 de

2096 1365 2292 1421 multis
2322 1364 2628 1432 aflicimnr,
2660 1380 2792 1435 quae
2831 1365 3144 1434 nolumus;
3179 1365 3359 1421 multa
3391 1365 3679 1427 volumus,
3723 1365 3803 1420 de

2095 1453 2313 1522 quibus
2356 1467 2471 1508 non
2517 1451 2828 1508 afticimur.
2887 1452 3041 1508 Velle
3075 1453 3225 1508 enim
3279 1453 3414 1508 boni
3467 1453 3800 1508 secundum

2096 1541 2273 1610 legem
2305 1542 2510 1596 mentis
2541 1541 2807 1609 Apostolo
2837 1540 3078 1609 adjacet,
3129 1541 3224 1595 sed
3255 1541 3575 1596 secundum
3604 1541 3800 1609 legem

2096 1629 2506 1692 membrorum,
2559 1629 2714 1698 quod
2740 1636 2823 1682 est
2856 1627 3112 1694 affectus,
3157 1628 3426 1697 perlicere
3477 1643 3593 1684 non
3643 1631 3803 1683 inve-

2026 1757 2066 1810 B
2096 1718 2501 1810 nittRom.‘-\'tt,
2528 1717 2614 1782 18)
2639 1716 2791 1810 ;_sed
2811 1716 2880 1770 de
2907 1715 3158 1810 his-alias
3187 1715 3415 1785 plenius
3434 1716 3684 1810 egimus.

2167 1805 2338 1859 Vnus.
2371 1806 2422 1858 5.
2449 1831 2515 1844 —
2551 1825 2571 1852 ι
2625 1803 2953 1858 IEdilicavit
2999 1803 3057 1858 in
3106 1816 3247 1873 gyro
3275 1816 3419 1870 meo,
3471 1811 3528 1858 et
3552 1803 3804 1859 circum-

2099 1912 2122 1939 ι
2157 1891 2310 1946 dedit
2356 1905 2445 1946 me
2483 1889 2610 1946 felle
2637 1899 2692 1946 et
2722 1889 2930 1945 labore.
2969 1911 2990 1937 ι
3027 1892 3090 1944 ιη
3117 1905 3254 1961 gyro
3301 1897 3494 1945 nostro
3525 1890 3799 1955 aediﬁcat,

2095 1993 2228 2034 cum
2256 1992 2363 2046 res,
2389 1992 2536 2048 quas
2559 1985 2917 2047 appetamus,
2938 1985 2992 2033 et
3010 1977 3226 2047 quibus
3258 1977 3571 2032 introrsum
3607 1977 3802 2047 magis

2095 2065 2492 2133 obstruamur,
2529 2065 2918 2135 undecunque
2966 2064 3326 2134 multiplicat.
3361 2065 3499 2118 Felle
3529 2069 3581 2118 et
3613 2065 3802 2119 labore

2094 2153 2436 2220 circumdat,
2467 2167 2599 2208 cum
2630 2153 2774 2208 dure
2805 2153 3106 2208 amarescit
3136 2159 3433 2222 peccatum
3470 2153 3628 2222 quod
3658 2168 3800 2223 per-

2095 2248 2298 2309 petrat,
2357 2248 2413 2296 et
2464 2248 2654 2296 tamen
2704 2240 2776 2295 ad
2834 2247 3065 2309 peccata
3119 2240 3495 2309 perpetranda
3544 2240 3796 2296 laborat.

2096 2327 2288 2397 (Vnus.
2322 2327 2398 2396 6.)
2431 2349 2451 2375 ‹
2487 2329 2550 2382 In
2580 2327 2892 2383 tenebrosis
2933 2327 3230 2382 collocavit
3259 2341 3366 2394 me,
3422 2327 3592 2397 quasi
3633 2343 3799 2384 mor-

2101 2435 2121 2460 ι
2177 2423 2307 2469 tuos
2361 2414 2754 2482 sempiternos.
2808 2435 2829 2461 ι
2879 2415 2946 2468 In
3001 2414 3292 2466 tenebrosis
3339 2412 3598 2479 collocat,
3658 2428 3799 2470 cum

2088 2501 2207 2571 jam
2255 2516 2370 2557 non
2423 2501 2675 2566 horaria,
2726 2501 2824 2556 sed
2869 2501 3034 2570 quasi
3081 2501 3270 2556 stabili
3331 2500 3592 2556 animum
3638 2503 3799 2558 Deus

2093 2589 2424 2644 mnfusione
2467 2589 2829 2655 condemnat,
2864 2597 2919 2644 et
2964 2589 3070 2644 hoc
3111 2591 3273 2656 quasi
3311 2593 3554 2643 mortuo:
3581 2593 3799 2658 sempi-

2093 2683 2269 2731 ternos
2325 2676 2539 2732 scilicet
2597 2677 2765 2746 quasi
2803 2690 2899 2731 eos
2943 2675 3042 2746 qui
3076 2689 3386 2746 nunquam
3443 2676 3798 2746 resipuerint

2093 2765 2166 2820 ad
2192 2764 2418 2835 aliquos
2446 2772 2609 2820 actus
2639 2764 2834 2819 bonos.

2847 2865 3078 2906 GHIMBL.

2165 2939 2336 2994 Vnus.
2369 2943 2422 2993 7.
2452 2969 2524 2978 —
2575 2960 2596 2986 ι
2645 2938 3180 2994 Circumzedificavit
3229 2938 3538 2994 adversum
3580 2954 3697 3005 me,
3729 2947 3800 2996 ut

291 3039 596 3096 nunquam
627 3026 728 3082 tibi
755 3041 814 3082 se
845 3027 1062 3098 ingeret
1092 3027 1147 3082 in
1173 3028 1319 3083 fmda
1340 3030 1560 3084 actione
1587 3030 1738 3098 quod
1767 3029 1979 3085 doleas.
2023 3025 2064 3080 C
2099 3048 2118 3074 ι
2173 3041 2289 3082 non
2335 3026 2634 3096 egrediar;
2702 3025 3045 3096 aggravavit
3089 3026 3417 3096 compedem
3484 3041 3705 3083 meum.
3771 3049 3794 3074 ι

290 3112 436 3168 Sunt
470 3126 605 3183 ergo
637 3113 872 3183 quidam
907 3115 1008 3184 qui
1043 3114 1340 3182 labuntur,
1399 3115 1496 3170 sed
1542 3115 1766 3185 lapsum
1811 3131 1984 3172 suum

289 3200 774 3271 perspicacissime
822 3201 1159 3258 metiuntur.
1216 3202 1319 3258 Hic
1363 3203 1541 3273 igitur
1579 3203 1818 3272 quilibet
1860 3203 1986 3260 talis

289 3287 600 3358 eloquitur.
635 3289 810 3344 Suam
839 3289 994 3345 videt
1017 3295 1398 3359 paupertatem
1429 3293 1487 3344 in
1531 3290 1692 3357 virga
1729 3291 1986 3358 indigna-

292 3377 456 3430 tionis
482 3375 602 3442 Dei,
635 3375 739 3446 qui
769 3375 948 3430 animi
974 3375 1066 3431 sui
1096 3375 1404 3445 vigilanter
1433 3376 1677 3432 attendit
1707 3376 1982 3446 inopiam,

287 3471 342 3517 et
365 3462 728 3517 internarum
778 3461 993 3516 virium
1042 3461 1564 3530 depopulationem,
1606 3463 1745 3518 dum
1783 3463 1985 3518 divina

287 3548 711 3604 animadversio
767 3547 907 3603 inibi
955 3548 1135 3611 saevit,
1189 3548 1288 3603 sed
1327 3549 1438 3603 nisi
1486 3563 1618 3604 cum
1650 3551 1984 3619 pcenitentia

289 3635 618 3701 intervenit,
653 3648 1026 3704 nequaquam
1058 3635 1117 3689 in
1158 3635 1391 3706 longum
1425 3650 1585 3692 mens
1620 3638 1742 3706 ipsa
1771 3638 1985 3693 discer-

288 3723 390 3778 nit.
423 3721 584 3778 Unde
611 3730 666 3777 et
716 3723 804 3775 vir
831 3721 1064 3788 dicitur,
1112 3723 1216 3792 qui
1271 3723 1482 3779 damna
1537 3737 1646 3779 sua
1697 3739 1811 3780 non
1859 3725 1984 3782 sine

287 3809 638 3866 conscientia
665 3809 902 3880 lugubri
931 3810 1370 3880 contemplatur,
1402 3812 1499 3867 sed
1538 3813 1836 3881 sequitur:

361 3898 530 3953 Vnus.
562 3901 615 3951 2.
645 3928 715 3937 —
751 3920 772 3947 ι
804 3898 877 3953 Et
926 3911 1016 3954 me
1049 3899 1312 3963 minavit,
1358 3906 1414 3954 et
1443 3899 1686 3955 adduxit
1729 3899 1786 3954 in
1817 3907 1982 3956 tene-

291 4007 315 4034 ι
350 3986 503 4051 bras,
531 3993 725 4042 etnon
759 3987 816 4042 in
860 3987 1066 4043 lucem.
1104 4009 1127 4035 ι
1166 3987 1348 4042 Minat
1393 4001 1526 4042 cum
1573 3987 1831 4043 rediviva
1879 3989 1975 4044 de-

285 4073 508 4130 lectatio
567 4082 812 4131 mentem
871 4088 906 4129 a
958 4075 1050 4130 sui
1101 4074 1556 4130 consideratione
1602 4075 1976 4132 subducendo

285 4169 629 4232 sequestrat.
682 4163 758 4216 In
789 4163 1034 4216 tenebras
1079 4161 1332 4229 adducit,
1365 4175 1498 4218 cum
1549 4163 1622 4218 ad
1652 4163 1744 4219 sui
1801 4162 1979 4232 ipsius

283 4248 672 4321 ignorantiam
718 4248 914 4304 trahit.
970 4249 1093 4304 Tali
1145 4248 1329 4304 cuivis
1373 4249 1626 4319 dicitur;
1659 4272 1680 4299 ε
1716 4249 1972 4307 Statuam

287 4343 340 4393 te
366 4345 568 4392 contra
596 4335 798 4391 faciem
829 4343 990 4392 tuam
1039 4337 1216 4404 (Psal.
1265 4351 1415 4405 χιιι,
1464 4338 1576 4407 2i).
1613 4360 1634 4386 ι
1671 4339 1737 4394 Et
1787 4354 1893 4393 non
1914 4342 1973 4394 in

285 4425 454 4478 lucem
477 4422 805 4490 adducitur,
846 4437 980 4479 cum
1021 4439 1136 4481 non
1179 4424 1271 4480 sui
1314 4425 1436 4481 sola
1480 4426 1823 4497 cognitione,
1880 4428 1976 4484 sed

281 4511 456 4568 etiam
482 4510 656 4567 totius
683 4511 829 4566 sacri
860 4510 1094 4582 eloquii,
1128 4512 1283 4582 quod
1315 4512 1504 4569 littera
1537 4521 1732 4570 nostra
1760 4514 1973 4583 sonuit,

283 4599 380 4670 pia
407 4597 728 4655 eruditione
755 4599 1032 4655 nudatur.

353 4687 526 4744 Vnus.
561 4689 614 4741 3.
649 4717 718 4726 —
752 4709 772 4736 ι
804 4688 1052 4743 Tantum
1107 4687 1166 4744 in
1227 4702 1317 4744 me
1363 4688 1536 4744 vertit
1583 4697 1639 4745 et
1693 4690 1976 4746 convertit

285 4797 307 4825 ι
345 4789 585 4832 manum
615 4789 782 4831 suam
832 4783 951 4831 tota
978 4775 1086 4832 die.
1130 4796 1159 4826 »
1207 4775 1369 4842 Quod
1411 4783 1495 4831 est
1542 4776 1765 4833 dicere:
1828 4777 1973 4834 Cum

280 4865 434 4920 Deus
451 4863 908 4919 animadvertere
935 4863 994 4917 in
1023 4863 1182 4930 vitia,
1207 4877 1339 4933 quae
1371 4877 1459 4919 me
1486 4863 1843 4933 opprimunt,
1875 4865 1974 4921 de-

280 4951 514 5017 buisset,
560 4949 697 5019 ipsis
747 4949 948 5006 erectis
991 4950 1064 5004 ad
1119 4950 1228 5006 mei
1276 4957 1503 5007 tantum
1549 4953 1972 5021 oppressionem

277 5036 745 5092 animadversum
765 5043 868 5092 est.
896 5035 1011 5091 Nec
1035 5036 1142 5092 hoc
1164 5036 1372 5104 solum,
1399 5039 1498 5094 sed
1537 5052 1777 5095 manum
1803 5054 1971 5096 suam

277 5131 396 5180 tota
423 5123 515 5179 die
551 5123 835 5178 convertit
871 5122 1092 5194 jugiter
1133 5125 1344 5182 scilicet
1373 5126 1694 5182 subsidium
1727 5127 1970 5185 internas

275 5208 677 5267 consolationis
704 5223 794 5265 me
814 5209 1083 5266 indurato
1129 5213 1357 5269 avertit.
1393 5213 1554 5270 Unde
1581 5222 1666 5270 est
1694 5215 1849 5284 quod
1879 5216 1966 5271 di—

275 5298 456 5354 lectus
484 5309 722 5352 manum
752 5309 919 5353 suam
959 5298 1128 5354 mittit
1166 5313 1266 5368 per
1298 5300 1556 5356 foramen
1591 5300 1770 5372 (Cant.
1795 5317 1850 5368 v,
1881 5303 1962 5372 4).

1036 5401 1201 5442 ΒΕΊἮ.

344 5473 516 5530 Vnus.
546 5472 600 5526 4.
641 5503 708 5513 -
743 5495 764 5522 ι
801 5473 1100 5531 Vetustam
1128 5474 1258 5530 fecit
1287 5474 1490 5544 pellem
1519 5489 1728 5543 meam,
1761 5482 1817 5530 et
1830 5488 1964 5532 car-

276 5581 298 5608 ι
345 5573 475 5616 nem
522 5573 730 5626 meam,
763 5561 1034 5618 contrivit
1079 5575 1210 5618 ossa
1257 5575 1403 5618 mea.
1441 5583 1462 5610 ι
1497 5563 1660 5631 Beth,
1693 5565 1959 5630 confusio.

2093 3113 2334 3181 Ghimel,
2361 3113 2660 3183 plenitudo.
2689 3115 2993 3168 Adversum
3021 3127 3144 3176 nos.
3182 3122 3247 3169 ut
3272 3128 3390 3169 non
3417 3115 3802 3183 egrediamur

2092 3201 2581 3266 circumaadificat,
2615 3215 2747 3256 cum
2773 3200 3101 3256 occasiones
3133 3200 3282 3256 male
3310 3201 3541 3270 agendi,
3569 3202 3802 3272 quibus

2092 3303 2161 3346 ac
2206 3290 2254 3345 si
2313 3303 2540 3346 carcere
2568 3289 2821 3358 corporis
2872 3288 3028 3343 vitiis
3057 3287 3523 3344 irremissibiliter
3549 3289 3804 3346 obstrin-

2093 3391 2321 3448 gamur,
2348 3377 2504 3447 justo
2529 3376 2747 3446 judicio
2787 3376 3177 3446 undecunque
3227 3377 3532 3432 ministrat.
3573 3379 3804 3448 Compe-

2090 3464 2210 3517 dem
2238 3472 2503 3520 nostrum
2529 3472 2833 3534 aggravat,
2859 3478 2995 3520 cum
3023 3463 3274 3520 carnalis
3321 3465 3612 3534 appetitus
3641 3467 3800 3523 mole

2091 3551 2444 3607 alacritatem
2477 3552 2716 3621 spiritus
2739 3559 2957 3607 onerat.

2161 3640 2330 3696 Vnus.
2360 3642 2507 3694 8.—
2539 3661 2559 3687 α
2597 3639 2703 3694 Sed
2754 3647 2810 3695 et
2847 3653 2981 3694 cum
3009 3639 3334 3695 clamavero
3377 3647 3440 3695 et
3481 3653 3797 3710 rogavero,

2097 3748 2117 3775 ι
2152 3727 2398 3782 exclusit
2430 3727 2747 3783 orationem
2791 3741 2997 3783 meam.
3037 3747 3058 3774 ι
3095 3727 3237 3782 Ecce
3286 3726 3581 3796 plenitudo
3612 3729 3802 3785 malo-

2089 3828 2241 3871 rum.
2299 3814 2647 3881 Clamamus,
2721 3829 2852 3870 cum
2903 3815 3118 3884 peccati
3176 3815 3472 3871 atrocitate
3519 3829 3555 3870 a
3600 3819 3801 3874 cordis

2090 3903 2268 3959 nostri
2289 3903 2509 3973 gemitu
2529 3902 2870 3974 irrugimus.
2895 3903 3207 3973 Rogamus,
3234 3917 3365 3959 cum
3389 3903 3800 3975 qualicunque

2086 3992 2191 4048 etsi
2237 3992 2444 4062 vapido
2491 3991 2671 4047 animi
2736 3999 2909 4058 statu,
2940 4006 3056 4047 non
3099 3999 3214 4046 tam
3266 3993 3554 4048 orationes
3606 4008 3798 4063 quam

2085 4079 2412 4136 orationum
2431 4079 2741 4136 simulacra
2759 4093 3112 4135 exercemus.
3144 4079 3336 4135 Oratio
3365 4088 3555 4136 tamen
3577 4080 3798 4138 exclu-

2086 4169 2260 4236 ditur,
2307 4182 2438 4238 quae
2467 4168 2574 4223 sub
2605 4167 2817 4236 peccati
2842 4166 3015 4238 juxta
3042 4167 3327 4238 psalmum
3359 4167 3569 4225 aﬂ'ectu
3599 4169 3796 4226 effici-

2085 4263 2186 4312 tur
2223 4257 2389 4324 (Psal.
2426 4271 2582 4324 cvm,
2609 4257 2686 4324 7).

2157 4344 2330 4400 Vnus.
2358 4347 2409 4398 9.
2443 4374 2512 4384 —
2562 4364 2584 4391 ι
2631 4341 2924 4400 Conclusit
2953 4343 3078 4398 vias
3131 4355 3290 4398 meas
3328 4342 3615 4412 lapidibus
3642 4358 3794 4413 qna-

2091 4453 2112 4480 ι
2140 4431 2278 4498 dris,
2308 4431 2540 4486 semitas
2570 4443 2724 4485 meas
2743 4429 3046 4485 subvertit.
3081 4451 3101 4476 ι
3127 4429 3247 4484 Viae
3271 4437 3479 4484 nostrae
3501 4429 3792 4497 lapidibus

2084 4519 2314 4590 quadris
2343 4518 2791 4582 concluduntur,
2832 4531 2965 4573 cum
3010 4531 3212 4572 eorum
3237 4517 3498 4586 exemplo
3539 4526 3786 4586 remoto,

2083 4606 2186 4677 qui
2216 4619 2390 4676 super
2427 4613 2638 4662 terram
2667 4605 2821 4660 volvi
2846 4605 3141 4671 dicuntur,
3171 4618 3373 4660 eorum
3424 4604 3611 4674 potius
3659 4604 3792 4662 imi-

2082 4694 2312 4760 tatione,
2345 4693 2448 4764 qui
2489 4706 2562 4748 ex
2619 4692 2776 4748 omni
2835 4700 2996 4761 parte
3034 4700 3200 4748 terrm
3256 4691 3518 4748 funditus
3558 4692 3790 4750 haerent

2081 4781 2211 4844 viae,
2263 4779 2318 4835 id
2374 4787 2459 4836 est
2502 4793 2757 4850 nequam
2828 4779 3080 4835 actiones
3129 4780 3498 4836 minuuntur.
3553 4777 3788 4838 Semitaa

2080 4867 2519 4935 subvertuntur,
2552 4881 2686 4923 cum
2716 4866 3080 4931 intentiones,
3109 4881 3243 4937 quae
3268 4866 3462 4922 minus
3489 4866 3790 4936 conspica-

2080 4954 2223 5010 biles
2250 4962 2407 5023 sunt,
2434 4955 2650 5026 pariter
2677 4955 3098 5025 depravantur.

2801 5055 3048 5097 DALBTH.

2148 5129 2327 5185 Vnus.
2357 5131 2442 5183 10.
2471 5157 2545 5170 -
2577 5149 2599 5177 ι
2635 5129 2817 5186 Ursus
2840 5128 3120 5184 insidians
3151 5127 3338 5185 factus
3363 5135 3448 5184 est
3493 5127 3654 5195 mihi,
3689 5128 3785 5185 leo

2078 5235 2101 5263 ι
2154 5214 2215 5271 iu
2262 5215 2630 5272 absconditis.
2681 5235 2702 5262 ι
2736 5214 2962 5280 Daleth,
3023 5214 3435 5284 interpretatur
3476 5217 3774 5270 natiuitas.

2075 5303 2145 5358 Et
2165 5302 2306 5372 quid
2337 5309 2422 5358 est
2465 5301 2644 5368 nasci,
2675 5301 2788 5356 nisi
2846 5315 2947 5370 per
3001 5313 3199 5370 pravae
3255 5307 3404 5356 »ιε
3449 5302 3778 5359 voluntatis

2071 5390 2497 5459 conceptionem
2541 5388 2614 5444 ad
2656 5389 2901 5445 crimina
2931 5388 3278 5444 informari?
3309 5389 3470 5444 Hanc
3493 5389 3781 5446 nativita-

2071 5483 2182 5532 tem
2205 5477 2310 5532 lob
2360 5483 2417 5531 et
2455 5473 2731 5530 leremias
2780 5474 3171 5531 maledicendo
3217 5476 3576 5532 detestantur
3627 5476 3773 5546 (Job.

2070 5578 2152 5630 nt,
2188 5566 2209 5617 1
2237 5577 2254 5632 ;
2287 5565 2395 5617 Jer.
2429 5575 2525 5628 xx,
2561 5561 2666 5631 14).
2695 5561 2780 5616 Fit
2806 5575 2944 5632 ergo
2977 5562 3126 5618 Deus
3176 5562 3266 5618 isti
3309 5562 3600 5620 nativitati
3651 5565 3773 5633 pri-
