3956 6424
143 375 260 428 4ιῖ9

878 374 1339 431 TROPOLOGUE
1383 375 1448 431 [Ν
1487 374 1687 442 OSEE,
1728 376 1914 433 AMOS
1954 374 2042 429 ET
2079 377 2235 432 JER.
2283 407 2351 416 —
2393 377 2523 431 LIB.
2571 378 2632 431 V.
2674 376 2747 430 IN
2778 379 2931 432 JER.

3289 292 3337 382 ι)

3553 380 3660 432 470

141 525 319 567 mum
368 525 530 566 ursus
562 510 858 579 insidians,
899 511 954 566 id
992 517 1076 566 est
1122 510 1315 566 feralis
1361 511 1649 581 appetitus
1696 513 1847 568 inte-
1882 515 1926 567 Α
1959 512 2118 567 salus
2155 512 2284 582 ejus
2312 512 2384 568 ad
2432 512 2715 569 incuriam
2750 513 3094 569 destinatur.
3130 514 3408 569 Bonorum
3453 513 3666 570 oblivi—

142 599 316 654 riora
362 606 559 655 nostra
598 606 811 654 cuncta
861 598 969 654 sibi
1011 598 1306 668 subigens.
1371 600 1647 655 Ursorum
1703 600 1857 656 enim

140 695 240 742 est
261 695 486 743 natura
510 686 799 757 quidquid
821 687 1064 756 pedibus
1088 686 1472 755 applicuerint
1496 688 1852 743 conculcare.

142 774 383 831 Dicitur
412 783 605 831 autem
640 788 674 829 a
712 777 823 831 Deo
862 775 919 830 id
962 775 1103 841 ﬁeri,
1155 774 1308 844 quod
1344 774 1467 830 ﬁeri
1513 777 1855 845 permiserit.

146 863 342 929 Unde,
377 863 434 918 in
464 863 622 929 Osee,
648 862 817 933 quasi
848 876 1042 918 ursam
1072 877 1130 917 se
1159 862 1424 918 futurum
1452 863 1634 932 raptis
1654 862 1861 918 catulis

144 956 463 1005 attestatur
504 950 648 1020 (Ose.
692 964 812 1017 xm,
857 949 929 1018 8).
976 949 1063 1004 Fit
1095 949 1180 1004 leo
1227 952 1286 1003 in
1317 950 1672 1014 absconditis,
1723 964 1857 1005 cum

143 1037 446 1106 quidquid
462 1037 600 1092 mali
616 1037 969 1108 suggeritur,
991 1036 1327 1106 inexplebili
1347 1038 1619 1093 aviditate
1641 1037 1857 1093 haurit.

145 1124 380 1179 Natura
419 1124 572 1180 enim
606 1125 786 1180 leonis
814 1132 899 1181 est
941 1133 1005 1181 ut
1051 1125 1228 1181 oblati
1261 1126 1480 1195 pecoris
1509 1133 1644 1180 ante
1673 1133 1856 1180 totum

143 1212 505 1281 sanguinem
545 1213 739 1269 ebibat
768 1227 946 1283 quam
976 1227 1179 1269 carnes
1217 1214 1483 1284 attingat.
1522 1216 1689 1269 Ursus
1718 1228 1859 1284 ergo

142 1301 453 1364 insidians,
545 1302 798 1356 exterior
860 1314 1064 1357 sensus
1133 1309 1216 1356 est
1278 1315 1582 1370 aucupans
1653 1303 1731 1356 leo
1800 1304 1860 1356 in

141 1388 512 1451 absconditis,
545 1388 618 1443 ad
641 1388 993 1457 explendum
1022 1389 1352 1444 immanitas
1377 1389 1605 1444 mentis.

231 1477 396 1530 Vnus.
434 1478 519 1529 11.
559 1505 630 1517 -
666 1498 688 1524 ι
725 1476 965 1531 Semitas
1007 1490 1163 1532 meas
1192 1476 1497 1541 subvertit,
1543 1484 1599 1533 et
1629 1476 1859 1533 confre-

146 1582 175 1609 ι
220 1563 303 1631 git
351 1577 484 1617 me:
535 1564 726 1632 posuit
765 1578 854 1619 me
900 1563 1231 1619 desolatam.
1286 1585 1307 1611 ι
1342 1564 1567 1620 Semita
1608 1565 1855 1620 subver-

140 1656 385 1715 tuntur,
435 1665 569 1706 cum
608 1660 741 1707 ante
774 1650 1003 1706 ruinam
1052 1652 1393 1722 plerumque
1418 1652 1692 1707 exaltatio
1736 1651 1859 1721 pri-

142 1746 293 1792 vata
322 1738 719 1794 confunditur.
745 1739 958 1793 Deinde
974 1739 1382 1810 confringitur,
1415 1753 1547 1794 cum
1569 1739 1857 1808 quidquid

142 1826 318 1880 intus
368 1833 495 1880 erat
542 1826 769 1895 insigne
813 1826 1136 1895 deponitur.
1188 1826 1507 1894 Desolatur,
1557 1841 1692 1884 cum
1739 1826 1853 1881 Deo

142 1913 478 1969 habitatore
531 1914 814 1983 privatur.
875 1916 1062 1983 (Vnus.
1124 1917 1210 1979 12)
1272 1937 1294 1963 α
1347 1914 1605 1971 Tetendit
1652 1928 1853 1970 arcum

151 2023 177 2049 ι
240 2015 435 2067 suum,
468 2010 522 2057 et
554 2002 742 2070 posuit
790 2016 882 2057 me
912 2003 1080 2071 quasi
1132 2002 1365 2073 signum
1397 2003 1468 2058 ad
1499 2002 1789 2073 sagittam.
1828 2024 1849 2050 ι

148 2091 370 2144 Arcum
411 2106 569 2144 suum
600 2091 801 2157 tendit,
834 2105 967 2146 cum
1009 2090 1318 2160 Scriptura
1346 2091 1656 2146 sententias
1685 2090 1854 2145 habi-

144 2178 245 2234 tui
295 2186 491 2234 nostro
541 2178 946 2233 convenientes
989 2178 1264 2233 obtendit.
1299 2180 1473 2243 Quasi
1515 2180 1733 2246 signum
1781 2176 1856 2232 ad

143 2270 420 2334 sagittam
469 2280 573 2322 nos
604 2266 780 2335 ponit,
816 2280 949 2321 cum
981 2266 1193 2322 divina
1223 2266 1459 2322 ultionis
1491 2266 1689 2337 jacula
1715 2265 1857 2321 divi-

143 2356 319 2412 nitus
344 2355 616 2411 intentari
642 2355 752 2410 sub
781 2355 1054 2410 continuo
1086 2354 1284 2409 timore
1315 2353 1611 2423 depromit.

530 2486 543 2497 ι
958 2457 1052 2497 HE.

231 2532 392 2586 Vnus.
458 2532 541 2585 t3.
577 2560 638 2569 —
701 2552 720 2578 ι
784 2529 936 2585 Misit
983 2530 1040 2584 in
1084 2529 1322 2585 renibus
1370 2529 1517 2585 ﬁlias
1570 2529 1854 2598 pharetra

150 2641 175 2667 ι
236 2632 375 2673 sua.
417 2640 439 2665 ι
489 2618 589 2685 He,
642 2618 1055 2687 interpretatur
1093 2619 1263 2672 salus.
1312 2617 1459 2682 Quid
1495 2616 1649 2674 enim
1698 2617 1851 2673 salu-

144 2706 322 2762 brius
359 2720 536 2776 quam
567 2719 789 2774 semper
827 2705 1021 2776 urgeri
1059 2705 1393 2761 divinorum
1437 2705 1744 2761 verberum
1776 2705 1854 2761 ti-

146 2794 458 2850 moribus?
501 2794 656 2850 Filia
700 2794 975 2863 pharetra
1004 2793 1075 2848 ad
1114 2793 1360 2848 litteram
1403 2793 1484 2848 nil
1529 2792 1687 2848 aliud
1717 2798 1855 2848 sunt

147 2896 338 2953 quam
365 2883 606 2953 sagitta.
642 2882 819 2936 Filias
845 2882 1118 2951 pharetra
1148 2884 1205 2934 in
1233 2882 1453 2935 renibus
1478 2880 1670 2947 mittit,
1717 2894 1852 2936 cum

145 2970 398 3040 superni
446 2970 666 3026 consilii
713 2969 1008 3025 sententiis
1055 2969 1491 3041 cogitationum,
1546 2968 1634 3024 vel
1678 2968 1849 3024 etiam

145 3059 419 3129 corporis
447 3058 625 3113 nostri
651 3058 1062 3114 delectamenta
1089 3057 1340 3128 contigit.

228 3149 395 3203 Vnus.
435 3148 519 3200 14.
549 3175 623 3187 -
665 3167 686 3194 ι
724 3147 934 3201 Factus
971 3160 1101 3201 sum
1147 3145 1205 3200 in
1263 3145 1518 3200 derisum
1547 3143 1703 3199 omni
1750 3158 1855 3213 po-

150 3256 180 3288 »
224 3236 363 3306 pulo
393 3249 538 3301 meo,
584 3234 873 3290 canticum
902 3247 1103 3289 eorum
1136 3240 1253 3289 tota
1285 3233 1394 3288 die.
1428 3253 1449 3280 ι
1485 3231 1573 3287 Fit
1617 3234 1677 3286 in
1706 3231 1851 3285 deri-

143 3340 279 3381 sum
326 3324 526 3394 papula
562 3338 677 3389 suo,
714 3336 847 3377 cum
879 3321 1015 3391 ipsa
1056 3321 1429 3392 cogitationes
1453 3319 1644 3375 nullos
1690 3319 1852 3387 capti

146 3415 246 3471 sui
287 3414 465 3469 bonos
493 3426 790 3468 successus
838 3410 1119 3481 spondent
1146 3409 1373 3479 spiritui
1416 3423 1541 3464 suo.
1588 3410 1722 3462 Tota
1767 3408 1856 3461 die

145 3519 342 3558 eorum
393 3501 685 3557 canticum
752 3500 832 3567 fit,
889 3513 1021 3555 cum
1098 3497 1423 3568 frequentia
1492 3495 1855 3568 cogitationis

143 3588 447 3660 quidquid
481 3586 613 3643 boni
644 3584 916 3655 propositi
939 3584 1242 3654 arripitur,
1279 3583 1445 3652 quasi
1479 3597 1613 3638 mox
1644 3582 1854 3638 transi-

147 3685 360 3733 turum
394 3676 451 3731 in
481 3674 644 3745 vulgi
680 3674 959 3741 fabulam,
990 3673 1051 3728 in
1081 3672 1315 3728 modum
1344 3672 1666 3742 cujuspiam
1697 3671 1855 3727 ludi-

143 3766 261 3831 cri,
286 3763 623 3819 arbitratur.

223 3854 396 3908 Vnus.
452 3854 530 3904 I5.
566 3878 639 3891 —
668 3870 697 3899 ‹‹
746 3848 1005 3918 Replevit
1051 3862 1141 3903 me
1171 3847 1682 3914 amaritudinibus,
1732 3847 1854 3902 ine-

152 3959 177 3985 ι
237 3937 450 3993 briavit
494 3936 803 3993 absinthio.
849 3958 870 3983 ι
915 3935 1396 3990 Amaritudinibus
1432 3935 1707 4005 repletur.
1752 3934 1856 4004 qui

150 4032 610 4096 perpetratorum
640 4024 961 4080 facinorum
989 4022 1447 4093 panitudinibus
1473 4023 1568 4078 sed
1600 4036 1853 4079 momen—

151 4114 346 4170 taneis
387 4120 731 4169 coarctatur.
765 4112 1097 4168 Inebriatur
1126 4112 1421 4179 absinthio,
1469 4111 1572 4181 qui
1598 4110 1856 4180 appetitu

150 4202 480 4259 exardescit
524 4208 579 4256 et
610 4200 932 4271 ingemiscit
961 4199 1231 4255 admisso.
1262 4198 1635 4268 Voluptatum
1679 4197 1854 4262 enim,

151 4291 237 4346 ait
279 4289 542 4359 quidam,
575 4288 899 4358 appetentia
941 4287 1110 4356 plena
1139 4286 1447 4341 anxietatis
1479 4293 1586 4355 est,
1610 4285 1858 4341 satietas

152 4393 297 4435 vero
321 4378 683 4448 paenitentia.

940 4478 1072 4519 VAU.

231 4555 400 4609 Vens.
465 4554 549 4606 16.
594 4583 663 4591 -
726 4572 755 4601 ‹
812 4551 884 4606 Et
948 4549 1119 4620 fregit
1170 4549 1242 4604 ad
1293 4561 1602 4604 numerum
1660 4546 1860 4603 dentes

162 4662 185 4689 ι
243 4654 420 4707 meos,
479 4638 693 4694 cibavit
733 4651 822 4693 me
867 4637 1078 4693 cinere.
1134 4657 1157 4685 ιι
1209 4637 1351 4703 Vau,
1400 4635 1612 4692 dicitur
1648 4641 1698 4690 et
1728 4636 1855 4689 ille:

157 4728 325 4795 Quod
369 4734 492 4784 est:
549 4729 612 4781 Et
639 4728 752 4789 ille.
787 4724 886 4795 qui
922 4714 1201 4794 praedicta
1224 4723 1384 4789 mihi,
1428 4722 1525 4779 sed
1554 4737 1671 4778 non
1700 4722 1861 4793 inju-

158 4818 250 4872 ria
280 4815 495 4882 intulit,
545 4816 715 4881 fregit
740 4814 815 4867 ad
840 4828 1142 4877 numerum,
1176 4812 1231 4866 id
1262 4818 1348 4866 est
1376 4818 1660 4881 quotquot
1704 4817 1859 4877 sunt,

163 4904 351 4958 dentes
412 4916 573 4966 meos,
627 4898 1145 4956 intellectualitates
1185 4897 1399 4954 scilicet
1452 4896 1669 4967 quibus
1706 4910 1860 4952 com-

165 4992 438 5048 molimus
466 4988 755 5059 quidquid
796 4986 1040 5058 dignum
1073 4985 1346 5054 scrupulo
1392 4984 1733 5055 cogitamus.
1769 4986 1864 5039 Ci-

164 5094 292 5133 nere
329 5091 434 5133 nos
474 5076 649 5141 cibat,
693 5075 794 5145 qui
824 5073 1038 5143 peccati
1083 5072 1503 5128 refricationem
1542 5084 1675 5126 cum
1708 5070 1864 5125 dele-

165 5167 414 5223 ctatione
444 5162 609 5219 nobis
635 5162 964 5218 inviscerat.
999 5161 1117 5216 Hoc
1142 5161 1296 5227 facit,
1329 5159 1433 5229 qui
1460 5158 1583 5213 ﬁeri
1630 5157 1865 5226 permit-

170 5255 254 5310 tit.

237 5342 405 5398 Vnus.
444 5343 529 5393 l7.
577 5366 646 5380 -
680 5359 709 5388 α
739 5338 809 5393 Et
839 5336 1068 5406 repulsa
1106 5343 1190 5392 est
1223 5335 1419 5390 anima
1462 5348 1609 5400 mea,
1654 5332 1869 5388 oblitus

174 5448 196 5475 ι
261 5441 395 5486 sum
437 5427 743 5483 bonorum.
802 5445 823 5472 ι
873 5425 1075 5479 Anima
1123 5428 1318 5478 nostra
1362 5419 1678 5490 repellitur,
1733 5432 1866 5473 cum

1967 600 2169 662 scitur,
2234 600 2356 670 qui,
2422 601 2691 670 quamvis
2739 601 2906 656 malis
2954 600 3239 658 intestinis
3285 601 3664 671 opprimatur,

1968 689 2252 744 bonorum
2279 694 2470 744 tamen
2499 703 2631 759 qua
2654 687 2802 749 fecit.
2832 695 2933 744 aut
2964 703 3095 758 qua
3123 688 3179 743 in
3206 689 3447 759 praemio
3473 688 3667 744 sortiri

1969 782 2169 845 potest,
2204 776 2481 830 memoria
2510 775 2670 831 nullo
2702 775 2871 831 modo
2901 776 3241 832 delectatur.

2039 862 2210 917 Vnus.
2261 864 2345 915 18.
2381 891 2449 899 -
2498 883 2520 909 ι
2560 863 2630 916 Ει
2659 861 2802 929 dixi,
2854 862 3018 931 periit
3049 863 3179 918 finis
3208 877 3390 928 meus,
3438 870 3495 919 et
3540 875 3669 932 spes

1967 972 1995 1001 »
2031 966 2157 1007 mea
2189 965 2224 1006 a
2264 950 2525 1006 Domino.
2560 970 2589 1001 ι)
2635 950 2874 1006 Periisse
2906 950 3075 1006 ﬁnem
3121 964 3294 1007 suum
3325 950 3483 1013 dicit.
3524 950 3666 1006 dum

1969 1039 2123 1109 quod
2161 1052 2264 1108 pro
2292 1046 2508 1095 aterna
2539 1039 2801 1095 mercede
2829 1038 3158 1094 faciendum
3191 1038 3508 1108 aliquando
3534 1051 3667 1107 pro-

1968 1135 2258 1196 posuerat,
2314 1127 2372 1181 in
2436 1126 2651 1182 intimis
2701 1126 3001 1181 inanescit.
3046 1127 3183 1194 Spes
3225 1126 3398 1182 etiam
3442 1123 3590 1195 perit
3632 1141 3667 1178 a

1969 1215 2219 1280 Domino,
2245 1228 2377 1269 cum
2410 1214 2820 1269 tentationibus
2847 1220 3146 1282 occupata,
3177 1220 3232 1269 et
3261 1213 3427 1282 quasi
3460 1211 3667 1268 auxilii

1967 1302 2207 1358 caelestis
2260 1302 2520 1373 indigna,
2581 1301 2754 1358 etiam
2806 1300 3048 1358 deﬁcere
3099 1300 3221 1370 jam
3276 1300 3526 1369 diSponit
3591 1300 3667 1355 ab

1967 1390 2107 1459 ipso.

2738 1489 2885 1532 ΖΑΙΝ.

2037 1563 2216 1620 Vnus.
2252 1564 2316 1615 19
2366 1563 2501 1631 (17).
2533 1593 2602 1602 —
2633 1583 2661 1612 α
2691 1562 2963 1619 Memoria
3007 1576 3224 1617 memor
3259 1575 3379 1628 ero,
3420 1568 3476 1617 et
3505 1561 3665 1617 tabe—

1972 1672 1993 1698 ι
2033 1657 2148 1707 scet
2195 1650 2254 1703 in
2304 1664 2392 1704 me
2424 1648 2623 1703 anima
2652 1662 2798 1703 mea.
2856 1669 2877 1695 ι
2925 1647 3085 1713 Zain,
3117 1648 3531 1716 interpretatur
3557 1647 3662 1702 duo

1968 1742 2035 1791 te.
2078 1737 2162 1792 Ac
2205 1735 2252 1791 si
2298 1735 2547 1791 diceret:
2600 1735 2686 1790 Tu
2738 1747 2900 1804 spem
2930 1740 3091 1789 tuam
3125 1733 3358 1802 periisse
3406 1733 3658 1798 dixeras,

1965 1837 2080 1879 non
2125 1830 2318 1879 tamen
2359 1822 2419 1877 in
2466 1822 2573 1877 hac
2602 1819 2937 1889 desipientia
2979 1833 3231 1886 maneas,
3279 1819 3373 1874 sed
3423 1818 3556 1886 duc,
3603 1819 3662 1875 id

1963 1920 2066 1979 est,
2124 1906 2396 1980 promtive
2447 1917 2519 1977 te,
2570 1916 2637 1964 ut
2685 1909 2757 1964 ad
2803 1908 3076 1963 interiora
3127 1906 3457 1962 contendas.
3523 1906 3661 1976 Spes

1963 1999 2118 2055 enim
2145 1999 2360 2054 dicitur
2388 1997 2556 2067 quasi
2604 2002 2681 2051 est
2709 2011 2848 2063 spes.
2882 1994 3005 2061 Quo
3039 1994 3264 2051 monitu
3296 1993 3389 2049 ille
3435 1994 3609 2049 infert
3640 2009 3654 2048 :

1963 2089 2239 2153 Memoria,
2300 2085 2509 2155 inquit,
2580 2100 2781 2139 memor
2824 2099 2939 2151 ero;
2996 2083 3297 2149 subaudis,
3370 2096 3486 2137 non
3558 2095 3658 2151 pro

1964 2174 2133 2243 lapsu
2190 2173 2636 2242 desperandum,
2694 2172 2787 2227 sed
2835 2170 2953 2241 spei
3010 2171 3200 2239 potius
3253 2169 3654 2230 insistendum,

1964 2263 2045 2318 sic
2090 2269 2155 2318 ut
2212 2264 2398 2315 anima
2441 2261 2823 2326 contabescat,
2876 2258 3087 2314 scilicet
3124 2257 3474 2322 animalitas,
3508 2271 3658 2326 qua

1963 2364 2078 2407 non
2126 2349 2280 2419 capit
2311 2363 2443 2419 qua
2485 2348 2580 2403 Dei
2630 2354 2787 2414 sunt,
2833 2353 3044 2401 sancta
3087 2345 3208 2415 spei
3258 2345 3660 2414 spiritualitate

1963 2438 2420 2508 superveniente,
2470 2437 2529 2491 in
2560 2450 2619 2491 se
2662 2434 2908 2491 deﬁciat.
2946 2433 3123 2489 Orare
3162 2446 3302 2503 ergo
3339 2431 3460 2503 jam
3510 2431 3660 2486 inci-

1967 2526 2067 2596 pit.

2034 2613 2205 2670 Vans.
2260 2615 2350 2667 20.
2397 2643 2467 2651 -
2520 2634 2541 2660 ι
2601 2610 2920 2667 Recordare
2962 2609 3319 2679 paupertatis
3372 2614 3429 2663 et
3467 2615 3660 2663 trans-

1968 2722 1993 2752 ι
2028 2702 2337 2773 gressionis
2366 2714 2527 2767 mea,
2576 2699 2847 2756 absinthii
2878 2706 2932 2753 et
2962 2697 3127 2754 fellis.
3181 2719 3203 2745 ιι
3255 2697 3338 2752 Ac
3370 2696 3416 2750 si
3463 2696 3655 2751 dicat:

1962 2789 2306 2857 Meminisse,
2356 2789 2619 2856 Domine,
2665 2788 2951 2843 debueras
3010 2785 3164 2855 quod
3222 2785 3295 2840 ob
3351 2784 3658 2855 penuriam

1962 2876 2177 2934 virium
2228 2878 2590 2933 internarum
2637 2875 2944 2944 hucusque
2983 2872 3344 2942 deliquerim,
3400 2885 3507 2927 nec
3545 2871 3660 2927 mi-

1963 2980 2075 3022 nus
2118 2965 2291 3021 etiam
2342 2963 2669 3020 meminisse
2718 2962 2873 3032 quod
2917 2961 3141 3029 lapsum
3183 2974 3316 3015 eum
3356 2958 3658 3029 agerrime

1890 3066 1932 3121 ο
1964 3053 2215 3119 tulerim,
2264 3066 2371 3107 nec
2398 3051 2527 3121 ejus
2558 3051 2665 3105 nisi
2706 3064 2837 3105 cum
2874 3048 3096 3118 ingenti
3133 3047 3517 3102 amaritudine
3564 3059 3660 3100 re-

1962 3140 2192 3196 cordari
2241 3138 2544 3209 potuerim.
2580 3137 2816 3193 Videtur
2852 3142 3045 3190 autem
3076 3132 3343 3203 quadam
3387 3130 3661 3187 distantia

1966 3228 2111 3283 inter
2139 3226 2533 3297 absynthium,
2555 3232 2611 3281 et
2640 3224 2731 3280 fel.
2764 3222 3149 3291 Absyntbium
3175 3220 3330 3276 enim
3359 3227 3415 3275 et
3444 3219 3660 3274 haustu

1966 3314 2155 3371 habile
2185 3321 2289 3381 est,
2338 3312 2584 3369 calorem
2623 3312 2899 3376 excitans,
2942 3315 2998 3364 et
3035 3307 3379 3378 sanguinem
3430 3304 3657 3368 sedans,

1964 3403 2034 3458 fel
2078 3410 2273 3458 autem
2304 3401 2667 3470 neutiquam.
2709 3400 2773 3453 In
2803 3396 3107 3467 absynthio
3137 3409 3275 3465 ergo
3323 3406 3535 3449 maror
3569 3405 3659 3447 re-

1961 3505 2097 3546 cens
2125 3490 2235 3545 acti
2282 3488 2570 3553 facinoris,
2616 3487 2721 3557 qui
2752 3500 2855 3541 nos
2900 3485 2972 3539 ad
3005 3485 3188 3539 Deum
3225 3480 3567 3545 recaleﬁcat,
3606 3486 3662 3534 et

1962 3577 2319 3634 incentivum
2359 3575 2619 3631 criminis
2661 3574 2850 3641 sedat;
2885 3572 2945 3627 in
2981 3572 3107 3627 felle
3138 3584 3272 3626 vero
3322 3569 3537 3638 peccati
3578 3573 3662 3622 est

1965 3673 2089 3736 post
2133 3664 2548 3736 paenitudinem
2588 3661 2863 3718 memoria
2898 3673 3136 3730 prorsus
3173 3657 3348 3741 menti
3384 3654 3661 3711 intolera-

1962 3754 2093 3810 bilis
2117 3756 2174 3809 et
2202 3751 2463 3822 indigna.

2036 3840 2211 3896 Vnus.
2258 3841 2347 3893 21.
2379 3866 2449 3877 -
2503 3858 2525 3884 ι
2563 3838 2694 3891 Hac
2735 3834 2992 3890 recolens
3038 3833 3097 3887 in
3128 3831 3298 3887 corde
3340 3843 3484 3896 meo,
3536 3827 3659 3883 ideo

1971 3949 1993 3976 ι
2031 3928 2290 3997 sperabo.
2338 3947 2358 3973 ι
2411 3924 2572 3991 Quod
2615 3931 2699 3979 est
2731 3937 2744 3975 :
2776 3922 2926 3976 Dum
2961 3920 3083 3975 hac
3107 3933 3239 3975 cum
3270 3931 3398 3973 mea
3437 3916 3663 3986 cogita-

1965 4017 2120 4072 tione
2166 4021 2431 4080 retracto,
2481 4012 2553 4067 ad
2602 4024 2759 4081 spem
2808 4023 2898 4064 me
2945 4020 3209 4077 provoco.
3259 4004 3422 4061 Unde
3467 4010 3523 4058 et
3567 4015 3661 4057 se-

1966 4102 2170 4173 quitur
2193 4117 2207 4155 :

2729 4197 2899 4238 HETH.

2040 4275 2211 4332 Vnus.
2253 4276 2341 4328 22.
2375 4303 2442 4313 -
2482 4294 2502 4321 ι
2563 4269 2962 4328 Misericordia
2999 4266 3225 4324 Domini
3258 4264 3471 4331 multa,
3522 4262 3664 4334 quia

1897 4340 1941 4394 D
1977 4386 1997 4413 ι
2028 4378 2144 4419 non
2173 4376 2378 4419 sumus
2406 4359 2751 4428 consumpti,
2793 4358 2933 4428 quia
2985 4370 3101 4411 non
3128 4354 3460 4410 defecerunt
3492 4352 3659 4407 mise-

1967 4473 1996 4501 »
2027 4452 2276 4508 rationes
2317 4449 2464 4520 ejus.
2520 4471 2541 4495 ι
2596 4447 2764 4513 Heth,
2798 4445 3011 4501 dicitur
3046 4444 3345 4497 enarratio.
3390 4441 3461 4496 Et
3507 4439 3664 4511 quod

1964 4548 2049 4597 est
2074 4539 2228 4595 istud
2260 4550 2557 4601 enarrare,
2589 4534 2697 4590 nisi
2730 4534 2829 4589 Dei
2863 4531 3285 4589 misericordias
3311 4529 3482 4585 etiam
3517 4528 3664 4582 inter

1969 4626 2326 4697 peccandum
2372 4629 2640 4692 expertas
2702 4621 2886 4677 oculis
2938 4619 3125 4674 cordis
3173 4617 3466 4673 attexere?
3513 4617 3665 4686 Ergo

1970 4714 2057 4770 ba
2079 4721 2244 4778 sunt;
2275 4713 2406 4780 quia
2439 4725 2547 4763 non
2583 4722 2769 4763 sumus
2794 4706 3121 4773 consumpti,
3155 4701 3485 4773 prastando
3514 4700 3668 4756 vide-

1970 4802 2100 4857 licet
2148 4802 2208 4856 in
2256 4800 2376 4870 ipso
2424 4811 2607 4869 pravo
2657 4803 2791 4851 actu
2838 4793 3117 4848 viciniora
3148 4790 3341 4847 saluti.
3393 4788 3666 4859 Alioquin

1971 4889 2220 4961 profecto
2298 4887 2625 4952 deﬁcerent,
2692 4884 2739 4940 si
2816 4879 3221 4952 iniquitatibus
3278 4876 3668 4932 misericordia

1971 4978 2255 5034 cederent.

2043 5066 2215 5121 Vnus.
2277 5066 2364 5118 23.
2420 5093 2489 5102 -
2552 5084 2571 5110 ι
2626 5058 2767 5116 Νονὶ
2817 5055 3097 5135 diluculo,
3148 5054 3335 5109 multa
3387 5057 3474 5107 est
3529 5050 3668 5106 ﬁdes

1979 5175 2000 5201 ι
2055 5161 2171 5208 tua.
2229 5174 2248 5200 ν
2307 5150 2467 5215 Quod
2514 5156 2599 5205 est
2646 5147 2835 5203 dicere
2884 5147 3064 5201 Deum
3105 5142 3178 5198 ad
3225 5140 3527 5196 animam:
3581 5138 3669 5193 Ex

1977 5249 2078 5297 tua
2107 5239 2409 5296 sedulitate
2437 5244 2491 5292 et
2519 5236 2825 5307 vigilantia
2855 5232 2991 5289 novi
3016 5229 3158 5303 quia
3184 5228 3383 5285 multa
3411 5226 3487 5283 sis
3515 5226 3667 5282 ﬁdei.

1978 5328 2312 5384 Diiuculum
2340 5330 2491 5381 $54
2515 5326 2669 5381 enim
2707 5337 2811 5393 pro
2842 5319 3145 5377 sedulitate
3170 5316 3373 5373 crebro
3413 5312 3668 5383 ponitur.

1978 5418 2126 5472 sicut
2158 5424 2214 5471 et
2245 5413 2623 5470 matutinum.
2670 5411 2832 5479 Quod
2862 5409 2931 5477 si,
2975 5408 3150 5480 juxta
3175 5402 3444 5475 quadam
3471 5413 3674 5456 exem-

245 5588 363 5657 (17)
401 5586 620 5642 Versus
648 5582 766 5653 ipse
795 5582 855 5638 in
883 5581 1132 5638 editione
1161 5578 1306 5636 Sixti
1336 5579 1406 5634 20
1433 5584 1780 5635 numeratur
1806 5583 1863 5633 et
1888 5588 2137 5647 sequens
2170 5577 2255 5629 19.
