3956 6406
359 348 460 404 471

1250 351 1319 405 ν.
1368 351 1705 409 GUIBERTI
1740 351 2034 406 ABBATlS
2071 349 2129 404 S.
2171 350 2411 406 MARLE
2447 352 2540 408 DE
2582 352 2969 411 NOVIGENTO

3773 361 3862 415 4ῖὲ

363 476 568 546 plaria,
601 476 790 533 nescio
818 477 866 533 si
896 477 1188 546 mendosa,
1234 479 1464 536 dicatur
1490 496 1660 548 nove,
1693 481 1770 536 ita
1798 493 2052 548 expone-
2087 481 2136 533 Α
2170 499 2190 526 ›
2229 479 2524 536 Dominus.
2573 503 2594 530 ι
2629 481 2830 552 Caph,‘
2852 483 3063 541 dicitur
3113 489 3455 556 incurvatus,
3503 504 3629 546 non
3681 499 3863 547 tamen

364 571 461 619 tur
515 579 528 618 :
597 567 812 620 Veteres
874 567 1260 620 misericordiae
1306 575 1462 633 sunt,
1522 582 1654 637 quae
1711 568 2053 638 plerumque

363 659 715 721 praestantur
785 653 1047 722 ingratis,
1101 662 1156 709 et
1204 654 1293 708 hae
1346 669 1462 708 non
1518 655 1623 708 nisi
1689 653 2045 722 temporales.

360 741 524 794 Nova:
563 747 776 806 autem,
812 753 942 809 quae
971 753 1044 795 ex
1093 740 1511 795 illuminatione
1557 742 1770 796 recenti
1809 741 1868 796 in
1911 755 2049 796 con-

363 839 659 881 versorum
701 827 994 882 mentibus
1037 827 1204 896 quasi
1249 827 1570 882 diluculum
1599 828 1948 894 elucescunt,
1995 834 2051 883 et

360 913 452 970 hae
505 913 824 970 aeternales.
886 914 1097 970 Deinde
1153 915 1307 984 quod
1363 915 1649 983 sequitur,
1705 915 2050 984 apostropha

358 999 468 1054 erit
494 999 622 1069 ejus
649 999 722 1056 ad
752 1000 954 1066 Deum,
990 1001 1092 1070 qui
1119 1001 1200 1055 sic
1227 1001 1297 1055 de
1339 1001 1742 1056 misericordiis
1789 1001 2047 1072 gratula-

356 1093 471 1142 tur.

429 1173 601 1229 Vnus.
643 1174 732 1228 24.
777 1203 846 1213 —
881 1196 902 1222 ι
957 1174 1094 1229 Pars
1140 1187 1266 1229 mea
1308 1174 1606 1241 Dominus,
1654 1175 1802 1231 dixit
1853 1179 2046 1232 anima

363 1280 384 1307 ι
420 1273 576 1329 mea;
626 1267 923 1330 propterea
951 1261 1292 1330 exspectabo
1331 1276 1488 1317 eum.
1525 1285 1545 1310 ι
1582 1262 1728 1325 Non,
1764 1263 1972 1333 inquit,
2011 1278 2046 1318 a

354 1346 471 1402 Deo
515 1346 934 1403 misericordias
982 1348 1320 1418 temporales
1354 1349 1666 1418 praestolor,
1709 1350 1806 1406 sed
1854 1351 2045 1420 ipsum

353 1433 562 1489 animae
617 1449 755 1490 meae
826 1435 992 1505 quasi
1050 1435 1480 1491 retributoriam
1536 1444 1755 1505 partem
1806 1438 2041 1506 sortior;

353 1528 648 1590 propterea
699 1536 798 1590 spe
829 1522 1019 1578 vivaci
1047 1537 1161 1578 non
1183 1523 1310 1593 ejus
1342 1523 1690 1592 transitoria,
1724 1525 1820 1581 sed
1854 1526 2042 1596 ipsum

351 1608 619 1665 eumdem
649 1608 938 1678 opperior.

1109 1711 1274 1753 ἸῈἸἮ.

2162 565 2220 621 in
2272 572 2518 634 terrena,
2552 569 2648 623 sed
2689 569 2761 624 ad
2810 571 2900 625 sui
2935 570 3363 640 vilipensionem
3394 575 3630 632 salubri
3678 581 3862 632 consi-

2158 651 2454 708 deratione
2506 655 2829 723 depressus.
2880 657 2963 712 Ac
3020 659 3067 712 si
3128 659 3370 716 diceret:
3429 663 3608 718 Haud
3656 663 3868 733 injuria

2160 737 2520 807 humiliatur,
2591 741 2731 811 quia
2775 757 2892 798 non
2945 745 3003 800 in
3066 747 3484 815 sempiternum
3535 750 3864 820 repellitur,

2157 823 2284 880 licet
2317 826 2603 882 modernte
2635 827 2835 882 vilitati
2870 830 3054 886 addici
3087 832 3371 901 videatur,
3400 835 3458 890 in
3489 851 3684 893 manu
3712 839 3867 893 enim

2155 911 2254 967 Dei
2305 913 2444 968 fines
2473 921 2638 969 terrae
2680 925 2836 983 sunt,
2872 920 2972 986 (μί
3013 919 3226 976 scilicet
3263 923 3664 980 terrenitatem
3705 925 3772 979 in
3813 941 3866 981 se

2153 1009 2525 1057 consumunt.
2561 1002 2707 1066 Quia
2737 1005 2784 1058 si
2831 1005 3041 1074 abjecit
3073 1007 3132 1061 in
3181 1009 3285 1064 hoc
3312 1023 3408 1066 eos
3447 1013 3672 1067 saeculo
3706 1012 3863 1066 afﬂi-

2155 1088 2359 1157 gendo,
2394 1089 2758 1147 miserebitur
2805 1099 2995 1150 tamen
3042 1098 3364 1154 secundum
3412 1101 3858 1157 multitudinem

2153 1174 2586 1232 miserationum
2617 1192 2858 1234 suarum
2889 1180 2949 1234 in
2981 1181 3195 1238 futuro.

2225 1263 2390 1318 Vnns.
2429 1267 2515 1318 33.
2546 1295 2615 1304 -—
2654 1288 2674 1314 ι
2713 1267 2838 1321 Non
2867 1268 3018 1323 enim
3047 1270 3375 1328 humiliavit
3411 1288 3484 1329 ex
3516 1276 3697 1331 corde
3729 1292 3856 1344 suo,

2159 1368 2177 1393 ι
2208 1355 2264 1402 et
2292 1349 2498 1418 abjecit
2525 1351 2668 1406 ﬁlios
2695 1353 2939 1410 hominis
2969 1357 3093 1426 [al.,
3124 1357 3468 1431 hominum].
3508 1383 3530 1410 ι
3567 1363 3860 1419 Ifumiliat

2151 1433 2304 1490 Deus
2348 1451 2416 1490 ex
2454 1439 2629 1503 corde,
2673 1455 2822 1510 quos
2859 1443 2941 1498 sic
2971 1445 3027 1498 in
3059 1447 3321 1514 praesenti
3357 1450 3522 1518 punit
3551 1458 3622 1506 ut
3667 1452 3861 1522 magis

2150 1522 2356 1589 puniat
2403 1525 2800 1583 retributionis
2826 1535 3094 1599 tempore.
3133 1533 3299 1589 Modo
3329 1549 3463 1590 vero
3507 1535 3778 1607 ﬂagellat
3806 1549 3859 1594 et

2148 1609 2344 1677 abjicit
2388 1613 2573 1680 specie
2623 1621 2790 1670 tenus
2827 1619 2965 1685 ﬁlios
2999 1620 3252 1687 hominis,
3293 1637 3426 1678 cum
3470 1638 3506 1680 a
3557 1627 3858 1682 mundiali

2145 1703 2403 1752 extorres
2447 1697 2584 1755 facit
2628 1700 2824 1757 laetitia
2872 1703 3015 1760 ﬁlios
3061 1706 3473 1777 Redemptoris.
3527 1710 3664 1767 Non
3695 1713 3856 1768 enim

422 1780 595 1838 Vens.
624 1784 715 1836 25.
755 1811 826 1824 —
857 1803 884 1831 α
920 1783 1112 1840 Bonus
1145 1792 1229 1840 est
1267 1784 1545 1842 Dominus
1574 1785 1939 1854 sperantibus
1981 1787 2039 1843 in
2078 1761 2120 1816 Β
2149 1781 2296 1838 dixit
2338 1783 2640 1841 hominum
2687 1788 2785 1843 sed
2828 1788 3086 1859 hominis,
3117 1761 3484 1862 ιιιίἁὲ

355 1889 376 1916 ι
440 1883 595 1925 eum.
656 1891 677 1918 ι
735 1870 896 1937 Teth,
960 1871 1372 1942 interpretatur
1427 1873 1637 1929 bonum.
1692 1874 1815 1941 Quo
1885 1877 2037 1933 enim

351 1953 723 2012 aﬂ'ectuosius
764 1971 864 2026 spe
910 1957 1018 2013 ibis
1068 1959 1125 2013 in
1167 1959 1370 2025 Deum,
1403 1975 1470 2016 eo
1515 1962 1944 2032 praecordialius
1984 1972 2040 2020 et

350 2041 700 2100 ineﬂ’abilius
737 2045 1016 2116 intelliges
1043 2045 1284 2102 bonum.

417 2130 590 2188 Vens.
625 2135 714 2186 26.
747 2161 820 2175 —
867 2155 888 2182 ι
921 2133 1140 2189 Animae
1174 2135 1455 2203 quaerenti
1487 2135 1671 2191 illum.
1705 2137 1924 2194 Bonum
1955 2146 2039 2194 est

352 2238 373 2265 ι
410 2219 726 2286 praestolari
761 2234 893 2275 cum
923 2221 1145 2276 silentio
1184 2221 1436 2278 salutare
1464 2223 1706 2278 Domini.
1736 2246 1758 2273 ι
1794 2227 2034 2289 Anima),

345 2318 478 2374 quae
524 2305 668 2360 nihil
700 2315 905 2374 praeter
957 2308 1138 2363 Deum
1167 2311 1375 2376 quaerit
1415 2311 1534 2378 (qui
1565 2311 1718 2366 enim
1773 2312 2036 2368 bifariam

345 2391 570 2459 nititur,
622 2394 800 2448 Deum
857 2402 1004 2450 recte
1061 2395 1333 2465 quaesisse
1386 2410 1502 2451 non
1560 2398 1792 2467 dicitur)
1847 2400 2039 2454 bonum

346 2485 426 2532 est
455 2479 577 2534 sine
616 2482 1032 2550 praeparatione
1072 2481 1269 2552 aliqua
1318 2483 1427 2539 sub
1467 2484 1694 2540 diurnis
1746 2487 2038 2543 laboribus

349 2566 449 2621 Dei
493 2581 610 2622 non
658 2567 911 2624 fastidire
955 2570 1285 2639 servitium;
1330 2571 1413 2626 sic
1455 2572 1606 2626 enim
1652 2573 1940 2630 dormitur
1977 2575 2036 2630 in

353 2652 540 2708 medio
582 2653 872 2710 clerorum
920 2655 1104 2722 (Psal.
1153 2671 1321 2724 van,
1376 2658 1483 2726 14).
1536 2657 1697 2724 Quod
1748 2660 1901 2716 enim
1945 2661 2038 2717 hic

347 2739 638 2796 silentium
670 2741 898 2809 dicitur,
930 2742 1047 2798 illic
1076 2743 1342 2799 dormire.

419 2827 589 2884 Vens.
622 2831 710 2882 27.
755 2855 826 2870 —
861 2851 881 2878 ι
932 2830 1155 2886 Bonum
1209 2832 1352 2899 viro,
1394 2847 1526 2888 cum
1581 2835 1896 2903 portaverit
1945 2837 2038 2907 ju-

360 2935 381 2961 »
424 2928 562 2985 gum
608 2915 680 2971 ab
712 2915 1092 2972 adolescentia
1121 2931 1248 2973 sua.
1281 2940 1310 2968 »
1341 2922 1540 2985 Iugum
1575 2923 1645 2974 ab
1677 2923 2036 2978 adolescentia

348 3009 556 3070 portat,
591 3003 694 3071 qui
735 3016 835 3072 pro
864 3004 1257 3061 adolescentiae
1287 3009 1536 3063 motibus
1564 3023 1682 3065 sese
1716 3011 1824 3067 sub
1852 3011 2033 3068 divini

349 3089 566 3145 timoris
594 3090 956 3160 depressione
985 3094 1244 3164 castigat.

1129 3195 1244 3236 JOD.

415 3264 586 3321 Vnus.
631 3267 721 3320 28.
752 3296 822 3307 —
853 3287 883 3316 ‹‹
927 3266 1154 3324 Sedebit
1198 3269 1508 3336 solitarius,
1537 3279 1594 3328 et
1624 3274 1851 3343 tacebit,
1893 3277 2034 3346 quia

343 3371 372 3400 ››
405 3350 617 3408 levavit
661 3367 722 3409 se
769 3367 945 3423 super
990 3369 1069 3412 se.
1127 3376 1148 3403 ι
1187 3357 1310 3424 Jod,
1364 3357 1778 3429 interpretatur
1819 3367 2032 3432 princi-

337 3441 514 3507 pium,
551 3440 707 3510 quod
755 3442 1101 3510 principium
1131 3458 1248 3499 non
1277 3453 1392 3500 tam
1437 3447 1508 3502 ad
1563 3449 1806 3514 initium,
1854 3466 2034 3521 quam

343 3525 415 3580 ad
459 3527 772 3595 quamdam
820 3527 1300 3596 principalitatem
1340 3531 1603 3588 refertur.
1639 3537 2033 3594 Determinans

340 3611 494 3667 enim
536 3612 748 3682 jugum
779 3613 1006 3668 videtur
1033 3628 1340 3684 exponere.
1390 3617 1553 3674 Sedet
1580 3622 1882 3687 solitarius,
1929 3627 2031 3696 qui

343 3696 404 3751 in
457 3697 662 3753 humili
718 3712 777 3754 se
838 3699 1082 3764 cohibet,
1129 3715 1164 3756 a
1214 3705 1454 3759 terrenis
1513 3719 1631 3761 sese
1685 3713 2031 3769 removendo

341 3783 712 3866 tumultibus.
757 3785 927 3841 Tacet
978 3801 1134 3854 vero,
1187 3803 1319 3844 cum
1377 3792 1570 3860 sopitis
1615 3796 2029 3866 cogitationum

344 3864 939 3939 imaginationumque
986 3872 1160 3942 nugis
1201 3873 1302 3928 soli
1351 3889 1525 3932 orans
1581 3864 1841 3950 loquitur
1893 3884 2025 3941 Deo.

341 3952 505 4020 Quod
548 3955 714 4012 aliter
749 3956 868 4014 ﬁeri
915 3973 1030 4014 non
1081 3961 1286 4029 potuit,
1335 3963 1446 4018 nisi
1493 3965 1633 4034 quia
1675 3983 1730 4021 se
1771 3983 1934 4038 super
1975 3988 2030 4027 se

344 4037 514 4107 levat,
561 4041 617 4098 id
663 4052 744 4100 est
785 4043 1202 4104 animalitatem
1243 4062 1409 4105 suam
1454 4037 1850 4120 spiritualitati
1884 4060 2028 4116 sub-

336 4125 526 4198 jugaL

413 4214 585 4271 Vens.
615 4218 704 4271 29.
747 4246 818 4257 —
852 4238 882 4267 ‹‹
913 4219 1086 4274 Ponet
1119 4219 1178 4274 in
1217 4220 1454 4290 pulvere
1481 4238 1542 4280 os
1569 4239 1762 4297 suum,
1807 4232 1852 4286 si
1886 4233 2027 4292 forte

2152 1890 2179 1918 ι
2214 1871 2268 1925 Si
2315 1886 2405 1927 me
2436 1875 2714 1942 persecuti
2764 1885 2921 1945 sunt,
2953 1885 3009 1934 et
3039 1893 3141 1935 vos
3191 1890 3617 1952 persequentur
3670 1888 3852 1950 (Joan.

2154 1978 2177 2006 .
2213 1972 2310 2026 xv,
2351 1961 2464 2029 20).
2504 1982 2526 2010 .

2658 2051 2908 2120 [munra
2946 2054 3045 2119 al.,
3081 2056 3318 2125 nunc].

2219 2132 2390 2189 Vens.
2439 2136 2528 2189 34.
2561 2164 2632 2178 -
2668 2159 2690 2186 ι
2748 2139 2818 2195 Ut
2857 2148 3170 2197 contereret
3199 2144 3308 2199 sub
3353 2144 3599 2213 pedibus
3646 2161 3852 2204 omnes

2148 2236 2178 2270 ιι
2206 2219 2428 2276 vinctos
2477 2229 2658 2278 terrae.
2709 2245 2731 2272 ι
2769 2226 2991 2282 Dicitur
3019 2243 3183 2284 servo
3217 2243 3230 2283 :
3282 2230 3592 2287 Servamus
3646 2242 3848 2290 autem

2146 2308 2302 2375 quod
2347 2322 2446 2376 pro
2495 2311 2763 2379 mysterio
2808 2313 3106 2369 habemus.
3167 2315 3501 2384 Mysterium
3559 2333 3706 2376 vero
3765 2329 3846 2377 est

2147 2395 2302 2462 quod
2351 2396 2526 2466 hujus
2567 2399 2762 2454 saeculi
2806 2401 3088 2469 pressuris
3117 2403 3438 2471 atterimur,
3489 2405 3590 2460 sed
3637 2405 3715 2462 de
3757 2422 3846 2462 se—

2147 2483 2376 2550 quentis
2418 2484 2546 2540 vitae
2595 2494 2749 2542 statu
2807 2489 3174 2558 ambigimus.
3227 2491 3439 2547 Sensus
3489 2506 3630 2563 ergo
3704 2503 3843 2549 est:

2145 2569 2356 2639 Abjicit
2387 2572 2618 2640 quidem
2648 2575 2794 2638 ﬁlios
2838 2576 3088 2644 hominis,
3121 2582 3180 2630 ut
3205 2586 3461 2634 conterat
3489 2595 3676 2635 omnes
3727 2586 3846 2636 vin-

2146 2663 2256 2710 clos
2301 2663 2455 2712 terrae
2493 2660 2590 2713 sub
2627 2663 2856 2730 pedibus
2899 2664 3037 2725 suis,
3090 2673 3151 2720 ut
3181 2665 3440 2722 videlicet
3481 2682 3691 2724 omnes
3747 2671 3848 2740 qui

2147 2744 2324 2814 hujus
2355 2746 2549 2801 saeculi
2580 2749 2843 2817 negotiis,
2877 2758 2978 2806 aut
3007 2751 3362 2820 quibuslibet
3390 2753 3546 2810 vitiis
3578 2757 3851 2812 vinciun-

2147 2838 2261 2897 tur,
2295 2833 2737 2900 praedicatorum
2770 2850 3009 2892 suorum
3041 2838 3150 2893 sub
3183 2839 3526 2896 documento
3557 2842 3849 2914 frangan-

2148 2925 2259 2972 tur.
2306 2917 2464 2984 Quod
2509 2921 2842 2978 estdicere:
2890 2924 2944 2979 Si
2981 2925 3082 2980 ﬁlii
3127 2925 3228 2982 Dei
3265 2935 3320 2983 et
3367 2927 3619 2985 hominis
3651 2946 3849 3002 quan-

2073 3033 2114 3090 C
2144 3013 2265 3061 tum
2310 3007 2490 3061 oculis
2536 3008 2778 3078 adjacet,
2830 3012 3204 3081 abjiciuntur,
3239 3023 3456 3084 quanto
3503 3018 3700 3088 magis
3751 3021 3848 3076 ﬁlii

2144 3093 2358 3147 diaboli
2389 3095 2683 3163 quondam
2713 3111 2845 3153 cum
2871 3099 2944 3153 ad
2969 3099 3069 3155 Dei
3101 3101 3428 3158 tiliationem
3460 3105 3842 3176 rediguntur,

2142 3195 2257 3236 non
2306 3182 2473 3237 modo
2504 3182 2639 3250 Deo,
2671 3185 2770 3240 sed
2812 3186 2983 3241 etiam
3015 3190 3197 3244 servis
3234 3190 3354 3257 Dei,
3384 3193 3486 3259 qui
3527 3203 3673 3250 sunt
3721 3197 3848 3266 ejus

2141 3269 2333 3336 pedes,
2357 3271 2512 3340 quod
2541 3286 2673 3327 eum
2701 3273 3063 3342 praedicando
3083 3277 3518 3348 circumferunt,
3553 3296 3676 3338 non
3699 3298 3843 3349 esse,

2141 3363 2243 3411 aut
2273 3365 2447 3426 stare,
2493 3359 2588 3414 sed
2631 3361 2870 3428 conteri,
2917 3362 2974 3418 id
3002 3370 3086 3418 est
3116 3379 3354 3434 prorsus
3382 3367 3686 3426 humiliari
3722 3386 3847 3427 me-

2138 3444 2378 3500 rentur?
2425 3444 2578 3512 Quos
2619 3448 2841 3503 vinctos
2867 3449 3060 3506 educit
3109 3453 3406 3522 Dominus,
3446 3454 3624 3525 juxta
3679 3459 3842 3528 psal-

2138 3544 2318 3598 mum,
2351 3531 2408 3586 in
2435 3532 2764 3590 fortitudine
2789 3536 2954 3605 (Psal.
2987 3553 3166 3606 nxvu,
3193 3540 3266 3609 7).

2209 3619 2378 3675 Vnus.
2414 3622 2500 3675 35.
2537 3650 2599 3662 —
2635 3643 2656 3671 ι
2695 3623 2765 3679 Ut
2793 3623 3105 3682 declinaret
3133 3627 3422 3697 judicium
3453 3630 3566 3686 viri
3598 3632 3664 3688 in
3693 3649 3840 3691 con-

2140 3726 2164 3755 .
2223 3715 2417 3775 spectu
2458 3709 2656 3765 vultus
2709 3711 3003 3767 Altissimi.
3065 3735 3086 3762 ι
3167 3716 3499 3773 Declinatur
3543 3720 3840 3788 judicium

2133 3796 2246 3848 viri
2268 3798 2325 3848 in
2352 3802 2633 3864 conspectu
2651 3800 2831 3853 vultus
2860 3800 3156 3868 Altissimi,
3191 3818 3325 3859 cum
3345 3806 3560 3861 scimus
3592 3807 3840 3866 indubie

2134 3895 2238 3936 nos
2293 3883 2564 3952 operibus
2637 3885 2802 3941 bonis
2853 3888 3131 3956 insistere,
3191 3898 3246 3946 et
3295 3900 3484 3949 tamen
3537 3899 3841 3955 nescimus

2135 3975 2332 4025 utrum
2384 3970 2513 4025 odio
2567 3971 2728 4042 digni
2774 3973 2976 4041 simus,
3029 3989 3106 4031 an
3161 3991 3356 4034 amore
3386 3982 3575 4044 (Eccle.
3623 3999 3705 4049 ix,
3767 3987 3835 4057 l).

2133 4055 2404 4113 Nostrum
2440 4071 2577 4128 ergo
2617 4059 2903 4128 judicium
2951 4063 3022 4118 ad
3067 4063 3294 4121 vultum
3331 4066 3604 4125 Altissimi
3647 4055 3839 4129 decli-

2134 4157 2361 4212 namus,
2409 4158 2543 4202 cum
2591 4147 2746 4216 quod
2780 4148 2852 4204 de
2899 4149 3064 4207 nobis
3112 4152 3388 4210 metimur
3417 4154 3543 4224 ejus
3593 4161 3838 4216 trutina:

2133 4245 2516 4288 reservamus.

343 4321 368 4350 ι
401 4301 472 4357 sit
504 4315 651 4370 spes.
703 4323 725 4350 ι
760 4304 827 4358 In
865 4305 1087 4373 pulvere
1131 4321 1188 4362 os
1225 4323 1381 4364 suum
1410 4313 1592 4380 ponit,
1639 4317 1741 4384 qui
1771 4321 2026 4388 quamli-
2065 4318 2110 4372 D
2209 4319 2379 4375 Vens.
2413 4319 2501 4374 36.
2531 4350 2599 4360 -—
2637 4343 2658 4370 ι
2708 4323 2778 4379 Ut
2823 4333 3169 4392 perverteret
3200 4327 3490 4386 hominem
3523 4331 3581 4386 in
3605 4333 3832 4404 judicio

339 4388 433 4444 bet
479 4401 708 4445 summa
767 4399 946 4461 gerat,
997 4407 1056 4449 se
1085 4401 1277 4451 tamen
1326 4411 1552 4468 semper
1603 4403 1918 4474 pulverem,
1967 4410 2024 4466 id

337 4481 423 4531 est
469 4484 818 4544 peccatorem
865 4482 1235 4551 recognoscit.
1284 4484 1546 4542 Peccanti
1601 4491 1754 4547 enim
1806 4495 2021 4554 dictum

338 4568 467 4652 est:
519 4583 540 4612 ι
593 4563 791 4622 Pulvis
838 4580 896 4622 es
945 4568 1103 4637 (Gen.
1154 4585 1237 4640 Ill,
1286 4575 1390 4644 19).
1432 4594 1455 4624 ι
1502 4577 1572 4632 Ει
1632 4579 1740 4634 hoc
1773 4581 1923 4652 facit,
1972 4588 2026 4640 si

334 4651 478 4716 forte
522 4652 598 4706 sit
632 4667 772 4720 spes,
826 4661 890 4710 ut
935 4655 1194 4715 videlicet
1231 4659 1340 4716 sibi
1386 4675 1611 4732 semper
1638 4651 1914 4726 videatur
1952 4671 2022 4728 de

333 4737 448 4793 Deo
491 4751 722 4808 sperare
772 4741 1026 4811 praemia,
1069 4745 1234 4814 quasi
1286 4749 1554 4816 quaedam
1587 4752 1861 4822 ambigua
1908 4771 2016 4813 res.

335 4824 529 4893 (Vnus.
560 4826 669 4896 30).
707 4849 730 4876 ε
769 4827 938 4884 Dabit
965 4832 1305 4899 percutienti
1334 4847 1393 4889 se
1430 4837 1743 4904 maxillam,
1792 4851 2018 4902 satura-

337 4928 358 4955 ι
409 4909 568 4966 bitur
591 4913 932 4982 opprobriis.
967 4935 996 4964 ›
1024 4919 1355 4975 Percutienti
1399 4925 1686 4980 maxillam
1723 4927 1822 4984 dat
1851 4932 2019 5000 quis-

329 4997 464 5065 quis
491 5013 560 5055 ea
587 5013 718 5068 quae
764 5001 875 5057 sibi
902 5007 1224 5063 amantiora
1251 5015 1308 5064 et
1353 5011 1754 5079 spectabiliora
1781 5018 1840 5072 in
1867 4997 2014 5086 prae-

327 5084 474 5174 senti
517 5094 838 5144 noscuntur
885 5089 1129 5160 injurias
1157 5094 1367 5152 inferre
1408 5098 1736 5157 volentibus
1777 5084 2017 5174 exponit

327 5168 522 5262 potius
571 5184 752 5241 quam
807 5173 1085 5262 defensat.
1145 5181 1466 5250 Opprobriis
1513 5192 1833 5257 saturatur,
1856 5168 1874 5174 “
1909 5194 2012 5262 qui

324 5253 478 5398 ipias
544 5258 922 5317 contumelias
979 5275 1084 5332 pro
1139 5267 1382 5325 summis
1433 5271 1543 5328 sibi
1611 5253 2012 5336 refectionibus

324 5354 388 5397 ar
433 5341 663 5398 itratur.

321 5341 663 5400 arbitratur.

728 5480 736 5484 -
1076 5451 1243 5495 CAPH.

385 5515 557 5574 Vnus.
605 5519 692 5573 3|.
727 5549 795 5560 —
829 5541 851 5569 ι
882 5520 1028 5589 Quia
1056 5539 1170 5582 non
1202 5527 1434 5598 repellet
1483 5530 1543 5586 in
1589 5533 2004 5602 sempiternum

2138 4425 2160 4454 ι
2197 4419 2324 4474 suo,
2373 4407 2650 4464 Dominus
2689 4409 2992 4480 ignoravit.
3031 4435 3052 4462 ι
3100 4414 3342 4484 Abjecit,
3376 4417 3640 4487 inquam,
3685 4425 3830 4491 ﬁlios

2133 4494 2388 4562 hominis,
2425 4502 2487 4551 ut
2535 4505 2880 4566 perverteret
2927 4500 3220 4558 hominem
3251 4506 3309 4558 in
3330 4505 3543 4572 judicio
3587 4524 3718 4577 suo,
3769 4520 3830 4568 ιιι

2130 4583 2447 4638 ostenderet
2493 4585 2696 4654 utique
2736 4601 2854 4642 non
2899 4589 2979 4643 ita
3033 4602 3068 4643 a
3121 4591 3235 4646 Deo
3287 4594 3700 4662 praestitutum,
3767 4607 3826 4656 ut

2129 4667 2290 4725 bonis
2320 4670 2470 4727 bona
2505 4671 2846 4730 facientibus
2875 4675 3025 4731 bona
3053 4678 3122 4732 ad
3151 4693 3402 4748 praesens
3447 4683 3822 4742 restitueren-

2127 4763 2252 4826 tur;
2282 4757 2365 4814 sic
2390 4759 2544 4815 enim
2575 4761 2832 4816 moribus
2865 4770 2949 4818 est
2977 4763 3252 4822 humanis
3282 4769 3568 4837 inolitum,
3603 4779 3670 4828 ut
3719 4775 3822 4830 bo-

2127 4858 2271 4900 num
2315 4847 2631 4914 quemlibet
2678 4849 2844 4904 malis
2891 4864 3251 4920 oppressum,
3309 4856 3526 4913 bonum
3579 4860 3821 4917 minime

2124 4931 2403 4988 aestiment
2445 4935 2760 5004 exstitisse;
2792 4938 2947 5007 quod
2983 4939 3042 4994 in
3071 4939 3390 4999 amicorum
3417 4945 3520 5000 Job
3549 4947 3819 5016 opinione

2123 5021 2386 5075 crevisse.
2437 5021 2542 5078 Sed
2581 5023 2690 5080 hoc
2735 5025 3016 5082 Dominus
3057 5027 3304 5098 ignorat,
3337 5031 3438 5100 qui
3480 5032 3644 5089 bonis
3697 5041 3820 5107 ple-

2121 5119 2372 5177 rumque
2419 5111 2591 5178 mala,
2639 5119 2694 5167 et
2731 5113 2898 5170 malis
2938 5115 3113 5171 etiam
3142 5116 3312 5186 bona,
3364 5120 3628 5191 utrisque
3676 5139 3818 5196 quo-

2121 5208 2236 5264 que
2263 5194 2566 5266 aliquoties
2595 5200 2812 5256 meritis
2839 5202 2960 5257 suis
2987 5205 3386 5262 convenientia
3417 5217 3669 5277 praestat.

2188 5367 2359 5426 Vsus.
2379 5372 2467 5425 37.
2489 5400 2560 5414 —
2581 5394 2603 5422 ι
2627 5372 2766 5440 Quis
2783 5383 2869 5432 est
2887 5377 2990 5433 iste
3013 5379 3114 5448 qui
3131 5379 3280 5436 dixit
3300 5388 3364 5438 ut
3385 5381 3545 5440 ﬁeret
3565 5383 3808 5441 Domino

2116 5459 2265 5508 πε
2311 5470 2426 5512 non
2469 5459 2754 5527 jubente?
2809 5483 2830 5510 ι
2887 5464 3054 5531 Mem,
3109 5466 3523 5537 interpretatur
3574 5474 3802 5526 viscera.

2114 5539 2413 5599 Exclamat
2451 5558 2593 5614 ergo
2622 5548 2902 5616 propheta
2935 5551 3214 5609 adversus
3238 5568 3334 5610 eos
3357 5556 3460 5625 qui
3488 5556 3558 5612 de
3590 5558 3804 5616 talibus
