3956 6404
95 365 208 421 473

840 363 1298 421 TROPOLOGI/E
1334 362 1408 419 IN
1448 361 1653 431 OSEE,
1695 362 1876 418 AMOS
1916 363 2006 418 ET
2044 361 2187 418 JER.
2232 389 2295 403 -—
2340 362 2471 417 LIB.
2517 365 2576 418 V.
2621 364 2690 419 IN
2728 364 2880 419 JER.

3499 368 3605 419 474-

93 508 563 572 conquerantur,
612 501 935 557 secundum
996 513 1144 569 quos
1193 505 1248 555 et
1298 498 1573 568 psalmus,
1624 498 1795 564 Quam
1834 501 1880 552 Α
1980 497 2151 553 Vens.
2184 497 2272 550 44.
2303 526 2368 538 —
2405 518 2425 545 ι
2477 496 2805 567 Opposuisti
2864 496 3078 552 nubem
3129 496 3251 562 tibi,
3303 510 3372 552 ne
3413 504 3600 553 trans-

95 590 273 645 bonus
309 591 479 645 Israel
523 593 705 644 Deus!
760 588 1119 656 conscriptus
1155 595 1237 643 est
1283 588 1457 657 (Psat.
1495 601 1665 653 Lxxn,
1724 587 1795 657 l).

96 680 337 733 Domino
374 693 478 732 non
492 678 715 747 jubente
744 677 864 732 fieri
892 676 1049 742 dicit,
1095 676 1195 746 qui
1228 690 1323 731 eos
1354 690 1499 745 quos
1528 676 1800 731 seelerose

100 766 363 821 victitare
388 765 698 836 cognoscit,
731 778 1016 834 sanosque
1046 762 1359 819 incolumes
1402 777 1470 818 ac
1499 764 1800 832 opulentos

95 853 362 920 attendit,
405 852 637 908 fortuna
684 851 874 922 potius
919 865 1095 929 quam
1141 852 1237 907 Dei
1272 852 1492 922 judicio
1541 851 1631 922 agi
1684 864 1800 906 cre-

95 940 205 996 dit.

175 1028 345 1084 Vens.
380 1031 467 1083 38.
494 1056 566 1070 —
600 1051 619 1076 u
662 1027 750 1083 Ex
792 1042 890 1083 ore
935 1027 1212 1083 Altissimi
1267 1043 1382 1083 non
1431 1028 1801 1099 egredientur

98 1136 129 1164 »
166 1131 270 1171 nec
300 1117 471 1184 bona,
506 1131 611 1172 nec
643 1116 813 1172 mala.
853 1137 875 1166 ι
924 1118 1031 1173 Nec
1086 1117 1243 1178 bona,
1288 1132 1381 1169 nec
1425 1116 1578 1171 mala
1615 1132 1682 1169 ea:
1710 1132 1800 1169 ore

92 1206 381 1260 Altissimi
425 1207 823 1276 egrediuntur,
890 1207 1030 1276 quia
1071 1219 1375 1274 nunquam
1437 1205 1495 1259 in
1550 1220 1793 1274 praesen-

92 1294 314 1349 tiarum
347 1295 574 1363 proprie
623 1295 773 1350 bona
828 1294 1012 1360 bonis,
1071 1308 1176 1349 nec
1232 1307 1438 1349 rursus
1482 1293 1799 1362 specialiter

92 1381 255 1436 mala
339 1383 505 1437 malis
568 1395 642 1437 ex
726 1382 1008 1437 sententia
1079 1381 1384 1451 contigisse
1456 1381 1794 1437 creduntur.

93 1469 420 1539 Utrobique
449 1471 605 1526 enim
652 1470 916 1535 credunt,
970 1469 1112 1539 quia
1158 1469 1423 1538 utrisque
1468 1468 1799 1523 communia

90 1564 256 1611 sunt.

171 1645 345 1701 Vens.
378 1647 463 1699 39.
494 1676 562 1685 —-
597 1667 623 1694 «
658 1644 806 1712 Quid
848 1643 1362 1715 immurmuravit[
1392 1644 1489 1711 al.,
1524 1658 1796 1699 murmu-

98 1751 121 1777 ι
155 1730 330 1803 ravit]
363 1732 533 1786 homo
562 1732 786 1794 vivens,
809 1732 901 1788 vir
933 1746 1033 1802 pro
1064 1732 1311 1801 peccatis
1354 1731 1520 1787 suis?
1553 1753 1575 1779 -
1610 1732 1792 1785 Homo

1911 605 1932 631 ι
1968 592 2059 639 eat
2083 585 2282 639 oratio.
2319 606 2339 632 ι
2375 585 2568 641 Nubes
2605 586 2651 640 ei
2685 586 3011 654 opponitur,
3061 599 3192 639 cum
3237 584 3599 640 obstaculum

1910 673 2056 727 inter
2083 687 2185 728 nos
2212 681 2265 727 et
2294 674 2475 729 Deum
2512 687 2705 743 prava:
2736 682 2942 729 nostrae
2974 672 3306 728 intentionis
3334 673 3601 728 obtendi-

1907 768 2021 816 tur.
2057 762 2248 817 Oratlo
2289 776 2402 815 non
2447 762 2671 829 transit,
2718 776 2895 831 quam
2941 761 3354 817 malevolentiae
3386 760 3601 816 crassi-

1905 848 2043 903 tudo
2074 850 2306 903 retudit.

1978 936 2148 993 Vens.
2192 938 2279 991 45.
2314 967 2385 976 —
2421 958 2441 984 ‹
2482 938 2935 992 Eradicationem
2980 944 3035 992 et
3080 936 3454 1006 abjectionem
3496 950 3600 1005 po-

1906 1045 1933 1073 »
1970 1025 2134 1080 suisti
2186 1039 2274 1079 me
2302 1024 2358 1079 in
2404 1025 2587 1079 medio
2638 1025 3000 1094 populorum.
3041 1045 3062 1071 ι
3116 1025 3239 1080 Non
3288 1022 3454 1087 dixit,
3484 1034 3602 1077 era-

1904 1114 2106 1168 dicasti
2138 1128 2244 1180 me,
2295 1114 2390 1167 sed
2440 1114 2860 1167 eradicationem
2906 1116 3143 1182 posuisti
3183 1127 3284 1165 me.
3336 1110 3602 1165 Eradica-

1905 1201 2001 1266 tio,
2038 1201 2120 1255 vel
2154 1201 2396 1269 abjectio
2444 1216 2604 1255 mens
2642 1201 2738 1255 illa
2786 1200 2846 1254 iit
2893 1208 2992 1254 aut
3040 1199 3292 1268 ponitur,
3341 1211 3473 1266 qua:
3526 1204 3601 1251 ίοο

1904 1288 2019 1343 tius
2048 1290 2331 1343 interioris
2372 1290 2503 1343 boni
2539 1290 2822 1357 semetipsi
2872 1288 3045 1357 pestis
3082 1287 3348 1342 efficitur.
3399 1285 3600 1340 Eradi-

1904 1384 1994 1431 cat
2021 1378 2172 1432 enim
2206 1385 2261 1432 et
2292 1378 2505 1448 abjicit,
2539 1379 2639 1447 qui
2678 1378 2825 1432 bona
2871 1375 3213 1431 naturaliter
3259 1374 3429 1429 insita
3464 1386 3498 1427 a
3540 1387 3598 1428 se

1903 1473 2229 1534 extorquet,
2261 1473 2316 1520 et
2361 1466 2602 1533 superbe
2644 1464 2919 1519 excludit.
2970 1465 3037 1518 Et
3087 1464 3193 1517 hoc
3232 1462 3293 1517 tit
3337 1464 3394 1514 in
3422 1460 3598 1514 medio

1900 1556 2245 1621 populorum,
2300 1554 2807 1622 circumstrepente
2872 1552 3071 1621 utique
3135 1550 3314 1605 animi
3358 1550 3599 1605 auribus

1903 1641 2226 1711 frequentia
2256 1641 2548 1696 vitiorum.

2684 1744 2813 1785 PHE.

89 1788 684 1885 vicensimurmurat,
728 1820 866 1891 quia
892 1834 1024 1876 cum
1064 1820 1122 1875 in
1173 1820 1419 1889 peccatis
1464 1820 1642 1884 vivat,
1675 1833 1791 1874 non
1830 1788 1875 1844 Β
1976 1818 2145 1873 Vens.
2180 1818 2268 1871 46.
2320 1849 2387 1857 —
2434 1838 2457 1867 ι
2511 1820 2874 1887 Aperuerunt
2937 1829 3109 1885 super
3159 1828 3263 1870 nos
3312 1828 3376 1869 os
3424 1827 3597 1869 suum

91 1905 170 1961 ad
232 1912 464 1975 peccata
518 1906 747 1976 respicit
804 1922 935 1977 quae
987 1915 1292 1977 perpetrat,
1351 1908 1395 1963 si
1452 1907 1671 1977 aliquid
1704 1906 1797 1960 ad-

90 1994 383 2049 versitatis
422 1994 698 2061 incurrat,
733 1996 828 2050 sed
857 2009 1080 2061 eorum,
1113 1996 1212 2065 qui
1262 2009 1432 2065 agere
1478 1996 1671 2065 pejora
1700 1994 1794 2049 vi-

90 2082 328 2145 dentur,
391 2096 511 2137 sese
564 2083 991 2152 comparatione
1039 2083 1337 2153 justiﬁcat.
1405 2086 1504 2138 Vir
1559 2097 1792 2153 quoque

83 2185 196 2241 pro
223 2175 459 2241 peccatis
506 2180 853 2240 murmurat,
902 2186 1034 2227 cum
1077 2186 1191 2227 non
1222 2186 1329 2228 sua
1375 2172 1519 2228 inter
1567 2174 1790 2243 patien-

90 2260 237 2315 dum
298 2268 529 2330 peccata
581 2267 834 2327 accusat,
890 2261 986 2316 sed
1044 2262 1225 2316 Deum
1273 2261 1447 2317 nimie
1501 2261 1792 2317 ferientem

90 2348 475 2418 querimoniis
502 2349 711 2419 pulsat.

873 2452 1001 2491 NUN.

167 2522 343 2578 Vens.
375 2523 465 2576 40.
523 2551 592 2563 -
620 2543 641 2571 ‹
688 2522 1025 2578 Scrutemur
1073 2523 1199 2578 vias
1245 2532 1488 2579 nostras.
1540 2531 1592 2579 et
1625 2539 1792 2593 quaa-

96 2631 118 2657 ιο
148 2622 355 2664 ramus
383 2616 438 2664 et
462 2616 822 2665 revertamur
850 2610 921 2665 ad
967 2611 1295 2667 Dominum.
1334 2631 1359 2660 »
1403 2611 1556 2677 Nun,
1602 2614 1794 2679 sempi-

92 2702 331 2751 ternum.
366 2696 489 2751 Non
517 2699 671 2752 enim
714 2698 1002 2765 convenit,
1032 2698 1077 2753 si
1118 2698 1188 2752 ad
1239 2705 1464 2768 tempus
1511 2713 1610 2767 pro
1661 2714 1792 2768 pec-

89 2793 220 2840 cato
263 2784 599 2853 puniamur,
646 2799 1035 2853 murmurare,
1087 2786 1178 2841 sed
1230 2787 1420 2855 potius
1463 2788 1534 2841 ad
1579 2788 1792 2856 sempi-

90 2880 353 2940 ternum,
394 2872 559 2941 .quod
602 2872 755 2928 Deus
804 2881 907 2940 est,
960 2887 1287 2943 properare,
1327 2874 1487 2930 Unde
1527 2878 1646 2928 vias
1689 2890 1793 2928 no-

88 2966 239 3015 stras
268 2966 587 3026 scrutemur,
635 2960 689 3015 id
720 2969 805 3017 est
849 2963 1100 3017 actiones
1142 2962 1539 3018 discutiamus.
1603 2967 1791 3017 Domi-

87 3065 221 3102 num
252 3062 487 3118 quoque
516 3064 843 3118 quaeramus,
877 3055 927 3102 et
969 3050 1039 3104 ad
1080 3064 1213 3106 eum
1260 3057 1615 3118 revertamur,
1651 3051 1794 3105 Scri-

90 3137 281 3205 pturis
302 3136 513 3192 scilicet
542 3137 929 3207 invigilemus,
978 3137 1053 3193 ibi
1096 3147 1419 3207 quaerentes
1454 3140 1608 3195 unde
1637 3154 1791 3194 com-

92 3238 454 3296 pungamur,
484 3232 539 3281 et
583 3226 654 3281 ad
694 3225 881 3295 ipsum
934 3226 1152 3295 praevia
1200 3229 1640 3297 compunctionc
1684 3228 1792 3283 du-

91 3329 320 3371 camur.

163 3404 338 3461 Vens.
365 3403 457 3457 4t.
488 3433 558 3443 —
590 3423 618 3451 «
658 3404 936 3459 Levemus
972 3403 1145 3460 corda
1192 3412 1388 3460 nostra
1425 3419 1557 3460 cum
1601 3405 1792 3461 mani-

99 3512 121 3539 ι
156 3492 270 3547 bus
307 3490 379 3546 ad
424 3490 733 3546 Dominum
784 3491 843 3545 in
891 3490 1093 3547 caelos.
1134 3513 1154 3539 ι
1214 3493 1391 3548 Corda
1449 3498 1636 3547 nostra
1674 3509 1793 3547 cum

92 3581 349 3634 manibus
396 3579 675 3645 levamus,
716 3593 849 3633 cum
906 3579 1311 3650 intelligentiae
1360 3594 1494 3634 cum
1548 3594 1795 3635 exsecu-

95 3668 252 3725 tione
291 3681 555 3736 operum,
613 3667 736 3722 sine
790 3666 1003 3722 intimae
1052 3667 1239 3723 laudis
1299 3668 1663 3737 aspiratione,
1720 3669 1793 3724 ad

95 3758 280 3812 Deum
312 3756 423 3812 sub
454 3769 549 3823 spe
578 3756 789 3810 scilicet
819 3756 936 3811 sola
966 3755 1172 3810 caelesti
1207 3757 1576 3825 porrigimus.

166 3844 343 3899 Vens.
373 3843 461 3897 42.
494 3873 561 3882 —
598 3865 617 3891 ι
669 3843 783 3898 Nos
823 3844 1020 3912 inique
1059 3844 1302 3914 egimus,
1344 3852 1399 3899 et
1442 3845 1512 3899 ad
1554 3844 1790 3901 iracun-

103 3952 124 3977 υ
158 3932 315 3986 diam
369 3932 830 4000 provocavimus,
886 3932 1094 3987 idcirco
1136 3940 1197 3986 tu
1248 3932 1615 3988 inexorabilis
1658 3949 1734 3989 es.
1765 3955 1787 3982 ι

98 4019 325 4090 Liquet,
389 4026 596 4076 caetera
659 4034 1104 4089 prosequamur.
1160 4021 1275 4075 Hoc
1324 4029 1511 4077 tamen
1564 4022 1794 4078 videtur

99 4108 468 4163 tractandum
517 4108 672 4177 quod
720 4122 821 4176 pro
863 4107 1269 4178 iniquitatibus
1315 4110 1668 4164 inexorabilis
1703 4110 1794 4165 hic

99 4196 312 4252 dicitur
341 4197 512 4263 Deus,
543 4204 599 4251 et
640 4190 1173 4265 alibi,‘peccatores
1220 4212 1331 4251 non
1380 4198 1581 4253 audire
1613 4199 1788 4268 (Joan.

98 4298 179 4347 ix,
207 4284 322 4354 31),
355 4284 510 4353 quod
537 4297 655 4338 uno
683 4284 855 4338 verbo
876 4282 1137 4345 solvitur,
1166 4285 1306 4353 quia
1334 4285 1792 4356 videlicetquan-

1908 1926 1929 1952 ι
1964 1919 2160 1960 omnes
2191 1906 2427 1960 inimici.
2466 1927 2487 1953 ι
2535 1906 2666 1972 Phe,
2702 1905 3115 1974 interpretatur
3147 1918 3224 1969 os,
3257 1908 3311 1957 et
3337 1900 3491 1970 quod
3523 1899 3597 1954 il-

1904 1994 2000 2049 lud
2034 2010 2108 2061 os,
2144 1996 2248 2049 nisi
2286 1996 2438 2066 quod
2481 1995 2657 2050 menti
2704 1995 2773 2048 ad
2829 1992 3225 2063 perversitates
3270 1992 3390 2060 jam
3442 2002 3598 2059 pror-

1903 2097 2002 2138 sus
2036 2084 2257 2145 acclini,
2289 2098 2488 2139 omnes
2528 2092 2690 2138 actus
2731 2084 3059 2138 insusurrat
3105 2081 3376 2136 obscenos
3405 2078 3434 2133 ?
3482 2077 3597 2132 Hoc

1902 2187 2066 2240 super
2094 2188 2187 2225 nos
2218 2188 2394 2226 omnes
2424 2174 2634 2226 inimici
2663 2172 2842 2227 nostri
2876 2170 3165 2240 aperiunt,
3192 2183 3321 2223 cum
3354 2167 3425 2221 ad
3458 2180 3596 2221 suc-

1903 2261 2253 2315 cendendam
2287 2261 2674 2329 perqnzelibet
2702 2260 2944 2315 crimina
2982 2258 3388 2314 conscientiam
3420 2254 3596 2309 indu—

1904 2348 2152 2404 bitanter
2176 2357 2512 2418 erumpunt.

1973 2437 2143 2491 Vens.
2180 2438 2267 2491 47.
2299 2468 2366 2476 —
2400 2459 2425 2484 ‹‹
2454 2435 2717 2491 Formido
2746 2443 2799 2491 et
2844 2434 3089 2504 laqueus
3127 2432 3276 2487 facta
3316 2438 3398 2485 est
3432 2429 3598 2484 nobis

1902 2546 1930 2573 »
1960 2525 2293 2580 vaticinatio
2331 2532 2385 2580 et
2436 2525 2715 2579 contritio.
2751 2543 2777 2573 »
2830 2523 2978 2578 Ordo
3021 2529 3146 2576 est:
3194 2523 3360 2574 Facta
3408 2523 3485 2572 est
3513 2533 3599 2571 no-

1903 2614 1985 2667 bis
2015 2616 2334 2667 vaticinatio
2365 2618 2418 2668 et
2459 2616 2743 2679 contritio,
2784 2614 3007 2680 laqueus
3055 2616 3104 2663 et
3150 2608 3409 2675 formido.
3451 2608 3600 2660 Vali-

1902 2704 2103 2755 cinatio
2130 2711 2232 2770 est,
2267 2718 2398 2757 cum
2432 2717 2592 2757 mens
2622 2702 2850 2756 obsessa
2883 2700 3115 2770 ﬂagitiis
3144 2710 3443 2752 successus
3489 2693 3595 2749 sibi

1899 2805 2219 2861 prosperos,
2252 2799 2304 2845 et
2337 2805 2458 2859 spes
2502 2791 2818 2860 gloriarum
2850 2789 3106 2857 spondet.
3158 2786 3262 2840 Sed
3310 2786 3461 2839 hanc
3488 2796 3598 2837 va-

1901 2878 2289 2935 ticinationem
2319 2878 2584 2947 sequitur
2604 2880 2873 2942 contritio,
2922 2876 3056 2945 quia
3104 2888 3219 2943 quo
3266 2871 3450 2941 magis
3475 2870 3597 2925 sine

1901 2967 1988 3021 sui
2038 2975 2300 3035 respectu
2344 2967 2658 3031 extollitur,
2709 2980 2773 3020 eo
2820 2963 3067 3035 graviori
3121 2961 3465 3031 opprimitur
3508 2972 3596 3013 re-

1832 3063 1871 3116 c
1904 3061 2067 3123 pente
2099 3061 2345 3122 peccato.
2379 3055 2583 3123 Fitque
2611 3068 2743 3108 mox
2778 3060 3093 3120 utrumque
3134 3049 3353 3104 miserae
3389 3046 3596 3101 animae

1898 3142 2135 3209 formido
2191 3146 2242 3195 et
2309 3143 2553 3209 laqueus,
2597 3140 2734 3195 dum
2790 3138 3255 3195 vaticinationem
3310 3134 3596 3191 mordacis

1903 3229 2189 3298 intercipit
2244 3229 2427 3298 culpae
2482 3237 2687 3289 metus.
2770 3236 2824 3283 et
2898 3226 3229 3281 contritioni
3282 3224 3503 3294 adjacct
3549 3222 3595 3277 is

1900 3318 2002 3388 qui
2033 3317 2299 3387 spiritum
2328 3317 2699 3373 confessionis
2744 3317 3008 3372 occludat
3055 3312 3463 3384 desperationis
3510 3310 3593 3366 la-

1901 3419 2106 3476 queus.

1972 3493 2145 3548 Vens.
2177 3494 2265 3546 48.
2297 3523 2362 3532 —
2403 3514 2429 3541 α
2477 3493 2798 3548 Divisiones
2840 3504 3128 3562 aquarum
3172 3488 3412 3545 deduxit
3456 3501 3594 3543 ocu-

1906 3602 1925 3629 ι
1962 3581 2052 3635 lus
2082 3596 2244 3636 meus
2276 3581 2332 3635 in
2364 3581 2705 3636 contritione
2754 3580 2882 3635 tiliae
2936 3578 3127 3648 populi
3157 3577 3290 3633 mei.
3332 3596 3361 3628 ιο
3410 3577 3593 3646 Aquae

1899 3670 2263 3735 dividuntur,
2322 3684 2455 3725 cum
2502 3670 2818 3739 spiritualis
2876 3668 3219 3723 subtilitates
3270 3665 3591 3733 intelligen-

1902 3757 2011 3824 tiae,
2048 3760 2089 3810 si
2122 3772 2253 3827 quae
2293 3758 2621 3818 resederint,
2663 3758 3094 3825 dispergnntur.
3146 3756 3283 3819 Has,
3333 3754 3471 3809 dum
3502 3767 3597 3822 po-

1901 3846 2074 3916 pulus
2104 3846 2437 3911 conteritur,
2474 3847 2656 3899 oculus
2684 3846 2931 3911 deducit,
2983 3844 3141 3914 quia,
3194 3844 3334 3898 dum
3375 3841 3594 3896 sceleri-

1900 3934 2010 3989 bus
2042 3934 2237 4004 incipit
2285 3935 2582 4004 subjacere
2628 3933 2960 3989 intentionis
3002 3946 3265 3998 acumen,
3318 3930 3595 4000 paulatim

1898 4030 2246 4078 extenuatus
2284 4022 2524 4077 interius
2552 4030 2716 4078 extra
2747 4037 2803 4075 se
2837 4020 3044 4077 fundit.

2706 4125 2817 4165 ΛΙΝ.

1971 4199 2143 4255 Vens.
2177 4200 2264 4263 49,
2300 4201 2387 4253 50.
2434 4228 2507 4240 —
2538 4222 2564 4244 ‹.
2610 4199 2827 4254 Oculus
2858 4211 3021 4253 meus
3061 4196 3309 4252 afflictus
3353 4202 3456 4262 est,
3492 4209 3597 4251 nec

1905 4307 1933 4336 »
1970 4288 2166 4355 tacuit,
2196 4303 2262 4343 eo
2293 4288 2445 4357 quod
2478 4302 2591 4343 non
2635 4296 2781 4343 esset
2813 4288 3056 4357 requies.
3104 4288 3295 4342 Donec
3343 4284 3597 4353 respice-

99 4371 199 4426 diu
252 4352 311 4426 in
374 4352 685 4427 intentione
749 4370 1024 4440 peccandi
1102 4352 1466 4440 perseverare
1547 4352 1791 4443 proban-
1831 4352 1876 4406 θ
1909 4395 1931 4424 ι
1959 4384 2060 4443 ret,
2094 4352 2158 4431 et
2188 4352 2401 4431 vide-ret
2432 4377 2709 4431 Dominus
2740 4376 2807 4431 de
2854 4352 3024 4431 cmlis.
3067 4398 3086 4423 ι
3144 4376 3341 4432 Oculus
3388 4352 3595 4443 aflligi-

100 4466 211 4525 tur,
246 4467 302 4515 et
342 4459 750 4515 inexorabilem
809 4459 991 4514 Deum
1046 4458 1257 4515 faciant
1311 4468 1366 4515 et
1418 4461 1650 4517 minime
1696 4476 1795 4519 au-

99 4545 355 4603 diantur.

822 4648 1065 4689 SAMECH.

167 4721 340 4778 Vens.
373 4722 461 4775 43.
494 4751 564 4761 -
604 4742 630 4770 α
670 4721 955 4790 Operuisti
1001 4722 1058 4776 in
1105 4722 1315 4789 furore,
1364 4730 1419 4779 et
1464 4725 1791 4792 percussisti

104 4829 126 4857 ι
159 4824 279 4876 nos,
308 4809 581 4872 occidisti,
636 4825 740 4864 nec
780 4810 1093 4879 pepercisti.
1134 4831 1160 4859 »
1197 4809 1455 4877 Samecb,
1510 4812 1789 4882 interpre-

100 4900 254 4950 tatur
298 4898 454 4951 audi.
514 4896 751 4952 Summa
814 4898 968 4953 enim
1035 4912 1161 4967 ope,
1220 4913 1337 4968 quo
1385 4900 1793 4957 inexorabilior

99 4984 433 5050 aestimatur,
474 4985 688 5040 dimota
733 4999 1043 5054 pravorum
1086 4988 1448 5056 appetituum
1490 4989 1786 5058 densitate,

100 5082 320 5127 necesse
345 5081 429 5128 est
460 5081 524 5129 ut
554 5074 772 5139 audiat,
818 5075 864 5128 si
894 5074 1167 5130 obnixius
1216 5074 1576 5131 inclametnr.
1612 5079 1671 5130 In
1694 5080 1786 5143 fu-

100 5173 215 5212 rore
244 5163 560 5231 operimur,
590 5177 721 5218 cum
756 5163 1011 5218 irruente
1040 5163 1347 5218 criminum
1395 5165 1607 5219 nebula
1633 5166 1787 5220 desi-

102 5247 321 5313 pientia;
388 5258 549 5305 nocte
611 5249 1006 5318 deprimimur.
1076 5251 1455 5315 Percutimur,
1520 5267 1650 5308 cum
1714 5254 1786 5308 ab

102 5335 249 5389 omni
283 5337 611 5407 integritate
641 5338 966 5408 dejicimur.
996 5338 1213 5393 Occidit
1242 5339 1411 5405 Deus,
1455 5353 1559 5394 nec
1605 5354 1787 5409 peper-

100 5420 190 5487 cit,
217 5436 348 5480 cum
381 5424 648 5494 spiritum
674 5440 708 5480 a
735 5440 841 5482 sua
872 5426 997 5482 luce
1010 5426 1348 5497 exstinguit,
1376 5427 1432 5481 in
1457 5441 1573 5496 quo
1596 5436 1786 5483 tamen

101 5509 257 5564 nobis
302 5519 580 5580 parceret,
625 5512 672 5567 si
722 5514 809 5568 vel
854 5513 1103 5568 scintilla
1147 5514 1312 5569 nobis
1354 5513 1602 5585 alicujus
1627 5516 1788 5572 bene

100 5596 352 5655 volentia:
384 5608 726 5657 remaneret.

1901 4472 2016 4531 tur,
2050 4481 2143 4519 nec
2190 4473 2356 4532 tacet,
2401 4479 2532 4520 cum
2580 4466 2814 4519 intentio
2861 4465 3016 4520 vitiis
3075 4465 3363 4529 atteritur,
3414 4478 3518 4519 nec
3563 4475 3598 4516 a

1900 4554 2140 4623 strepitu
2199 4554 2610 4609 desideriorum
2656 4553 2828 4608 etiam
2905 4554 3251 4609 conscientia
3320 4567 3378 4607 se
3425 4565 3597 4606 accu-

1900 4643 2079 4697 sando
2134 4642 2423 4709 afﬂigente
2472 4642 2711 4697 cohibet.
2763 4643 2831 4696 Et
2886 4642 2993 4697 hoc
3046 4642 3105 4696 ﬁt
3160 4641 3299 4710 quia
3354 4656 3461 4693 non
3513 4647 3596 4694 est

1898 4732 2130 4796 requies,
2166 4728 2322 4783 nulla
2358 4728 2617 4783 videlicet
2665 4727 2739 4781 ab
2770 4736 2912 4781 testu
2963 4726 3231 4781 interiore
3274 4724 3592 4793 temperies,

1899 4816 2062 4869 donec
2101 4816 2383 4885 respiciat.
2435 4824 2491 4871 et
2540 4816 2728 4871 videat
2779 4818 3036 4869 Dominus
3081 4815 3146 4868 de
3193 4815 3363 4877 ccelis,
3414 4813 3595 4867 donec

1899 4904 2103 4973 utique
2158 4903 2516 4967 misereatur,
2572 4911 2626 4958 et
2674 4903 2949 4972 approbet
3001 4902 3431 4957 conversionem
3492 4914 3592 4954 no-

1896 4999 2074 5046 stram
2110 4992 2385 5046 Dominus
2435 5006 2532 5061 per
2580 4991 2950 5047 imitationem
2999 4989 3239 5045 cmlestis
3282 5002 3594 5045 conversa-

1899 5079 2088 5133 tionis.

1967 5167 2137 5222 Vens.
2173 5169 2259 5220 51.
2293 5198 2360 5205 -
2387 5184 2412 5217 ε
2459 5167 2675 5222 Oculus
2731 5182 2895 5223 meus
2932 5168 3295 5237 deprzedatus
3340 5174 3423 5222 est
3466 5167 3591 5222 ani-

1900 5274 1921 5300 »
1960 5269 2108 5309 mam
2133 5258 2283 5308 266
2319 5268 2502 5309 meam
2540 5256 2596 5311 in
2628 5256 2851 5309 cunctis
2902 5256 3128 5311 ﬁliabus
3159 5256 3317 5311 urbis
3366 5270 3523 5311 mete.
3563 5277 3586 5304 ι

1895 5342 2024 5408 Ain,
2080 5344 2494 5410 interpretatur
2535 5344 2738 5395 oculus.
2792 5343 2860 5397 Et
2916 5343 3048 5414 quis
3088 5352 3172 5398 est
3225 5344 3431 5406 oculus,
3482 5342 3590 5397 nisi

1895 5428 2020 5497 ipsa
2049 5429 2247 5484 eadem
2270 5429 2531 5496 intentio,
2563 5445 2694 5499 qum
2737 5431 2991 5486 animam
3034 5432 3418 5502 depraedatur,
3451 5432 3590 5487 dum

1895 5524 2102 5572 cuncta
2146 5532 2278 5586 quae
2333 5516 2475 5572 bene
2526 5533 2793 5574 exercere
2844 5519 3158 5590 aliquando
3201 5520 3447 5583 videtur,
3491 5532 3593 5589 per

1893 5605 1987 5661 sui
2044 5606 2572 5676 praevaricationem
2628 5607 2938 5677 subtrahit,
2995 5609 3133 5665 dum
3178 5609 3377 5665 laudes
3432 5607 3592 5665 fora-
