3956 6410
367 351 470 405 475

1249 348 1312 403 ν.
1353 347 1680 405 GUIBERTI
1717 349 2008 405 ABBATIS
2044 351 2100 406 S.
2142 350 2384 404 MARLE
2423 351 2513 405 DE
2551 347 2955 406 NOVIGENTO

3761 346 3868 400 476

367 479 538 536 sticas
584 482 966 550 aucupatur?
1008 479 1113 536 Sed
1157 480 1264 536 hoc
1305 495 1422 536 non
1468 480 1530 534 lit
1574 479 1682 535 nisi
1724 482 1783 534 in
1826 481 2050 542 ﬁliabus
2086 487 2132 540 Α
2163 480 2375 537 tionem
2402 481 2551 536 redit
2581 480 2785 536 rationi
2811 480 2905 536 sui
2933 479 3090 550 quod
3119 480 3392 535 amiserat
3439 477 3669 534 arbitrii
3716 476 3878 547 priu-

366 569 541 636 urbis,
572 583 712 636 suae,
750 568 808 624 in
859 568 1092 625 mollitie
1124 568 1385 624 videlicet
1427 567 1732 624 habituum
1776 570 2067 624 conscien-

370 655 460 712 tize
498 665 728 714 nostrae.

1140 759 1298 800 SADE.

444 832 614 888 Vens.
649 836 735 887 52.
795 864 862 873 —
912 854 933 882 ι
997 833 1311 889 Venatione
1374 841 1650 902 ceperunt
1726 847 1819 888 me
1898 833 2066 903 quasi

378 941 398 968 ι
430 934 592 976 avem
631 921 842 977 inimici
880 922 987 978 mei
1036 924 1230 992 gratis.
1263 942 1284 968 ι
1343 921 1506 985 Sade,
1559 921 1772 977 dicitur
1816 920 2065 991 justitia,

373 1022 504 1077 quae
526 1016 715 1064 tamen
736 1009 966 1078 justitia
996 1024 1108 1064 non
1143 1009 1256 1064 alia
1285 1009 1426 1064 mihi
1458 1009 1685 1065 videtur
1709 1023 1886 1079 quam
1907 1010 2064 1080 quod

364 1097 524 1166 justo
546 1098 640 1152 Dei
667 1099 886 1166 judicio
915 1099 1126 1166 cuique
1155 1098 1325 1152 etiam
1355 1098 1412 1152 in
1464 1100 1729 1167 prasenti
1779 1100 1850 1155 ad
1899 1101 2067 1155 meri-

372 1192 494 1239 tum
543 1185 905 1240 retribuitur.
966 1186 1122 1241 Unde
1175 1185 1337 1254 quasi
1370 1200 1534 1240 avem
1587 1187 1660 1242 ab
1704 1187 1950 1242 inimicis
2006 1201 2064 1242 se

368 1275 648 1326 venatione
675 1280 906 1342 captum
958 1274 1243 1342 queritur,
1284 1274 1426 1343 quia
1455 1288 1555 1342 per
1593 1274 1898 1340 levitatem,
1931 1291 2063 1344 quas

371 1358 428 1412 in
449 1359 543 1413 avi
576 1359 883 1427 figuratur,
935 1363 1109 1426 gratis
1153 1368 1208 1415 et
1247 1361 1369 1415 sine
1413 1362 1570 1416 omni
1613 1361 1804 1418 fructu
1851 1363 1924 1418 ab
1969 1363 2059 1418 his

368 1445 470 1514 qui
496 1461 612 1501 non
642 1447 749 1502 nisi
793 1448 1051 1503 carnalia
1091 1457 1386 1518 quierunt,
1419 1450 1584 1504 vanis
1613 1450 1906 1505 favoribus
1934 1451 2065 1505 irre-

369 1533 530 1588 titur.
567 1535 634 1590 Et
665 1543 814 1590 recte
842 1535 1100 1590 inimicos
1138 1538 1417 1602 nominat,
1461 1552 1608 1606 quos
1641 1539 1698 1592 in
1732 1539 1819 1593 sui
1854 1538 2063 1593 beatifi-

367 1619 605 1686 catione,
643 1622 816 1691 juxta
863 1623 1221 1692 prophetam,
1271 1624 1620 1693 deceptiorcs
1668 1625 1871 1694 probat
1913 1626 2055 1691 (Isa.

368 1722 447 1772 nl,
483 1709 612 1776 i2).

439 1770 611 1851 Vnus.
647 1799 731 1850 53.
761 1826 829 1836 —
881 1817 902 1844 ι
955 1799 1135 1866 Lapsa
1163 1806 1246 1854 est
1298 1798 1358 1853 in
1409 1798 1598 1854 lacum
1652 1799 1768 1854 vita
1812 1813 1959 1866 mea,
2005 1806 2062 1855 et
2099 1770 2142 1825 Β

370 1905 396 1928 η
431 1891 750 1951 posuerunt
780 1883 1025 1953 lapidem
1057 1899 1233 1954 super
1267 1900 1378 1941 me.
1414 1907 1434 1934 ι
1473 1887 1535 1941 In
1577 1889 1753 1941 lacum
1775 1891 1892 1941 vita
1918 1887 2060 1942 labi-

367 1974 484 2032 tur,
535 1981 666 2022 cum
717 1969 774 2022 in
826 1969 1218 2037 labyrinthum
1262 1970 1700 2039 inexpedibilcm
1738 1979 1923 2026 status
1966 1985 2063 2026 no-

367 2061 483 2109 stcr
529 2054 864 2110 inclinatur.
912 2056 1074 2125 Lapis
1103 2058 1532 2127 superponitur,
1562 2073 1694 2113 cum
1727 2059 1932 2113 mentis
1961 2059 2063 2113 ob-

365 2141 594 2196 duratio
618 2142 948 2212 cogitationi
977 2145 1035 2198 in
1067 2143 1267 2199 infima
1308 2159 1508 2200 mersae
1545 2146 1871 2200 adducitur.
1901 2146 2061 2202 Unde

369 2229 656 2296 psalmus:
687 2249 714 2280 α
750 2230 876 2285 Non
925 2231 1247 2296 absorbeat,
1297 2231 1507 2302 inquit,
1549 2247 1640 2288 me
1683 2232 2058 2303 profundum,

365 2330 555 2385 neque
586 2326 790 2386 urgeat
808 2331 982 2387 super
1009 2332 1099 2373 me
1129 2326 1338 2387 puteus
1361 2334 1424 2374 os
1457 2334 1632 2375 suum
1661 2321 1833 2386 (Ps-ai.
1866 2335 2059 2386 vam,

372 2405 476 2471 16.)
510 2422 538 2453 ι)
603 2403 763 2470 Quod
813 2404 929 2460 illic
979 2419 1208 2476 urgere,
1262 2406 1370 2462 hoc
1420 2407 1517 2464 hic
1576 2407 1817 2477 lapidem
1869 2423 2063 2478 super-

370 2505 597 2560 ponere.

437 2579 602 2635 Vnns.
635 2580 722 2634 54.
752 2609 821 2620 —-
851 2601 880 2629 «
942 2581 1385 2637 lnundaverunt
1439 2596 1606 2652 aquae
1656 2597 1831 2653 super
1886 2591 2061 2653 caput

371 2686 393 2713 ι
426 2680 638 2722 meum.
672 2666 798 2722 Dixi
827 2682 840 2721 :
875 2667 1040 2723 Perii.
1079 2689 1100 2716 ι
1134 2671 1310 2737 Aquae
1351 2685 1515 2739 super
1542 2677 1707 2740 caput
1747 2671 2057 2738 inundant,

371 2768 503 2809 cum
572 2753 770 2810 ﬂuxus
823 2755 1146 2811 carnalium
1218 2757 1582 2827 voluptatum
1655 2759 1811 2815 ultra
1881 2774 2056 2828 quam

367 2856 528 2896 meus
581 2857 784 2912 capere
827 2844 1020 2912 possit,
1091 2858 1211 2900 sese
1251 2845 1300 2900 ei
1355 2847 1748 2902 accumulant.
1801 2848 1960 2904 Unde
2004 2855 2060 2903 et

365 2929 597 2998 periisse
655 2945 713 2986 se
767 2931 922 2998 dicit,
1012 2933 1152 3002 quia
1223 2948 1503 3003 quorsum
1575 2935 1817 2990 evadere
1873 2935 2060 2991 valeat

367 3016 565 3072 nescit.

1141 3123 1306 3164 COPH.

434 3192 604 3248 Vsus.
651 3195 738 3247 55.
791 3225 859 3234 —
911 3216 932 3243 ε
983 3197 1252 3251 lnvocavi
1301 3212 1509 3252 nomen
1561 3206 1748 3264 tuum,
1797 3198 2052 3265 Domine,

367 3301 389 3327 ι
414 3280 483 3336 de
511 3281 640 3337 lacu
672 3283 1010 3339 novissimo.
1051 3303 1079 3334 η
1122 3285 1298 3354 Coph,
1342 3288 1572 3340 vacatio.
1629 3286 1921 3341 Vocamur
1949 3301 2054 3341 au-

365 3374 495 3435 tem,
528 3382 661 3423 cum
691 3367 839 3425 inter
878 3370 1165 3426 molestias
1209 3372 1504 3427 interiores
1553 3373 1621 3426 ad
1670 3373 1934 3428 divinum
1966 3387 2054 3428 re-

361 3469 594 3511 currere
623 3457 924 3514 oraculum
973 3459 1333 3514 rationaliter
1372 3460 1770 3515 admonemur.
1805 3462 2059 3514 lnvocavi

359 3559 550 3598 nomen
581 3551 751 3611 tuum,
801 3545 1058 3611 Domine,
1093 3559 1206 3601 non
1256 3554 1341 3600 est
1393 3545 1548 3601 aliud
1601 3561 1774 3617 quam
1811 3549 1889 3603 De
1919 3562 2057 3616 pro-

360 3631 558 3688 fundis
602 3632 848 3688 clamavi
898 3633 971 3687 ad
1020 3639 1072 3688 te
1105 3633 1276 3702 (Psal.
1315 3647 1518 3700 cxxix,
1573 3635 1646 3702 l).
1697 3633 1858 3700 Quod
1899 3636 2055 3691 enim

361 3721 428 3774 de
456 3721 772 3788 profundis,
806 3720 912 3775 hoc
931 3721 1000 3776 de
1030 3721 1150 3774 lacu
1175 3722 1483 3775 novissimo.

435 3807 606 3864 Vens.
627 3807 714 3862 56.
747 3838 815 3846 —
869 3829 890 3856 ι
944 3807 1152 3864 Vocem
1203 3822 1389 3864 meam
1437 3809 1670 3875 audisti,
1712 3824 1784 3865 ne
1829 3819 2056 3866 avertas

364 3915 392 3943 »
427 3909 628 3951 aurem
659 3904 818 3951 tuam
848 3910 882 3950 a
910 3896 1172 3966 singultu
1203 3911 1328 3952 meo
1373 3905 1429 3952 et
1469 3897 1834 3954 clamoribus.
1876 3921 1897 3946 ι
1928 3897 2055 3955 Vox

362 3983 428 4038 de
480 3985 603 4038 lacu
651 3987 942 4039 novissimo
996 3985 1301 4040 clamantis
1348 3985 1605 4052 auditur,
1661 4001 1793 4042 cum
1827 3988 2058 4058 rugitus

362 4071 598 4127 interior
617 4071 686 4127 de
709 4075 862 4127 statu
916 4086 1060 4141 pene
1109 4072 1450 4141 desperabili
1505 4073 1562 4128 in
1616 4073 1843 4129 divinas
1885 4089 2054 4132 aures

359 4159 702 4214 admittitur.
735 4160 949 4214 Audire
986 4167 1181 4215 autem
1236 4161 1349 4222 Dei,
1400 4169 1484 4216 est
1531 4163 2053 4232 concupiscentiam

361 4247 600 4317 spiritus
646 4247 925 4303 adversus
972 4261 1202 4303 carnem
1269 4249 1355 4304 vel
1403 4249 1475 4304 ad
1526 4250 1811 4306 modicum
1859 4253 2050 4308 suble-

2176 567 2419 636 cipatus.
2453 568 2678 624 Iudicat
2706 582 2926 622 causam
2963 569 3158 622 anima
3180 571 3377 622 nostra
3401 566 3704 630 Dominus,
3739 578 3878 619 cum

2173 655 2445 712 discernit
2474 656 2903 712 commissiones
2947 655 3138 710 carnis
3177 662 3231 710 et
3277 655 3534 724 spiritus.
3589 653 3756 710 Unde
3788 667 3878 704 re-

2173 743 2418 813 demptor
2439 747 2566 798 vitae
2612 751 2819 799 nostra:
2881 743 3113 810 dicitur,
3173 743 3315 812 quia
3375 750 3564 797 motus
3605 740 3878 805 rationis,

2172 830 2292 887 sine
2319 831 2536 901 quibus
2565 845 2678 886 non
2711 831 2948 898 vivitur,
2981 844 3015 884 a
3045 829 3338 886 veteribus
3373 829 3624 886 eximere
3660 841 3883 883 aerum-

2173 919 2262 974 nis
2292 919 2736 974 misericorditer
2763 918 3058 988 dignatur.

2243 1009 2409 1063 Vnus.
2447 1009 2532 1061 59.
2580 1035 2654 1048 —
2700 1028 2726 1056 α
2770 1005 2995 1072 Vidisti,
3047 1005 3305 1072 Domine,
3355 1004 3716 1074 iniquitatem
3767 1003 3875 1058 ad-

2180 1115 2201 1141 ι
2239 1108 2468 1149 versum
2503 1108 2628 1148 me:
2659 1093 2859 1164 judica
2879 1094 3164 1164 judicium
3213 1106 3428 1148 meum.
3464 1113 3485 1139 ι
3539 1091 3703 1146 Videt
3755 1093 3878 1145 Do-

2173 1182 2368 1236 minus
2420 1184 2771 1251 iniquitatem
2828 1181 3116 1234 adversum
3153 1195 3276 1246 nos,
3325 1193 3458 1235 cum
3511 1179 3704 1233 videre
3765 1191 3877 1231 nos

2171 1269 2306 1324 facit
2337 1269 2600 1324 stimulos
2647 1269 2927 1324 adversus
2957 1268 3224 1337 spiritum
3264 1265 3699 1336 superequitare
3739 1278 3873 1320 cor-

2173 1370 2392 1425 poreos.
2419 1356 2708 1410 Judicium
2748 1363 3010 1411 nostrum
3050 1355 3294 1425 judicat,
3335 1369 3468 1409 cum
3500 1353 3876 1408 intellectua-

2171 1442 2385 1500 litatem
2424 1443 2497 1500 ad
2544 1443 2817 1498 universa
2863 1442 3303 1498 discernendum
3344 1456 3449 1498 suo
3487 1441 3696 1510 illapsu
3727 1439 3876 1495 illu-

2171 1532 2372 1585 minat.

2245 1619 2414 1674 Vsns.
2442 1619 2533 1674 60.
2582 1648 2650 1658 —
2683 1640 2710 1667 ‹‹
2763 1617 2965 1674 Vidisti
3012 1631 3238 1672 omnem
3301 1616 3571 1678 furorem,
3629 1613 3877 1670 univer-

2176 1727 2200 1756 ι
2237 1721 2331 1762 sas
2380 1707 2752 1777 cogitationes
2813 1719 3010 1762 eorum
3063 1706 3373 1760 adversum
3425 1717 3532 1759 me.
3590 1723 3617 1751 »
3679 1703 3876 1758 Furor

2171 1795 2443 1850 vitiorum
2491 1802 2594 1861 est,
2647 1795 2822 1864 quod,
2870 1793 3020 1863 apud
3065 1793 3188 1859 .Iob,
3237 1791 3453 1848 clamor
3492 1791 3704 1847 dicitur
3733 1803 3874 1846 exa-

2169 1881 2344 1936 ctoris
2389 1881 2526 1950 (Job.
2590 1895 2801 1945 xxxix,
2852 1882 2928 1949 '7).
2979 1882 3350 1948 Cogitationes
3388 1894 3569 1932 eorum
3616 1891 3686 1932 ea
3727 1885 3874 1933 sunt

2169 1983 2301 2038 quae
2331 1969 2538 2023 mentis
2564 1969 2864 2024 obtutibus
2890 1967 3218 2023 omnimoda
3264 1965 3670 2036 imaginatione
3699 1979 3875 2035 coag-

2171 2064 2392 2126 gerant.
2453 2059 2646 2123 Cogito
2690 2056 2844 2110 enim
2897 2055 3384 2125 frequentativum
3412 2067 3447 2109 a
3495 2070 3640 2121 cogo,
3693 2057 3868 2120 cogis,

2169 2145 2249 2199 nil
2281 2145 2440 2200 aliud
2486 2158 2665 2214 quam
2712 2145 3039 2200 coadunare
3080 2151 3184 2200 est.
3237 2143 3398 2200 Unde
3444 2141 3608 2209 illud,
3644 2165 3665 2190 ι
3700 2156 3868 2212 coge,

2169 2232 2380 2302 inquit,
2416 2232 2726 2288 concilium
2775 2233 2909 2301 (lsa.
2953 2246 3072 2299 xvr,
3109 2232 3188 2301 3.)
3225 2253 3246 2280 ι
3295 2232 3428 2299 Has,
3483 2232 3745 2302 inquam,
3779 2247 3871 2288 co-

2170 2321 2470 2392 gitationes
2525 2320 2678 2375 Deus
2728 2319 2902 2386 videt,
2953 2334 3088 2375 cum
3137 2319 3301 2375 nobis
3345 2317 3643 2375 acuminat
3679 2319 3756 2374 ad
3806 2319 3866 2374 id

2168 2407 2589 2478 providendum
2619 2407 3004 2464 discretioues.

2962 2511 3064 2551 SIN.

2239 2582 2410 2638 Vans.
2435 2585 2521 2636 6t.
2564 2613 2633 2621 —
2671 2605 2692 2631 ε
2727 2581 2950 2638 Audisti
2973 2582 3279 2652 opprobria
3323 2595 3544 2648 eorum,
3601 2582 3862 2645 Domine,

2170 2689 2198 2721 ι»
2232 2685 2429 2725 omnes
2477 2673 2848 2741 cogitationes
2899 2685 3100 2726 eorum
3146 2670 3451 2725 adversum
3509 2683 3618 2724 me.
3656 2690 3678 2717 ι
3739 2669 3863 2735 Sin,

2167 2758 2378 2814 dicitur
2405 2775 2569 2828 super
2618 2761 2834 2814 vulnus.
2893 2760 2962 2814 Et
3008 2759 3243 2826 morale,
3284 2767 3366 2814 est
3396 2765 3462 2814 ut
3510 2758 3869 2828 cataplasma

2168 2848 2397 2902 vulneri
2435 2847 2783 2916 imponatur.
2819 2847 2980 2913 Quod
3027 2861 3142 2902 non
3171 2847 3330 2902 aliud
3373 2855 3458 2902 est
3494 2859 3670 2915 quam
3703 2845 3866 2914 quod

2169 2935 2449 3004 sequitur.
2511 2935 2744 3004 Semper
2789 2944 3021 2990 amatur
3067 2936 3124 2990 in
3173 2950 3290 3004 quo
3337 2948 3410 2990 ex
3453 2934 3867 2990 deliberatione

2098 3059 2138 3113 Ο
2168 3030 2457 3092 peccatur,
2491 3031 2546 3077 et
2584 3022 2710 3076 ideo
2757 3023 2967 3092 probro
3010 3025 3205 3078 minus
3249 3022 3596 3090 imputatur.
3644 3021 3864 3074 Eorum

2167 3125 2304 3179 ergo
2333 3111 2484 3164 Deus
2523 3109 2816 3178 opprobria
2856 3108 3039 3174 audit,
3074 3123 3206 3164 cum
3233 3123 3410 3178 quam
3439 3108 3556 3163 sint
3581 3107 3866 3176 probrosa

2165 3206 2218 3252 et
2243 3197 2511 3267 pudenda
2540 3212 2612 3252 ex
2645 3197 2997 3266 plenitudine
3029 3197 3403 3266 paenitudinis
3430 3195 3669 3266 intelligi
3701 3195 3862 3250 facit.

2162 3285 2491 3341 Notandum
2531 3285 2734 3352 repetit
2781 3285 2940 3354 quod
2989 3285 3046 3339 in
3092 3283 3372 3352 superiori
3411 3283 3629 3337 dictum
3673 3282 3866 3337 fuerat
3923 3297 3928 3318 ο

2164 3388 2354 3436 versu,
2407 3381 2462 3427 et
2514 3372 2749 3427 forsitan
2796 3388 2912 3428 non
2967 3373 3070 3428 abs
3135 3387 3214 3426 re.
3247 3372 3437 3426 Omnes
3507 3373 3866 3436 cogitationes

2162 3476 2345 3514 eorum
2373 3461 2660 3514 adversum
2720 3475 2840 3524 nos,
2899 3461 3040 3530 quia
3091 3475 3208 3529 quo
3263 3459 3449 3528 magis
3500 3473 3604 3512 nos
3655 3472 3865 3513 eorum

2165 3549 2456 3616 puduerit,
2484 3556 2681 3617 etquo
2711 3549 2895 3619 major
2938 3555 3138 3604 contra
3180 3547 3300 3602 haec
3345 3547 3544 3602 eadem
3591 3546 3702 3600 erit
3751 3561 3865 3602 no-

2162 3642 2281 3690 stra
2329 3633 2578 3701 rebellio,
2642 3642 2799 3690 tanto
2875 3635 3120 3690 acriores
3179 3634 3433 3690 assultus
3490 3633 3868 3702 experiemur

2168 3723 2440 3778 internos.

2234 3810 2404 3866 Vnus.
2433 3812 2522 3865 62.
2568 3842 2636 3850 —
2683 3833 2703 3859 ι
2761 3811 2934 3866 Labia
2977 3810 3406 3881 insurgentium
3446 3809 3608 3876 mihi,
3641 3817 3696 3865 et
3743 3823 3862 3864 me-

2169 3918 2191 3946 »
2225 3898 2526 3954 ditationes
2555 3913 2754 3955 eorum
2802 3899 3110 3955 adversum
3155 3913 3244 3954 me
3284 3905 3401 3953 tota
3447 3897 3557 3953 die.
3590 3919 3612 3945 ι
3663 3899 3865 3952 Insur-

2161 3991 2401 4053 gentium
2443 3987 2610 4054 labia,
2679 3988 2757 4042 nil
2811 3987 2970 4042 aliud
3024 3994 3161 4042 sunt
3208 3997 3386 4056 quam
3440 3986 3862 4055 emergentium

2161 4075 2599 4145 suggestionum
2649 4089 2912 4130 susurra.
2970 4075 3143 4130 Mutae
3180 4074 3333 4130 enim
3373 4072 3715 4129 teutationes
3777 4074 3860 4128 nil

2161 4163 2318 4218 aliud
2358 4177 2537 4232 quam
2563 4162 2738 4217 verba
2767 4170 2903 4217 sunt
2929 4178 2944 4228 ;
2969 4162 3300 4232 quaafquod
3348 4162 3445 4216 alii
3476 4161 3687 4223 verbis.
3723 4161 3860 4230 ipsa:

2162 4251 2476 4319 specierum
2531 4248 2811 4304 lenocinio
2881 4257 3183 4319 peragunt.
3243 4249 3617 4304 Meditationes
3675 4264 3858 4302 eorum

360 4349 520 4391 vare.
553 4335 854 4404 Singultus
909 4343 1012 4402 est,
1062 4349 1194 4391 cum
1264 4351 1422 4392 mens
1475 4338 1635 4407 prius
1683 4339 1901 4395 timoris
1943 4355 2055 4396 an-
2096 4347 2137 4402 ι)
2163 4337 2610 4399 retractationes,
2645 4337 2732 4392 vel
2783 4339 2973 4406 potius
3018 4337 3416 4393 delectationes
3453 4351 3576 4392 esse
3614 4351 3859 4391 noscun-

361 4423 574 4478 xietate
634 4423 936 4492 quatitur;
1007 4423 1228 4480 clamor
1297 4439 1454 4493 vero,
1501 4439 1632 4481 cum
1693 4426 2054 4481 vehementia

361 4509 596 4566 fervida:
643 4511 1102 4582 compunctionis
1143 4512 1442 4568 attollitur.
1483 4514 1567 4569 Ah
1618 4513 1707 4568 his
1751 4513 1846 4568 Dei
1895 4513 2055 4568 auris

365 4613 480 4656 non
533 4599 834 4666 avertitur,
882 4614 1014 4654 cum
1082 4600 1212 4669 ejus
1283 4601 1648 4669 aspirationis
1701 4600 2054 4657 nutrimento

362 4695 680 4757 utrumque
705 4687 962 4744 fulcitur.

436 4775 604 4831 Vens.
634 4777 720 4829 57.
750 4803 824 4816 —
854 4799 873 4822 ι
932 4775 1426 4846 Appropinquasti
1481 4776 1536 4830 in
1576 4775 1666 4830 die
1693 4775 1928 4845 quando
1961 4775 2054 4830 in—

366 4885 388 4910 ι
425 4864 626 4918 vocavi
660 4871 731 4918 te.
783 4864 1026 4919 Dixisti:
1069 4863 1150 4919 Ne
1181 4866 1400 4919 timeas.
1437 4882 1464 4913 ι»
1514 4863 1673 4928 Quod
1713 4870 1798 4919 est
1826 4863 2049 4919 dicere:

363 4950 507 5007 Cum
545 4950 708 5006 lacus
750 4951 889 5006 mihi
944 4953 1380 5018 tenebrasceret,
1432 4959 1497 5007 tu
1541 4952 1688 5007 diem
1733 4951 1940 5007 interni
1971 4951 2056 5008 lu-

364 5036 538 5092 minis
584 5045 686 5093 tua
748 5038 1177 5108 propinquitate
1222 5039 1467 5107 donasti,
1519 5054 1625 5097 nec
1689 5040 1920 5096 dixisti:
1971 5039 2056 5097 Ne

365 5123 595 5190 clames,
629 5123 728 5180 sed
777 5126 1000 5193 potius:
1034 5126 1116 5181 Ne
1154 5130 1363 5193 timeas,
1395 5135 1459 5184 ut
1491 5129 1645 5198 quod
1681 5129 1882 5184 timore
1925 5144 2058 5184 con-

365 5211 602 5280 ceperis,
631 5226 825 5268 amore
851 5212 1146 5268 exhibeas.

1153 5316 1273 5358 RES.

438 5386 610 5443 Vens.
645 5389 734 5441 58.
758 5415 832 5428 —
861 5409 882 5436 ι
918 5388 1215 5458 Judicasti,
1265 5391 1521 5458 Domine,
1563 5405 1797 5448 causam
1847 5392 2055 5448 animae

371 5495 393 5524 ι
429 5487 588 5543 meae,
643 5475 987 5546 Redemptor
1028 5477 1160 5533 vita:
1221 5492 1380 5534 mea.
1421 5499 1443 5527 ι
1493 5480 1621 5548 Res,
1671 5480 1883 5536 dicitur
1925 5482 2056 5549 pri—

368 5568 566 5618 matus.
590 5563 705 5620 Nec
754 5565 808 5619 id
841 5564 1074 5636 injuria.
1110 5567 1238 5622 Post
1293 5567 1551 5622 divinam
1606 5568 1757 5623 enim
1811 5567 2053 5624 exaudi-

2159 4432 2257 4481 tur
2288 4425 2624 4494 imaginum.
2656 4425 2773 4480 Hac
2822 4425 2970 4482 fiunt
3011 4431 3124 4480 tota
3167 4425 3275 4492 die,
3324 4425 3524 4495 procul
3553 4423 3730 4479 dubio
3769 4438 3857 4480 as-

2159 4513 2341 4568 sidue.

2233 4601 2411 4656 Vans.
2447 4603 2535 4656 39.
2565 4631 2634 4642 —
2665 4624 2684 4650 ι
2736 4601 3050 4658 Sessionem
3099 4616 3320 4668 eorum,
3369 4609 3425 4658 et
3477 4599 3852 4656 resurrectio-

2165 4707 2187 4735 ι
2223 4700 2353 4744 nem
2379 4703 2581 4744 eorum
2604 4690 2754 4755 vide,
2787 4704 2892 4760 ego
2923 4705 3051 4746 sum
3079 4689 3338 4760 psalmus
3355 4703 3576 4745 eorum.
3610 4707 3638 4739 n
3673 4687 3852 4744 Sessio

2159 4791 2342 4830 eorum
2385 4785 2467 4832 est
2513 4784 2587 4832 ex
2626 4777 2906 4833 diabolica
2975 4777 3283 4833 calliditate
3327 4777 3598 4832 vitiorum
3664 4776 3852 4831 fucata

2161 4865 2396 4934 quietio.
2448 4865 2534 4920 Ad
2581 4872 2808 4935 tempus
2843 4866 2996 4921 enim
3046 4879 3080 4920 a
3123 4865 3434 4920 tentatione
3475 4864 3734 4934 quiescit,
3789 4872 3852 4919 ut

2161 4965 2234 5007 ex
2269 4952 2556 5022 insperato
2630 4962 2948 5022 prosternat
3003 4953 3158 5024 quod
3227 4967 3428 5008 secure
3511 4951 3849 5021 aliquandiu

2161 5041 2424 5098 victitare
2483 5042 2758 5111 permisit.
2841 5041 3014 5098 Porro
3083 5046 3228 5095 ιω
3297 5040 3576 5096 surrectio
3632 5054 3848 5104 eorum,

2160 5130 2439 5186 mentium
2474 5131 2775 5198 repentina
2806 5129 3084 5198 pervasio.
3118 5130 3280 5184 Hanc
3327 5128 3574 5198 petimus
3613 5135 3675 5183 ut
3705 5128 3851 5183 Deus

2161 5219 2370 5283 videat,
2412 5217 2735 5274 discernere
2792 5217 3054 5273 videlicet
3084 5232 3188 5272 nos
3247 5216 3438 5284 faciat,
3495 5225 3560 5273 ut
3614 5216 3751 5272 dum
3795 5217 3850 5272 in

2160 5305 2360 5374 aliqua
2417 5305 2811 5374 perfunctoria
2869 5319 3005 5374 pace
3075 5305 3354 5374 sopimur,
3425 5317 3728 5374 nunquam
3779 5304 3850 5360 ad

2161 5393 2421 5449 subitum
2475 5393 2597 5448 elisi
2673 5393 3017 5462 praecipitari
3102 5386 3735 5462 possimus.'Denique
3791 5392 3850 5447 fit

2158 5482 2405 5550 psalmus
2463 5495 2664 5547 eorum,
2714 5495 2847 5536 cum
2895 5481 3131 5536 intentio
3173 5479 3560 5552 suggestionis
3603 5479 3849 5549 pascitur

2160 5581 2234 5624 ex
2262 5567 2460 5636 inepta
2507 5567 2906 5624 retractatione
2953 5567 3217 5624 cordium
3266 5573 3636 5623 tentalorum.
3692 5569 3849 5623 Psal-
