3956 6414
70 383 193 434 47⁸7

825 377 1287 438 TROPOLOGLE
1322 378 1398 435 IN
1434 380 1638 445 OSEE,
1680 378 1862 435 AMOS
1900 379 1988 433 ΕΤ
2025 378 2186 434 JER.
2214 409 2284 419 —
2325 379 2451 435 LIB.
2498 382 2557 434 V.
2600 380 2667 435 IN
2706 380 2856 436 JER.

3497 382 3601 435 478

69 526 210 566 mus
240 512 398 569 enim
430 511 509 568 nil
560 510 719 567 aliud
769 518 853 567 est
904 524 1082 583 quam
1134 510 1291 581 quod
1337 510 1514 581 vulgo
1572 510 1786 568 dicitur
1822 511 1868 563 A
1903 531 1923 557 ι
1962 509 2131 579 quasi
2177 509 2425 565 struthio
2487 509 2545 565 in
2603 509 2842 565 deserto.
2912 530 2934 558 ι
2990 509 3235 578 Ghimel,
3292 511 3597 566 retributio.

50 592 299 669 fladius:
334 600 434 669 qui
461 598 582 655 sine
605 600 761 655 vocis
811 600 1085 655 exercitio
1133 599 1438 655 conficitur
1484 598 1712 654 chordis
1738 607 1793 655 et

50 676 384 757 jmanibus.
443 686 600 742 Sicut
655 700 793 757 ergo
846 687 1104 756 psalmus
1159 700 1349 754 aures,
1391 688 1472 741 sic
1510 686 1793 742 revolutio

50 754 455 845 icogitationis
508 754 758 830 mulcere
808 754 1184 845 dignoscitur,
1244 783 1299 831 et
1350 775 1574 831 nutrire
1628 774 1793 829 malae

71 863 519 932 spiritualitatis
546 863 843 934 imagines.

856 963 1025 1005 THAU.

158 1036 339 1092 Vens.
373 1038 461 1091 64.
493 1068 561 1076 -
595 1058 615 1085 ι
688 1036 880 1093 Redde
935 1038 1018 1092 eis
1050 1036 1255 1102 vicem,
1315 1036 1569 1099 Domine,
1620 1037 1793 1107 juxta

70 1145 103 1171 ››
179 1138 361 1194 opera
413 1139 696 1181 manuum
756 1139 1096 1181 suarum-»
1141 1126 1327 1191 Thau,
1375 1125 1794 1194 interpretatur

64 1218 501 1269 consummavit.
547 1215 918 1272 Consummat
947 1221 1141 1269 autem
1173 1216 1339 1279 Deus,
1379 1228 1627 1283 quorum
1674 1214 1793 1269 ilu-

65 1304 436 1358 ctuationem
498 1303 783 1358 diutinam
833 1310 985 1357 certo
1033 1302 1145 1357 ﬁne
1199 1302 1558 1357 determinat.
1615 1305 1793 1356 Vicem

66 1390 280 1446 reddit
332 1392 505 1459 juxta
567 1407 750 1460 opera,
799 1406 930 1447 cum
992 1405 1094 1461 per
1157 1391 1418 1460 singulas
1466 1398 1658 1445 noctes
1717 1390 1791 1445 ad

67 1477 448 1533 abluendum
480 1480 689 1535 lectum
721 1478 1108 1549 lacrymarum
1139 1480 1398 1549 suggerit
1428 1478 1681 1533 lavacra.

152 1564 335 1619 Vens.
372 1567 460 1618 65.
492 1594 561 1603 —
614 1586 635 1612 ι
671 1565 843 1620 Dabis
883 1565 963 1619 eis
1016 1573 1246 1620 scutum
1300 1564 1488 1620 cordis
1534 1564 1789 1619 laborem

72 1673 95 1697 ι
138 1658 339 1707 tuum.
380 1674 400 1699 ι
456 1653 640 1709 Labor
688 1653 785 1708 Dei
814 1659 916 1719 est,
971 1652 1112 1708 dum
1167 1653 1318 1707 vitiis
1349 1652 1537 1707 debita
1577 1653 1790 1706 vivaci-

64 1746 195 1795 tate
255 1739 563 1795 resistitur.
622 1741 733 1795 Iste
763 1740 927 1796 labor
954 1748 1183 1796 scutum
1235 1740 1422 1795 cordis
1451 1739 1721 1804 efﬁcitur,
1753 1752 1787 1793 a

62 1842 198 1898 quo
255 1828 467 1884 diaboli
537 1828 826 1897 spiculum
895 1842 1063 1883 omne
1135 1828 1433 1883 recutitur.
1508 1828 1624 1882 Hoc
1681 1841 1785 1895 pro

60 1929 324 1983 operum
355 1929 592 1971 suorum
618 1917 737 1971 vice
773 1916 855 1970 eis
884 1915 1163 1980 redditur,
1196 1922 1262 1970 ut
1315 1928 1432 1983 quo
1476 1913 1785 1969 insolenter

61 2002 463 2069 intraverant,
492 2002 624 2058 inde
648 2003 826 2073 digna
854 2002 1154 2058 severitate
1180 2002 1489 2070 pellantur.

142 2090 327 2145 Vnus.
362 2093 449 2144 66.
482 2119 553 2129 -—
588 2111 611 2139 ‹
667 2090 1033 2158 Persequeris
1078 2090 1135 2144 in
1189 2089 1381 2144 furore
1432 2097 1488 2143 et
1539 2089 1785 2143 conteris

64 2198 95 2225 »
119 2191 231 2233 eos
279 2178 389 2233 sub
420 2177 595 2244 caelis,
626 2178 885 2232 Domine.
932 2198 954 2225 ι
1009 2178 1073 2231 1η
1098 2179 1287 2243 furore
1332 2184 1780 2246 persequuntur,

64 2265 177 2336 qui
258 2265 484 2335 integra
537 2264 1037 2319 animadversione
1102 2265 1174 2318 ab
1250 2264 1443 2320 animo
1503 2264 1786 2320 divinitus

63 2353 463 2409 extricantur.
496 2354 610 2407 Sub
639 2355 783 2408 caelis
806 2367 1040 2423 quoque
1068 2359 1471 2419 conteruntur,
1494 2366 1627 2408 cum
1673 2353 1783 2408 sub

62 2442 364 2496 virtutum
394 2440 526 2511 jure
565 2440 938 2510 franguntur.
991 2438 1172 2495 Coelos
1218 2440 1462 2496 virtutes
1509 2448 1693 2507 vocat,
1725 2439 1783 2495 in

66 2529 300 2599 quibus
327 2528 461 2584 solis
485 2535 780 2599 gratanter
809 2528 961 2583 Deus
991 2527 1282 2583 mansitat.

750 2633 985 2691 CAPUT
1027 2634 1124 2691 ιν.

834 2739 1036 2780 ALEPH.

138 2813 322 2869 Vens.
359 2815 407 2866 l.
441 2841 511 2852 —
554 2834 576 2861 ι
628 2811 924 2879 Quomodo
972 2812 1347 2868 obscuratum
1411 2819 1497 2869 est
1548 2826 1780 2880 aurum,

72 2922 92 2947 ι
129 2907 401 2956 mutatus
444 2908 526 2957 est
572 2901 728 2956 color
776 2901 1048 2970 optimus,
1095 2902 1334 2971 dispersi
1393 2909 1528 2957 sunt
1569 2902 1785 2971 lapides

72 3009 92 3035 ι
131 2988 456 3044 sanctuarii
500 2988 560 3044 in
589 2989 775 3058 capite
804 2989 1065 3044 omnium
1105 2988 1468 3058 platearum?
1512 3011 1533 3037 ι
1581 2990 1778 3058 Aleph,

68 3080 222 3135 sicut
278 3076 568 3146 superius,
607 3075 859 3130 doctrina
887 3084 991 3141 est,
1023 3078 1193 3147 cujus
1220 3077 1426 3133 solutio
1458 3078 1514 3132 in
1545 3092 1777 3133 versum
1816 3094 1855 3148 ο

44 3165 283 3235 poterit
313 3164 559 3233 pendere
607 3171 962 3233 sequentem.
1011 3164 1301 3230 Quaeritur
1348 3178 1489 3234 ergo
1518 3164 1781 3233 quomodo

67 3268 269 3306 aurum
324 3252 685 3318 obscuretur,
764 3252 1054 3321 quomodo
1129 3252 1329 3322 utique
1398 3253 1597 3308 notitia
1656 3253 1776 3317 Dei,

44 3338 201 3409 'quae
227 3355 349 3396 non
379 3347 463 3395 est
510 3340 621 3395 nisi
652 3353 833 3407 amor,
880 3346 934 3395 et
981 3354 1103 3410 qua
1148 3340 1294 3396 nihil
1338 3340 1643 3409 pretiosius
1673 3348 1776 3408 est,

44 3416 124 3484 tet
156 3428 216 3505 in
248 3442 373 3498 qua
402 3428 573 3483 etiam
620 3428 814 3482 omnia
852 3427 1085 3483 scienda
1114 3436 1168 3483 et
1202 3429 1451 3498 gerenda
1480 3428 1774 3493 docemur,

46 3504 374 3586 tantopere
424 3516 482 3572 in
525 3516 720 3571 animo
778 3530 814 3571 a
872 3516 1116 3586 pristina
1171 3517 1353 3585 specie
1403 3524 1774 3572 extenuatur.

71 3605 228 3659 Color
267 3607 507 3674 optimus
554 3610 833 3672 mutatur,
885 3618 1019 3660 cum
1062 3604 1361 3659 sinceritas
1418 3604 1781 3674 cogitationis

44 3680 383 3747 ‘avertitur.
438 3690 675 3759 Lapides
725 3692 1033 3744 sanctuarii
1058 3692 1116 3743 in
1154 3692 1332 3760 capite
1376 3692 1615 3745 omnium
1654 3692 1778 3759 pla-

71 3785 283 3833 tearum
313 3778 749 3849 disperguntur,
782 3792 915 3833 eum
948 3777 1305 3833 nitidissima?
1336 3786 1391 3833 et
1423 3778 1780 3847 perspicaces

70 3866 129 3920 in
160 3867 319 3922 omni
376 3874 576 3923 sancta
618 3866 926 3936 prudentia
972 3866 1240 3933 rationes,
1288 3880 1391 3936 per
1436 3866 1630 3921 saeculi
1671 3881 1777 3922 vo-

44 3946 322 4022 lluptates
346 3961 401 4009 et
431 3954 645 4024 glorias
691 3953 834 4021 (haec
874 3954 1030 4010 enim
1082 3962 1219 4010 sunt
1267 3954 1441 4010 totius
1484 3954 1778 4009 saecularis

44 4038 311 4098 Fintentio
347 4042 532 4112 prima
578 4042 843 4113 licentiae)
875 4056 907 4097 a
941 4056 1049 4099 sua
1094 4042 1153 4098 in
1186 4045 1360 4098 Deum
1416 4042 1777 4112 simplicitate

44 4142 45 4147 π
72 4128 442 4186 dividuntur.

46 4232 51 4247 ι
843 4215 1008 4256 BETH.

44 4302 51 4335 ι
140 4286 317 4344 Vens.
380 4290 432 4343 2.
493 4318 563 4328 —
597 4311 618 4337 ι
673 4288 802 4345 Filii
860 4289 992 4345 Sion
1049 4288 1245 4359 inclyti
1298 4296 1351 4344 et
1382 4288 1575 4344 amicti
1631 4302 1776 4344 auro

1902 597 2118 652 Meritis
2141 598 2293 652 enim
2313 597 2524 653 nostris
2543 598 2913 668 exigentibus
2944 598 3272 669 hujusmodi
3299 613 3311 652 :
3346 600 3600 654 Casuum

1905 686 2172 741 infamias
2202 700 2303 755 pro
2336 687 2711 742 retributione
2740 688 3032 741 sortimur.
3080 687 3181 742 Est
3208 700 3345 756 ergo
3374 687 3597 742 dicere:

1901 775 2028 830 Non
2063 775 2250 830 solum
2282 775 2339 829 in
2373 782 2600 830 terrena
2647 774 2856 847 studia.
2886 774 3188 841 labuntur,
3236 775 3331 829 sed
3371 782 3426 830 et
3466 774 3601 829 facti

1902 864 2081 916 lamim
2098 877 2408 918 mammam
2441 863 2684 925 nudant,
2719 877 2849 918 cum
2882 863 2991 918 sub
3020 864 3205 932 specie
3233 861 3602 932 benignitatis

1900 959 1955 1006 et
2001 951 2143 1005 alios
2199 951 2270 1005 ad
2321 951 2516 1005 eadem
2577 966 2710 1021 quae
2763 952 2863 1019 Ipsi
2924 950 3142 1006 iaciunt
3198 951 3597 1020 perpetranda,

1902 1038 2094 1094 virosa
2150 1039 2458 1094 verborum
2525 1038 2849 1106 dulcedine,
2912 1046 2967 1094 et
3036 1039 3281 1094 feminea
3346 1038 3599 1108 quadam

1901 1126 2255 1182 adultatione
2286 1127 2649 1196 compellant.
2697 1129 2891 1182 Lamia
2920 1128 3072 1182 enim
3120 1129 3441 1181 monstrum
3492 1132 3596 1192 est,

1901 1211 2240 1269 muliebrem
2287 1213 2521 1281 cingulo
2553 1221 2719 1269 tenus
2750 1213 2967 1268 habens
2996 1214 3257 1269 formam.
3290 1212 3599 1267 Mammam

1898 1315 2039 1370 ergo
2071 1300 2315 1365 nudant,
2347 1315 2481 1355 cum
2512 1300 2831 1355 doctrinam
2870 1302 2941 1355 ad
2972 1314 3040 1355 ea
3086 1313 3218 1369 quae
3255 1306 3438 1369 agunt
3468 1312 3595 1367 pro-

1899 1390 2169 1459 paganda
2222 1389 2613 1458 promulgant.
2661 1390 2877 1443 Catulos
2919 1389 3149 1453 lactant,
3204 1401 3335 1442 cum
3381 1386 3454 1441 ad
3494 1386 3598 1441 be-

1900 1477 2092 1531 stiales
2120 1476 2268 1531 ritus
2292 1475 2433 1530 alios
2464 1476 2843 1531 lenocinando
2873 1482 3196 1531 attrectant.
3230 1474 3380 1529 Filia
3404 1472 3599 1541 populi

1901 1564 2079 1634 hujus
2103 1564 2336 1618 crudelis
2365 1567 2526 1631 quasi
2567 1566 2802 1617 struthio
2837 1567 2894 1617 in
2941 1563 3170 1628 deserto,
3203 1562 3340 1631 quia
3372 1560 3452 1627 hi,
3494 1558 3597 1628 qui

1898 1652 2167 1720 superius
2215 1652 2313 1706 ﬁlii
2365 1652 2709 1706 dicebantur
2737 1659 2793 1705 et
2842 1665 2999 1705 nunc
3043 1664 3144 1719 per
3187 1663 3413 1704 morum
3461 1646 3595 1703 elle-

1899 1739 2272 1793 minationetn
2326 1738 2579 1793 liliarum
2629 1737 2908 1792 vocabulo
2933 1736 3053 1807 jam
3097 1742 3425 1800 censentur,
3457 1748 3596 1789 cru-

1827 1802 1865 1855 Β
1894 1825 2047 1880 deles
2076 1833 2231 1891 sunt,
2278 1825 2419 1896 quia
2464 1840 2612 1895 quos
2658 1802 2951 1881 diabolica
2981 1823 3219 1879 suadela
3266 1821 3594 1892 genuerint,

1893 1913 2003 1968 sub
2060 1921 2292 1969 terrena
2349 1913 2579 1969 levitate
2634 1913 2979 1969 recondunt.
3044 1910 3396 1967 Struthionis
3442 1908 3597 1964 enim

1894 2009 2126 2067 natura,
2159 2010 2244 2057 est
2272 2016 2379 2057 ova
2413 2002 2470 2056 in
2510 2010 2663 2057 terra
2694 2015 2921 2071 ponere,
2967 2009 3023 2056 et
3067 2014 3135 2056 ea
3179 1999 3414 2069 pulvere
3458 1998 3594 2053 ado-

1894 2098 2056 2158 perta
2105 2091 2450 2159 relinquere.
2506 2091 2677 2145 Ferro
2719 2089 2890 2145 etiam
2936 2089 3092 2158 pasci
3136 2088 3367 2153 dicitur,
3420 2085 3597 2141 nimi-

1893 2190 2025 2232 rum
2085 2178 2226 2247 quia
2282 2177 2633 2247 hujusmodi,
2692 2190 2760 2232 ac
2824 2176 2869 2231 si
2922 2176 3082 2243 cibis,
3134 2173 3596 2245 malignitatibus

1891 2266 2196 2321 satiantur.

2620 2349 2869 2389 DALETH.

1964 2423 2137 2478 Vsus.
2173 2424 2225 2475 4.
2257 2453 2322 2464 -
2358 2445 2380 2471 ι
2417 2422 2669 2477 Adhaesit
2708 2422 2911 2491 lingua
2935 2421 3196 2476 lactentis
3238 2420 3306 2474 ad
3339 2418 3595 2489 palatum

1899 2531 1921 2558 ι
1954 2512 2081 2581 ejus
2114 2511 2170 2565 in
2202 2512 2312 2566 siti.
2355 2510 2591 2566 Parvuli
2629 2512 2917 2579 petierunt
2963 2523 3189 2579 panem,
3222 2517 3277 2563 et
3310 2522 3423 2563 non
3473 2512 3597 2562 erat

1898 2622 1919 2647 ι
1957 2599 2060 2669 qui
2110 2588 2400 2669 frangeret
2445 2598 2545 2653 eis.
2586 2620 2606 2645 ι
2660 2598 2884 2662 Daleth,
2926 2596 3339 2665 interpretatur
3372 2593 3593 2649 tabula.

1893 2687 1999 2751 Qui
2032 2695 2169 2741 sunt
2202 2687 2433 2755 tabulae,
2468 2686 2575 2741 nisi
2608 2686 2707 2756 qui
2757 2685 2948 2740 exciso
2978 2698 3013 2739 a
3054 2699 3111 2740 se
3151 2685 3389 2739 internas
3423 2680 3597 2752 pleni-

1893 2774 2112 2829 tudinis
2143 2775 2344 2830 robore
2375 2789 2410 2829 a
2436 2774 2669 2829 virtutis
2688 2774 2903 2829 duritia
2921 2779 3313 2829 extenuantur
3341 2769 3596 2841 cogitatu

1892 2869 1947 2916 et
1992 2862 2206 2931 opere?
2258 2865 2474 2929 Lingua
2516 2878 2620 2933 ego
2661 2864 2911 2916 lactentis
2951 2861 3025 2914 ad
3065 2862 3314 2929 palatum
3360 2860 3478 2927 ejus
3535 2860 3594 2911 in

1892 2953 1992 3004 siti
2011 2950 2284 3015 adhaeret,
2316 2966 2449 3007 cum
2478 2951 2775 3006 deliciente
2807 2963 2964 3020 aqua
3000 2949 3295 3018 sapientize
3325 2946 3595 3003 salutaris

1897 3037 2104 3093 locutio
2132 3039 2277 3109 ejus,
2311 3039 2412 3108 qui
2466 3047 2829 3094 monstruoso
2877 3038 3019 3093 laete
3053 3037 3310 3119 pascitur
3362 3036 3433 3090 ad
3467 3035 3596 3105 ejus

1894 3126 2369 3193 conformitatem,
2416 3139 2451 3181 a
2503 3140 2622 3196 quo
2679 3126 3002 3181 virulentiae
3061 3124 3336 3179 doctrina:
3382 3122 3593 3178 salivas

1888 3222 2204 3282 acceperat,
2239 3230 2296 3269 se
2339 3215 2612 3270 continet.
2660 3215 2707 3269 A
2753 3214 2942 3283 palato
2982 3213 3138 3268 enim
3171 3211 3355 3267 saliva
3396 3210 3593 3281 digre-

1887 3301 2065 3369 ditur,
2098 3310 2153 3357 et
2185 3302 2384 3373 lingua
2414 3302 2604 3372 palato
2641 3302 3002 3371 astringitur,
3038 3315 3172 3357 cum
3209 3300 3387 3356 verba
3416 3299 3593 3354 disci-

1888 3389 2009 3458 puli
2055 3390 2302 3445 doctoris
2346 3390 2607 3460 nequitia
2636 3390 3066 3459 resculpuntur.
3120 3389 3356 3443 Parvuli
3395 3402 3593 3457 panem

1889 3486 2111 3547 petunt,
2138 3494 2270 3534 cum
2305 3479 2725 3535 innocentiores
2744 3487 2799 3535 et
2830 3479 3115 3548 pravitate
3140 3476 3333 3533 minus
3364 3475 3589 3543 imbuti,

1886 3565 2300 3622 documentum
2351 3568 2523 3623 vitale
2576 3568 2911 3637 deposcunt,
2944 3568 3041 3622 sed
3090 3567 3420 3622 dissertores
3464 3579 3591 3620 om-

1886 3655 2026 3709 nino
2057 3654 2346 3711 deﬁciunt.

2693 3758 2787 3797 HE.

1956 3830 2126 3887 Vens.
2158 3835 2209 3885 5.
2240 3860 2307 3874 -
2360 3854 2380 3880 ι
2432 3831 2540 3899 Qui
2595 3831 2977 3886 vescebantur
3026 3828 3386 3899 voluptuose,
3443 3828 3588 3884 inte-

1885 3939 1914 3967 »
1948 3919 2172 3975 rierunt
2212 3920 2270 3974 in
2301 3920 2430 3985 viis,
2465 3919 2568 3989 qui
2617 3920 3031 3974 nutriebantur
3080 3918 3137 3972 in
3183 3917 3419 3983 croceis,
3460 3931 3590 3973 am-

1891 4027 1913 4053 ι
1952 4007 2164 4075 plexati
2198 4014 2336 4062 sunt
2382 4014 2653 4061 stercora.
2694 4027 2713 4053 ι
2765 4006 2866 4071 He,
2908 4006 3121 4061 dicitur
3150 4008 3279 4058 ista.
3337 4005 3408 4060 Et
3454 4019 3588 4074 quae

1882 4097 2016 4163 ista,
2060 4094 2167 4150 nisi
2224 4093 2573 4163 praesentia?
2631 4094 2957 4162 Voluptuose
3001 4092 3255 4147 vescitur
3300 4097 3448 4146 εδδ
3482 4092 3585 4162 qui

1885 4183 2096 4238 divinis
2125 4183 2370 4253 eloquiis
2418 4197 2520 4253 pro
2566 4181 2832 4252 pratsenti
2879 4182 3065 4237 solum
3119 4179 3303 4251 gloria
3350 4179 3589 4236 delecta-

1883 4279 1999 4326 tur.
2035 4272 2087 4327 ls
2116 4273 2175 4324 in
2199 4274 2303 4325 viis
2362 4271 2574 4337 interit,
2627 4270 2768 4339 quia
2814 4270 2953 4326 dum
2986 4283 3160 4339 super
3208 4268 3296 4324 his
3338 4283 3470 4339 quae
3512 4269 3583 4324 ad

44 4395 95 4425 τι
142 4375 351 4444 primo.
407 4376 700 4443 Quomodo
764 4377 1013 4447 reputati
1068 4357 1205 4433 sunt
1264 4376 1322 4431 in
1380 4390 1520 4432 vasa
1571 4384 1763 4443 testea,
1808 4377 1850 4430 D
1884 4359 2065 4447 Deum
2117 4359 2419 4429 βθτίίῐιθηῑν
2470 4359 2713 4414 verbum
2763 4357 3307 4447 ῡθίίειάιιῃθτειηάο,
3338 4357 3585 4447 Αίδνοτθε

76 4482 96 4509 ι
139 4477 287 4533 opus
318 4477 598 4520 manuum
633 4465 846 4536 ﬁguli?
890 4488 911 4513 ι
948 4466 1109 4530 Beth,
1151 4467 1416 4531 confusio.
1449 4463 1588 4532 Quis
1618 4465 1770 4520 enim

67 4548 283 4617 justius
328 4552 704 4609 confunditur
746 4567 929 4623 quam
984 4554 1087 4624 qui
1133 4553 1202 4609 de
1262 4560 1422 4609 tanto
1471 4554 1652 4622 pretio
1698 4553 1772 4609 ad

44 4637 214 4694 :nihil
264 4654 409 4709 pene
446 4639 775 4711 redigitur?
806 4643 937 4696 Filii
962 4642 1093 4696 Sion
1139 4642 1352 4709 inclyti,
1380 4640 1772 4701 ,intellectua—

44 4724 149 4779 sles
178 4735 315 4783 sunt
371 4736 562 4783 motus
616 4728 937 4783 masculina
990 4729 1202 4785 virtute
1258 4728 1554 4784 liberrimi.
1615 4733 1771 4783 Auro

44 4815 243 4878 primo
272 4814 649 4883 amiciuntur,
698 4814 801 4885 qui
847 4816 1141 4885 sapientia:
1194 4816 1405 4872 divinae
1455 4816 1769 4887 privilegiis

44 4899 447 4958 ,adornantur.
474 4904 538 4957 In
563 4918 700 4957 vasa
730 4908 895 4957 testea
938 4912 1305 4973 reputantur,
1348 4918 1479 4959 cum
1528 4904 1648 4973 jam
1695 4903 1767 4959 ad

44 5008 47 5043 π
71 4984 294 5056 fragilia
321 5004 497 5060 opera
521 4991 932 5046 devolvuntur.
961 4993 1111 5061 Opus
1140 5007 1402 5046 manuum
1427 4994 1585 5060 ﬁguli
1609 4999 1764 5060 sunt,

44 5076 206 5143 lquia
233 5087 526 5136 auctorem
571 5081 693 5151 jam
750 5081 967 5137 habent
1022 5096 1096 5137 ex
1141 5089 1258 5137 tam
1305 5096 1573 5151 perversa
1624 5096 1766 5137 con—

71 5167 383 5223 versatione
432 5168 747 5225 diabolum.
805 5169 973 5225 Hunc
1032 5170 1254 5226 Pharao
1305 5170 1398 5226 ille
1452 5170 1762 5241 signiﬁcat,

44 5251 169 5319 iqui
227 5255 511 5312 lsraelitas
575 5256 631 5311 in
688 5256 810 5312 luto
858 5263 915 5312 et
962 5257 1136 5314 latere
1196 5266 1251 5314 et
1326 5257 1502 5329 paleis
1547 5259 1765 5315 servire

44 5364 45 5397 ι
73 5339 320 5407 cogehat.

44 5462 45 5485 1
793 5444 1028 5487 GHIMEL.

44 5538 49 5573 ι
140 5511 304 5571 Vnus.
360 5520 412 5572 3.
488 5548 557 5557 —
616 5537 645 5566 ‹‹
714 5517 925 5573 Lamia:
996 5519 1368 5576 nudaverunt
1424 5534 1760 5587 mammam,

44 5616 47 5661 ς
80 5616 100 5641 ι
133 5597 485 5661 lactaverunt
513 5604 734 5660 catulos
762 5619 916 5673 suos,
961 5606 1079 5662 tilia
1107 5607 1303 5678 populi
1348 5608 1456 5664 mei
1489 5608 1760 5679 crudelis,

1879 4446 2093 4503 scilicet
2137 4447 2503 4517 requirendo,
2540 4453 2708 4502 extra
2759 4460 2820 4501 se
2854 4445 3194 4516 digreditur,
3229 4445 3393 4515 perit.
3448 4447 3583 4503 Cro-

1878 4547 1983 4589 cus
2011 4535 2201 4590 aurosi
2235 4534 2443 4590 coloris
2481 4542 2583 4601 est,
2616 4541 2671 4590 et
2702 4534 2932 4590 redolet.
2967 4535 3038 4587 In
3078 4536 3275 4588 croceis
3301 4533 3580 4601 nutritur,

1880 4622 1982 4692 qui
2040 4632 2142 4678 aut
2190 4623 2513 4678 sanctitatis
2552 4621 2756 4692 specie,
2817 4629 2920 4677 aut
2971 4621 3266 4692 sapientiae
3309 4621 3578 4691 opinione

1879 4710 2181 4781 gloriatur.
2237 4712 2300 4765 Hi
2332 4712 2746 4780 amplexantur
2782 4715 3038 4772 stercora,
3094 4724 3228 4764 cum
3269 4723 3482 4779 magna
3513 4709 3583 4765 de

1877 4814 1936 4855 se
1977 4800 2229 4855 volentes
2259 4799 2523 4871 intelligi,
2577 4799 2730 4868 turpi
2774 4798 2964 4854 subito
2989 4798 3261 4853 aviditate
3296 4801 3585 4867 proruunt

1875 4888 1948 4943 ad
2012 4888 2233 4955 inﬁma,
2294 4902 2425 4957 qua:
2490 4887 2803 4957 Apostolus
2842 4886 3160 4942 arbitratur
3218 4893 3281 4942 ut
3332 4892 3581 4941 stercora

1874 4977 2041 5047 (Phil.
2077 4991 2158 5043 ιιι,
2191 4977 2262 5044 8).
2300 4977 2425 5031 Huc
2449 4977 2605 5032 enim
2637 4983 2915 5045 respectat
2944 4982 3141 5030 nostra
3161 4974 3368 5030 littera.

2658 5097 2790 5138 VAU.

1945 5170 2118 5227 Vnus.
2151 5173 2204 5224 6.
2240 5199 2308 5208 —
2345 5193 2365 5218 ι
2432 5171 2504 5226 Et
2556 5171 2743 5241 major
2782 5169 2982 5226 eﬁ‘ecta
3027 5177 3112 5226 est
3141 5168 3418 5239 iniquitas
3447 5169 3577 5226 ﬁliae

1879 5280 1902 5308 ι
1962 5258 2160 5329 populi
2218 5258 2327 5313 mei
2381 5266 2612 5328 peccato
2662 5259 3057 5323 Sodomorum,
3109 5272 3241 5327 qua:
3297 5256 3579 5312 subversa

1878 5368 1900 5396 ι
1948 5356 2033 5404 est
2063 5347 2121 5402 in
2171 5355 2480 5415 momento,
2508 5355 2563 5404 et
2602 5362 2717 5404 non
2765 5355 3043 5418 ceperunt
3084 5346 3144 5401 in
3193 5360 3261 5401 ea
3290 5360 3519 5401 manus.
3548 5366 3569 5394 ι

1870 5434 2020 5503 Vau,
2058 5436 2469 5503 interpretatur
2496 5438 2631 5504 ipse,
2665 5436 2864 5506 procul
2896 5434 3072 5491 dubio
3121 5435 3269 5490 idem
3310 5434 3412 5505 qui
3442 5435 3572 5499 ista,

1869 5537 2002 5593 quae
2049 5522 2317 5591 superius
2368 5522 2627 5580 diximus
2671 5524 2999 5595 signiﬁcare
3037 5524 3365 5591 praesentia;
3411 5521 3571 5576 inve-

1868 5611 2030 5667 nitur
2072 5609 2361 5666 aﬂ‘ectare.
2417 5610 2608 5681 Hujus
2646 5612 2781 5677 ﬁliae
2824 5612 3017 5681 populi
3057 5616 3274 5680 peccato
3313 5609 3571 5664 Sodomo-
