3956 6422
405 391 510 444 479

1258 393 1320 447 ν.
1370 393 1698 449 GUIBERTI
1759 395 2050 450 ABBATIS
2106 398 2162 450 S.
2230 397 2474 452 MARUE
2535 399 2623 452 DE
2674 397 3066 453 NOVIGENTO
3805 399 3893 450 48o

392 540 514 578 rum
535 525 713 592 major
758 527 1024 593 iniquitas
1061 524 1328 592 efﬁcitur,
1359 526 1497 596 quia
1545 533 1829 596 quantum
1862 527 2085 596 argenti
2122 532 2168 584 A
2200 533 2307 584 tate
2338 536 2510 597 terra,
2547 532 2684 601 quia
2725 532 2996 586 vitiorum
3042 531 3345 600 putoribus
3376 539 3511 588 sunt
3544 533 3766 588 addicti
3807 549 3892 602 pro

393 611 618 681 pondus
668 627 701 666 a
761 613 1010 681 pondere
1055 613 1275 681 plumbi
1341 615 1535 681 distat,
1589 622 1812 669 tantum
1863 624 2093 685 peccata

397 699 745 768 simplicium
789 708 843 754 et
928 701 1196 754 hebetum
1268 715 1301 754 a
1350 710 1574 769 peccato
1627 716 1827 757 eorum
1884 705 1983 772 qui
2009 719 2094 757 vo-

395 788 639 854 luptuose
667 796 1005 853 vescuntur,
1045 797 1097 842 et
1133 789 1474 842 nutriuntur
1503 792 1558 842 in
1588 792 1783 842 croceis
1808 831 1822 856 ,
1859 791 2091 845 ditlerre

393 882 632 928 constat.
696 874 937 929 Sodoma
1001 877 1154 929 enim
1214 875 1622 944 interpretatur
1682 893 1841 944 pecus
1911 880 2092 931 silens.

393 961 462 1014 Et
495 961 635 1030 quid
693 975 865 1029 pecus
916 962 1024 1016 nisi
1081 961 1336 1029 ingenita
1369 964 1620 1030 fatuitas,
1672 966 1841 1034 cujus
1875 964 2088 1033 ingenii

392 1047 553 1102 nulla
597 1062 706 1103 vox
756 1049 882 1103 est?
925 1049 1061 1115 Qua)
1105 1050 1277 1104 etiam
1326 1049 1567 1104 Sodoma
1631 1052 1988 1107 subvertitur
2032 1055 2089 1105 in

390 1141 668 1200 momento,
717 1137 856 1204 quid
911 1137 1302 1191 subvertibilis
1347 1146 1448 1201 est,
1483 1147 1536 1193 et
1595 1153 1774 1208 prona
1803 1140 1984 1205 casui,
2043 1139 2088 1194 si

392 1221 462 1276 sit
490 1223 586 1290 qui
623 1223 855 1292 impetat
898 1226 1105 1293 quot’is
1157 1227 1341 1280 modo.
1373 1227 1442 1280 Et
1495 1242 1608 1280 non
1654 1227 1893 1294 capiunt
1940 1230 1996 1280 in
2026 1244 2088 1281 ea

390 1325 600 1371 manus.
635 1311 772 1380 quia
829 1313 1220 1382 quodcunque
1261 1313 1358 1367 tali
1406 1314 1581 1368 menti
1631 1329 1749 1369 sese
1807 1315 2082 1380 intulerit,

391 1406 684 1463 gratanter
723 1399 1045 1454 admittitur
1087 1408 1254 1468 turpe
1306 1416 1470 1470 opus.
1521 1404 1717 1456 Manus
1765 1417 1997 1471 quoque
2027 1405 2086 1456 in

389 1498 451 1536 ea
491 1499 602 1538 non
633 1485 888 1554 capiunt,
954 1487 1092 1541 dum
1148 1489 1457 1558 plusquam
1503 1489 1844 1558 possibilitas
1876 1489 2083 1558 agendi

389 1572 686 1640 sustineat,
718 1574 898 1628 facere
923 1583 1221 1644 appetunt.

1168 1679 1315 1717 ZAIN.

461 1745 630 1802 Vens.
699 1751 750 1802 7.
807 1776 880 1790 —
937 1767 965 1799 α
1029 1749 1397 1806 Candidiores
1446 1751 1697 1806 Nazaraei
1749 1752 1874 1822 ejus
1926 1752 2077 1819 nive,

2203 617 2621 674 incultibilitate
2663 627 2716 674 et
2771 619 2942 686 longa
3011 618 3235 674 incuria
3284 621 3490 674 mentis
3537 635 3679 675 sum.
3747 621 3896 675 Unde

2202 707 2404 760 merito
2431 721 2463 761 a
2505 706 2906 776 prtedictorum
2951 707 3061 772 isti,
3091 707 3261 777 juxta
3308 723 3540 763 sensum
3591 709 3896 777 praemissa

2199 791 2418 859 litterze,
2463 802 2611 847 sorte
2649 793 3060 856 excluduntur,
3096 808 3242 862 quos
3272 794 3457 848 cordis
3508 809 3624 849 non
3686 797 3896 850 terreni

2197 881 2294 934 sed
2326 880 2532 950 lapidei
2565 881 2824 936 ferocitas
2861 881 3017 935 nulla
3047 881 3440 950 consequitur.

2982 983 3092 1022 JOD.

2260 1055 2428 1111 Vnus.
2458 1059 2618 1109 lO.—-
2649 1079 2667 1103 ι
2699 1057 2901 1110 Manus
2922 1056 3228 1111 mulierum
3247 1056 3702 1112 misericordium
3719 1072 3896 1112 coxe-

2197 1161 2225 1193 ι)
2268 1152 2403 1198 runt
2438 1145 2579 1198 ﬁlios
2616 1159 2768 1209 suos,
2813 1144 2941 1198 facti
2987 1152 3123 1200 sunt
3164 1145 3326 1199 cibus
3357 1160 3558 1200 earum
3587 1145 3645 1200 in
3678 1146 3896 1200 contri-

2201 1253 2221 1278 ι
2268 1233 2475 1288 tionem
2513 1235 2637 1288 lilize
2690 1235 2884 1303 populi
2935 1234 3060 1288 mei.
3103 1256 3122 1280 ι
3179 1235 3302 1300 Jod,
3360 1235 3619 1288 desolatio
3674 1242 3782 1289 est.
3829 1235 3894 1289 Et

2194 1321 2331 1390 quid
2357 1322 2538 1389 magis
2567 1323 2856 1376 desolatur
2881 1336 3055 1390 quam
3080 1321 3235 1390 quod
3263 1323 3374 1376 Deo
3407 1323 3626 1392 hospite
3667 1337 3893 1376 vacua-

2197 1409 2558 1464 turiManus
2600 1411 2884 1463 mulierum
2935 1411 3365 1464 misericordium
3420 1412 3560 1479 filios
3616 1426 3744 1464 suos
3795 1427 3892 1465 co-

2192 1503 2400 1564 quunt,
2433 1511 2563 1550 cum
2595 1511 2767 1564 opera
2795 1497 3152 1565 ejuratorum
3192 1497 3508 1561 hominum,
3553 1497 3694 1551 nihil
3739 1498 3893 1551 scili—

2191 1588 2274 1634 cet
2325 1581 2720 1636 iutellectualis
2787 1582 2997 1636 tenoris
3058 1582 3414 1649 habentium,
3459 1597 3573 1648 eos,
3625 1598 3777 1652 quos
3823 1583 3891 1636 ad

2189 1669 2276 1722 sui
2327 1669 2584 1738 exempla
2614 1670 3025 1734 contraxerint,
3072 1669 3141 1722 ad
3179 1671 3264 1723 sui
3302 1670 3552 1738 ipsorum
3587 1668 3892 1722 conformi-

2189 1762 2330 1810 tates
2363 1757 2491 1826 igne
2520 1757 2772 1811 subdola:
2822 1756 3208 1825 persuasionis
3256 1756 3576 1811 emolliunt.
3621 1755 3891 1810 Mulieres

391 1848 419 1883 ι
480 1833 771 1890 nitidiores
828 1836 990 1902 lacte,
1064 1839 1504 1893 rubicundiores
1577 1840 1745 1894 ebore
1819 1840 2078 1909 antiquo,
2123 1817 2480 1899 Betironice
2532 1845 2920 1899 misericordes
2974 1852 3275 1910 vocantur,
3319 1844 3459 1914 quia
3512 1843 3645 1898 hinc
3684 1842 3890 1897 lenoci-

393 1941 415 1970 ι
453 1921 690 1990 Saphiro
731 1924 1100 1992 pulchriores.
1140 1947 1160 1972 ι
1215 1926 1372 1992 Zain,
1406 1927 1721 1979 alimentum
1768 1929 1977 1982 mundi.
2012 1929 2084 1982 Et

389 2010 666 2078 aquibus
696 2012 878 2080 magis
931 2013 1106 2067 alitur
1165 2014 1416 2067 tnundus
1464 2027 1639 2082 quam
1693 2027 1726 2068 a
1777 2015 1906 2069 ﬁliis
1949 2015 2081 2069 Sion

390 2097 634 2166 inclytis,
671 2101 772 2167 qui
827 2100 1183 2155 amiciuntur
1214 2114 1355 2154 auro
1389 2100 1616 2170 primo?
1659 2102 1770 2156 llos
1798 2117 1934 2172 ergo
1987 2117 2084 2158 ex-

389 2185 686 2254 primendo
720 2187 1105 2256 prosequitur.
1153 2187 1457 2243 Nazarzeus
1508 2188 1918 2258 interpretatur
1953 2205 2081 2244 san-

387 2279 523 2328 ctus.
580 2273 753 2340 Quasi
803 2275 1048 2330 diceret:
1104 2275 1211 2338 Illi,
1276 2276 1376 2345 qui
1424 2277 1717 2346 quondam
1765 2277 2082 2333 sanctitatis

388 2361 674 2416 munditia
703 2361 988 2416 ﬁorulenti
1035 2370 1220 2430 erant,
1273 2363 1416 2431 (haic
1453 2365 1604 2418 enim
1637 2365 1748 2420 tria
1776 2365 2081 2421 Nazarazus

389 2449 571 2516 sonat)
617 2462 715 2516 per
782 2448 1100 2518 appetitum
1175 2450 1415 2504 caelestis
1486 2450 1679 2520 gloriae
1738 2453 2079 2507 candidiores

384 2542 517 2590 sunt
542 2537 683 2601 nive,
728 2535 848 2589 hzec
878 2535 1029 2590 enim
1088 2537 1309 2591 coalitus
1354 2537 1604 2607 labitur;
1659 2553 1756 2606 per
1805 2539 2080 2608 simplicis

387 2621 773 2678 innocentiam
813 2624 1056 2678 actionis
1083 2626 1366 2679 nitidiores
1395 2627 1546 2690 lacte,
1597 2627 1748 2694 quod
1792 2641 1863 2681 ex
1907 2641 2079 2682 carne

382 2712 676 2776 nascitur;
753 2725 854 2780 per
925 2712 1283 2768 tolerantiam
1363 2729 1645 2783 corporeae
1717 2715 2075 2779 titillationis,

386 2799 798 2853 rubicundiores
847 2800 998 2854 ebore
1051 2804 1297 2869 antiquo,
1345 2802 1399 2856 id
1447 2810 1550 2870 est,
1599 2803 1735 2868 ipsis
1776 2803 2078 2858 incentivis

381 2887 503 2942 suis
553 2887 996 2942 examinatiores
1054 2889 1248 2958 aliquo
1297 2898 1483 2944 vetere
1550 2899 1764 2945 sancto.
1830 2891 2078 2960 Elephas

379 2973 555 3040 enim,
591 2974 743 3029 unde
773 2975 938 3042 ebur,
980 2975 1199 3047 frigida:
1239 2986 1462 3033 naturze
1501 2986 1602 3033 est.
1637 2979 1870 3046 Saphiro
1910 2977 2077 3032 deni-

2191 1934 2416 1986 niorum
2449 1932 2680 1986 mollitie
2733 1932 2940 1986 fallunt
2973 1940 3027 1986 et
3059 1932 3214 1986 illinc
3239 1932 3348 1987 sub
3377 1932 3561 1986 colore
3608 1931 3886 1999 benigni-

2191 2017 2452 2072 tatisimo
2491 2018 2657 2086 quasi
2689 2016 3019 2070 consulendi
3063 2030 3121 2069 se
3153 2015 3443 2084 ingerunt.
3479 2017 3652 2068 Cibus
3697 2032 3887 2069 earum

2190 2106 2356 2170 ﬁunt,
2399 2106 2538 2160 dum
2585 2119 2678 2159 eos
2708 2105 2814 2158 sibi
2849 2104 3213 2172 incorporare
3256 2104 3630 2158 contendunt.
3673 2104 3746 2158 Et
3798 2117 3887 2158 ex-

2187 2193 2319 2248 inde
2351 2193 2465 2247 ﬁlia
2499 2192 2694 2262 populi
2727 2191 3064 2257 conteritur,
3108 2191 3248 2246 dum
3279 2205 3393 2245 non
3433 2191 3670 2246 rationis
3707 2192 3880 2258 ﬁlius,

2187 2281 2308 2350 qui,
2333 2282 2504 2351 juxta
2530 2280 2954 2349 Apocalypsin),
2999 2279 3068 2333 ad
3111 2279 3386 2334 thronum
3420 2279 3514 2334 Dei
3545 2279 3883 2348 perducitur

2186 2369 2378 2437 (Apoc.
2413 2383 2512 2430 xu,
2547 2369 2619 2437 5),
2652 2369 2748 2422 sed
2791 2365 3155 2437 vulgaritatis
3186 2366 3398 2422 intimae
3438 2367 3724 2423 instabilis
3767 2367 3880 2422 ﬁlia

2185 2455 2570 2510 indesinenter
2589 2455 2874 2510 obruitur.

2943 2555 3109 2594 (IAPH.

2257 2631 2426 2687 Vens.
2460 2634 2542 2684 ll.
2565 2659 2638 2670 —
2671 2653 2690 2677 ι
2727 2628 3040 2698 Complevit
3087 2628 3364 2682 Dominus
3397 2627 3649 2683 furorem
3680 2642 3878 2693 suum,

2189 2740 2209 2766 ι
2253 2719 2453 2773 eﬁ‘udit
2486 2720 2626 2772 iram
2663 2716 3076 2785 indignationis
3106 2731 3243 2781 suze,
3277 2724 3331 2770 et
3371 2715 3880 2784 succenditignem

2188 2826 2210 2853 ι
2253 2807 2310 2860 in
2366 2807 2518 2872 Sion,
2573 2813 2626 2860 et
2660 2805 2955 2858 devoravit
3005 2804 3380 2858 fundamenta
3431 2802 3567 2869 ejus.
3620 2825 3641 2849 ι
3696 2803 3877 2872 Capb,

2183 2887 2595 2958 interpretatur
2632 2892 2894 2955 operatio.
2926 2889 3061 2951 Qua!
3102 2888 3356 2957 operatio
3403 2903 3517 2942 non
3569 2888 3681 2942 nisi
3736 2903 3881 2957 prte-

2184 2978 2370 3032 missie
2400 2977 2722 3045 iniquitatis
2752 2976 2990 3044 quidam
3041 2975 3275 3030 eﬁ'ectus
3327 2975 3556 3035 dicitur.
3612 2975 3764 3030 sicut
3811 2989 3879 3029 ex

381 3076 494 3132 que
545 3063 903 3131 pulchriores,
973 3065 1060 3119 his
1119 3065 1374 3120 videlicet
1433 3065 1646 3132 multis,
1705 3079 1956 3134 quorum
2016 3065 2073 3120 in
2113 3104 2154 3159 Ο
2187 3073 2410 3134 peccato
2445 3063 2654 3133 peccati
2698 3078 2864 3132 pmna
2903 3062 3168 3116 efﬁcitur.
3227 3063 3384 3118 Unde
3429 3064 3673 3128 furorem
3723 3077 3878 3116 suum

381 3149 536 3204 cmlis
559 3151 916 3207 conversatio
948 3167 1069 3207 esse
1105 3152 1316 3208 dicitur
1346 3154 1512 3220 (Phil.
1563 3167 1640 3219 ιιι,
1687 3155 1797 3222 20),
1844 3153 2074 3223 dignio—
2117 3149 2154 3159 “”
2187 3155 2439 3206 Dominus
2487 3152 2750 3220 complet,
2802 3155 2866 3205 ut
2918 3151 3019 3219 qui
3092 3158 3319 3219 peccato
3383 3150 3763 3216 irascebatur,
3810 3164 3876 3204 ex

381 3249 503 3304 res;
536 3238 802 3308 saphirus
828 3239 979 3294 enim
1007 3240 1249 3296 ethereaa
1282 3240 1487 3310 speciei
1518 3248 1618 3294 est.

1139 3343 1306 3382 HETH.

451 3413 620 3470 Vnus.
650 3413 707 3470 8.
741 3443 811 3454 —
849 3437 867 3461 ε
909 3414 1214 3486 Denigrata
1245 3423 1328 3469 est
1377 3427 1552 3483 super
1590 3414 1866 3469 carbones
1904 3413 2074 3470 facies

385 3521 406 3549 ι
450 3515 670 3568 eorum,
730 3509 785 3556 et
826 3516 941 3556 non
992 3509 1126 3556 sunt
1176 3501 1388 3571 cogniti
1437 3501 1492 3555 in
1551 3502 1781 3570 plateis;
1837 3502 2074 3558 adhzesit

386 3611 407 3637 ι
461 3591 608 3645 cutis
681 3603 881 3644 eorum
930 3591 1176 3654 ossibus,
1243 3589 1416 3656 aruit,
1466 3598 1522 3644 et
1578 3591 1725 3645 facta
1771 3597 1853 3644 est
1907 3590 2072 3658 quasi

386 3698 406 3726 ι
463 3677 702 3746 lignum.
745 3698 765 3724 ι
804 3678 970 3743 Heth,
1018 3680 1154 3730 vita.
1194 3678 1248 3732 Si
1280 3677 1566 3746 superbia,
1627 3692 1744 3746 qua
1791 3678 2071 3740 cadimus,

381 3765 553 3820 ruina
581 3778 688 3818 sua
721 3768 958 3820 mortem
991 3765 1157 3834 parit,
1210 3765 1524 3831 humilitas,
1580 3779 1699 3836 qua
1745 3780 1877 3820 vere
1929 3766 2075 3820 leva-

381 3865 532 3919 mur,
584 3853 761 3907 vitam
819 3853 1025 3907 munit.
1090 3854 1248 3909 Unde
1291 3857 1461 3920 facies
1510 3869 1690 3907 eorum
1737 3869 1898 3920 super
1945 3867 2073 3906 car-

381 3940 538 3994 bones
569 3941 921 4010 denigratur,
955 3956 1087 3997 cum
1141 3949 1253 3996 tota
1281 3956 1482 3997 eorum
1537 3942 1860 4010 speciositas
1908 3942 2072 4010 plus-

380 4043 555 4098 quam
587 4043 784 4084 eorum
833 4030 931 4099 qui
967 4039 1192 4098 peccato
1242 4030 1510 4084 exstincti
1560 4038 1878 4098 peccatores
1921 4029 2069 4084 testi-

379 4123 632 4181 mantur,
669 4115 725 4170 in
751 4116 840 4170 sui
875 4116 1130 4182 ipsorum
1168 4117 1621 4171 consideratione
1670 4116 2071 4186 vilipendenda

379 4209 636 4269 putatur.
682 4203 820 4259 Inde
860 4213 915 4258 et
965 4205 1120 4273 quod
1167 4219 1341 4259 comze
1394 4207 1582 4274 sponsi
1629 4205 1796 4274 quasi
1861 4220 2070 4261 corvus

379 4289 560 4357 nigrae
591 4291 867 4346 dicuntur
909 4294 1086 4354 (Cant.
1120 4307 1172 4358 v,
1224 4295 1326 4360 ll).
1364 4295 1426 4346 In
1467 4295 1664 4362 plateis
1693 4310 1798 4347 non
1827 4299 1952 4347 sunt
1981 4309 2066 4346 co-

2184 3239 2374 3295 t'urore
2399 3241 2517 3308 jam
2561 3238 2896 3293 sententiam
2921 3239 3122 3307 [pumze
3160 3238 3388 3306 irroget.
3434 3239 3580 3291 Iram
3609 3238 3876 3304 indigna-

2184 3331 2344 3381 tionis
2363 3343 2472 3382 sua’
2491 3326 2754 3391 eﬁ'undit,
2781 3341 2912 3381 cum
2939 3326 3264 3381 tentationis
3287 3327 3554 3380 miseram
3585 3326 3877 3380 conscien-

2183 3415 2319 3470 tiam
2363 3415 2626 3470 ludibriis
2655 3415 2907 3483 exponit.
2946 3419 3092 3466 ea»
3112 3416 3292 3479 Ignem
3312 3416 3371 3466 in
3392 3414 3526 3466 Sion
3553 3414 3871 3477 succendit,

2181 3518 2314 3558 cum
2336 3503 2524 3558 carnis
2555 3503 2882 3572 petulantiae
2911 3502 3168 3556 ﬁammas
3197 3501 3255 3555 in
3287 3508 3488 3564 mente,
3528 3514 3660 3569 qua}
3694 3501 3872 3555 Deum

2181 3591 2459 3659 speculari
2535 3598 2932 3654 consueverat,
2995 3590 3179 3659 ingeri
3230 3590 3379 3643 Deus
3434 3587 3589 3641 sinit.
3651 3589 3872 3642 Funda-

2182 3684 2358 3732 menta
2387 3680 2503 3745 ejus
2554 3679 2806 3743 devorat,
2849 3691 2979 3731 cum
3027 3676 3455 3731 subsustentiam
3506 3675 3682 3730 totius
3715 3676 3873 3730 bonae

2181 3767 2511 3822 intentionis
2540 3766 2789 3820 absumi:
2814 3773 2868 3820 et
2899 3765 3158 3834 abrogat.

2921 3868 3126 3907 LAMED.

2251 3943 2422 3999 Vens.
2476 3946 2557 3996 t2.
2608 3973 2675 3980 —
2727 3959 2754 3991 ‹‹
2804 3941 2928 3996 Non
2977 3939 3341 3994 crediderunt
3389 3952 3551 4008 reges
3599 3946 3770 3996 terrae
3822 3948 3872 3995 et

2183 4052 2205 4079 ι
2251 4031 2502 4086 universi
2536 4030 2884 4084 habitatores
2925 4028 3200 4097 quoniam
3257 4027 3658 4096 ingrederetur
3700 4028 3874 4083 hostis

2183 4141 2203 4166 ι
2246 4126 2301 4175 et
2352 4119 2616 4174 inimicus
2666 4131 2764 4186 per
2815 4124 3002 4185 portas
3060 4115 3396 4170 Jerusalem.
3451 4138 3474 4161 υ
3526 4117 3758 4182 Lamed,
3799 4116 3873 4170 di-

2175 4207 2327 4262 citur
2351 4223 2440 4260 cor
2475 4208 2772 4260 servitutis.
2823 4206 2923 4260 Cor
2965 4206 3244 4257 servitutis
3291 4203 3628 4272 intelligitur
3659 4203 3868 4258 intelli—

2178 4297 2389 4366 gentia,
2425 4308 2554 4364 quae
2605 4308 2717 4347 non
2759 4305 2830 4346 ex
2883 4293 3120 4357 ratione,
3176 4305 3307 4360 quae
3355 4291 3614 4360 imperat,
3669 4292 3766 4346 sed
3801 4305 3868 4346 ex

378 4380 538 4443 gniti,
568 4377 708 4446 quia
739 4381 795 4432 in
822 4379 951 4434 latis
979 4387 1032 4434 et
1053 4381 1314 4449 spatiosis
1348 4383 1523 4452 hujus
1552 4383 1744 4437 szeculi
1783 4383 2064 4438 sollicitu—
2105 4398 2146 4452 ι)
2175 4383 2561 4446 sensualitate,
2597 4396 2726 4450 qua:
2757 4381 2952 4443 servit,
3003 4380 3268 4434 habetur.
3314 4380 3486 4445 Reges
3534 4385 3692 4432 terra:
3737 4385 3868 4433 sunt

381 4464 614 4520 dinibus
646 4480 758 4520 non
789 4475 926 4522 sunt
963 4467 1090 4522 visi.
1137 4471 1285 4524 Cutis
1335 4486 1515 4524 eorum
1559 4472 1767 4524 ossibus
1807 4471 2066 4538 adhaesit,

380 4552 512 4621 quis
537 4551 931 4620 aﬁectualitas,
967 4562 1021 4610 et
1067 4557 1184 4624 ipsa
1215 4557 1383 4611 etiam
1415 4559 1799 4612 sensualitatis
1831 4557 2070 4612 facilitas

379 4639 803 4696 indivisibiliter
853 4657 911 4697 se
963 4643 1282 4699 fortitudini
1334 4645 1570 4700 rationis
1599 4645 1884 4714 adjunxit.
1937 4645 2072 4699 Are-

343 4785 346 4789 λ
377 4729 501 4796 scit,
533 4743 665 4784 cum
695 4729 767 4784 ab
797 4731 953 4784 omni
985 4731 1152 4786 ﬂuxu
1193 4733 1440 4787 lascivize
1473 4733 1781 4801 inanescit;
1813 4737 1863 4785 et
1909 4734 2071 4800 quasi

379 4817 585 4883 lignum
634 4818 718 4881 ﬁt,
767 4832 901 4873 cum
959 4819 1031 4873 ad
1089 4819 1559 4888 impassibilitatis
1605 4819 1879 4874 duritiam
1939 4832 2068 4873 coa-

377 4904 554 4960 lescit.

1144 5009 1309 5049 ΤΕἸἩ.

449 5081 620 5137 Vens.
644 5085 695 5136 9.
729 5111 797 5120 —
837 5105 856 5130 ε
895 5081 1090 5137 Melius
1120 5083 1224 5137 fuit
1277 5083 1475 5137 occisis
1526 5083 1712 5151 gladio
1759 5095 1933 5152 quam
1977 5082 2072 5135 in-

384 5189 404 5216 ι
451 5168 698 5222 teriectis
737 5153 906 5235 fame,
951 5169 1227 5237 quoniam
1259 5169 1347 5223 isti
1372 5169 1762 5224 extabuerunt
1795 5182 2071 5222 consum-

385 5279 405 5305 ι
449 5258 524 5325 pti
567 5257 638 5310 ab
689 5257 982 5310 sterilitate
1028 5266 1214 5311 terrae.
1273 5278 1293 5303 ι
1345 5257 1504 5321 Tcth,
1553 5258 1766 5312 dicitur
1809 5257 2065 5309 emclusio.

381 5343 583 5398 Melius
612 5353 696 5400 est
725 5347 914 5398 occisis
944 5346 1149 5411 gladio,
1197 5361 1359 5413 quam
1402 5348 1702 5410 interfectis
1733 5349 1896 5411 fame,
1931 5344 2071 5412 quia.

380 5431 564 5488 levius
589 5439 672 5486 est
708 5433 1045 5487 occumbere
1087 5434 1208 5488 sine
1237 5434 1640 5489 deliberatione
1677 5434 1874 5502 aliqua
1906 5434 2069 5501 lapsu

383 5519 596 5590 peccati
621 5521 918 5576 subitaneo
942 5536 1117 5590 quam
1145 5523 1365 5576 defectu
1400 5523 1736 5590 pedetentim
1763 5522 2068 5577 Ientesrere

381 5609 678 5665 diuturno.
713 5609 824 5664 Isti
846 5609 1000 5666 enim
1031 5613 1392 5666 cxtabuerunt
1427 5613 1731 5680 consumpti
1761 5611 1828 5664 ab
1857 5610 2068 5664 sterili-

2177 4471 2482 4526 rationales
2524 4477 2728 4532 motus,
2773 4467 2872 4536 qui
2924 4469 3117 4522 omnia
3162 4475 3356 4521 nostra
3405 4473 3630 4522 terrena
3679 4467 3868 4535 dispo-

2175 4566 2340 4614 nunt.
2385 4561 2563 4613 Terra:
2601 4558 2950 4621 habitatores,
2983 4555 3240 4610 membra
3291 4561 3426 4609 sunt
3473 4561 3668 4609 nostra
3697 4566 3868 4622 super

2178 4655 2412 4713 terram,
2466 4645 2554 4699 vel
2601 4644 2870 4712 quaelibet
2900 4657 3184 4711 corporeae
3219 4642 3604 4697 habitudines.
3658 4643 3725 4696 Hi
3758 4655 3866 4695 non

2176 4735 2416 4789 credunt
2447 4736 2702 4802 quoniam
2728 4747 2826 4800 per
2866 4737 3050 4798 portas
3098 4731 3407 4784 Jerusalem
3451 4731 3616 4782 hostis
3667 4734 3719 4782 et
3770 4730 3866 4780 ini-

2175 4825 2344 4876 micus
2368 4821 2750 4890 ingrediatur,
2785 4819 2942 4888 quia,
2976 4834 3047 4872 ex.
3096 4818 3274 4872 veteri
3299 4817 3500 4871 mentis
3536 4817 3861 4885 quietejam

2175 4911 2392 4966 desides
2449 4923 2564 4964 non
2612 4908 3048 4962 arbitrabantur
3115 4907 3267 4972 quod
3319 4919 3419 4974 per
3471 4904 3864 4959 sensualitates

2172 4998 2378 5053 visioni
2436 4999 2587 5066 pacis
2635 4997 2928 5065 quondam
2979 4995 3286 5059 dedicatas,
3338 4993 3513 5046 hostis
3565 4993 3862 5061 antiquus,

2175 5095 2230 5144 et
2256 5095 2380 5156 post
2433 5101 2566 5140 eum
2595 5085 2894 5140 inimicitia
2932 5083 3215 5138 naturalis
3243 5082 3529 5152 appetitus
3558 5094 3863 5150 suggerere

2177 5175 2472 5246 quidpiam
2505 5180 2825 5229 attentaret.

2953 5273 3096 5313 MEM.

2248 5351 2420 5406 Vens.
2475 5353 2558 5403 t3.
2621 5377 2691 5387 —
2759 5370 2779 5396 ι
2861 5348 3096 5415 Propter
3162 5352 3390 5414 peccata
3461 5344 3858 5412 prophetarum

2178 5459 2206 5492 ››
2247 5439 2373 5507 ejus
2401 5448 2454 5492 et
2486 5437 2815 5506 iniquitates
2852 5435 3231 5496 sacerdotum,
3282 5432 3385 5501 qui
3430 5431 3760 5486 eﬁ’uderunt
3808 5431 3856 5483 in

2183 5546 2203 5572 ιι
2250 5524 2435 5578 medio
2461 5523 2586 5592 ejus
2630 5520 2972 5588 sanguinem
3013 5519 3325 5588 justorum.
3364 5539 3382 5563 ι
3435 5518 3599 5581 Mem,
3638 5521 3855 5570 viscera.

2176 5613 2248 5667 Et
2277 5611 2417 5682 quid
2453 5617 2588 5666 sunt
2619 5610 2842 5674 viscera,
2877 5606 2987 5662 nisi
3011 5607 3133 5675 ipsa
3161 5604 3576 5675 cogitationum
3605 5604 3855 5668 intentio,
