3956 6422
49 377 138 428 481
789 374 1241 430 TROPOLOGI/E
1279 377 1345 431 IN
1385 375 1584 445 OSEE,
1623 377 1807 432 AMOS
1847 379 1934 434 ET
1969 379 2117 435 JER.
2147 409 2207 420 —
2237 381 2372 436 LIB.
2421 383 2482 435 V.
2528 382 2598 437 IN
2638 381 2788 438 JEB.

3443 392 3548 446 482

46 504 191 577 Quae,
225 509 373 564 sicut
406 509 624 565 viscera
665 510 721 564 in
755 524 1010 580 corpore,
1045 512 1121 566 ita
1151 511 1262 566 sub
1293 511 1737 581 cogitationibus
1775 513 1822 565 Α
1850 513 2128 568 referunt.
2187 515 2258 570 Et
2305 515 2444 585 quia
2491 530 2564 570 ex
2613 516 3022 573 deliberatione
3070 520 3150 575 sic
3203 521 3273 576 ad
3325 530 3553 592 peccata

48 597 176 652 latet
227 597 285 652 in
338 599 572 654 mente?
621 599 778 654 L'nde
816 608 870 654 et
913 600 1223 668 Apostolus
1269 609 1533 655 sanctum
1577 600 1746 669 Spiri-

49 692 167 739 tum
220 694 384 741 vocat
412 686 827 749 cogitationum
869 687 1230 743 discretorem
1272 695 1325 743 et
1361 687 1744 743 iutentionum

42 771 342 840 (Ilebr.1v,
392 775 502 842 l2).
553 773 739 829 Pinna:
787 788 923 843 ergo
977 774 1266 830 interioris
1317 775 1574 838 intentio,
1617 791 1746 844 pec-

42 867 167 914 cata
223 870 361 917 sunt
425 864 835 931 praphetarum,
890 868 941 916 et
988 865 1310 931 iniquitates
1381 865 1740 918 sacerdotum.

43 950 419 1015 Sacerdolum,
472 950 527 1004 id
576 959 658 1006 est
706 950 1079 1006 rationalium
1138 960 1424 1018 motuum,
1475 952 1578 1022 qui
1637 967 1742 1008 nos

43 1037 352 1092 salubriter
393 1039 676 1094 ductitare
726 1039 1068 1107 debuerant,
1122 1040 1398 1110 iniquitas
1439 1048 1542 1108 est,
1589 1041 1745 1110 quod

47 1127 196 1180 inter
235 1126 507 1194 impetum
541 1126 732 1180 carnis
765 1135 820 1181 et
849 1126 1087 1195 spiritus
1119 1143 1233 1183 non
1261 1143 1427 1198 seque
1453 1129 1738 1199 judicent.

43 1216 440 1284 Prophetarum
495 1230 649 1283 vero,
704 1216 758 1272 id
811 1224 894 1271 est
946 1217 1462 1285 proviilentiarum,
1523 1224 1746 1287 peccata

43 1311 203 1369 sunt,
233 1303 388 1374 quod
420 1303 524 1359 sibi
553 1319 666 1358 non
699 1304 881 1360 futuri
911 1305 1104 1359 saeculi
1138 1320 1338 1374 poenas
1367 1313 1469 1362 aut
1508 1306 1746 1375 praemia

43 1393 425 1462 prospiciunt,
487 1393 584 1447 sed
638 1393 927 1463 quaelibet,
992 1408 1123 1463 quin
1177 1394 1419 1450 fortuitu
1491 1394 1742 1450 suboriri

43 1487 282 1551 queant,
335 1481 444 1536 sibi
501 1480 561 1535 in
615 1481 882 1550 praisenti
940 1481 1193 1537 fastuosa
1248 1483 1613 1552 promittunt.
1674 1483 1743 1538 Hi

41 1571 363 1637 sanguinem
411 1571 688 1636 justorum
741 1572 800 1622 in
843 1569 1016 1622 medio
1071 1568 1187 1638 ejus
1230 1569 1557 1637 effundunt,
1609 1585 1743 1626 cum

39 1671 105 1712 ca
149 1672 284 1727 quae
332 1657 485 1712 intra
530 1671 588 1712 se
623 1657 964 1712 naturaliter
997 1657 1236 1726 justitize
1285 1659 1596 1714 convenire
1644 1674 1743 1729 po-

39 1752 295 1813 tuerant,
332 1745 388 1799 in
421 1753 652 1814 peccata
685 1753 1050 1801 convertunt.

821 1849 970 1887 NUN.

109 1921 287 1976 Vens.
325 1921 409 1974 14.
455 1951 524 1959 -
559 1942 580 1969 α
617 1921 980 1976 Erraverunt
1011 1921 1143 1977 caeci
1189 1921 1248 1976 in
1283 1921 1504 1990 plateis,
1541 1921 1741 1992 polluti

49 2032 65 2056 -
100 2016 241 2065 sunt
270 2009 576 2078 sanguine.
611 2039 679 2048 --
709 2009 972 2078 Cumque
999 2024 1112 2064 non
1151 2017 1396 2078 possent,
1433 2017 1742 2066 tenuerunt

45 2120 64 2145 ι
102 2097 346 2153 lacinias
395 2112 548 2152 suas.
601 2118 622 2145 »
689 2097 844 2164 Nun,
879 2097 1090 2152 dicitur
1117 2113 1323 2166 pascua
1353 2113 1550 2152 eorum.
1608 2100 1744 2153 Pas-

39 2202 141 2240 cua
174 2201 359 2240 eorum
388 2192 524 2240 sunt
554 2185 838 2255 quidquid
889 2186 943 2239 in
992 2186 1210 2240 mundo
1247 2187 1328 2240 eis
1364 2188 1617 2256 suppetit
1647 2202 1744 2242 cu-

39 2287 266 2328 rarum.
299 2273 460 2328 Unde
501 2279 698 2328 errant
729 2276 852 2326 caeci
892 2275 948 2326 in
994 2275 1216 2342 plateis,
1249 2273 1388 2344 quia
1427 2275 1535 2330 sub
1583 2275 1742 2330 nullo

18 2361 405 2418 discretionis
455 2361 674 2417 lumine
707 2359 1087 2417 saecularibus
1119 2376 1177 2417 se
1223 2361 1542 2431 inspersere
1575 2378 1744 2433 nego-

39 2450 150 2506 tiis.
205 2449 488 2516 Sanguine
538 2448 905 2518 polluuntur,
949 2463 1082 2504 cum
1130 2449 1277 2504 inter
1317 2464 1385 2504 ea
1424 2450 1586 2505 nulla
1627 2465 1742 2506 non

39 2535 388 2606 contagione
421 2534 680 2604 criminis
711 2533 1070 2590 inliciuntur.
1121 2537 1360 2604 Cumun
1395 2535 1476 2591 eis
1506 2550 1742 2605 peccare

37 2639 155 2680 non
216 2623 482 2692 suppetit,
535 2624 765 2677 lacinias
820 2638 949 2678 suas
992 2629 1204 2690 tenent,
1249 2623 1388 2693 quia
1435 2639 1743 2695 nunquam

36 2727 160 2768 esse
193 2713 412 2782 absque
461 2711 736 2781 peccandi
783 2711 1198 2767 intentionibus
1241 2712 1542 2768 sustinent.
1587 2713 1744 2770 Sicut

36 2801 194 2856 enim
239 2800 474 2856 lacerna
515 2798 757 2866 laciniis,
803 2799 882 2854 sic
924 2813 1066 2855 cura
1115 2799 1383 2855 forastica
1433 2799 1745 2858 innectitur

37 2887 463 2945 intentionibus
494 2887 708 2957 pravis.

17 2991 25 3022 ⁵
757 2989 1028 3030 SAMECH.

1856 599 2144 666 feruntur,
2197 615 2566 671 nequaquam
2603 603 2760 658 addit
2809 605 2958 659 Deus
3000 612 3062 660 ut
3095 621 3194 675 per
3238 607 3552 664 illationem

1856 689 2229 756 paenitudinis
2296 699 2706 759 respectentur.
2785 693 2976 747 Facies
3041 695 3380 750 sacerdotum
3446 713 3552 752 non

1853 777 2202 844 erubuerunt,
2234 792 2368 833 cum
2400 778 2608 833 rationi
2645 794 2776 834 cum
2812 781 2924 837 Deo
2963 797 3023 837 se
3067 785 3320 838 monenti
3362 785 3548 854 impu-

1855 865 2054 921 denter
2111 868 2462 922 restiterunt.
2514 869 2696 935 Neque
2745 885 2933 924 senum
2978 875 3189 926 miserti
3217 877 3366 940 sunt,
3415 888 3548 930 cum

1853 961 2082 1008 maturo
2122 955 2423 1024 aliquoties
2459 957 2654 1022 statui,
2705 965 2760 1012 et
2808 967 3039 1026 peccata
3088 960 3400 1017 fastidienti
3447 963 3543 1017 in-

1853 1042 2082 1098 centiva
2109 1044 2280 1099 etiam
2310 1044 2582 1113 peccandi
2611 1044 2966 1101 obtulerunt.

2641 1199 2772 1239 AIN.

1922 1301 2094 1358 Vens.
2138 1305 2219 1354 l7.
2263 1331 2330 1340 —
2361 1323 2379 1348 ι
2418 1301 2560 1356 Cum
2591 1303 2782 1358 adhuc
2811 1304 3271 1374 subsisteremus,
3319 1306 3546 1364 defece-

1859 1410 1878 1437 ι
1915 1399 2054 1444 runt
2099 1389 2249 1444 oculi
2308 1390 2488 1445 nostri
2542 1390 2614 1445 ad
2667 1392 2952 1447 auxilium
3004 1401 3265 1450 nostrum
3306 1409 3548 1464 vanum,

1859 1497 1878 1525 ι
1915 1491 2047 1532 cum
2079 1478 2491 1546 respiceremus
2532 1479 2728 1534 attenti
2766 1481 2837 1535 ad
2869 1488 3116 1550 gentem,
3147 1497 3278 1552 quae
3324 1482 3550 1539 salvere

1859 1587 1878 1613 ι
1917 1580 2019 1620 nos
2061 1579 2176 1619 non
2221 1573 2456 1634 poterat.
2507 1588 2532 1613 ι
2582 1569 2706 1627 Ain,
2758 1567 2970 1622 dicitur
3017 1572 3163 1634 fons,
3206 1571 3294 1626 vel
3343 1574 3547 1626 oculus.

1851 1653 1918 1707 In
1967 1653 2121 1708 fonte
2161 1653 2247 1706 vel
2280 1653 2467 1720 oculo,
2501 1653 2693 1708 itidem
2725 1655 2963 1710 intentio
2993 1657 3296 1726 accipitur,
3331 1659 3401 1714 de
3432 1673 3551 1729 qua

1851 1747 2158 1810 emergunt
2188 1748 2399 1795 cuncta
2428 1755 2560 1809 quze
2592 1749 2780 1796 mente
2811 1742 3185 1812 concipimus.
3231 1745 3392 1802 Unde
3431 1764 3551 1802 cum

1851 1830 2030 1882 adhuc
2075 1828 2461 1896 subsistimus,
2497 1827 2550 1882 id
2593 1837 2677 1884 est
2711 1837 2835 1898 post
2861 1830 2958 1885 Dei
3005 1831 3384 1888 desertionem
3415 1850 3549 1890 cum

1851 1932 1955 1987 pro
2001 1916 2120 1971 sola
2169 1916 2362 1971 saeculi
2416 1916 2712 1972 honestate
2762 1931 2792 1972 a
2839 1917 3182 1975 criminibus
3231 1935 3336 1976 nos
3377 1923 3552 1978 conti-

1850 2021 1986 2061 nere
2034 2005 2412 2074 disponimus,
2447 2007 2589 2060 oculi
2635 2010 2812 2061 nostri
2855 2007 2930 2060 ad
2973 2010 3247 2062 auxilium
3298 2015 3550 2066 nostrum

1849 2111 2050 2149 vanum
2123 2093 2418 2160 deficiunt,
2485 2107 2616 2148 cum
2679 2094 3021 2150 intentiones
3077 2104 3286 2152 nostrae
3358 2097 3548 2169 fragili

1851 2181 2106 2238 subsidio
2147 2180 2349 2234 innisa:
2380 2179 2570 2235 subito
2615 2189 3033 2236 emarcescunt.
3068 2182 3236 2238 Brevi
3285 2185 3438 2240 enim
3489 2201 3549 2241 se

1849 2271 2120 2336 continet,
2166 2282 2280 2323 non
2312 2269 2483 2335 Deus,
2531 2269 2628 2323 sed
2671 2269 2952 2338 1Egyptus
2981 2271 3269 2328 auxilium
3311 2274 3547 2344 praebet,

1852 2358 1964 2412 imo
1997 2370 2234 2412 manum
2272 2356 2569 2411 innitentis
2598 2356 2704 2412 sibi
2738 2357 3011 2426 perforat,
3039 2374 3171 2428 qua}
3201 2375 3318 2416 non
3362 2361 3549 2418 solum

1849 2446 2074 2502 salvere
2129 2459 2246 2499 non
2297 2451 2499 2514 potest.
2551 2445 2648 2500 sed
2699 2445 2885 2514 ipsum
2939 2461 3112 2502 suum
3158 2462 3303 2517 opus
3354 2463 3548 2506 coram

1855 2536 1964 2591 Deo
2007 2533 2404 2604 imprudenter
2451 2533 2774 2590 addemnat.
2825 2534 2930 2590 Sed
2972 2535 3309 2605 videndum,
3357 2538 3416 2592 in
3461 2538 3551 2594 his

1851 2623 2080 2680 duobus
2154 2621 2564 2692 posterioribus
2633 2627 2788 2676 260
2854 2623 3194 2692 alphabetis,
3267 2627 3548 2695 quiddam

1852 2710 2010 2782 quod
2039 2724 2074 2765 a
2126 2710 2412 2780 prioribus
2451 2709 2756 2779 discrepat,
2799 2719 2853 2766 et
2883 2719 3104 2768 certum
3148 2715 3350 2784 utique
3395 2715 3549 2786 quod

1851 2814 1968 2855 non
2011 2799 2114 2854 abs
2151 2812 2211 2854 re
2243 2799 2361 2853 fiat.
2399 2798 2522 2852 Duo
2549 2812 2751 2867 nempe
2781 2799 3141 2856 characteres
3170 2801 3228 2856 in
3279 2802 3367 2857 his
3397 2802 3551 2858 ulte-

1852 2887 2106 2943 rioribus
2164 2887 2272 2940 Phe
2323 2885 2555 2952 scilicet,
2611 2894 2665 2941 et
2695 2889 2811 2940 Ain
2859 2897 3366 2958 praeposterantur,
3417 2905 3550 2961 quae

1855 2975 1915 3030 in
1965 2973 2256 3044 prioribus
2302 2975 2416 3028 Ain
2456 2973 2718 3030 videlicet
2747 2983 2880 3030 ante
2922 2977 3027 3029 Phe
3071 2977 3334 3033 ordinate
3365 2978 3548 3034 locan-

105 3064 288 3121 VEBS.
326 3067 411 3118 15.
451 3092 511 3102 -
548 3084 570 3111 ι
609 3062 887 3130 Recedite,
927 3061 1148 3132 polluti,
1181 3061 1585 3120 clamaverunt
1613 3065 1695 3120 eis
1729 3079 1740 3118 :
1783 3055 1824 3110 C
1852 3069 1969 3120 tur.
2024 3064 2093 3118 Et
2121 3062 2335 3118 dixisse
2379 3076 2468 3118 me
2510 3062 2696 3117 recolo
2725 3063 2882 3132 quod
2916 3063 2973 3118 in
3007 3064 3114 3120 hac
3146 3065 3552 3123 lamentatione

42 3176 62 3200 ι
122 3152 416 3218 Recedite,
475 3151 646 3218 abite,
697 3151 870 3206 nolite
930 3158 1184 3222 tangere.
1253 3152 1476 3221 Jurgati
1531 3153 1747 3223 quippe

43 3265 62 3289 ι
123 3248 290 3307 sunt,
339 3249 394 3296 et
455 3241 724 3294 commoti
781 3239 1058 3294 dixerunt
1119 3239 1267 3296 inter
1321 3248 1560 3310 gentes:
1620 3241 1746 3297 Non

45 3352 64 3377 ι
109 3329 287 3384 addet
331 3327 483 3383 ultra
515 3334 578 3383 ut
615 3327 897 3382 inhabitet
928 3326 986 3382 in
1015 3327 1116 3382 eis.
1149 3349 1170 3376 ι
1229 3327 1490 3393 Samech,
1535 3328 1748 3386 dicitur

40 3419 201 3472 audi.
251 3415 426 3472 Plane
477 3423 756 3486 petuntur
798 3423 861 3471 ut
897 3415 1157 3484 audiant,
1201 3416 1418 3486 quibus
1462 3418 1746 3488 sanguine

41 3506 282 3575 pollutis
310 3505 598 3561 clamatur
628 3511 691 3560 ut
721 3518 754 3558 a
785 3517 892 3559 sua
927 3503 1246 3575 pollutione
1277 3504 1564 3560 recedant.
1604 3505 1749 3561 Sunt

36 3602 240 3650 autem
279 3593 384 3664 qui
413 3593 666 3648 clamant
695 3599 795 3648 aut
825 3592 1023 3646 divina
1057 3593 1250 3660 verba,
1285 3607 1416 3662 quae
1457 3593 1744 3661 intonant,

35 3691 139 3738 aut
197 3681 729 3748 intellectualitates,
784 3694 916 3749 quae
961 3681 1116 3749 quod
1157 3680 1411 3750 improbe
1463 3681 1521 3735 fit
1569 3687 1744 3736 natu-

37 3770 246 3824 raliter
276 3768 607 3838 objurgant.
634 3766 927 3822 Recedunt
956 3767 1002 3822 si
1029 3781 1062 3822 a
1086 3781 1355 3836 perversa
1383 3769 1749 3823 exsecutione

34 3872 96 3912 se
130 3857 510 3922 subtrahunt,
559 3855 776 3910 abeunt
805 3854 849 3909 si
882 3854 954 3910 ab
982 3855 1362 3910 intentionum
1395 3855 1750 3911 vanitatibus

35 3945 408 4013 resipiscunt.
471 3943 730 4012 Tangere
791 3950 1082 4009 vetantur,
1139 3956 1270 3996 cum
1328 3941 1597 3997 affectum
1653 3942 1748 3998 illo

37 4050 161 4090 non
203 4033 533 4101 intorquere
567 4031 869 4101 jubentur.
896 4033 1120 4101 Jurgati
1142 4035 1287 4098 sunt,
1330 4030 1433 4100 qui
1462 4044 1534 4084 ex
1567 4029 1747 4086 divini

38 4121 408 4191 perceptione
453 4119 668 4190 eloquii
717 4125 917 4175 contra
977 4133 1143 4174 suam
1200 4118 1526 4174 vecordiam
1589 4118 1750 4174 rixas

41 4213 102 4267 in
155 4209 352 4264 animo
382 4214 788 4278 conceperunt.
839 4207 1306 4270 Commoventur,
1343 4221 1476 4262 cum
1516 4206 1574 4260 in
1624 4206 1750 4276 ipsa

1855 3160 2140 3222 quaterna
2195 3158 2449 3219 quatuor
2507 3150 2780 3219 peccandi
2839 3153 3262 3220 portendantur
3317 3168 3550 3225 genera.

1857 3241 2032 3296 Porro
2082 3238 2139 3294 in
2168 3237 2414 3302 duobus,
2461 3237 2776 3307 penultimo
2806 3238 3009 3309 utique
3053 3248 3108 3296 et
3140 3239 3360 3309 ultimo,
3417 3257 3551 3298 con-

1855 3343 2059 3384 sensus
2088 3326 2430 3397 intelligitur
2455 3340 2521 3383 ac
2549 3328 2825 3396 operatio,
2857 3328 3007 3384 sicut
3042 3330 3099 3384 in
3131 3329 3360 3386 duobus
3390 3331 3550 3402 prio-

1857 3417 2019 3474 ribus
2048 3416 2342 3486 suggestio
2365 3423 2419 3471 et
2451 3415 2769 3472 delectatio.

1927 3506 1991 3561 In
2027 3505 2230 3575 primis
2266 3505 2447 3576 igitur
2490 3506 2603 3559 Ain
2634 3513 2766 3561 ante
2799 3507 2907 3560 Phe
2934 3505 3186 3576 ponitur,
3219 3515 3282 3563 ut
3313 3522 3414 3577 per
3446 3507 3554 3564 hoc

1857 3593 2064 3648 innuat
2111 3590 2251 3662 quia
2299 3593 2357 3645 in
2415 3590 2781 3661 suggestione
2830 3601 2884 3647 et
2945 3594 3315 3650 delectatione
3394 3610 3556 3653 mens

1856 3693 2029 3734 suum
2080 3677 2339 3733 ordinem
2397 3692 2507 3732 non
2569 3677 2827 3740 excedat,
2883 3679 3020 3734 dmn
3072 3679 3312 3735 intentio
3360 3682 3556 3752 quale-

1855 3780 2090 3836 cunque
2136 3779 2283 3835 opus
2333 3765 2511 3834 ipsius
2555 3764 3050 3822 delectatiunculze
3095 3769 3412 3836 przecedere
3462 3770 3556 3825 vi-

1857 3855 2082 3910 deatur.
2117 3854 2187 3908 At
2217 3859 2523 3923 postquam
2551 3867 2864 3908 consensus
2905 3862 2960 3909 et
2987 3857 3242 3923 operatio
3277 3857 3335 3911 in
3367 3866 3556 3914 mente

1858 3940 2254 4007 successerint,
2310 3939 2389 3995 ibi
2435 3941 2639 3995 oculus
2685 3955 2878 4009 prava:
2933 3943 3306 4011 providentiee
3356 3947 3555 4001 cessim

1858 4030 2038 4096 vadit,
2071 4029 2213 4098 quia
2252 4042 2414 4083 mens
2446 4029 2718 4083 universa
2760 4029 2815 4083 in
2845 4036 3115 4085 externos
3146 4031 3386 4088 affectus
3425 4047 3557 4089 eva-

1857 4118 1959 4174 dit.
1989 4116 2132 4184 Quid
2165 4115 2318 4171 enim
2351 4116 2428 4170 ibi
2480 4116 2612 4172 facit
2658 4115 2916 4184 intentio,
2953 4118 3047 4174 tibi
3083 4119 3202 4188 ipsa
3243 4121 3555 4191 postposita

1853 4207 1974 4277 jam
2024 4205 2187 4260 saevit
2231 4204 2413 4260 actio?
2446 4205 2770 4260 (‘onscnsus
2823 4205 2988 4275 plane
3022 4208 3289 4276 quietiam
3338 4210 3556 4266 exhibi-

41 4315 156 4355 sua
203 4296 607 4366 disceptatione
661 4296 992 4352 turbantur.
1055 4295 1215 4351 Unde
1260 4295 1332 4350 ad
1381 4293 1576 4350 studia
1645 4309 1740 4350 ve—
1787 4323 1831 4377 ι)
1860 4293 2030 4350 tionis
2057 4301 2140 4349 est
2169 4293 2367 4362 portio,
2405 4292 2564 4363 quod
2597 4294 2773 4349 habes
2801 4309 2873 4348 ex
2906 4295 3220 4365 Evangelio
3251 4298 3321 4354 de
3337 4297 3555 4369 juvene

43 4397 219 4443 terna
247 4399 382 4440 mox
415 4384 613 4440 reﬂexi
652 4380 948 4449 dicuntur,
984 4383 1039 4438 id
1079 4390 1161 4438 est
1205 4389 1556 4452 proponunt,
1591 4381 1749 4452 quod

41 4479 197 4529 inter
252 4479 432 4542 gentes
492 4487 584 4528 eos
627 4487 741 4527 non
797 4471 1092 4539 inhabitet,
1150 4485 1435 4540 possessas
1489 4470 1748 4526 videlicet

41 4563 223 4620 semel
269 4575 305 4617 a
342 4568 423 4617 tot
465 4561 808 4616 criminibus
835 4569 1052 4615 mentes
1077 4572 1451 4630 nequaquam
1482 4559 1636 4614 Deus
1665 4557 1749 4614 ul-

41 4652 234 4709 terius
263 4664 578 4706 mansurus
611 4649 803 4704 intret.

823 4752 968 4791 ΡΗΕ.

110 4829 292 4886 Vens.
314 4829 395 4880 l6.
419 4855 487 4864 —
507 4847 527 4874 ι
554 4825 750 4880 Facies
768 4823 993 4880 Domini
1009 4822 1205 4878 divisit
1223 4837 1334 4886 eos,
1357 4837 1472 4878 non
1496 4821 1665 4879 addet
1683 4829 1747 4878 ut

39 4940 60 4965 ι
99 4914 370 4986 respiciat
411 4927 526 4980 eos,
579 4912 750 4968 facies
794 4913 1158 4968 sacerdotum
1204 4926 1320 4967 non
1359 4912 1742 4977 erubuerunt,

38 5027 61 5054 ι
97 5017 293 5075 neque
342 5015 545 5058 senum
593 5000 813 5057 miserti
866 5007 1022 5056 sunt.
1075 5021 1096 5048 ›
1151 5001 1284 5067 Phe,
1338 4999 1748 5068 interpretatur

33 5109 115 5148 os.
149 5093 226 5149 0s
270 5099 464 5146 autem
497 5089 574 5145 nil
613 5089 771 5145 aliud
800 5096 885 5144 est
917 5103 1094 5158 quam
1127 5087 1250 5158 ipsa
1280 5102 1412 5157 quae
1451 5086 1557 5142 sibi
1599 5087 1745 5157 jun-

36 5182 202 5252 gitur
251 5181 354 5233 Dei
393 5179 583 5242 facies.
641 5179 841 5244 Facies,
884 5177 1074 5246 inquit
1115 5178 1341 5232 Domini
1394 5175 1588 5229 divisit
1636 5188 1740 5242 eos,

35 5269 184 5339 quia
233 5268 376 5322 dum
425 5265 485 5321 in
527 5265 625 5320 illa
668 5264 927 5320 interiori
956 5269 1317 5320 contentione
1365 5263 1532 5318 istinc
1569 5263 1746 5332 poeni-

37 5357 237 5413 tentiae
277 5355 580 5423 lacrymas,
631 5353 789 5408 illinc
834 5352 1160 5408 mundiales
1190 5351 1458 5408 lascivias
1499 5365 1607 5407 sua
1636 5351 1744 5406 sibi

39 5447 98 5500 in
131 5450 324 5500 mente
349 5440 764 5512 praesculpunt,
800 5440 968 5510 quasi
998 5447 1132 5495 ante
1162 5437 1399 5509 superni
1433 5437 1654 5494 Judicis
1685 5453 1744 5494 se

32 5548 143 5590 ora
171 5530 556 5596 constituunt,
589 5537 644 5585 et
671 5537 885 5594 sanctae
917 5527 1371 5584 conversationis
1407 5526 1742 5583 difficultate

37 5629 359 5691 perspecta,
399 5618 568 5688 quasi
613 5617 687 5673 ab
715 5631 813 5673 ore
852 5616 949 5672 Dei
981 5616 1052 5672 ad
1094 5615 1389 5686 proposita
1417 5614 1642 5671 laxiora
1682 5629 1742 5670 se

1858 4389 2025 4438 extra
2055 4389 2278 4452 portam
2308 4381 2455 4436 elato
2503 4381 2656 4452 (Luc.
2685 4397 2782 4446 vn,
2819 4385 2926 4451 12).
2974 4384 3072 4438 Est
3115 4399 3254 4456 ergo
3293 4387 3352 4440 in
3413 4402 3555 4442 con-

1857 4485 2031 4526 sensu
2059 4477 2112 4524 et
2149 4483 2317 4538 opere
2365 4469 2525 4539 justa
2552 4469 2773 4524 ordinis
2815 4470 3143 4528 litterarum
3177 4475 3440 4543 mutatio,
3490 4481 3556 4531 ut

1858 4559 1932 4614 ibi
1987 4557 2263 4613 nimirum
2319 4557 2580 4612 subsidat
2631 4557 2890 4622 intentio,
2954 4575 3072 4629 quo
3131 4562 3320 4630 operis
3389 4577 3552 4618 mens

1859 4647 2134 4702 universa
2187 4660 2246 4701 se
2316 4645 2590 4714 praemisit
2644 4645 2702 4700 in
2747 4647 2956 4702 studio.
3019 4649 3192 4704 Porro
3251 4649 3556 4719 triplicitas

1857 4749 1988 4807 quae
2033 4735 2092 4790 in
2142 4733 2308 4789 tertio
2364 4733 2667 4802 alphabeto
2721 4735 3081 4804 praeponitur
3127 4735 3550 4806 characterum,

1856 4822 1937 4877 nil
1981 4820 2140 4878 aliud
2169 4828 2252 4876 est
2299 4835 2474 4889 quam
2526 4821 2824 4877 instructio
2872 4823 3020 4878 sacri
3067 4823 3280 4894 eloquii
3311 4825 3384 4881 ad
3431 4840 3555 4882 mu-

1855 4911 2052 4966 nimen
2131 4908 2511 4979 cogitationis,
2588 4909 2892 4966 locutionis
2966 4920 3020 4968 et
3076 4926 3346 4984 operum;
3430 4914 3554 4970 haec

1853 4999 2004 5054 enim
2078 4998 2400 5054 necessaria
2455 5007 2536 5054 est
2613 4999 2945 5056 triformiter
2997 5001 3069 5057 ad
3136 5003 3552 5062 restrictionem

1854 5087 2144 5158 lapsuum.
2195 5086 2352 5142 Sicut
2401 5087 2553 5142 enim
2595 5089 2945 5144 verecundia
2983 5098 3116 5146 ante
3145 5105 3341 5147 casum
3392 5094 3554 5150 utilis

1853 5185 1957 5244 est,
2009 5183 2134 5246 post
2172 5191 2372 5232 casum
2405 5191 2540 5233 vero
2587 5185 2799 5234 sanctze
2845 5178 3213 5238 confessionis
3263 5183 3552 5242 obstrusio

1853 5271 1956 5330 est,
2012 5263 2094 5318 sic
2137 5261 2376 5318 intentio
2419 5271 2551 5318 ante
2597 5272 2892 5332 peccatum
2933 5265 3117 5323 multa
3163 5269 3554 5341 circumspec-

1851 5351 2079 5407 tionum
2131 5363 2273 5406 cura
2323 5349 2559 5420 indiget,
2599 5359 2904 5422 postquam
2941 5369 3079 5410 vero
3111 5355 3169 5411 in
3215 5371 3552 5426 perversum

1855 5439 2058 5495 transit
2085 5452 2250 5508 opus,
2282 5437 2446 5493 deses
2489 5446 2544 5494 et
2585 5453 2728 5508 pene
2755 5441 2917 5497 nulla
2945 5451 3221 5512 remanet,
3251 5445 3391 5516 quia
3433 5461 3554 5517 quo

1852 5526 2131 5594 intendat,
2173 5533 2480 5596 postquam
2523 5527 2662 5583 satis
2704 5541 2824 5584 suae
2853 5528 3049 5587 fecerit
3079 5531 3383 5602 voluntati,
3434 5548 3553 5590 non

1853 5614 2046 5670 habet.
