3956 6430
378 397 482 450 483

1128 542 1309 582 8ΔΒΒ.

449 618 618 675 Vsus.
657 621 741 672 18.
787 647 856 658 -
891 639 912 666 ι
968 616 1429 672 Lubricaverunt
1473 615 1714 686 vestigia
1762 623 1960 671 nostra
2009 616 2068 671 in

382 727 404 755 ι
441 705 641 761 itinere
681 705 1002 774 platearum
1033 712 1381 769 nostrarum,
1414 704 1907 773 appropinquavit
1938 704 2068 758 finis

383 815 404 842 ι
439 801 650 860 noster,
700 791 962 862 completi
1012 799 1150 847 sunt
1175 791 1296 846 dies
1342 790 1538 854 nostri,
1575 791 1715 860 quia
1753 791 1908 846 venit
1939 791 2068 846 finis

382 902 404 929 »
436 889 644 937 noster.
705 902 726 928 ι
761 879 924 946 Sade,
953 881 1212 948 justitia;
1244 892 1376 948 quae
1415 878 1678 946 refertur,
1713 879 1859 934 sicut
1889 893 2066 949 supe-

375 968 518 1036 rius,
567 968 637 1023 ad
676 967 835 1038 justa
869 967 966 1022 Dei
1005 966 1245 1037 judicia.
1281 965 1388 1032 Qui
1421 974 1795 1035 respexerant
1832 967 1908 1020 ad
1937 982 2064 1034 gen-

375 1061 498 1124 tem,
553 1056 608 1111 id
637 1064 720 1110 est
764 1056 835 1110 ad
875 1055 1145 1112 humanae
1193 1054 1721 1122 circumspectionis
1768 1054 2062 1123 astutiam,

375 1161 494 1213 qua
527 1159 612 1198 eos
641 1145 856 1197 salvare
890 1158 998 1196 non
1040 1147 1274 1212 poterat,
1324 1141 1492 1197 modo
1541 1141 1856 1198 lubricasse
1900 1146 2065 1198 vesti-

373 1236 469 1302 gia
503 1247 604 1287 sua
647 1234 704 1285 in
734 1233 924 1284 itinere
960 1232 1267 1300 platearum
1297 1230 1522 1298 dicunt,
1569 1245 1703 1286 cum
1735 1230 2066 1286 labefactari

373 1320 696 1376 allectiones
738 1333 872 1375 suas
903 1333 1000 1388 per
1040 1318 1484 1375 sollicitudinem
1539 1319 1736 1374 saeculi
1784 1319 2066 1388 disquisi-

373 1410 554 1465 tiones
601 1407 926 1464 attendunt.
973 1409 1121 1462 Finis
1173 1421 1377 1462 eorum
1425 1407 2063 1476 appropinquat,-cum

373 1503 668 1566 peccatum
739 1502 1177 1550 consummatur
1230 1495 1286 1549 in
1352 1508 1540 1564 opere,
1605 1494 1760 1564 quod
1834 1495 2066 1550 animus

370 1586 700 1640 destinarat.
767 1586 887 1636 Dies
941 1596 1143 1637 eorum
1195 1583 1557 1650 complentur
1625 1595 1759 1636 cum
1823 1583 2066 1638 virtutes

369 1679 812 1729 consumuntur.
875 1671 942 1725 Et
991 1670 1115 1736 hoc,
1157 1670 1297 1738 quia
1343 1669 1498 1724 venit
1547 1668 1675 1723 finis
1722 1669 2063 1725 omnimodae

368 1761 577 1816 scilicet
607 1759 885 1814 mentium
917 1757 1320 1812 destitutionis.

1123 1859 1306 1900 COPB.

440 1934 611 1990 Vens.
671 1933 754 1986 l9.
811 1961 878 1970 —
927 1949 954 1981 α
1005 1930 1328 1986 Velociores
1378 1929 1616 1986 fuerunt
1669 1937 2064 2000 persecutores

374 2041 396 2068 ι
429 2019 605 2076 nostri
661 2018 873 2089 aquilis
911 2018 1066 2085 cmli;
1119 2032 1296 2088 super
1344 2025 1563 2073 montes
1595 2017 1871 2088 persecuti
1927 2025 2064 2073 sunt

372 2129 394 2157 ι
432 2122 554 2174 nos,
591 2107 649 2162 in
696 2107 920 2162 deserto
949 2106 1198 2161 insidiati
1229 2113 1366 2161 sunt
1410 2105 1594 2160 nobis.
1633 2127 1653 2153 ι
1709 2105 1887 2175 Coph,
1939 2122 2061 2160 con-

367 2197 554 2250 clusio.
601 2195 771 2250 Plane
801 2193 1222 2260 concludimur,
1253 2207 1386 2248 cum
1417 2193 1692 2248 vitiorum
1739 2193 2064 2262 frequentia

365 2290 836 2353 coangustamur.
873 2281 1032 2337 Unde
1074 2283 1358 2335 velociores
1403 2283 1608 2348 aquilis
1649 2281 1766 2334 coeli
1809 2295 2060 2349 persecu-

367 2376 505 2425 tores
545 2372 720 2424 nostri
747 2377 904 2435 sunt,
948 2383 1082 2424 cum
1121 2369 1312 2423 carnis
1360 2368 1675 2435 incentiva,
1714 2382 1846 2438 quae
1894 2369 2062 2424 nobis

366 2457 710 2514 naturaliter
752 2457 1112 2521 incumbunt,
1155 2470 1229 2512 ex
1275 2456 1394 2525 ipso
1437 2455 1871 2512 consuetudinis
1922 2471 2058 2526 usu,

367 2547 505 2616 ipsis
533 2546 704 2601 etiam
731 2545 1091 2600 daemonibus
1128 2543 1418 2599 rabidiora
1447 2551 1602 2600 sunt.
1648 2543 1873 2614 Aquila
1905 2545 2058 2600 enim

367 2648 471 2704 pro
512 2647 620 2689 sua
672 2633 983 2702 rapacitate
1028 2633 1083 2687 id
1123 2633 1470 2702 significant.
1515 2632 1690 2701 Super
1715 2637 1916 2686 montes
1963 2648 2059 2688 nos

366 2728 820 2792 persequuntur,
854 2734 987 2776 cum
1031 2719 1088 2775 in
1135 2720 1259 2789 ipsa
1288 2719 1558 2790 superbia
1585 2727 1780 2776 nostra
1822 2734 1926 2775 nos
1969 2721 2060 2776 de-

367 2810 704 2866 moliuntur.
754 2811 821 2864 In
873 2809 1080 2862 deserto
1132 2807 1501 2874 insidiantur,
1546 2823 1680 2864 cum
1726 2822 1891 2864 nosa
1942 2809 2057 2865 Deo

366 2897 616 2954 desertos
644 2897 714 2952 ob
745 2904 940 2953 nostra
971 2897 1225 2952 facinora
1251 2904 1643 2967 aucupantur.

1143 3000 1282 3040 RES.

435 3074 604 3131 Vnus.
649 3075 737 3128 20.
783 3104 851 3112 —
885 3095 908 3123 ι
963 3073 1209 3143 Spiritus
1258 3073 1374 3166 oris
1403 3072 1581 3166 nostri
1627 3072 1889 3166 Christus
1938 3073 2056 3128 Do—
2091 3112 2130 3166 Ο

368 3183 389 3208 ι
425 3163 618 3218 minus
639 3169 841 3232 captus
871 3170 954 3218 est
987 3163 1041 3216 in
1075 3161 1320 3232 peccatis
1358 3161 1586 3216 nostris.
1616 3161 1720 3215 Cui
1751 3160 2007 3215 diximus
2035 3175 2048 3214 :

367 3270 390 3298 ι
421 3249 486 3304 In
519 3250 725 3306 umbra
752 3259 852 3306 tua
879 3251 1142 3304 vivemus
1172 3248 1229 3302 in
1273 3248 1560 3317 gentibus.
1606 3268 1626 3294 ι
1681 3247 1814 3315 Res,
1842 3247 2054 3302 dicitur

358 3339 609 3406 spiritus.
653 3339 895 3406 Spiritus
936 3345 1130 3391 autem
1163 3337 1274 3389 oris
1321 3337 1514 3399 nostri,
1550 3332 1926 3402 intelligentia
1970 3341 2054 3388 est

359 3425 544 3480 cordis
594 3425 793 3480 nostri.
837 3425 908 3478 Os
961 3425 1112 3478 enim
1156 3436 1260 3491 pro
1307 3421 1465 3475 corde
1513 3421 1766 3489 ponitur,
1811 3428 1875 3475 ut
1920 3429 2048 3476 est:

363 3533 384 3560 ι
414 3512 488 3568 Os
511 3513 652 3584 justi
681 3511 1050 3566 meditabitur
1073 3509 1412 3577 sapientiam
1437 3507 1606 3577 (Psal.
1639 3521 1836 3567 xxxvr,
1870 3507 1992 3577 30);
2027 3529 2048 3556 ι

355 3607 454 3656 et:
522 3622 542 3647 ι
596 3598 936 3656 Voluntaria
1009 3596 1125 3651 oris
1175 3595 1281 3650 mei
1331 3595 1684 3664 beneplacita
1739 3595 1829 3650 fac
1881 3595 2048 3662 (Psal.

1267 393 1330 448 V.
1370 394 1706 451 GUIBERTI
1753 396 2044 451 ABBATIS
2083 397 2138 451 S.
2182 396 2425 454 MARIE
2464 399 2554 454 DE
2595 399 2987 455 NOVIGEN’I‘O
3773 404 3865 456 484

2101 534 2150 586 Α
2178 542 2458 599 propera:
2517 530 2641 586 Non
2683 530 2837 586 enim
2888 530 3184 586 invenitur
3227 531 3302 588 ab
3346 531 3616 602 Apostolo
3662 532 3724 587 in
3770 532 3866 588 hac

2179 625 2348 685 terra,
2398 617 2453 672 id
2483 627 2566 673 est
2595 632 2767 674 carne
2819 616 3035 674 bonum
3066 618 3242 689 (Rom.
3290 635 3386 688 vn,
3425 621 3535 690 18).
3587 620 3676 676 Ad
3725 620 3868 675 hanc

2176 721 2411 776 quoque
2459 707 2720 776 pervenit
2764 708 2934 768 calix,
2983 707 3124 778 quia
3152 707 3302 764 sicut
3343 708 3646 776 rationem,
3695 709 3778 765 ita
3821 718 3871 763 et

2174 792 2442 850 allectum
2471 809 2539 849 ex
2583 795 2800 864 pudore
2849 796 3061 864 peccati
3095 796 3378 852 sententia
3417 797 3579 852 bonae
3618 797 3870 866 respira-

2177 883 2346 937 tionis
2390 883 2694 952 intercipit.
2745 883 3090 948 Inebriatur,
3135 899 3267 940 cum
3299 899 3334 940 a
3375 893 3636 940 veterum
3683 885 3872 940 malo-

2172 982 2304 1024 rum
2354 970 2702 1025 conscientia
2753 977 2808 1025 et
2851 971 3268 1027 consuetudine
3313 971 3671 1028 absentatur.
3734 972 3869 1028 Nu-

2172 1056 2364 1125 datur,
2397 1071 2527 1113 cum
2555 1057 2663 1128 piae
2689 1057 3056 1113 confessionis
3088 1059 3326 1115 veritate
3351 1059 3648 1130 retegitur.

2919 1179 3118 1219 THAU.

2245 1250 2410 1307 Vens.
2463 1249 2550 1305 22.
2605 1280 2670 1292 —
2731 1273 2751 1300 ι
2801 1250 3094 1321 Completa
3130 1258 3216 1306 est
3260 1251 3538 1321 iniquitas
3571 1257 3696 1320 tua,
3749 1251 3874 1307 filia

2176 1360 2198 1388 ι
2233 1339 2386 1405 Sion,
2419 1353 2534 1394 non
2582 1339 2750 1394 addet
2777 1337 2932 1395 ultra
2963 1347 3026 1395 ut
3070 1339 3438 1410 transmigret
3469 1347 3541 1396 te.
3595 1338 3875 1394 Visitavit

2181 1447 2200 1477 ι
2236 1427 2594 1498 iniquitatem
2647 1435 2828 1494 tuam,
2879 1427 2997 1482 filia
3044 1427 3249 1496 Edom,
3293 1426 3680 1498 discooperuit
3729 1441 3873 1496 pec-

2175 1536 2196 1564 ι
2228 1523 2355 1570 cata
2401 1523 2516 1571 tua.
2574 1536 2594 1562 ι
2644 1515 2830 1579 Thau,
2881 1516 3294 1585 interpretatur
3321 1517 3547 1582 erravit,
3593 1514 3685 1571 vel
3737 1531 3872 1570 con-

2168 1605 2480 1657 summavit.
2526 1603 2702 1658 Error
2724 1603 2878 1658 enim
2913 1617 3043 1658 vere
3072 1611 3532 1671 consummatur,
3570 1617 3705 1659 cum
3747 1603 3874 1672 ipse

2168 1691 2340 1745 etiam
2383 1689 2640 1757 affectus,
2677 1692 2775 1760 qui
2807 1690 2878 1745 ad
2913 1691 3130 1746 malum
3163 1690 3473 1760 proclivior
3513 1697 3614 1757 est,
3656 1690 3730 1746 de
3761 1705 3874 1746 suo

2170 1791 2362 1833 errore
2411 1777 2786 1834 suffunditur.
2850 1778 2996 1834 Cum
3047 1793 3186 1848 ergo
3245 1777 3503 1844 affectus,
3555 1779 3679 1840 filia
3735 1779 3874 1834 Sion

2172 1866 2469 1934 nimirum,
2506 1866 3054 1922 intellectualitatem
3099 1881 3214 1922 non
3245 1867 3638 1938 transmigrat,
3692 1867 3752 1922 id
3786 1876 3874 1922 est

2169 1969 2204 2010 a
2249 1963 2401 2010 recto
2430 1962 2585 2010 statu
2630 1969 2746 2009 non
2779 1955 3064 2021 distrahit,
3116 1954 3407 2024 iniquitati
3441 1954 3690 2024 profecto
3739 1955 3877 2025 ejus

2171 2043 2341 2098 finem
2373 2043 2534 2098 indit.
2567 2043 2920 2110 Iniquitatem
2949 2043 3076 2112 ejus
3097 2045 3216 2112 ﬁlia
3243 2043 3426 2097 Edam
3467 2041 3679 2110 visitat,
3713 2047 3870 2096 eos

2169 2145 2301 2186 eum
2334 2145 2406 2185 ex
2446 2145 2511 2186 eo
2554 2130 2708 2200 quod
2741 2131 3041 2186 interiores
3078 2139 3268 2186 motus
3297 2145 3413 2186 non
3443 2145 3608 2200 teque
3646 2129 3877 2200 dijudi-

2169 2226 2280 2286 cat,
2330 2219 2502 2274 etiam
2550 2218 2844 2274 fastidium
2893 2219 3142 2274 carnalis
3182 2218 3469 2288 appetitus
3505 2217 3670 2273 valde
3721 2217 3878 2272 insi-

2168 2307 2368 2362 mulat.
2421 2305 2542 2362 Nisi
2597 2305 2753 2361 enim
2802 2305 3082 2363 fastidiret
3125 2315 3358 2376 peccata
3403 2319 3530 2373 sua,
3591 2312 3648 2362 et
3710 2305 3878 2361 illius

2167 2407 2282 2448 non
2308 2393 2730 2464 discooperiret.

2463 2515 2728 2572 ORATIO
2765 2515 3098 2572 JEREMIIE
3137 2513 3556 2571 PROPHETJE.

2237 2640 2408 2696 Vnus.
2462 2642 2510 2693 1.
2557 2667 2630 2680 -
2665 2660 2684 2687 ι
2731 2638 3068 2705 Recordare,
3101 2638 3358 2703 Domine,
3395 2637 3538 2708 quid
3588 2637 3874 2695 acciderit

2171 2751 2192 2778 ι
2227 2727 2412 2793 nobis,
2464 2726 2686 2782 intuere
2732 2733 2785 2782 et
2817 2726 3034 2795 respice
3082 2724 3457 2795 opprobrium
3509 2732 3806 2781 nostrum.
3849 2749 3869 2772 ›

2165 2816 2519 2872 Recordatur
2549 2815 2701 2870 Deus
2733 2814 2870 2884 quid
2913 2815 3067 2868 nobis
3095 2813 3384 2879 acciderit,
3425 2826 3559 2868 cum
3584 2813 3874 2882 lapsuum

2164 2913 2494 2960 nostrorum
2546 2902 2836 2958 recordari
2867 2916 2973 2956 nos
3002 2901 3154 2956 facit.
3210 2902 3574 2970 Opprobrium
3612 2906 3876 2956 nostrum

2163 2992 2445 3057 intuetur,
2495 3003 2629 3044 cum
2661 2988 2824 3054 illud,
2857 3003 2974 3058 quo
3025 2987 3214 3058 majus
3244 2987 3386 3042 nihil
3418 2995 3522 3052 est,
3571 2987 3873 3043 defectum

2163 3087 2424 3135 nostrum
2483 3091 2518 3132 a
2579 3077 2690 3130 Deo
2739 3076 3086 3144 perpendere
3152 3083 3254 3131 aut
3309 3075 3499 3130 dolere
3567 3074 3873 3131 hortatur.

2168 3167 2328 3224 Unde
2355 3174 2410 3221 et
2435 3171 2646 3233 septem
2681 3164 2948 3218 mulieres
2977 3165 3035 3218 in
3067 3163 3252 3218 Isaia:
3291 3185 3312 3212 ‹
3339 3162 3534 3231 Aufer,
3558 3162 3868 3232 inquiunt,

2163 3253 2537 3324 opprobrium
2570 3260 2832 3308 nostrum
2877 3253 3028 3321 (1εαί.
3050 3251 3246 3342 *ιν,.1).
3281 3271 3308 3301 s
3356 3251 3547 3342 (Vens.
3593 3250 3646 3320 2)
3686 3271 3709 3298 ι
3747 3252 3892 3342 Περ-Α

2167 3360 2188 3386 ι
2223 3338 2437 3393 reditas
2467 3343 2664 3391 nostra
2691 3349 2860 3390 versa
2884 3344 2968 3390 est
2997 3335 3070 3390 ad
3113 3334 3342 3398 alienos,
3387 3334 3593 3389 domus
3645 3342 3873 3389 nostra;

2166 3447 2187 3474 ι
2229 3426 2302 3481 ad
2329 3432 2654 3480 extraneos.
2706 3444 2724 3472 ι
2774 3423 3076 3478 Hereditas
3121 3427 3332 3488 nostra,
3375 3434 3616 3490 corpora
3661 3429 3871 3478 nostra

2159 3515 2297 3564 sunt
2333 3523 2464 3578 quae
2495 3509 2730 3566 mitibus
2759 3510 2869 3565 sub
2899 3510 3085 3579 specie
3131 3517 3299 3565 terrae
3335 3510 3393 3564 in
3440 3509 3872 3578 possessionem

2158 3597 2440 3664 promissa
2471 3605 2623 3653 sunt.
2657 3598 2791 3653 Haec
2815 3599 2888 3651 ad
2930 3600 3134 3652 alienos
3165 3596 3430 3664 vertitur,
3449 3609 3594 3657 ,cum
3641 3595 3869 3652 vitium

357 3701 547 3753 cxvm,
600 3687 742 3754 108).
796 3707 818 3734 ι
871 3686 999 3753 Ipse
1048 3685 1288 3752 Spiritus
1337 3683 1598 3738 Christus
1644 3681 1926 3737 Dominus
1976 3683 2053 3737 di-
2157 3683 2453 3752 quodlibet
2499 3698 2566 3740 ea
2607 3685 2887 3740 abutitur.
2940 3688 3134 3740 Domus
3179 3689 3378 3739 nostra.o
3423 3683 3497 3738 ad
3543 3690 3872 3741 extraneos

357 3776 526 3841 citur,
575 3773 714 3844 quia
755 3783 809 3830 et
860 3772 999 3843 ungi
1035 3785 1066 3826 a
1115 3773 1229 3827 Deo
1257 3772 1306 3826 ei
1351 3769 1673 3840 specialiter
1716 3771 1940 3836 attinet,
1997 3779 2052 3826 et
2156 3779 2488 3837 vertuntur,
2514 3786 2647 3827 cum
2677 3781 2895 3828 nostra)
2929 3772 3288 3828 conscientiae
3319 3771 3390 3826 ad
3427 3784 3544 3837 eos,
3575 3771 3682 3841 qui
3713 3773 3874 3829 nihil

356 3863 641 3920 dominari
674 3877 807 3918 eum
833 3877 948 3918 non
974 3863 1168 3917 minus
1194 3861 1370 3916 decet.
1404 3861 1459 3915 Is
1499 3863 1557 3912 in
1585 3861 1786 3914 nostris
1813 3863 2050 3928 peccatis
2153 3859 2302 3930 juris
2343 3858 2404 3914 in
2431 3859 2615 3926 nobis,
2645 3860 2755 3915 nisi
2784 3874 2858 3916 ex
2887 3869 3084 3916 nostra
3113 3859 3432 3930 proditione
3461 3858 3700 3927 habent,
3748 3863 3872 3917 sci-

355 3952 600 4021 capitur,
655 3965 787 4006 cum
817 3965 1017 4006 eorum
1049 3949 1491 4018 superveniente
1522 3947 1754 4003 servitio
1785 3947 1858 4002 ab
1889 3947 2046 4002 arbi-
2156 3947 2287 4002 licet
2317 3947 2624 4015 daemones,
2651 3948 3080 4018 intorquentur.

355 4040 448 4095 trii
489 4039 580 4095 sui
627 4038 884 4094 libertate
913 4038 1198 4108 privatur.
1233 4037 1346 4089 Cui
1390 4035 1645 4101 dicimus,
1704 4033 1759 4089 id
1787 4041 1892 4099 est,
1947 4045 2045 4088 as-
2229 4035 2398 4092 Vens.
2450 4037 2588 4090 3.—
2628 4059 2646 4084 -
2695 4036 2928 4105 Pupulli
2978 4035 3110 4091 facti
3157 4049 3360 4091 sumus
3407 4035 3624 4104 absque
3667 4043 3872 4105 patre,

354 4127 632 4184 cribimus
675 4126 830 4196 quod
874 4126 984 4182 sub
1016 4125 1224 4180 umbra
1266 4124 1393 4193 ejus
1423 4123 1614 4177 vivere
1662 4122 1946 4192 possimus
1987 4123 2047 4174 in
2162 4144 2183 4172 ι
2216 4131 2428 4178 matres
2477 4130 2686 4180 nostra;
2717 4139 2891 4194 quasn
2936 4124 3146 4179 viduae.
3187 4144 3210 4173 ι
3262 4124 3482 4192 Absque
3528 4128 3693 4192 patre
3745 4124 3874 4182 fui-

354 4217 624 4284 gentibus,
672 4215 826 4284 quod
860 4213 1121 4268 videlicet
1162 4211 1271 4267 sub
1315 4210 1564 4281 imagine
1610 4210 1870 4277 rationis,
1929 4223 2044 4264 non
2155 4224 2306 4278 mus,
2339 4212 2439 4281 qui
2467 4211 2780 4279 diabolum,
2813 4212 2913 4281 qui
2944 4211 3263 4267 secundum
3311 4225 3505 4266 veram
3543 4212 3877 4268 essentiam

355 4304 415 4358 in
453 4303 670 4372 azymis
699 4300 1059 4366 sinceritatis,
1093 4297 1357 4355 saeculari
1391 4297 1652 4352 videlicet
1683 4297 1799 4364 illa,
1831 4297 1901 4352 de
1928 4310 2048 4367 qua
2153 4311 2274 4352 esse
2316 4297 2503 4365 desiit,
2541 4305 2760 4366 patrem
2789 4297 3122 4354 habuimus.
3154 4299 3231 4354 De
3261 4298 3381 4368 ipso
3408 4298 3561 4354 enim
3591 4297 3828 4368 legitur
3859 4315 3872 4354 :

353 4403 532 4459 supra
597 4388 872 4454 diximus,
939 4387 1166 4443 cautela
1239 4400 1341 4441 nos
1395 4385 1543 4440 inter
1595 4385 1737 4440 vitia
1809 4384 2044 4454 palliare
2083 4384 2126 4438 D
2163 4405 2184 4434 ι
2221 4384 2490 4440 Habitent
2537 4384 2596 4438 in
2627 4384 3002 4440 tabernaculo
3044 4385 3173 4456 ejus
3221 4385 3355 4441 socii
3385 4385 3530 4456 ejus,
3585 4385 3690 4455 qui
3738 4401 3875 4444 non

355 4491 660 4550 queamus.
2157 4481 2241 4528 est
2290 4473 2430 4540 (Job.
2476 4487 2637 4535 xvui,
2693 4472 2800 4542 l5).
2859 4494 2880 4521 ι
2929 4474 3131 4528 Matres
3187 4480 3384 4529 nostra
3433 4475 3596 4544 quasi
3645 4475 3872 4544 viduae,

1142 4577 1273 4617 sm.
2157 4561 2294 4626 Deo,
2327 4561 2430 4630 qui
2459 4573 2590 4614 vere
2617 4559 2775 4616 solus
2802 4567 2908 4629 est,
2939 4569 3199 4618 carentes
3223 4561 3489 4634 conjuge.

424 4655 595 4712 Vnus.
628 4655 719 4706 2t.
775 4681 835 4691 —
875 4672 899 4700 «
936 4650 1132 4706 Gaude
1167 4657 1221 4705 et
1252 4649 1464 4718 laetare,
1492 4648 1613 4704 tilia
1661 4647 1864 4715 Edom,
1915 4661 2048 4718 quae
2228 4647 2398 4704 Vnus.
2425 4647 2478 4700 4.
2511 4677 2580 4686 -
2615 4669 2635 4696 ι
2670 4650 2894 4716 Aquam
2929 4658 3181 4704 nostram
3215 4651 3461 4720 pecunia
3491 4649 3776 4719 bibimus,
3811 4662 3872 4709 et

2162 4757 2184 4785 ι
2216 4734 2374 4806 ligna
2420 4742 2616 4790 nostra
2646 4735 2822 4804 pretio
2855 4737 3337 4806 comparavimus.
3375 4759 3396 4786 ι
3431 4739 3650 4806 Aquam
3679 4753 3869 4796 suam

2155 4825 2386 4893 pecunia
2432 4822 2597 4887 bibit,
2631 4823 2735 4892 qui
2772 4823 3046 4894 vapidum
3086 4831 3298 4881 statum
3337 4839 3532 4894 suum,
3581 4833 3638 4882 et
3679 4829 3871 4897 spiri-

2158 4909 2330 4967 tualis
2357 4909 2472 4965 vini
2503 4909 2690 4966 calore
2718 4911 2972 4968 alienum
3002 4911 3260 4982 impensa
3289 4913 3512 4984 pecuali
3541 4913 3871 4973 stoliditate

2156 4998 2379 5056 coemit.
2412 4999 2663 5054 Pecunia
2691 5000 2844 5056 enim
2887 5016 2923 5054 a
2963 5001 3248 5070 pecoribus
3277 5001 3430 5058 dicta
3464 5009 3566 5069 est,
3607 5003 3754 5072 quia
3791 5006 3870 5062 de

2157 5101 2428 5159 pecorum
2471 5087 2594 5142 fieri
2624 5087 2840 5143 solebat
2881 5089 3225 5160 tergoribus.
3261 5089 3442 5160 Ligna
3471 5097 3670 5146 nostra
3715 5105 3870 5160 pre—

2156 5177 2232 5230 tio
2261 5175 2744 5244 comparavimus,
2778 5189 2912 5231 cum
2945 5175 3460 5242 insensibilitatem,
3491 5183 3548 5232 et
3585 5179 3869 5236 merubi-

2156 5262 2258 5318 dos
2305 5261 2482 5317 animi
2537 5269 2592 5317 et
2642 5263 2899 5332 corporis
2952 5263 3186 5319 habitus
3241 5263 3374 5320 dato
3433 5263 3614 5334 pretio
3676 5267 3868 5324 totius

2156 5347 2560 5403 rationalitatis
2589 5348 2966 5418 acquirimus.

2225 5434 2396 5492 Vnus.
2435 5439 2488 5491 5.
2523 5465 2589 5476 --
2624 5457 2646 5485 α
2695 5435 3028 5494 Cervicibus
3070 5435 3467 5506 minabamur,
3517 5435 3686 5494 lassis
3733 5453 3866 5496 non

2161 5543 2184 5570 ι
2231 5522 2482 5579 dabatur
2514 5524 2761 5593 requies.
2810 5544 2839 5574 ιι
2869 5523 3100 5581 Cervice
3129 5523 3406 5592 minatur,
3437 5523 3534 5580 cui
3569 5526 3892 5595 superbiai

2155 5610 2506 5668 dominatur.
2539 5611 2866 5668 Cervicosos
2891 5611 3044 5668 enim
3084 5611 3365 5682 superbos
3394 5611 3660 5669 dicimus.
3706 5616 3868 5670 Las-

358 4763 380 4792 »
413 4741 640 4798 habitas
696 4739 752 4794 in
815 4747 968 4795 terra
1021 4739 1164 4794 Hus.
1218 4739 1302 4792 Ad
1353 4746 1408 4794 te
1465 4751 1698 4808 quoque
1755 4736 2050 4806 perveniet

358 4853 380 4879 ι
414 4830 586 4897 calix,
636 4827 1033 4896 inebriaberis,
1084 4834 1259 4896 atque
1309 4825 1640 4882 nudaberis.
1703 4841 1728 4876 ι
1785 4824 1903 4891 Sin,
1955 4823 2048 4879 di-

353 4918 504 4974 citur
535 4919 670 4971 vita.
709 4915 970 4971 Gaudere
1008 4929 1144 4984 ergo
1174 4923 1228 4970 et
1263 4913 1444 4970 laetari
1473 4911 1590 4968 ﬁlia
1619 4911 1800 4967 Edom
1842 4911 2048 4980 praci-

354 5005 531 5074 pitur,
564 5004 704 5060 dum
735 5011 962 5060 terrena
996 5017 1154 5058 mens
1184 5003 1242 5057 in
1273 5001 1572 5072 praeputio,
1605 5007 1660 5056 et
1687 5001 1880 5056 carnis
1927 5015 2048 5056 suae

355 5092 580 5161 sepulta
607 5090 826 5147 delictis
856 5089 1137 5146 viciniora
1161 5089 1366 5145 salutis
1391 5086 1648 5155 offendit,
1679 5095 1735 5144 et
1764 5087 1838 5142 ad
1867 5087 2047 5143 vitam

354 5179 673 5248 respirandi
729 5177 982 5246 corporis
1036 5184 1092 5232 et
1156 5176 1382 5242 animae,
1453 5189 1558 5246 pro
1615 5189 1732 5246 quo
1799 5181 2048 5245 utroque

357 5266 610 5338 gaudere
650 5273 704 5322 et
747 5265 929 5322 laetari
962 5264 1214 5334 iubetur,
1255 5277 1460 5320 causas
1492 5263 1712 5328 incidit,
1756 5275 1890 5317 cum
1941 5276 2047 5317 ve-

354 5354 520 5410 niens
547 5355 620 5410 ad
650 5353 1004 5426 Babylonem
1054 5350 1131 5406 ibi
1161 5351 1392 5408 liberari
1426 5351 1640 5422 incipit.
1673 5349 1855 5405 Edom
1890 5349 2048 5405 enim

353 5449 598 5498 terrenus
627 5439 858 5496 dicitur.
913 5437 1092 5492 Edam
1135 5444 1326 5493 autem
1361 5439 1482 5506 ﬁlia
1525 5435 1750 5493 affectio
1800 5442 1885 5492 est
1912 5449 2046 5492 car—

350 5531 471 5586 nali
527 5537 716 5586 mentc
767 5527 1090 5597 progenita,
1150 5525 1273 5581 haec
1318 5523 1543 5580 habitat
1588 5527 1650 5578 in
1694 5529 1844 5578 terra
1889 5523 2042 5591 Has,

351 5633 483 5690 quae
531 5619 944 5685 interpretatur
969 5615 1198 5681 festina,
1231 5627 1298 5668 ac
1325 5619 1625 5681 peccatum
1656 5609 1860 5680 utique
1905 5623 2047 5680 prte-
