3956 6410
74 404 184 457 485

818 407 1282 465 TROPOLOGLE
1320 408 1389 464 ΙΝ
1428 408 1630 473 OSEE,
1673 408 1857 463 AMOS
1898 408 1981 462 ET
2016 406 2163 461 JER.
2200 436 2268 447 —
2310 406 2439 461 LIB.
2483 408 2545 461 V.
2589 409 2661 463 IN
2697 408 2841 464 JER.

3483 412 3587 465 486

72 540 155 591 sis
182 540 395 607 requies
421 553 529 593 non
556 538 751 606 datur,
779 553 913 595 cum
940 539 1358 607 laborantibus,
1377 541 1551 610 juxta
1579 539 1780 594 Evan-
1816 546 1862 598 Α
1891 552 2024 594 cum
2055 538 2397 594 maturiores
2425 537 2602 593 animi
2634 539 2885 606 habitus,
2918 539 3020 609 qui
3052 539 3360 611 aliquoties
3401 541 3584 611 pudo-

75 625 312 694 gelium,
353 635 408 682 et
464 626 715 681 oneratis
767 626 996 682 refectio
1050 628 1291 683 internae
1340 627 1557 697 requiei
1619 626 1779 681 nulla

73 715 412 771 conceditur
443 715 672 784 (Matth.
712 729 792 782 x1,
825 715 935 785 28).

150 802 319 859 Vens.
354 806 405 857 6.
458 832 530 842 —
583 824 604 851 ι
656 802 902 873 )Egypto
951 802 1217 858 dedimus
1266 816 1525 870 manum,
1580 811 1635 858 et
1681 803 1782 858 As-

79 911 101 937 ι
130 891 319 960 syriis,
357 899 421 947 ut
452 898 855 947 saturaremur
890 906 1056 961 pane.
1089 911 1116 942 ι)
1154 894 1392 961 Ερυριο
1411 892 1507 947 dat
1537 906 1777 958 manum,

74 979 182 1048 qui
213 980 429 1035 mundo
459 979 724 1035 attribuit
756 980 1103 1048 operationis
1132 994 1252 1035 suae
1280 979 1559 1047 studium.
1601 981 1781 1047 Assy-

71 1069 180 1121 riis
214 1067 365 1122 idem
396 1068 513 1132 dat,
544 1068 647 1137 qui
696 1068 1069 1134 curialitates,
1113 1075 1169 1123 et
1216 1068 1450 1123 nomina
1480 1081 1634 1122 vana
1673 1067 1779 1123 sibi

73 1155 516 1224 conciliat;hoc
544 1156 697 1211 enim
746 1156 948 1222 Assur,
1001 1156 1105 1225 qui
1132 1158 1264 1210 aula
1292 1156 1523 1223 dicitur,
1557 1170 1629 1212 ex
1673 1156 1781 1210 ho—

72 1256 291 1299 norum
321 1244 647 1299 aulicorum
680 1244 831 1299 fasce
863 1244 1146 1315 designat.
1179 1244 1251 1299 Et
1289 1243 1398 1299 hoc
1427 1243 1518 1312 sit,
1551 1250 1611 1297 ut
1637 1258 1784 1313 pane

18 1374 19 1379 η
71 1338 438 1399 saturentur,
472 1339 703 1388 terrena
753 1332 1019 1388 videlicet
1063 1332 1135 1387 ad
1176 1339 1402 1401 tempus
1425 1332 1785 1404 jocunditate

72 1419 378 1475 laetentur.

156 1508 330 1563 Vens.
364 1511 418 1562 7.
458 1537 525 1548 —
576 1529 597 1556 ε
650 1508 845 1563 Patres
893 1509 1074 1563 nostri
1117 1515 1521 1577 peccaverunt,
1570 1515 1627 1563 et
1667 1521 1785 1563 non

83 1615 106 1642 ι
145 1602 325 1660 sunt;
374 1602 429 1651 et
459 1610 562 1651 nos
604 1596 939 1665 iniquitates
967 1610 1165 1651 eorum
1211 1596 1585 1665 portavimus.
1613 1616 1639 1643 ››
1672 1597 1784 1649 Ρα-

18 1704 19 1719 π
78 1687 197 1735 tres
238 1685 415 1737 nostri
466 1691 621 1751 sunt,
676 1697 927 1753 quorum
1000 1684 1296 1740 imitamur
1349 1684 1632 1753 exempla,
1682 1682 1786 1752 qui

78 1778 345 1839 peccant,
386 1778 441 1826 et
474 1772 597 1827 ideo
626 1786 743 1827 non
779 1780 933 1838 sunt,
984 1772 1124 1842 quia
1153 1785 1189 1827 a
1221 1785 1357 1827 vera
1385 1770 1785 1826 exterminan-

18 1912 19 1915 η
76 1866 182 1914 tur
209 1858 473 1913 essentia.
506 1859 621 1914 Nos
651 1859 991 1929 iniquitates
1036 1874 1237 1915 eorum
1285 1872 1600 1929 portamus,
1646 1857 1788 1927 quia

77 1946 250 2016 gravi
278 1945 495 2002 ultione
529 1946 792 2013 ferimur,
826 1948 927 2017 qui
959 1961 1336 2017 nequaquam
1367 1946 1578 2016 peccati
1612 1945 1785 2000 alieni

77 2046 255 2102 paena
298 2033 662 2104 corrigimur.
706 2056 734 2084 «
778 2034 990 2103 Septies
1040 2036 1193 2090 enim
1244 2036 1386 2091 ultio
1437 2035 1671 2090 dabitur
1716 2034 1786 2089 de

77 2122 245 2189 Cain,
288 2122 358 2177 de
403 2122 649 2178 Lamech
693 2136 830 2178 vero
879 2123 1208 2195 septuagies
1256 2124 1463 2193 septies
1513 2123 1672 2193 (Gen.
1703 2136 1784 2189 IV,

73 2210 190 2280 24).
217 2228 246 2261 ιο
283 2210 476 2282 (Vens.
508 2210 566 2279 8)
604 2233 625 2259 ι
662 2209 823 2267 Servi
853 2211 1129 2267 dominati
1162 2219 1298 2267 sunt
1338 2213 1537 2279 nostri,
1578 2218 1634 2267 et
1665 2224 1783 2265 non

81 2319 103 2346 ι
140 2298 255 2354 fuit
282 2299 384 2369 qui
414 2299 721 2355 redimeret
765 2300 835 2355 de
880 2313 1061 2356 manu
1103 2314 1324 2356 eorum.
1364 2321 1385 2349 ι
1436 2300 1593 2355 Servi
1641 2298 1786 2355 vitia

76 2394 238 2453 sunt,
269 2388 315 2443 si
355 2401 532 2443 causa
562 2401 664 2457 pro
713 2386 919 2443 effectu
965 2395 1235 2457 ponatur,
1281 2391 1421 2459 quia
1453 2402 1648 2443 servos
1679 2402 1786 2443 nos

78 2474 324 2529 faciunt.
362 2496 383 2522 ι
420 2474 525 2540 Qui
558 2474 712 2529 enim
754 2474 888 2530 facit
938 2484 1257 2544 peccatum,
1299 2490 1502 2531 servus
1539 2483 1624 2530 est
1654 2490 1783 2545 pec-

76 2563 193 2617 cati
243 2562 441 2633 (.Ioan.
490 2577 612 2627 vm,
665 2564 774 2629 34).
826 2584 854 2612 ››
908 2565 1023 2619 Non
1069 2567 1185 2630 fuit
1229 2568 1326 2633 qui
1375 2565 1665 2618 redimeret
1719 2564 1786 2618 de

79 2666 253 2704 manu
293 2666 498 2718 eorum,
531 2651 671 2721 quia
716 2666 921 2707 verum
952 2666 1072 2707 esse
1107 2666 1220 2707 non
1264 2652 1485 2720 habuit,
1528 2661 1582 2708 et
1615 2652 1782 2723 quasi

78 2739 181 2793 Dei
218 2739 373 2793 intra
402 2753 461 2794 se
489 2740 859 2795 subsistentia
902 2739 1090 2795 caruit
1132 2740 1609 2807 intellectualitas,
1652 2755 1783 2811 qum

78 2826 295 2882 liberos
324 2826 533 2882 exinde
559 2824 745 2882 facere
776 2842 891 2883 non
926 2828 1131 2897 potuit.

149 2914 328 2971 Vens.
362 2917 414 2969 9.
445 2944 515 2955 —
554 2937 574 2964 ι
613 2915 678 2970 In
710 2916 980 2971 manibus
1006 2916 1216 2972 nostris
1258 2915 1640 2973 aﬂ‘erehamus
1676 2930 1787 2986 pa-

18 3020 19 3031 ι
82 3025 103 3050 ι
140 3017 279 3058 nem
308 3003 493 3071 nobis,
538 3017 573 3058 a
615 3003 757 3059 facie
789 3004 963 3074 gladii
1015 3005 1072 3059 in
1115 3006 1351 3061 deserto.
1395 3037 1463 3045 —
1512 3007 1575 3061 In
1604 3009 1784 3060 mani-

78 3092 177 3146 bus
215 3095 425 3146 nostris
472 3107 670 3162 panem
717 3093 870 3146 nobis
918 3091 1232 3159 afferimus,
1280 3108 1412 3149 cum
1444 3108 1513 3149 ex
1541 3107 1784 3163 operum
1824 3114 1864 3170 α
1894 3092 2023 3163 gnis
2055 3092 2393 3147 involvitur.

18 3363 23 3401 l

18 3452 25 3489 ι

18 3544 25 3577 l

18 3628 25 3661 Ῐ

17 3716 27 3755 t

18 3808 23 3846 l

18 3894 25 3933 l

19 4072 25 4124 ξ

17 4162 24 4197 l

18 4246 26 4291 Ι

78 3187 415 3235 nostrorum
443 3180 648 3235 studiis
678 3181 956 3249 pabulum
984 3181 1151 3236 nobis
1190 3181 1442 3252 alicujus
1472 3182 1785 3237 mundanze

78 3267 478 3338 prosperitatis
506 3268 816 3338 exigimus.
867 3269 938 3325 Et
980 3270 1085 3325 hoc
1122 3286 1157 3323 a
1205 3272 1350 3336 facie
1378 3271 1558 3337 gladii
1597 3273 1657 3324 in
1686 3271 1783 3324 de-

78 3362 240 3423 serto,
278 3356 333 3411 id
357 3363 442 3412 est
489 3365 730 3427 urgente
775 3358 1108 3413 necessitate
1148 3359 1382 3427 peccati,
1427 3358 1485 3413 in
1512 3373 1629 3429 quo
1658 3359 1785 3428 ejus

80 3444 388 3500 refectione
432 3445 731 3500 subtracta
786 3446 1109 3502 deserimur
1158 3460 1192 3501 a
1235 3447 1495 3502 Domino.
1548 3446 1786 3503 Gladius

80 3532 233 3588 enim
267 3539 565 3602 peccatum
595 3540 700 3588 est.

151 3620 321 3675 Vens.
362 3621 447 3673 10.
480 3650 548 3658 -
581 3638 608 3669 α
645 3618 811 3675 Pellis
845 3627 1041 3676 nostra
1071 3621 1239 3690 quasi
1271 3620 1533 3677 clibanus
1577 3629 1786 3678 exusta

88 3729 109 3755 ι
147 3715 232 3763 est
262 3721 298 3761 a
339 3706 482 3763 facie
510 3707 858 3776 tempestatis
898 3706 1091 3764 famis.
1130 3729 1159 3757 »
1204 3710 1368 3763 Pellis
1412 3715 1601 3764 nostra
1641 3709 1786 3766 aﬂ‘e—

82 3804 211 3852 ctus
240 3803 435 3852 noster
460 3803 564 3863 est,
614 3796 770 3866 quod
819 3795 968 3852 sicut
1015 3798 1164 3853 cutis
1212 3797 1269 3852 in
1312 3812 1567 3868 corpore,
1616 3799 1787 3855 citius

84 3887 331 3944 laedatur
352 3887 410 3941 in
455 3893 662 3942 mente.
714 3886 793 3942 De
825 3887 1021 3943 multis
1064 3888 1219 3943 enim
1262 3889 1431 3944 malis
1473 3889 1782 3958 afﬁcimur,

83 3990 216 4046 quae
258 3976 559 4032 voluntate
606 3977 1010 4044 horrescimus,
1056 3977 1137 4032 sic
1178 3977 1332 4033 enim
1381 3978 1503 4033 haec
1547 3978 1662 4034 duo
1692 3979 1786 4034 di—

84 4064 426 4130 scernimus,
459 4064 598 4134 quia
626 4072 680 4120 et
719 4064 869 4120 bona
887 4079 959 4121 ex
992 4066 1212 4121 ratione
1232 4066 1523 4134 volumus,
1552 4067 1621 4123 de
1652 4066 1782 4137 qui-

86 4151 197 4207 bus
228 4165 347 4208 non
380 4151 686 4207 atﬁcimur.
726 4152 857 4208 Haec
898 4154 1059 4222 pellis
1088 4155 1251 4222 quasi
1297 4155 1543 4209 clibanus
1586 4155 1782 4210 exuri-

84 4246 199 4307 tur,
228 4246 391 4295 tanto
422 4239 677 4295 furiosus
706 4241 914 4295 ardens
941 4248 1160 4310 quanto
1207 4240 1266 4295 in
1311 4256 1527 4297 morem
1574 4241 1786 4298 clibani

84 4327 270 4397 magis
296 4326 640 4383 occluditur.
684 4329 733 4382 A
763 4330 906 4394 facie
938 4331 1274 4398 tempestatis
1291 4331 1463 4395 famis
1492 4330 1782 4399 exuritur,

1824 1825 1865 1878 Β

1887 626 2070 681 ratius
2097 626 2374 691 sentiunt,
2416 639 2695 681 sensuum
2727 627 2984 682 levitates
3008 627 3357 696 irrumpunt.
3394 628 3589 683 Facies

1887 721 2077 769 autem
2109 727 2210 783 pro
2250 715 2554 782 praesentia
2582 715 2670 770 vel
2701 716 3029 785 cognitione
3058 714 3118 770 in
3149 716 3461 785 Scripturis
3503 730 3587 772 so-

1886 803 2001 857 lere
2033 802 2213 871 accipi
2238 801 2382 857 nulli
2416 802 2661 857 dubium
2684 811 2791 858 est.

1958 890 2125 945 Vens.
2163 891 2247 943 l3.
2301 919 2361 929 —
2402 912 2424 938 ι
2477 890 2950 946 Adolescentibus
2993 890 3165 961 impie
3221 891 3389 946 abusi
3426 899 3583 960 sunt,

1890 1000 1918 1027 ι
1949 984 2005 1033 et
2033 977 2195 1046 pueri
2225 977 2285 1031 in
2316 978 2471 1048 ligno
2519 987 2880 1035 corruerunt.
2922 1000 2942 1026 ι
2997 980 3159 1035 Tunc
3189 979 3589 1050 adolescimus,

1889 1079 2022 1121 cum
2050 1066 2123 1121 ad
2166 1065 2389 1135 aliquot
2432 1068 2638 1121 mentis
2680 1067 2861 1123 robur
2896 1056 3302 1123 excrescimus'.
3338 1068 3445 1125 Sed
3481 1069 3590 1124 hac

1888 1153 2269 1208 adolescentia
2327 1153 2616 1223 impudice
2689 1155 3009 1219 abutimur,
3092 1170 3226 1211 cum
3299 1155 3589 1212 bonarum

1888 1241 2102 1297 artium
2134 1241 2521 1297 valetudinem
2571 1244 2630 1297 in
2674 1245 2990 1299 contrarias
3031 1249 3179 1298 nos
3224 1242 3591 1301 fortitudines

1889 1336 2331 1386 commutamus.
2381 1329 2543 1396 Quod
2582 1332 2796 1400 saepius
2845 1332 3198 1401 experimur,
3253 1332 3394 1387 dum
3441 1347 3589 1403 quos

1892 1417 2249 1487 perspicaces
2280 1418 2414 1473 olim
2459 1418 2572 1473 Deo
2602 1420 3000 1489 cognovimus,
3044 1419 3350 1475 astutiores
3376 1421 3586 1477 saeculo

1892 1506 2386 1574 impudentissime
2436 1505 2558 1575 jam
2615 1507 2904 1562 videmus.
2959 1510 3123 1561 Pueri
3170 1511 3231 1562 in
3286 1509 3433 1576 ligno
3477 1523 3592 1565 cor-

1893 1600 2094 1658 ruunt,
2128 1608 2261 1648 cum
2306 1594 2385 1660 hi,
2428 1594 2528 1663 qui
2562 1593 2704 1649 nihil
2737 1594 2945 1650 virium
2985 1604 3041 1651 et
3087 1596 3423 1651 subtilitatis
3450 1597 3591 1652 atti-

1892 1688 2114 1751 gerant,
2151 1681 2329 1736 nimio
2369 1681 2717 1751 ﬂagitiorum
2754 1697 2865 1738 usu
2907 1683 3277 1752 impudentiae
3308 1692 3362 1740 et
3392 1685 3592 1741 insen-

1892 1769 2147 1825 sibilitati
2178 1783 2297 1825 sese
2334 1769 2628 1826 addicunt.

1964 1857 2137 1914 Vens.
2176 1859 2261 1911 14.
2317 1880 2338 1907 ι
2403 1858 2575 1913 Senes
2620 1858 2690 1913 de
2761 1859 2939 1927 portis
3004 1858 3353 1929 defecerunt,
3414 1861 3592 1931 juve-

1896 1964 1923 1997 ιι
1952 1959 2052 2001 nes
2082 1946 2151 2001 de
2189 1946 2362 2002 choro
2410 1946 2803 2015 psallentium.
2852 1968 2872 1995 ι
2908 1948 3068 2002 Senes
3113 1947 3179 2002 de
3226 1951 3398 2016 portis
3444 1949 3593 2005 deti-

1892 2033 2071 2097 ciunt,
2118 2048 2252 2089 cum
2309 2033 2830 2089 intellectualitates
2888 2035 3104 2105 quibus
3155 2035 3461 2106 descriptio
3508 2045 3593 2092 est

1892 2121 2065 2176 insita
2093 2121 2442 2188 animorum,
2492 2122 2548 2176 in
2597 2121 2809 2177 interni
2856 2122 3142 2178 examinis
3186 2138 3432 2180 censura
3459 2138 3591 2180 suc-

1891 2210 2195 2265 cumbunt.
2250 2210 2312 2263 In
2364 2210 2544 2279 portis
2604 2211 2757 2265 enim
2802 2211 3037 2266 urbium
3078 2210 3328 2267 exerceri
3376 2212 3593 2268 solebat

1890 2296 2223 2367 reipublicze
2264 2298 2516 2353 solemne
2547 2298 2856 2368 judicium.
2898 2298 3129 2353 Juvenes
3170 2300 3237 2354 de
3263 2300 3421 2354 choro
3445 2303 3595 2369 psal-

1893 2387 2115 2440 lentium
2147 2395 2409 2455 pereunt,
2439 2400 2569 2442 cum
2608 2388 2837 2442 vivaces
2865 2388 3106 2443 solertiae
3134 2401 3169 2442 a
3209 2388 3354 2443 bene
3385 2389 3591 2459 agendi

1892 2474 2276 2531 unanimitate
2303 2474 2648 2531 desciscunt.

1967 2563 2138 2619 Vens.
2200 2564 2282 2618 l5.
2322 2592 2395 2603 —
2455 2585 2476 2613 ι
2541 2562 2752 2619 Deiecit
2814 2564 3094 2634 gaudium
3149 2564 3340 2620 cordis
3390 2565 3590 2633 nostri,

1899 2672 1920 2699 ι
1954 2665 2157 2707 versus
2201 2659 2286 2707 est
2342 2652 2400 2706 in
2449 2651 2671 2708 luctum
2736 2653 2949 2708 chorus
2999 2661 3210 2708 noster.
3241 2674 3264 2702 ι
3313 2654 3594 2708 Gaudium

1894 2740 2070 2794 cordis
2122 2743 2296 2794 nostri
2343 2740 2552 2807 deﬁcit,
2594 2756 2729 2797 cum
2787 2740 3179 2797 testimonium
3211 2741 3589 2808 conscientiae,

1894 2829 2049 2899 quod
2079 2836 2164 2885 est
2195 2828 2379 2899 gloria
2425 2836 2620 2884 nostra
2670 2828 2763 2899 (II
2797 2832 2915 2887 Cor.
2963 2845 2999 2896 ι,
3053 2833 3159 2897 l2),
3212 2830 3272 2885 in
3304 2832 3469 2887 nobis
3495 2832 3594 2887 ob-

1894 2917 2192 2972 surdescit.
2248 2918 2451 2973 Chorus
2536 2922 2717 2971 noster
2764 2920 2822 2971 in
2882 2920 3084 2973 luctum
3141 2919 3407 2987 vertitur,
3458 2934 3593 2976 cum

1895 3004 2294 3060 benevolentia
2340 3005 2517 3060 animi
2565 3005 2673 3060 sibi
2715 3020 2953 3061 concors
2985 3006 3257 3076 operibus
3297 3006 3461 3064 luctu
3504 3008 3594 3062 di-

1964 3180 2134 3237 Vens.
2173 3182 2257 3234 l6.
2286 3208 2361 3221 —
2393 3202 2413 3228 ι
2472 3180 2685 3237 Cecidit
2742 3194 2953 3237 corona
3000 3180 3202 3251 capitis
3242 3182 3441 3237 nostri.
3489 3182 3589 3237 Vae

1898 3290 1918 3316 ι
1956 3268 2140 3335 nobis,
2190 3268 2330 3338 quia
2374 3268 2775 3338 peccavimus!
2816 3291 2837 3317 ι
2898 3271 3106 3326 Corona
3152 3273 3352 3339 capitis
3414 3274 3593 3325 nostri

1892 3357 2063 3424 cadit,
2092 3372 2226 3413 cum
2258 3357 2431 3412 totius
2480 3357 2660 3412 nostri
2707 3358 2928 3427 praemii
2971 3372 3119 3428 spes,
3172 3358 3217 3412 si
3249 3373 3369 3428 qua
3397 3373 3593 3429 quon-

1893 3445 2025 3500 dam
2063 3445 2215 3500 bona
2244 3443 2503 3511 fecimus,
2538 3444 2833 3501 inanescit.
2868 3446 3198 3502 Victoribus
3240 3447 3396 3502 enim
3441 3447 3594 3502 anti-

1893 3533 2093 3604 quitus
2129 3547 2342 3589 corona
2386 3520 2657 3603 dabatur,
2701 3534 2799 3590 sed
2848 3535 3090 3590 victoria
3119 3536 3281 3591 nulla
3323 3538 3426 3603 est,
3461 3549 3593 3606 quae

1892 3622 2115 3678 defectu
2135 3629 2359 3678 cassata
2388 3630 2492 3678 est.

1962 3711 2136 3767 Vens.
2171 3712 2255 3778 l7,
2296 3713 2377 3765 18.
2411 3739 2482 3752 -
2534 3733 2554 3760 ε
2599 3711 2908 3780 Propterea
2940 3720 3209 3767 maestum
3253 3711 3470 3768 factum
3508 3720 3595 3769 est

1897 3819 1917 3847 ι
1955 3798 2013 3853 in
2065 3797 2258 3853 dolore
2331 3812 2431 3853 cor
2483 3807 2769 3865 nostrum,
2831 3799 2955 3855 ideo
3005 3801 3398 3856 contenebrati
3454 3808 3593 3857 sunt

1898 3907 1918 3935 ι
1952 3886 2106 3942 oculi
2133 3886 2333 3942 nostri.
2385 3886 2623 3955 Propter
2669 3894 2919 3942 montem
2948 3886 3079 3943 Sion
3129 3889 3270 3957 quia
3312 3887 3591 3957 disperiit,

1899 3993 1921 4021 ι
1953 3973 2155 4043 vulpes
2210 3974 2661 4029 ambulaverunt
2716 3974 2772 4028 in
2818 3988 2905 4029 eo.
2959 3994 2987 4026 »
3030 3974 3190 4040 Quod
3240 3984 3322 4030 est
3366 3974 3593 4031 dicere:

1893 4061 2038 4125 Quia
2069 4075 2103 4116 a
2144 4076 2356 4118 corona
2404 4062 2745 4129 destitimus,
2792 4071 2846 4118 et
2878 4063 2948 4117 ad
2990 4077 3078 4119 vae
3115 4063 3187 4118 ob
3229 4070 3463 4133 peccata
3491 4063 3597 4118 de-

1892 4149 2181 4214 venimus,
2218 4158 2522 4220 propterea
2567 4151 2898 4205 mcestitiam
2945 4165 3013 4206 ex
3058 4151 3380 4220 quotidiani
3426 4164 3596 4207 casus

1896 4238 2151 4293 mordaci
2184 4239 2510 4307 suspicione
2552 4240 2927 4304 incurrimus,
2960 4238 3081 4295 ideo
3114 4239 3187 4295 ad
3214 4239 3466 4309 alicujus
3496 4238 3596 4295 fu-

1896 4327 2010 4382 turi
2041 4326 2175 4382 honi
2234 4327 2662 4397 prognosticum
2723 4328 3176 4396 exspectationes
3235 4335 3444 4384 nostrae
3489 4342 3598 4383 cte—

83 4430 215 4471 cum
261 4416 334 4472 ab
378 4416 653 4472 instantia
701 4417 943 4472 internae
989 4417 1364 4487 intemperiei,
1415 4433 1547 4489 quae
1576 4418 1783 4475 famem
1825 4408 2145 4478 Dcutiunt,
2177 4416 2314 4471 dum
2349 4429 2408 4470 se
2440 4415 2516 4484 pii
2566 4416 2752 4470 meriti
2800 4431 2926 4484 spes
2973 4416 3149 4472 nulla;
3196 4417 3498 4488 objiciunt.
3529 4418 3596 4473 Et

84 4503 248 4559 verbi
275 4504 377 4560 Dei
406 4505 677 4574 parturit,
713 4504 1127 4575 conﬂagratur.

156 4593 333 4650 Vens.
376 4596 460 4647 11.
502 4624 572 4633 -
625 4613 653 4641 ‹‹
704 4593 969 4649 Mulieres
1018 4593 1076 4649 in
1121 4594 1255 4649 Sion
1304 4594 1783 4663 humiliaverunt,

91 4700 112 4727 ι
150 4688 207 4736 et
234 4681 492 4751 virgines
531 4681 590 4736 in
630 4680 964 4738 civitatibus
1011 4682 1179 4738 Juda.
1224 4702 1245 4730 ι
1288 4684 1539 4737 Mulieres
1571 4687 1629 4738 in
1657 4684 1787 4739 Sion

88 4768 418 4836 humiliant,
451 4783 584 4825 cum
616 4768 715 4825 ubi
748 4768 913 4825 bona
945 4770 1261 4826 voluntatis
1286 4770 1483 4841 aliqua
1528 4772 1784 4828 fecundi-

88 4863 175 4912 tas
203 4857 517 4925 arridebat,
551 4865 737 4913 statns
763 4858 1125 4915 conscientia
1156 4859 1494 4930 subjugant.
1535 4863 1786 4929 Virgines

90 4947 147 4999 in
175 4946 492 5001 civitatibus
509 4946 657 5000 Iuda
680 4946 896 5016 pariter
916 4946 1323 5015 humiliantur,
1348 4962 1482 5004 cum
1510 4948 1625 5014 illa,
1652 4964 1784 5019 quae

90 5041 212 5102 post
243 5041 541 5103 peccatum
580 5033 700 5089 sola
754 5034 961 5090 residet
1008 5035 1311 5104 medicina,
1356 5036 1632 5093 confessio
1669 5038 1786 5093 sci-

90 5119 234 5187 licet,
309 5122 461 5178 intra
535 5123 943 5192 conceptacula
997 5123 1224 5191 mentis,
1283 5125 1578 5182 sterilitate
1621 5125 1785 5182 dam-

91 5215 283 5264 natur.

158 5295 338 5353 Vens.
375 5300 459 5352 l2.
490 5326 564 5340 —
591 5320 613 5347 ι
657 5298 953 5369 Principes
994 5313 1175 5357 manu
1214 5302 1477 5371 suspensi
1510 5309 1666 5368 sunt,
1699 5302 1782 5357 fa-

94 5404 116 5430 ι
150 5384 259 5440 cies
312 5400 517 5441 senum
571 5400 689 5442 non
747 5387 1131 5445 erubuerunt.
1189 5409 1212 5438 ι
1276 5390 1564 5458 Principes
1617 5405 1785 5445 manu

91 5472 546 5541 suspenduntur,
598 5488 730 5529 cum
783 5475 1188 5531 sensualitates
1232 5484 1443 5532 nostrae
1482 5490 1516 5532 a
1565 5492 1781 5534 concu-

92 5557 375 5626 piscentiae
406 5560 658 5616 carnalis
695 5560 921 5631 effectu,
958 5578 1074 5619 non
1105 5564 1411 5632 desiderio,
1462 5565 1560 5620 sed
1591 5565 1785 5636 inopia

95 5646 485 5714 possibilitatis
510 5656 803 5706 arcentur.
834 5652 1024 5707 Facies
1046 5667 1225 5707 sccum
1254 5667 1364 5706 non
1409 5652 1781 5721 erubescunt,

1896 4503 2006 4558 hoc
2028 4503 2089 4559 fit
2120 4511 2346 4573 propter
2382 4509 2611 4558 montem
2658 4505 2808 4571 Sion,
2856 4504 2996 4574 quia
3031 4505 3311 4575 disperiit,
3359 4513 3597 4576 propter

1894 4591 2294 4648 excellentiam
2325 4592 2608 4659 videlicet,
2646 4607 2766 4663 qua
2793 4593 2930 4649 olim
2962 4594 3182 4649 imbuta
3214 4608 3380 4649 mens
3406 4594 3596 4650 fuerat

1893 4677 2105 4733 divinae
2150 4678 2576 4748 speculationis,
2609 4694 2742 4749 quae
2785 4687 3013 4749 propter
3045 4679 3379 4749 ingruentia
3415 4680 3595 4736 menti

1893 4766 2036 4821 vitia
2063 4766 2378 4823 oblitterari
2419 4767 2780 4823 commeruit.
2834 4768 2968 4823 Sion
3025 4768 3179 4823 enim
3230 4770 3290 4823 in
3318 4769 3593 4838 speculam

1893 4855 2159 4911 vertitur.
2196 4856 2263 4911 In
2294 4856 2400 4912 hoc
2426 4864 2618 4912 monte
2659 4857 2844 4926 vulpes
2888 4856 3209 4924 ambulant,
3256 4857 3397 4927 quia
3426 4856 3595 4913 istam

1895 4943 2345 5014 perfunctoriam
2392 4947 2749 5001 sonctitatem
2790 4945 3117 5001 daemonum
3164 4945 3501 5002 calliditates
3541 4952 3597 5001 et

1894 5032 2265 5089 tenebrarum
2313 5034 2463 5089 facta
2507 5034 2870 5090 conculcant.
2912 5033 3143 5090 Animal
3185 5034 3339 5090 enim
3373 5034 3596 5091 subdo-

1894 5119 2015 5176 lum
2039 5128 2141 5182 est.
2169 5128 2226 5177 et
2262 5121 2419 5192 quod
2448 5122 2737 5178 cuniculis
2769 5122 3106 5179 delectetur.

1964 5208 2137 5265 Vens.
2174 5211 2258 5262 19.
2289 5240 2358 5248 -
2413 5231 2434 5258 ι
2496 5210 2583 5264 Tu
2632 5217 2847 5275 autem,
2896 5209 3154 5279 Domine,
3203 5209 3262 5265 in
3310 5217 3593 5266 aeternum

1900 5318 1920 5345 ι
1960 5310 2281 5366 permanes,
2313 5297 2521 5354 solium
2553 5306 2722 5354 tuum
2769 5299 2829 5353 in
2872 5299 3240 5369 generatione
3267 5306 3322 5355 et
3350 5313 3594 5370 genera-

1899 5404 1919 5431 ι
1959 5384 2191 5438 tionem.
2229 5404 2251 5432 ι
2289 5384 2372 5438 Ac
2418 5384 2466 5439 si
2510 5385 2706 5440 dicat:
2755 5386 2976 5441 Horum
3023 5394 3427 5443 momentanea
3464 5400 3596 5443 san-

1892 5471 2060 5527 ctitas
2086 5472 2346 5539 evanuit,
2380 5471 2479 5527 sed
2512 5478 2591 5538 tu,
2627 5473 2681 5527 id
2703 5481 2788 5529 est
2827 5474 2931 5541 tui,
2971 5474 3073 5529 tibi
3106 5474 3366 5531 videlicet
3397 5475 3595 5531 incor—

1891 5566 2098 5636 porati.
2124 5581 2240 5623 non
2271 5568 2635 5638 temporaria.
2672 5570 2768 5625 sed
2799 5569 3150 5627 teternaliter
3178 5571 3280 5628 tibi
3305 5572 3595 5627 obsecun-

1890 5655 2031 5710 dare
2059 5654 2399 5722 deliberant,
2431 5664 2487 5714 et
2511 5657 2591 5723 hi,
2624 5658 2839 5726 quibus
2868 5672 2935 5714 ac
2963 5658 3009 5714 si
3042 5659 3100 5715 in
3131 5659 3271 5717 solio
3294 5659 3599 5730 prasidere
