3956 6416
343 396 445 449 487

1244 395 1306 447 ν.
1347 395 1677 451 GUIBERTI
1721 396 2008 450 ABBATIS
2046 397 2102 452 S.
2147 395 2382 451 MARI/E
2420 395 2510 450 DE
2548 395 2937 452 NOVIGENTO

3730 398 3828 450 488

343 533 400 580 et
420 539 663 595 regnare
691 523 970 595 dignaris,
998 537 1113 578 non
1142 522 1325 578 solum
1359 523 1416 578 in
1460 523 1586 588 hac,
1633 537 1751 592 qua
1796 524 1893 579 tibi
1933 538 2029 579 na-
2069 529 2116 580 A
2145 525 2436 594 quondam
2476 532 2727 594 expertae
2755 524 3048 594 principia.
3111 523 3214 580 Sed
3261 532 3324 582 tu
3367 540 3466 595 per
3503 526 3832 582 obstinatio-

344 622 590 670 scuntur
635 613 901 682 przesenti
983 613 1368 682 generatione,
1438 612 1534 666 sed
1597 612 1767 666 etiam
1829 612 1886 666 in
1939 614 2036 669 illa

345 703 522 772 hujus
551 702 746 758 saeculi
800 703 1169 758 subsecutiva
1210 703 1657 772 regeneratione,
1688 700 2034 758 famulatum

344 798 707 859 perpetuant.

413 879 585 934 Vnus.
619 881 706 933 20.
739 909 809 919 -—
863 900 884 927 α
945 877 1132 944 Quare
1180 877 1240 932 in
1295 885 1630 946 perpetuum
1683 877 2033 932 Oblivisceris

347 987 370 1015 ι
405 967 605 1034 nostri,
637 966 997 1034 derelinques
1027 979 1128 1019 nos
1158 964 1214 1018 in
1247 964 1667 1033 longitudinem
1697 965 1971 1020 dierum?
2006 986 2026 1012 ι

343 1053 398 1109 Si
430 1061 512 1119 tu,
548 1054 754 1122 inquit,
788 1054 903 1108 tuis
935 1054 1053 1108 haec
1081 1051 1390 1120 impertiris
1413 1051 1621 1117 electis,
1656 1060 1719 1107 ut
1769 1052 1861 1107 hic
1891 1060 1946 1108 et
1975 1054 2030 1109 in

344 1149 631 1212 posterum
663 1141 744 1196 tui
775 1142 858 1196 eis
887 1140 1396 1195 indivisibilitatem
1422 1139 1705 1209 largiaris,
1731 1154 1854 1205 nos,
1886 1155 2032 1210 quos

343 1237 470 1284 ate
524 1229 776 1297 desipere
847 1229 1020 1291 vides,
1083 1236 1138 1283 et
1194 1227 1526 1296 resipiscere
1591 1228 1777 1284 facere
1849 1236 2026 1298 potes,

342 1331 522 1385 quare
555 1317 644 1371 hic
675 1325 1012 1385 perpetuum
1050 1316 1148 1370 tibi
1179 1315 1462 1370 serviendi
1496 1315 1784 1382 allectum,
1829 1324 1883 1371 et
1916 1316 2032 1372 illic

339 1404 776 1459 diuturnitatem
813 1404 1172 1472 inexplebilis
1213 1404 1355 1459 lucis
1401 1403 1638 1458 aufers?
1666 1405 1792 1460 Vox
1820 1411 1905 1460 est
1932 1419 2028 1460 eo-

339 1506 471 1548 rum
502 1492 600 1560 qui
633 1492 702 1546 de
731 1507 836 1547 sua
868 1493 1051 1546 salute
1074 1493 1360 1546 lizesitant.

409 1581 580 1637 Vens.
615 1585 702 1634 2i.
736 1611 804 1619 —
842 1603 862 1628 ι
923 1582 1200 1635 Converte
1256 1594 1377 1644 nos,
1433 1580 1686 1645 Domine,
1741 1579 1812 1634 ad
1856 1586 1930 1646 te,
1976 1587 2032 1634 et

345 1688 366 1715 ι
399 1676 824 1734 convertemur,
864 1669 1072 1722 innova
1106 1668 1224 1722 dies
1271 1675 1496 1722 nostros
1551 1668 1699 1722 sicut
1727 1681 1762 1721 a
1813 1668 2032 1736 princi-

337 1775 366 1804 »
403 1755 514 1823 pio.
572 1757 752 1818 Certe,
813 1756 1021 1825 inquit,
1103 1756 1146 1810 si
1207 1764 1268 1810 tu
1337 1757 1580 1824 gratiam
1643 1755 2030 1811 conversionis

2146 627 2274 667 nem
2335 628 2436 668 nos
2491 614 2738 682 repellis,
2802 621 2858 669 et
2936 621 2988 669 te
3055 613 3268 669 iratum
3341 614 3833 674 irremediabiliter

2143 701 2406 756 ostendit.

2210 788 2492 854 Quoniam
2551 789 2781 844 tandem
2842 803 3072 845 emenso
3130 789 3563 859 pertimescendi
3616 787 3835 844 laboris

2143 876 2418 944 opusculo
2443 891 2540 944 per
2587 876 2894 931 immensas
2936 878 3341 946 mysteriorum
3389 876 3694 947 voragines
3719 889 3834 930 ser-

2144 978 2237 1018 mo
2269 973 2460 1019 noster
2488 965 2762 1030 enatavit,
2793 965 3182 1020 securrissimo
3203 979 3354 1020 ausu
3373 965 3561 1020 dicam
3591 963 3753 1034 quia,
3776 963 3834 1017 in

2140 1054 2258 1105 tam
2285 1051 2552 1106 horrendi
2594 1051 3022 1107 transmissione
3061 1052 3188 1119 sali,
3237 1052 3426 1108 solum
3453 1052 3638 1108 Deum
3669 1050 3836 1107 remi-

2143 1152 2269 1205 gem
2317 1147 2371 1194 et
2423 1141 2758 1195 nauclerum
2807 1140 3125 1196 habuerim.
3169 1141 3364 1196 Testor
3417 1141 3571 1195 enim
3617 1139 3831 1209 ipsum,

2143 1227 2295 1281 intra
2324 1227 2494 1298 cujus
2524 1235 2723 1296 portus
2767 1230 3076 1284 auchoram
3114 1243 3252 1284 mea:
3286 1227 3615 1284 intentionis
3643 1241 3835 1297 appu—

2141 1315 2326 1380 lerim,
2371 1316 2525 1385 quod
2574 1315 2648 1371 ab
2699 1318 2820 1386 ipso
2857 1317 3092 1372 exordio
3139 1319 3312 1373 totius
3361 1317 3538 1388 hujus
3573 1317 3743 1372 stadii
3776 1315 3834 1369 in

2140 1411 2367 1458 tantum
2394 1403 2606 1473 ingenii
2640 1406 2747 1460 mei
2793 1418 3036 1460 acumen
3083 1405 3350 1460 habuerit
3387 1404 3610 1475 quoties
3649 1403 3835 1459 aciem

2141 1491 2317 1546 animi
2376 1493 2446 1546 ad
2495 1493 2615 1548 haec
2656 1493 2993 1562 vestigauda
3057 1492 3428 1548 tetenderim:
3483 1500 3548 1547 ut
3591 1491 3703 1546 nisi
3763 1490 3834 1546 ad

2141 1579 2352 1648 ipsum,
2387 1581 2556 1650 cujus
2599 1581 2797 1636 vultus
2845 1582 3036 1636 lumen
3080 1579 3236 1637 cordi
3285 1589 3481 1636 nostro
3521 1579 3837 1650 insignitur

2143 1667 2572 1724 lacrimabiliter
2627 1677 2999 1738 respectarem
3066 1670 3301 1738 (quippe
3346 1669 3448 1738 qui
3499 1668 3652 1724 bona
3697 1681 3833 1723 con-

2141 1756 2378 1811 scientia
2411 1757 2463 1811 id
2507 1771 2596 1812 me
2640 1757 2953 1826 arripuisse
2991 1757 3412 1826 cognoscerem)
3446 1771 3579 1812 cum
3617 1769 3838 1825 magna

340 1843 504 1898 nobis
531 1843 858 1912 iuspirares,
905 1843 1100 1912 procul
1150 1843 1327 1898 dubio
1367 1845 1446 1898 nil
1479 1858 1771 1912 possemus
1817 1843 1928 1898 nisi
1957 1844 2029 1898 ad
2069 1860 2110 1914 Β
2142 1844 2339 1912 procul
2371 1845 2546 1900 dubio
2579 1846 2650 1900 ab
2679 1860 2744 1900 eo
2793 1845 2948 1914 quod
2991 1859 3271 1914 cmperam
3316 1843 3646 1900 confusione
3681 1842 3837 1898 desi-

338 1937 392 1985 te
421 1931 570 1986 sicut
597 1938 652 1985 et
682 1930 761 1985 illi
807 1931 1081 1986 converti.
1127 1933 1337 1986 Innova
1373 1946 1508 2000 ergo
1553 1932 1668 1985 dies
1713 1937 1920 1986 nostros
1949 1934 2034 1986 si—

338 2024 426 2071 cut
453 2021 806 2086 aprincipio,
841 2018 896 2072 id
948 2028 1031 2073 est
1077 2033 1201 2074 eam
1251 2020 1566 2074 claritatem
1621 2020 1700 2089 pii
1746 2020 2032 2088 desiderii,

338 2120 469 2175 quae
495 2106 613 2176 jam
667 2107 1075 2161 deambulacra
1111 2107 1374 2176 vulpium
1434 2108 1578 2162 facta
1620 2116 1723 2173 est,
1779 2111 1837 2162 in
1870 2109 2035 2162 nobis

337 2207 566 2262 repara,
599 2202 662 2249 ut
694 2194 778 2248 fas
807 2195 876 2249 sit
927 2194 1114 2249 redire
1142 2195 1214 2249 ad
1261 2193 1582 2249 dulcedinis
1614 2202 1787 2264 atque
1827 2194 2033 2250 laetitiae

2142 1940 2367 1986 sterem.
2403 1932 2506 1987 Sed
2556 1933 2812 1988 infinitas
2855 1946 3028 2002 super
3078 1933 3185 1987 hac
3233 1931 3606 2001 experientia,
3657 1931 3833 1997 Deus,

2143 2027 2351 2087 grates,
2378 2021 2479 2089 qui
2509 2021 2589 2074 sic
2620 2035 2723 2075 nos
2755 2028 2852 2076 tuo
2881 2035 3118 2076 munere
3168 2020 3396 2086 imbuis,
3442 2027 3507 2076 ut
3536 2033 3641 2074 nos
3671 2017 3837 2074 nullo

2141 2107 2311 2161 modo
2343 2108 2513 2163 lateat
2543 2108 2684 2178 quid
2704 2122 2777 2163 ex
2807 2115 2880 2174 te,
2914 2107 3056 2177 quid
3085 2107 3376 2177 sapiamus
3401 2120 3476 2163 ex
3501 2105 3688 2162 nobis.

1718 2491 2452 2598 EPILOGUS.

406 2798 692 2867 Quoniam
719 2811 858 2868 ergo
903 2798 1080 2868 hujus
1123 2798 1549 2854 aestuantissimi
1598 2798 1724 2855 freti
1771 2799 2028 2870 qualem-

343 2903 578 2958 cunque
623 2888 737 2942 Deo
791 2887 1027 2942 ductore
1069 2897 1296 2956 portum
1351 2887 1665 2956 attigimus,
1708 2889 1779 2943 ad
1826 2896 1879 2944 te
1916 2888 2026 2959 (l8)

339 2978 570 3033 tandem
597 2975 656 3030 in
688 2989 804 3044 quo
857 2975 1027 3030 totius
1055 2976 1401 3030 sinceritatis
1443 2975 1726 3045 judicium
1761 2977 2028 3046 praecini-

338 3080 472 3121 nere
503 3079 619 3119 non
661 3063 913 3132 ambigo,
967 3065 1132 3134 quasi
1189 3065 1244 3118 in
1286 3064 1624 3118 solidissimo
1667 3064 1852 3120 littore
1882 3079 2030 3120 com-

336 3155 550 3211 mercia
592 3159 807 3219 nostra,
865 3153 1091 3222 magnis
1137 3152 1324 3208 cordis
1365 3160 1420 3208 et
1467 3153 1720 3220 corporis
1769 3160 2029 3220 coempta

335 3241 672 3302 sudoribus,
732 3245 1032 3312 magister}
1084 3241 1420 3304 reverende,
1499 3240 1856 3308 deponimus.
1915 3239 2029 3294 Nec

335 3335 488 3388 enim
515 3341 568 3390 te
599 3334 916 3404 improvide
947 3331 1216 3400 eligimus
1246 3329 1422 3397 hujus
1466 3336 1674 3382 nostrae
1713 3327 2030 3396 supellecti-

2138 2799 2380 2868 inﬁnita,
2415 2801 2738 2870 magistros,
2770 2807 2826 2856 et
2855 2800 2958 2870 qui
2991 2801 3111 2856 suis
3142 2799 3566 2870 dignoscantur
3595 2814 3835 2856 sensua-

2134 2887 2395 2943 litatibus
2427 2887 2648 2954 irretiti,
2681 2887 2881 2958 aliqua
2925 2887 3302 2956 spiritualiter
3333 2901 3500 2942 sensa
3546 2901 3832 2958 propone-

2136 2991 2276 3042 rem,
2307 2976 2562 3032 studium
2591 2975 2759 3044 plane
2804 2990 2993 3030 meum
3031 2990 3230 3031 eorum
3271 2975 3612 3031 lentitudine
3642 2977 3832 3031 consi-

2136 3065 2332 3120 derata
2359 3065 2695 3134 gravissime
2725 3063 3138 3118 examinarem.

2207 3153 2293 3206 Ad
2327 3160 2376 3206 te
2406 3153 2602 3222 igitur,
2636 3151 2735 3220 qui
2771 3150 3148 3219 spiritualiter
3195 3159 3406 3206 cuncta
3440 3150 3750 3206 examinas
3781 3159 3836 3206 et

2136 3252 2167 3293 a
2192 3239 2420 3294 nemine
2460 3239 2760 3310 judicaris,
2805 3253 3044 3294 securus
3083 3239 3334 3307 intendo,
3378 3239 3518 3308 quia
3555 3239 3630 3294 ad
3667 3239 3838 3310 liqui-

2137 3326 2276 3380 dum
2300 3326 2588 3391 universa,
2623 3333 2677 3381 et
2708 3327 2796 3381 his
2826 3327 3047 3396 majora
3088 3341 3203 3382 non
3253 3335 3550 3395 penetrare
3579 3342 3700 3384 non
3732 3342 3834 3398 po-

334 3420 405 3476 lis
451 3423 914 3492 appretiatorem,
962 3419 1134 3472 immo
1191 3415 1694 3485 vigilantissimum
1751 3416 2030 3470 discusso—
2068 3437 2108 3492 ο
2141 3414 2272 3468 teris
2299 3429 2315 3482 ;
2345 3429 2477 3469 cum
2510 3415 2655 3469 nihil
2680 3414 2927 3470 sitaliud
2947 3429 3122 3484 quam
3149 3415 3414 3470 divinum
3443 3423 3498 3471 et
3525 3416 3835 3486 spirituale

334 3522 475 3576 rem,
530 3511 622 3564 cui
684 3521 920 3578 prorsus
972 3504 1260 3558 insolitum
1321 3504 1456 3568 seio,
1511 3502 1633 3556 sine
1685 3502 2027 3557 omnimodaa

335 3597 624 3665 aequitatis
677 3595 891 3650 intuitu
946 3591 1206 3647 censoria
1254 3589 1582 3658 quempiam
1615 3589 1859 3658 jaculari
1892 3604 2028 3644 sen-

335 3684 536 3748 tentia,
588 3683 758 3752 cujus
809 3680 1084 3735 nimirum
1137 3677 1324 3746 operis
1365 3691 1594 3744 gressus
1649 3677 2029 3732 indesinenter

336 3785 692 3840 praecurrere
718 3767 1014 3824 consuevit
1047 3764 1447 3820 intellectualis
1483 3764 1703 3819 consilii
1734 3764 2022 3834 palpebra.

334 3858 463 3914 Non
493 3858 763 3923 absurde,
799 3857 1057 3925 inquam,
1099 3853 1212 3908 tuis
1259 3866 1507 3921 praesens
1536 3852 1879 3921 opusculum
1908 3852 2028 3907 dis-

337 3945 746 4016 quisitiouibus
783 3942 1070 4013 appulisse
1130 3941 1500 4007 decreverim,
1539 3941 1850 4008 praesertim
1892 3953 2026 3994 cum

337 4034 730 4090 indubitanter
795 4029 1129 4101 agnoverim
1195 4027 1480 4082 neminem
1525 4040 1698 4096 super
1746 4025 2028 4082 interioris

337 4128 490 4178 363
539 4120 782 4177 hominis
815 4124 968 4175 statu
1019 4119 1078 4172 in
1123 4116 1348 4171 cunctis
1393 4115 1557 4170 nobis
1611 4115 1898 4184 contiguis
1945 4128 2030 4169 re-

338 4211 610 4281 gionibus
651 4211 927 4278 majorem
968 4204 1326 4260 discretionis
1371 4203 1686 4258 obtinuisse
1726 4203 1864 4257 vim.
1911 4203 2026 4260 Nec

339 4300 397 4354 id
445 4297 683 4367 injuria.
733 4295 893 4361 Quod
931 4294 1084 4350 enim
1133 4292 1430 4362 spirituale
1495 4291 1732 4356 nescias,
1790 4306 1922 4347 cum
1966 4291 2027 4346 in

336 4385 517 4456 hujus
547 4383 972 4440 examinatione
1005 4389 1054 4436 te
1077 4381 1464 4436 indesinenter
1499 4378 1812 4435 exerceas?
1843 4381 1906 4434 In
1940 4380 2028 4435 his

335 4472 679 4529 tractatibus
708 4479 928 4527 noctem
961 4470 1073 4525 diei
1103 4471 1422 4534 continuas,
1466 4468 1525 4522 in
1567 4468 1744 4538 hujus
1775 4476 2026 4523 contem-

331 4561 602 4632 plationis
647 4561 829 4628 radio,
902 4559 1077 4614 totius
1128 4557 1337 4613 interui
1381 4557 1615 4612 habitus
1659 4556 2028 4612 delectatione

334 4650 648 4720 conspiras.
699 4647 861 4714 Quod
912 4647 959 4701 si
999 4647 1070 4702 ad
1117 4645 1412 4714 animales,
1461 4659 1713 4715 quorum
1754 4643 1916 4714 copia
1944 4651 2027 4700 est

405 4809 510 4878 (18)
543 4807 597 4864 S.
626 4807 970 4864 Norbertum
1002 4804 1322 4876 alloquitur
1346 4804 1581 4860 Auctor.

2138 3502 2292 3570 quod
2322 3502 2492 3556 vivis.
2535 3502 2590 3557 Si
2621 3516 2740 3572 qua
2770 3517 2907 3572 ergo
2951 3503 3074 3558 istic
3119 3503 3457 3572 corrigenda
3500 3505 3834 3574 perpendis,

2136 3589 2370 3644 consilio
2399 3603 2531 3644 cum
2565 3589 2895 3659 Scripturis,
2928 3603 3181 3658 quarum
3214 3590 3314 3646 tibi
3345 3605 3460 3646 non
3491 3591 3835 3662 infrequens

2135 3691 2278 3732 usus
2322 3684 2527 3744 exstat,
2584 3678 3024 3744 communicato,
3101 3691 3476 3748 nequaquam
3538 3680 3835 3751 corrigere

2133 3763 2478 3836 dedigneris,
2527 3766 2712 3820 sciens
2763 3765 2996 3820 indubie
3039 3764 3180 3834 quia
3229 3779 3344 3820 non
3383 3765 3684 3836 ingratum
3744 3781 3835 3824 me

2137 3852 2252 3906 ullo
2303 3853 2472 3907 modo
2519 3852 2784 3922 reperies,
2841 3853 2886 3907 si
2931 3867 3049 3922 qua
3095 3853 3236 3908 inibi
3283 3853 3692 3923 oblitteranda,
3741 3855 3836 3910 vel

2134 3940 2322 4009 potius
2369 3941 2726 3996 immutanda
2776 3941 3081 3996 notaveris.
3125 3944 3408 3998 Caeterum
3455 3941 3530 3996 ad
3577 3940 3831 3998 litteram

2133 4027 2275 4083 nihil
2310 4042 2398 4083 me
2419 4029 2629 4084 dixisse
2659 4028 2788 4084 nolo
2821 4028 3062 4095 mireris,
3095 4028 3236 4098 quia
3265 4029 3421 4098 quod
3450 4029 3510 4084 Β.
3555 4029 3838 4101 Hierony-

2134 4129 2265 4171 mus
2306 4116 2444 4171 satis
2490 4131 2779 4188 superque
2830 4117 3146 4172 elucidasse
3186 4117 3241 4171 in
3283 4124 3553 4187 promptu
3589 4126 3696 4186 est,
3748 4119 3834 4175 id-

2133 4203 2323 4274 ipsum
2369 4206 2673 4273 repetendo
2711 4204 3014 4261 schedulas
3047 4204 3281 4274 implere
3327 4219 3834 4275 supervacaneum

2135 4293 2333 4362 procul
2361 4293 2536 4348 dubio
2579 4293 2718 4348 mihi
2760 4300 2862 4349 est.
2903 4293 3041 4356 Quae
3077 4307 3214 4364 ergo
3253 4307 3356 4363 pro
3385 4301 3558 4363 captu
3595 4309 3748 4363 meo,
3781 4304 3836 4351 et

2133 4381 2268 4447 Deo,
2329 4389 2393 4437 ut
2444 4383 2634 4450 credo,
2695 4383 2932 4452 indigno
2988 4385 3264 4451 peccatori
3309 4382 3620 4452 aspirante,
3679 4384 3835 4442 bona

2137 4469 2446 4525 intentione
2495 4470 2778 4540 peregisse
2835 4484 2924 4525 me
2979 4470 3234 4536 memini,
3287 4485 3406 4525 non
3450 4479 3680 4527 tantum
3731 4480 3836 4529 tua

2135 4557 2376 4614 lectione
2433 4572 2610 4628 quam
2669 4557 2926 4614 oratione
2982 4557 3268 4625 firmanda
3322 4566 3378 4615 et
3421 4560 3835 4616 auctorizanda

2137 4645 2446 4702 transmisi.

1147 5075 1434 5120 EXPLICIT
1479 5073 2002 5118 TBOPOLOGIARUM
2051 5072 2231 5117 LIBER
2277 5071 2542 5125 QUINTUS
2590 5074 2667 5117 ET
2713 5074 3004 5119 ULTIMUS.

3901 3303 3912 3344 4.
