3956 6458
103 414 231 465 489
931 412 1182 469 TRACT.
1230 413 1318 468 DE
1351 411 1880 468 'lNCARNATIONE
1921 411 2196 468 CONTRA
2228 411 2532 469 JUDEOS.
2568 443 2637 452 —
2661 413 2794 470 LIB.
2838 414 2879 467 Ι.
3559 415 3665 472 490

1128 665 1416 748 VEN.
1482 665 2076 748 GUIBBRTI
2142 665 2693 750 ABBA'I‘IS

310 841 1488 989 TRACTATUS
1595 843 1849 986 DE
1989 842 3486 995 INCARNATIONE

1267 1077 1839 1183 CONTRA
1901 1078 2511 1184 JUDZEOS.

795 1369 1361 1457 AUCTOBIS
1434 1369 1991 1458 EPISTOLA
2066 1371 3002 1460 NUNCUPATOBIA.

205 1679 360 1728 τοι
403 1673 557 1730 Patri
585 1683 639 1730 et
669 1674 905 1729 domino
933 1681 1145 1729 sanctae
1195 1673 1617 1729 Suessionensis
1655 1672 1844 1728 Eccle—
1879 1674 1926 1726 A
1957 1671 2010 1726 Si
2073 1671 2228 1727 enim
2282 1672 2337 1728 id
2395 1672 2658 1740 facerem,
2719 1681 2774 1729 et
2828 1689 2918 1730 res
2996 1676 3356 1748 vilipensioni
3424 1691 3660 1751 pateret,

111 1762 233 1817 size
260 1763 481 1818 decano
515 1764 815 1819 Bamsaano
848 1763 1122 1834 indignus
1151 1763 1460 1817 admodum
1495 1762 1846 1832 praenomine
1952 1759 2302 1830 (cogitabam
2360 1762 2676 1816 secundum
2732 1762 3042 1834 hominem)
3102 1765 3208 1820 hoc
3260 1768 3368 1824 mei
3431 1770 3664 1826 honoris

118 1865 268 1906 suo.
1956 1861 2116 1916 posse
2161 1847 2281 1902 fieri
2329 1848 2690 1916 detrimento,
2736 1850 2870 1916 imo,
2923 1853 3078 1922 quod
3127 1855 3314 1925 magis
3342 1858 3663 1914 verendum

208 1939 547 1995 Petitionem
611 1946 726 1995 tuae
798 1938 1119 1995 sanctitatis
1179 1939 1410 1994 biennio
1465 1937 1684 2004 distuli,
1747 1937 1844 1993 sed
1953 1943 2058 2001 est,
2089 1937 2271 2006 tepide
2303 1945 2548 1994 tractare
2597 1939 2667 1994 de
2719 1939 2930 1996 talibus
2979 1941 3248 1999 Ecclesia:
3290 1946 3490 2015 poterit
3529 1947 3660 2002 offi-

106 2027 254 2097 jam
313 2042 471 2083 nunc
519 2028 710 2083 nescio
767 2028 814 2083 si
867 2028 1040 2096 digne
1081 2027 1395 2095 paruerim.
1451 2026 1651 2080 Fateor
1690 2024 1844 2080 enim
1954 2038 2080 2080 cere
2131 2026 2495 2082 documento.
2545 2028 2811 2083 Attamen
2861 2043 3106 2098 pensans
3152 2034 3304 2101 quod
3367 2041 3660 2104 tantopere

120 2115 242 2170 tibi
304 2116 635 2182 Dominum,
691 2131 864 2185 quem
918 2130 1280 2170 communem
1343 2123 1531 2176 testor,
1595 2113 1845 2168 multum
1953 2113 2270 2168 orationem
2319 2113 2662 2184 prwmittere
2713 2130 2802 2171 me
2832 2117 3068 2188 rogasti,
3109 2120 3180 2174 ad
3221 2135 3351 2176 eum
3387 2122 3490 2191 qui
3534 2138 3658 2178 om-

115 2218 227 2258 me
280 2203 461 2274 hujus
519 2204 926 2274 postulationis
983 2203 1210 2272 puduit,
1271 2203 1409 2258 dum
1458 2210 1616 2257 tuam
1649 2201 1716 2257 de
1756 2217 1846 2256 me
1955 2202 2052 2256 nia
2085 2216 2210 2257 mea
2243 2203 2520 2258 hactenus
2551 2204 3139 2274 coeptajuvisset,cor
3157 2208 3377 2278 appuli,
3403 2211 3660 2266 demum-

115 2291 463 2360 opinionem
514 2293 788 2362 majorem
855 2292 1038 2348 sentio
1087 2305 1266 2361 quam
1319 2289 1524 2346 merui.
1586 2289 1846 2345 Scientize
1955 2304 2088 2360 que,
2143 2290 2190 2344 si
2240 2304 2357 2359 qua
2403 2305 2643 2360 possem,
2701 2307 2876 2361 super
2921 2302 3022 2349 tuo
3081 2296 3306 2365 negotio
3361 2298 3656 2355 elaborare

119 2380 299 2434 enim
347 2381 791 2436 imbecillitatem
825 2393 1196 2451 expaveram,
1247 2388 1300 2434 et
1328 2379 1466 2434 dum
1523 2379 1842 2448 inexperta,
1957 2378 2191 2434 tentavi.
2237 2377 2292 2433 Si
2324 2379 2464 2449 quid
2497 2380 2554 2434 in
2589 2395 2654 2435 eo
2683 2381 2824 2435 bene
2859 2382 3038 2451 potui,
3063 2381 3120 2437 in
3149 2384 3258 2440 hoc
3281 2385 3380 2440 tibi
3409 2387 3654 2457 ascribo,

117 2473 180 2521 et
233 2481 368 2537 qua!
402 2467 706 2538 Grcgorios
753 2469 1250 2538 Hieronymosque
1296 2475 1509 2521 terrere
1559 2474 1842 2535 poterant,
1953 2467 2092 2538 quia
2125 2475 2237 2523 tuae
2282 2481 2524 2523 summae
2559 2467 2871 2524 humilitati
2921 2469 3215 2526 humiliter
3256 2473 3654 2544 obtemperare

121 2559 369 2628 exigor,
403 2560 512 2615 sub
552 2567 848 2628 assumpto
881 2558 1127 2628 turpiter
1177 2558 1326 2612 fasce
1361 2557 1582 2612 veritus
1619 2570 1841 2624 casum,
1955 2555 2246 2625 proposui.
2281 2555 2426 2612 Cum
2461 2571 2606 2626 puer
2638 2572 2819 2613 essem
2844 2566 2898 2614 et
2921 2559 3032 2615 sub
3059 2561 3370 2633 paedagogo
3403 2577 3655 2634 agerem,

120 2653 430 2715 quantum
465 2645 645 2713 licuit,
705 2653 1001 2716 urgentem
1043 2654 1093 2700 te
1124 2645 1497 2700 dilationibus
1541 2644 1846 2714 hucusque
1953 2645 2160 2699 accidit
2205 2659 2295 2700 me
2343 2645 2627 2714 quasdam
2675 2645 2986 2702 admodum
3021 2649 3327 2705 szeculares
3376 2651 3659 2709 litterulas

119 2732 379 2804 sulfugi.
427 2735 723 2790 lnauditas
773 2735 942 2803 plane
989 2742 1042 2789 et
1094 2733 1242 2788 male
1284 2733 1524 2788 subtiles
1565 2747 1695 2802 quae
1744 2748 1844 2788 no-
1955 2733 2583 2802 dictitasse(t9);quod
2606 2749 2736 2789 cum
2764 2735 3036 2804 magister
3069 2737 3214 2792 idem
3239 2752 3392 2808 aegre
3415 2739 3655 2809 tulisset,

121 2829 272 2876 strze
316 2821 698 2878 intenduntur
745 2821 876 2877 ﬁdei
927 2821 1348 2877 controversias
1395 2821 1667 2889 refellere,
1712 2836 1845 2890 per—
1954 2820 2258 2876 dormienti
2303 2820 2480 2875 astitit
2523 2835 2665 2876 cano
2714 2836 2955 2891 persona
2986 2823 3190 2894 capite,
3236 2827 3472 2882 dicens;
3517 2828 3656 2885 Volo

121 2909 514 2979 Spieacissimi
565 2910 745 2965 animi
805 2910 1054 2980 postulat
1132 2911 1462 2980 puritatem.
1535 2910 1844 2964 Dominicze
1887 2973 1922 2980 _
1954 2909 2093 2964 mihi
2146 2910 2425 2964 rationem
2471 2909 2540 2964 de
2596 2909 2798 2966 litteris
2827 2911 3051 2979 reddas,
3086 2923 3486 2971 verumtamen
3529 2931 3658 2972 ma-

123 3011 395 3067 namque
445 2999 863 3054 lncarnationis
912 2999 1008 3054 illa
1055 2999 1354 3054 sinceritas
1394 2996 1560 3054 oculo
1611 2998 1848 3066 vestiga-
1887 2973 1926 3026 Β
1956 3012 2067 3052 nus
2095 3011 2226 3066 quae
2256 2997 2481 3066 scripsit
2514 3012 2627 3052 non
2658 3005 2741 3052 est
2781 2998 2936 3054 illius
2962 3014 3217 3069 personae
3249 3017 3380 3070 quae
3414 3004 3655 3072 scripsit.

125 3093 234 3141 tur
287 3086 516 3141 nonnisi
561 3101 594 3142 a
626 3087 979 3156 quibusdam
1032 3086 1546 3158 imaginationibus
1579 3085 1843 3152 lautiore,
1954 3084 2114 3150 Quod
2141 3100 2273 3140 cum
2307 3093 2452 3140 esset
2482 3085 2621 3141 mihi
2655 3086 2728 3141 ab
2782 3086 2904 3156 ipso
2950 3087 3216 3153 relatum,
3268 3091 3657 3146 animadverti

127 3174 358 3244 quibus
388 3189 521 3230 cum
555 3189 645 3230 me
689 3175 949 3230 noverim
1002 3175 1280 3230 acerrime
1327 3175 1724 3245 praepeditum,
1759 3174 1849 3229 ni-
1956 3173 2110 3243 quod
2143 3173 2364 3242 aliquid
2399 3173 2538 3229 mihi
2566 3174 2805 3230 internae
2838 3175 2983 3230 lucis
3014 3175 3365 3245 impenderet
3400 3178 3568 3246 Deus,
3596 3187 3659 3235 ut

129 3261 355 3339 mirum
401 3261 570 3317 valde
622 3277 753 3318 cum
809 3262 862 3317 id
915 3260 1155 3334 aggredi
1199 3275 1454 3332 cogerer,
1503 3261 1842 3318 aestuabam.
1957 3275 2166 3317 manus
2194 3276 2322 3318 mea
2353 3263 2463 3332 piis
2489 3263 2731 3318 serviret
2756 3263 3048 3333 operibus.

1454 3447 1802 3565 LIBER
1858 3443 2322 3564 PRIMUS.

946 3637 1048 3700 DE
1096 3635 1650 3703 CONCEPTIONE
1696 3637 1887 3702 FlLlI
1935 3637 2066 3701 DEI
2119 3636 2371 3701 INTRA
2409 3637 2832 3704 VIRGINEM.

1955 3827 2333 3883 mosynarum
2380 3812 2714 3883 largitiones
2762 3813 3006 3872 affectat.
3053 3818 3122 3884 Is,
3177 3816 3439 3888 inquam,
3477 3833 3660 3890 quare

700 3867 934 3924 CAPUT
976 3867 1257 3925 PRIMUM
1269 3909 1279 3920 -
1953 3867 3439 3967 aegiagaiinaatiggivastavasta-£0133
3461 3867 3663 3960 Σαᾯῖτῖ

211 3997 331 4050 Cur
370 3997 668 4050 tractatum
710 3995 883 4060 fuerit
915 4007 1205 4062 aggressus
1235 3994 1500 4046 rationem
1528 3991 1714 4046 reddit
1741 4007 1842 4046 au-
1954 4001 2082 4044 sum
2112 4003 2220 4044 nos
2249 3987 2638 4043 contentiones
2681 3988 2923 4042 assumit
2953 4002 3019 4043 ac
3069 3989 3336 4046 roborat?
3386 3991 3662 4048 Susurria

137 4087 274 4137 ctor.
305 4081 618 4138 Tolerabile
648 4089 962 4152 utcumque
982 4089 1084 4149 est,
1118 4095 1250 4136 cum
1273 4081 1346 4136 ab
1369 4081 1457 4136 his
1480 4081 1607 4136 fidei
1636 4089 1842 4136 nostrae
1954 4092 2155 4133 eorum
2205 4076 2307 4146 qui
2363 4091 2462 4145 per
2507 4091 2564 4131 se
2611 4077 2895 4147 grunnire
2954 4091 3069 4132 non
3110 4078 3345 4144 audent,
3380 4094 3504 4146 suo,
3538 4095 3655 4150 quo

141 4169 733 4240 detrahiturquiejus
760 4169 1418 4238 nequaquamdogmata
1443 4174 1841 4237 susceperunt.
1958 4168 2069 4221 Deo
2111 4166 2306 4236 judice
2358 4166 2516 4220 brevi
2565 4165 2809 4231 ﬂorebit,
2872 4173 3171 4235 potentatu
3229 4174 3550 4235 sustentat;
3605 4175 3661 4224 et

143 4259 217 4313 At
245 4273 379 4314 cum
429 4259 486 4314 hi
527 4259 629 4328 qui
678 4257 886 4314 Christi
929 4257 1278 4312 reconciliati
1326 4257 1599 4312 videntur
1657 4256 1845 4326 gratia
1957 4256 2110 4325 quod
2146 4254 2223 4309 illi
2256 4254 2314 4308 in
2360 4254 2625 4310 faucibus
2653 4255 2754 4308 vix
2783 4253 3126 4324 loquuntur,
3161 4255 3260 4310 iste
3307 4256 3656 4326 promulgat,

143 4345 428 4400 adversus
455 4345 713 4401 eamdem
748 4345 1272 4401 controversiarum
1318 4345 1515 4400 dentes
1542 4352 1596 4399 et
1630 4343 1845 4414 linguae
1955 4350 2029 4409 et,
2062 4357 2094 4398 ο
2120 4343 2333 4398 mirum
2360 4350 2370 4397 t
2399 4342 2705 4398 verborum
2736 4357 2976 4398 suorum
3008 4343 3434 4412 superstitionis
3455 4344 3660 4415 argui-

145 4435 448 4490 macheras
503 4441 822 4501 exacuunt,
872 4434 1133 4489 omnium
1185 4433 1469 4488 bonorum
1520 4431 1698 4488 animi
1754 4432 1846 4502 pie
1960 4437 2074 4498 tur,
2121 4445 2273 4502 aegre
2317 4430 2443 4496 fert,
2479 4431 2577 4484 vix
2629 4429 2848 4498 tolerat,
2900 4445 3018 4486 sese
3047 4431 3437 4488 Christianum
3482 4432 3660 4488 incla-

143 4522 339 4579 zemuli
373 4523 468 4578 tali
501 4523 795 4579 auditione
836 4522 1155 4578 tabescunt.
1206 4522 1326 4577 Etsi
1357 4520 1599 4578 Iudaica
1641 4521 1846 4576 inertia
1958 4519 2140 4574 mitat.
2174 4521 2239 4574 Et
2266 4519 2398 4589 quis
2428 4518 2592 4574 furor
2619 4525 2722 4586 est,
2776 4525 2838 4574 ut
2871 4519 2970 4588 qui
3012 4519 3279 4576 Judaeum
3327 4528 3428 4576 aut
3475 4534 3662 4591 paga-

144 4610 212 4666 de
263 4610 392 4666 Filii
420 4611 516 4666 Dei
551 4611 704 4667 intra
737 4610 1034 4681 Virginem
1066 4609 1435 4680 conceptione
1465 4609 1843 4665 submurmu-
1957 4623 2098 4664 num
2130 4623 2188 4664 se
2234 4608 2433 4664 haberi
2479 4615 2580 4664 aut
2627 4609 2821 4664 vocari
2867 4609 3102 4678 respuit,
3143 4624 3345 4665 eorum
3384 4624 3662 4666 caeremo-

144 4707 233 4755 rat
285 4699 567 4756 nimirum
629 4713 719 4754 res
769 4706 852 4754 est
909 4698 1107 4754 inolita
1166 4697 1343 4769 genti,
1404 4705 1459 4754 et
1512 4697 1846 4767 pudendum
1957 4697 2084 4753 nias
2125 4705 2379 4764 tueatur,
2419 4705 2474 4752 et
2519 4695 2781 4752 instituta
2824 4695 3114 4764 defendat,
3171 4697 3228 4752 iu
3272 4697 3424 4767 leges
3461 4698 3662 4754 odium

147 4789 383 4858 quidam
416 4789 525 4844 sibi
570 4787 814 4843 aestimat
861 4787 1061 4855 incuti,
1099 4801 1231 4843 cum
1263 4801 1297 4841 a
1327 4785 1448 4842 suis
1493 4788 1696 4852 Deum,
1743 4785 1845 4858 qui
1955 4785 2311 4842 Christianas
2347 4793 2629 4853 exerceat,
2687 4785 2800 4840 imo
2863 4784 3109 4853 idipsum
3169 4786 3456 4855 vituperet
3501 4785 3663 4856 quod

147 4877 252 4933 sibi
305 4876 570 4934 Salvator
623 4877 959 4944 advenerat,
1014 4875 1486 4947 progenitoribus
1572 4875 1840 4932 traditum
1959 4875 2207 4931 adorat?
2249 4875 2396 4930 Dum
2443 4888 2577 4930 cum
2625 4873 2824 4929 Judzea
2880 4873 3135 4942 quadam
3188 4873 3534 4930 facetissima
3583 4874 3656 4930 de

151 4965 337 5023 fuerit.
420 4966 594 5022 Porro
644 4964 1044 5033 Christianus,
1114 4964 1216 5035 qui
1277 4965 1384 5020 hoc
1441 4965 1561 5036 ipso
1627 4966 1845 5020 censeri
1898 5031 1928 5036 _
1960 4965 2068 5020 hoc
2121 4963 2242 5033 ipso
2297 4963 2674 5032 colloquerer,
2724 4970 3015 5028 extremae,
3061 4961 3159 5029 ait,
3215 4961 3519 5019 dementiaa
3578 4969 3664 5020 est

151 5055 379 5110 nomine
415 5069 529 5110 non
565 5053 795 5121 refutat,
833 5054 956 5124 qui,
1014 5031 1287 5124 quamvis
1317 5031 1488 5110 miser
1516 5060 1571 5110 et
1600 5054 1848 5123 tepidus,
1890 5031 1930 5083 C
1958 5052 2051 5109 sui
2082 5031 2228 5122 quas
2259 5052 2396 5107 dicit
2422 5031 2734 5107 salvatoris
2761 5050 3044 5121 imagines
3073 5050 3362 5106 hominem
3395 5051 3657 5118 adorare,

153 5143 412 5200 ecclesias
451 5150 642 5199 tamen
677 5144 854 5198 intrat
886 5144 1036 5212 (20);
1069 5142 1275 5198 altaria
1319 5143 1626 5213 aliquoties
1657 5151 1712 5198 et
1751 5157 1850 5198 sa-
1957 5149 2013 5198 et
2069 5142 2216 5196 idem
2277 5155 2412 5196 mox
2463 5141 2617 5210 quod
2677 5141 2962 5207 adoravit,
2999 5147 3304 5211 postquam
3346 5140 3659 5208 recesserit,

155 5232 402 5288 cerdotes
432 5231 698 5300 honorat,
719 5231 857 5287 dum
881 5231 1261 5287 Eucharistiae
1290 5232 1545 5287 fidelium
1577 5238 1632 5286 et
1664 5245 1854 5300 pecca-
1959 5231 2342 5287 subsannare.

157 5323 336 5376 torum
377 5319 714 5375 confessioni
760 5320 1150 5376 communicat
1199 5320 1348 5390 (2t);
1389 5320 1492 5390 qui
1539 5319 1850 5376 Dominica:
2033 5320 2208 5375 Plane
2241 5319 2397 5374 hunc
2427 5333 2541 5373 non
2592 5318 2908 5389 incongrue
2958 5317 3330 5374 Neutericum
3379 5333 3528 5374 novo
3559 5332 3662 5374 vo-

160 5408 454 5465 memorias
493 5409 776 5479 passionis
822 5409 1043 5474 adorat,
1071 5417 1127 5466 et
1171 5409 1463 5466 interdum
1493 5411 1664 5466 etiam
1699 5403 1851 5464 elee'-
1959 5409 2169 5466 cabulo
2211 5408 2419 5476 dicam,
2465 5407 2566 5478 qui
2621 5418 2895 5464 neutrum
2927 5411 3198 5477 sectatur,
3237 5408 3374 5465 dum
3423 5422 3492 5465 ea
3529 5421 3662 5478 quae

252 5552 333 5620 l9)
370 5551 447 5606 De
479 5551 568 5606 his
601 5551 723 5607 fuse
758 5551 814 5606 in
849 5551 981 5607 Vita
1006 5564 1133 5606 sua.

245 5621 328 5691 20)
358 5623 638 5678 Joannem
673 5624 761 5678 his
786 5622 1046 5678 comitem
1076 5619 1540 5677 Suessionensem
1566 5619 1849 5690 intelligit.

248 5693 333 5760 2t)
370 5693 499 5751 Vita
526 5693 723 5761 Guib.,
757 5693 856 5749 lib.
891 5708 972 5758 in,
997 5707 1121 5762 cap.
1160 5695 1245 5758 15,
1279 5691 1448 5747 infra.

505 5783 782 5849 PATROL.
835 5783 1040 5850 CLVI.
2628 5812 2635 5820 -
3226 5780 3308 5842 46
