3956 6406
340 389 434 444 491
1225 391 1286 445 V.
1325 391 1664 448 GUIBEBTI
1701 391 1991 449 ABBATIS
2029 393 2084 448 S.
2128 391 2365 447 MAR”?
2400 389 2494 446 DE
2555 390 2940 447 NOVIGENTO
3737 390 3838 442 492

339 520 539 578 laudat
570 520 706 591 jura
737 534 853 576 non
883 521 1270 591 prosequitur,
1303 528 1357 576 et
1388 536 1520 592 quae
1551 522 1780 578 videtur
1834 537 2023 592 prose-
2063 526 2110 578 A
2141 535 2245 576 suo
2271 521 2698 592 promulgatore
2724 521 3082 577 claudamus.
3117 520 3310 576 Mariae
3340 534 3479 577 vero
3505 521 3637 590 erit,
3669 522 3720 577 si
3751 521 3840 576 sui

341 609 441 680 qui
466 609 778 666 Christiani
827 608 1000 665 studii
1057 609 1195 679 jura
1243 624 1359 666 non
1399 609 1622 668 laudat.
1658 612 1866 668 Haurit
1897 626 2036 680 ergo

341 699 510 754 homo
563 697 952 768 nequissimus
1008 713 1081 754 ex
1144 699 1515 754 Hebraeorum
1573 697 2036 753 confabulatione

341 787 518 841 verba.
549 785 788 852 nefaria,
821 794 886 858 et_
909 801 1040 857 quae
1069 787 1182 842 sint
1221 794 1429 842 nostra:
1463 786 1684 855 pudicae
1741 787 1870 841 fidei
1920 801 2035 842 non

340 878 507 932 modo
530 876 708 942 dictu,
753 877 849 932 sed
883 877 969 934 vel
997 879 1290 933 auditione
1320 877 1683 946 gravissima.
1717 877 1876 934 Certe
1906 891 2034 932 cre-

341 965 673 1020 dideramus
705 965 997 1031 hactenus,
1032 967 1172 1034 quia
1200 966 1520 1030 legeramus
1551 965 1844 1034 Virginem
1880 965 2031 1020 illam

345 1052 596 1118 unicam,
626 1052 747 1106 sine
778 1051 1044 1120 exemplo
1072 1051 1376 1118 Deiferam,
1420 1052 1474 1105 in
1505 1051 1776 1108 universo
1819 1052 2038 1108 mundo

343 1140 693 1196 interemisse
724 1141 1031 1210 pravitates
1084 1141 1398 1196 ltmreticas.
1434 1141 1578 1195 Sane
1626 1155 1699 1196 ex
1743 1155 1810 1196 ea
1856 1141 2034 1195 Natus

341 1229 528 1298 capita
576 1228 852 1297 confregit
910 1228 1274 1283 inimicorum
1328 1243 1592 1284 suorum.
1654 1230 1820 1298 (Psal.
1858 1244 2030 1296 van,

339 1319 450 1386 22),
484 1317 605 1386 ipsa
634 1325 769 1372 sunt
797 1317 985 1386 capita
1015 1318 1278 1372 draconis
1306 1318 1419 1374 dati
1469 1317 1527 1372 in
1569 1332 1756 1373 escam
1810 1317 2038 1387 populis

339 1405 696 1473 Ethiopum.
758 1404 926 1473 (Psal.
987 1417 1178 1471 Lxxut,
1221 1408 1326 1473 14).
1375 1405 1444 1460 Et
1479 1406 1630 1460 unde
1663 1406 1797 1460 huic
1828 1406 2032 1460 valen-

341 1494 572 1548 tissimze
627 1491 872 1547 dominae
927 1493 1155 1548 accedet
1213 1493 1579 1562 impotentia?
1647 1494 1788 1563 quin
1859 1494 2031 1549 etiam

339 1586 595 1634 conterat
625 1578 891 1633 verticem
946 1578 1130 1647 capilli
1183 1578 1238 1632 in
1290 1579 1507 1632 delictis
1554 1579 1674 1632 suis
1723 1579 2030 1648 perambu-

341 1667 587 1722 lantium
629 1668 796 1730 (Psal.
838 1681 1046 1732 Lxxvtt,
1095 1670 1208 1736 22.)
1241 1666 1512 1737 Quisquis
1541 1677 1741 1722 contra
1783 1666 2032 1737 Virginis

341 1763 573 1824 partum
603 1755 876 1824 disputat,
913 1756 969 1810 in
1020 1755 1294 1824 Spiritum
1340 1764 1601 1810 sanctum
1649 1756 2028 1825 blasphemat.

2141 611 2427 681 supplices
2455 611 2736 666 secundos
2772 611 2966 666 exitus
2998 610 3335 666 habeamus.

2814 699 3046 755 CAPUT
3086 698 3157 753 Il.

2751 803 2993 851 Ql'.ESTl0
3025 801 3220 843 JUDEI.

2214 897 2242 924 ‹‹
2281 875 2510 940 Nullus,
2543 873 2840 946 inquiunt,
2873 875 2981 932 nisi
3010 876 3109 946 qui
3137 875 3398 944 desipiat,
3427 875 3606 933 credit
3653 875 3846 931 Deum

2143 985 2171 1012 ››
2213 965 2283 1019 ad
2319 964 2465 1019 uteri
2499 964 2722 1020 feminei
2765 979 2886 1019 sese
2933 964 3215 1019 dimittere
3249 964 3496 1019 voluisse
3537 963 3846 1030 vilitatem,

2142 1074 2170 1101 »
2212 1061 2265 1109 et
2311 1052 2803 1110 consuetudinarii
2859 1051 3196 1107 incrementi
3253 1052 3552 1121 pertulisse
3625 1067 3844 1108 moras.

2143 1161 2171 1190 ››
2213 1141 2360 1196 Illud
2391 1142 2750 1211 potissimum
2781 1141 3004 1196 horrori
3035 1148 3119 1196 est
3167 1148 3230 1196 ut
3256 1141 3318 1205 is,
3353 1141 3451 1211 qui
3500 1141 3654 1196 Deus
3685 1141 3844 1196 dice-

2139 1247 2168 1280 »
2210 1235 2391 1295 retur,
2451 1243 2550 1298 per
2596 1229 2854 1284 mulieris
2899 1229 3213 1298 virginalia
3261 1229 3620 1285 funderetur.
3654 1230 3850 1285 Isdem

2141 1338 2168 1367 ι
2209 1332 2442 1387 quoque
2491 1325 2682 1384 natus,
2752 1333 2885 1374 eum
2945 1332 3056 1373 non
3115 1317 3416 1374 dissimilia
3487 1317 3850 1374 humanitati

2142 1425 2166 1453 ι
2212 1406 2468 1460 membra
2501 1406 2756 1472 haberet,
2786 1415 2839 1461 et
2870 1405 3237 1461 feminalibus
3261 1420 3402 1462 usus
3428 1415 3532 1472 est,
3556 1415 3610 1462 et
3630 1407 3848 1462 edendi

2140 1514 2168 1543 ››
2208 1507 2276 1549 ac
2321 1494 2550 1549 bibendi
2608 1497 2925 1549 necessitati
2987 1496 3314 1564 subjacens,
3351 1496 3440 1550 his
3486 1497 3658 1550 etiam
3705 1510 3847 1566 qua;

2141 1602 2164 1632 ii
2206 1590 2644 1652 consequuntur
2673 1583 2951 1638 aerumnis
2983 1583 3244 1638 addictus
3265 1593 3366 1638 est.
3403 1583 3564 1639 Unde
3592 1597 3844 1652 prorsus

2142 1690 2164 1719 ι
2207 1671 2514 1726 ridiculum
2537 1680 2618 1726 est
2646 1681 2710 1727 ut
2739 1673 2782 1726 is
2813 1672 2940 1726 talis
2964 1673 3112 1726 Deus
3139 1671 3421 1726 habeatur
3445 1671 3546 1741 qui
3576 1672 3633 1726 in
3667 1671 3851 1726 nullo

2139 1780 2168 1809 »
2209 1773 2239 1813 a
2272 1760 2516 1814 miseriis
2542 1760 2864 1830 discrepare
2895 1761 3300 1815 communibus
3329 1760 3611 1815 videatur.
3665 1761 3850 1814 Porro

340 1843 517 1898 Nemo
548 1852 737 1898 autem
772 1857 950 1898 sanus
1001 1844 1225 1898 dubitat
1270 1844 1412 1913 quin
1466 1845 1601 1899 felix
1631 1845 1828 1899 eadem
1864 1843 2035 1899 fuerit
2075 1826 2113 1879 Β
2144 1866 2173 1896 »
2215 1847 2260 1901 si
2293 1848 2518 1902 dicatur
2549 1848 2687 1917 quia
2717 1826 2786 1902 de
2819 1849 3052 1918 Virgine
3099 1856 3272 1903 natus
3303 1847 3430 1914 fuit,
3465 1847 3844 1902 falsissimum

341 1931 555 2001 Spiritu
613 1939 811 1987 sancto
857 1931 1140 1987 fecunda:
1193 1947 1307 1987 non
1355 1940 1437 1988 est
1488 1947 1626 2003 ergo
1681 1932 2034 2002 blasphemia

341 2019 461 2075 haec
485 2021 806 2075 remissiva.

410 2109 790 2163 Audieramus
845 2107 1251 2163 beatitudinem
1328 2109 1813 2176 mundicordium,
1875 2108 2031 2178 quod

339 2196 672 2266 hujusmodi
709 2197 882 2250 visuri
915 2197 1030 2250 sint
1063 2196 1240 2251 Deum
1285 2197 1508 2264 (Matth.
1539 2212 1596 2263 .v,
1631 2200 1704 2261 8).
1759 2198 2028 2262 Joannes,

340 2285 441 2352 qui
475 2285 686 2338 nemini
721 2284 1009 2339 secundus
1047 2283 1105 2337 in
1138 2294 1284 2337 uatis
1313 2292 1395 2338 est
1427 2285 1730 2339 mulierum
1759 2301 1774 2353 ;
1813 2285 2033 2340 solven-

339 2372 426 2426 dae
453 2373 820 2427 calceamenti
851 2372 979 2426 Jesu
1011 2372 1274 2439 corrigiae
1301 2387 1358 2426 se
1400 2374 1699 2441 profitetur
1728 2373 2028 2443 indignum

337 2461 486 2530 (Luc.
521 2475 597 2527 ιιι,
637 2461 746 2528 16).
780 2460 846 2515 Hi
872 2459 1008 2526 agni
1039 2474 1239 2513 carnes
1269 2468 1529 2530 coquunt
1579 2475 1752 2531 aqua,
1785 2469 1840 2517 et
1885 2461 2028 2516 foede

337 2549 582 2604 nimium
625 2549 698 2604 ab
726 2549 808 2603 eis
860 2549 1174 2617 dissipatur
1204 2549 1570 2604 calceamenti
1625 2551 1890 2620 corrigia,
1925 2550 2026 2620 qui

338 2640 660 2710 genituram
719 2637 1029 2691 Salvatoris
1073 2637 1394 2706 discrepare
1445 2653 1559 2693 non
1616 2639 1905 2695 aestimant
1955 2639 2027 2695 ab

336 2725 480 2792 aliis,
513 2740 618 2781 nec
662 2726 871 2781 habere
924 2726 1210 2794 mysteria.
1261 2727 1528 2782 Omnium
1583 2741 1616 2782 a
1645 2727 1856 2782 saeculo
1885 2741 2026 2782 san-

336 2819 578 2878 ctorum,
619 2821 674 2868 et
720 2811 817 2882 qui
852 2819 983 2866 ante
1032 2814 1277 2882 gratiam
1311 2814 1626 2882 przevidere
1667 2815 1938 2882 lieudum,
1972 2823 2027 2870 et

335 2901 446 2956 sub
476 2901 660 2972 gratia
695 2909 1011 2956 tractavere
1037 2902 1105 2955 de
1133 2901 1300 2968 facto,
1341 2917 1513 2970 super
1545 2902 1722 2973 hujus
1759 2905 2026 2959 conside-

335 2988 554 3044 ratione
607 2989 949 3044 sacramenti
1003 2990 1224 3058 puritas
1271 2989 1669 3046 intellectualis
1720 2992 2020 3047 emarcuit.

333 3077 440 3134 Ubi
502 3078 602 3133 etsi
655 3077 960 3134 scintillam
1018 3086 1430 3134 momentaneae
1481 3079 1832 3144 {intentionis
1895 3080 2026 3150 pius

333 3166 572 3236 quilibet
629 3169 1039 3235 contemplator
1109 3166 1333 3235 habuit,
1385 3167 1454 3223 ad
1511 3167 1564 3222 id
1623 3175 1810 3223 tamen
1869 3171 2022 3238 quod

331 3255 736 3325 comprehendi
793 3269 911 3310 non
963 3262 1202 3323 poterat,
1261 3257 1518 3310 oratione
1564 3257 1769 3310 caruit.
1805 3256 2026 3311 Merito-

333 3357 446 3412 que
487 3357 664 3412 super
719 3342 824 3397 hoc
877 3342 1173 3398 hominum
1233 3343 1633 3412 perspicacitas
1685 3345 1861 3405 siluit.
1922 3344 2023 3400 ubi

331 3432 505 3487 totius
550 3445 753 3486 eorum
799 3438 1023 3485 natura)
1064 3431 1390 3500 exemplum
1419 3431 1616 3486 defuit.
1651 3433 1733 3486 Ad
1767 3433 1872 3488 hoc
1923 3432 2026 3488 ita—

331 3533 444 3588 que
498 3518 842 3588 capiendum
873 3518 1034 3572 nulla
1083 3518 1370 3573 subtilitas
1398 3517 1712 3588 spiritualis
1756 3520 1974 3576 evaluit
2006 3535 2019 3574 :

331 3609 741 3662 Generationem
769 3609 911 3659 enim
941 3607 1078 3673 ejus,
1125 3605 1203 3661 ait
1237 3607 1533 3676 propheta,
1575 3611 1698 3678 quis
1741 3610 2024 3663 enarrabit

331 3696 461 3764 (Isa.
525 3708 638 3760 Llll,
693 3693 767 3761 8).
829 3693 1095 3761 Nunquid
1148 3693 1319 3748 etiam
1369 3695 1508 3748 dli-et
1562 3697 1768 3750 homo:
1838 3697 2022 3750 Homo

329 3789 491 3836 natus
523 3787 602 3836 est
631 3785 688 3834 in
717 3797 798 3847 ea,
831 3787 881 3836 et
907 3784 1023 3851 ipse
1051 3782 1315 3848 fundavit
1345 3799 1462 3837 eam
1495 3787 1822 3840 Altisssmus
1854 3788 2016 3855 (Psal.

330 3885 546 3938 axxxu,
581 3870 654 3936 5).

400 3959 453 4014 Si
479 3973 616 4029 ergo
645 3957 791 4012 nulli
823 3958 1246 4026 mundicordes,
1279 3959 1326 4014 si
1373 3974 1477 4015 nec
1505 3961 1768 4016 uterinus
1822 3963 2018 4031 cogni-

328 4054 418 4102 tor
444 4047 697 4116 Baptista
721 4047 988 4114 Joannes,
1025 4047 1072 4101 si
1103 4061 1292 4116 neque
1323 4049 1614 4117 propheta,
1649 4063 1836 4120 neque
1881 4064 2018 4120 apo-

328 4133 508 4189 stolus
564 4133 862 4204 quidpiam
895 4147 1068 4202 super
1119 4141 1277 4189 tanto
1325 4148 1739 4205 praesumpsere
1771 4139 2017 4208 negotio,

329 4221 469 4292 quid
515 4222 718 4290 sapiet,
752 4235 972 4290 precor,
1011 4221 1262 4288 animus,
1291 4222 1661 4292 impudicitiis
1687 4227 2020 4282 enormibus

327 4311 584 4377 sordens,
618 4310 770 4378 apud
806 4324 980 4378 quem
1027 4310 1311 4381 ﬂagitiosa
1354 4315 1693 4369 commercia
1731 4315 1873 4370 nihil
1929 4330 2017 4370 re-

2144 1955 2172 1983 »
2213 1943 2314 2002 est,
2345 1936 2483 2006 quia
2516 1936 2703 2003 homo,
2751 1944 2910 1992 tanta
2955 1937 3285 1992 intlrmitate
3340 1936 3662 2005 depressus,
3709 1950 3850 1990 con-

2147 2044 2171 2073 ι
2214 2032 2303 2080 tra
2355 2026 2506 2094 leges
2547 2035 2771 2081 natura!
2803 2026 2958 2080 nasci
2994 2040 3105 2080 non
3149 2025 3354 2094 potuit.
3388 2025 3708 2080 Maximum
3753 2025 3850 2078 de-

2141 2132 2171 2162 »
2214 2114 2389 2182 nique
2411 2114 2544 2168 huic
2565 2114 2854 2168 sententiae
2887 2113 3064 2168 robur
3083 2113 3318 2168 accessit
3347 2113 3485 2183 quia
3512 2129 3644 2168 cum
3668 2114 3849 2168 latro-

2147 2223 2166 2249 ι
2213 2203 2381 2257 nibus
2415 2203 2530 2272 ipse
2561 2212 2614 2257 et
2675 2203 2959 2257 latronum
3020 2210 3200 2257 morte
3253 2201 3508 2256 decessit.
3556 2204 3626 2258 Et
3681 2201 3846 2256 unde

2144 2312 2165 2338 ι
2211 2291 2426 2346 malum
2477 2307 2535 2346 se
2578 2291 2759 2360 potuit
2813 2291 3171 2357 resuscitare,
3221 2291 3320 2360 qui
3370 2304 3483 2345 non
3527 2289 3844 2360 praevaluit

2141 2402 2168 2428 ι
2211 2387 2325 2435 tam
2353 2381 2588 2449 putendi
2619 2380 2777 2435 exitii
2811 2379 2962 2434 facta
2987 2379 3204 2435 vitare?
3239 2400 3261 2427 ι

2211 2469 2341 2522 Hzec
2373 2468 2484 2523 ille.
2520 2467 2633 2521 Nos
2665 2478 2854 2523 autem
2892 2483 2904 2521 :

2525 2573 2788 2620 SEQUITUR
2828 2573 3104 2620 QI'ESTION
3114 2571 3156 2610 lS
3195 2571 3437 2611 SOLUTIO.

2210 2649 2355 2701 Deus
2413 2648 2988 2716 incomprehensibilis,
3023 2646 3297 2700 continens
3327 2650 3376 2700 et
3427 2645 3654 2714 implens
3711 2660 3839 2698 om-

2133 2739 2248 2802 nia,
2282 2736 2652 2804 corporalibus
2679 2737 2853 2804 pollui
2881 2750 2986 2788 non
3030 2739 3223 2803 potest.
3250 2761 3323 2775 —
3349 2733 3517 2800 Deus,
3550 2734 3643 2788 cui
3695 2733 3836 2788 nul-

2135 2823 2226 2879 lus
2250 2824 2467 2889 similis,
2501 2838 2570 2878 ne
2599 2823 2767 2877 sileas
2789 2838 2976 2894 neque
3007 2822 3386 2891 compescaris
3405 2823 3572 2884 (Psul.
3607 2835 3832 2886 Lxxxu,

2134 2913 2208 2983 2),
2242 2913 2338 2967 sed
2391 2912 2564 2982 imple
2596 2912 2795 2967 faciem
2822 2913 2948 2983 ejus
2981 2912 3296 2981 ignominia
3353 2911 3536 2980 (lbid.,
3583 2910 3688 2979 Π),
3727 2911 3836 2980 qui

2134 3001 2344 3056 minuit
2375 3015 2579 3056 nomen
2612 3006 2798 3056 tuum.
2850 3002 2986 3056 Mihi
3016 3003 3168 3056 enim
3200 3001 3340 3056 nihil
3373 3000 3572 3055 attinet
3621 2999 3689 3054 de
3742 3000 3842 3056 his

2062 3089 2234 3184 Cqui
2290 3088 2423 3144 foris
2479 3097 2614 3144 sunt
2669 3089 2931 3159 judicare
2973 3090 3018 3156 (ῐ
3075 3092 3192 3145 Cor.
3250 3103 3305 3157 v,
3342 3089 3447 3154 t2).
3486 3087 3841 3153 Quaeramus

2133 3185 2322 3232 tamen
2375 3177 2448 3233 ab
2503 3179 2767 3247 utrisque
2800 3179 2978 3233 Deum
3037 3177 3599 3247 incircumscriptum
3633 3178 3842 3233 omnia

2131 3274 2420 3334 regentem
2466 3267 2719 3334 credant,
2775 3282 2879 3322 nec
2936 3282 3023 3321 ne.
3081 3267 3134 3321 Si
3193 3267 3385 3322 dicant
3431 3280 3563 3323 eum
3605 3272 3838 3342 aliqua,

2129 3353 2258 3409 licet
2315 3369 2548 3424 magna,
2605 3356 3002 3424 corporalitate
3062 3356 3308 3422 finitum,
3352 3359 3496 3428 etzac
3549 3360 3597 3416 si
3629 3377 3840 3420 senem

2131 3441 2441 3512 gloriosum
2469 3458 2537 3498 ex
2591 3445 2840 3498 Danielis
2894 3444 3037 3500 libro
3082 3445 3436 3514 majestative
3463 3449 3835 3521 confingant,

2130 3530 2284 3598 quod
2317 3530 2502 3586 dicere
2559 3539 2695 3586 sunt
2755 3532 2922 3599 soliti,
2976 3534 3250 3602 quoniam
3291 3535 3486 3591 oculos
3523 3545 3577 3592 et
3629 3552 3836 3608 aures,

2130 3631 2356 3682 manus,
2393 3627 2622 3674 uterum
2671 3627 2726 3675 et
2783 3621 2952 3690 pedes
2999 3621 3094 3676 Dei
3131 3621 3348 3692 ubique
3388 3623 3834 3694 Scripturarum

2130 3709 2427 3774 reperiunt
2484 3711 2640 3776 (Dan.
2685 3723 2739 3775 χ,
2791 3710 2842 3776 6)
2878 3725 2890 3763 :
2923 3718 2977 3765 et
3009 3725 3112 3764 nos
3151 3711 3363 3780 patitcr
3407 3717 3596 3770 nescio
3643 3732 3837 3786 quam

2129 3808 2292 3850 avem
2325 3810 2457 3852 eum
2516 3796 2791 3863 dicemus,
2827 3798 3100 3866 quoniam
3134 3799 3322 3855 alatus
3373 3800 3583 3870 legitur
3629 3813 3684 3859 et
3716 3820 3839 3862 vo—

2127 3882 2296 3950 lasse,
2339 3892 2404 3938 ut
2442 3893 2567 3939 est:
2624 3885 2733 3939 Sub
2764 3887 2956 3938 umbra
2996 3889 3208 3941 alarum
3241 3895 3460 3943 tuarum
3497 3899 3714 3961 protegc
3744 3912 3840 3949 me

2130 3971 2306 4041 (Psal.
2343 3987 2464 4039 xvr,
2498 3975 2572 4042 8).
2606 3974 2675 4028 Et
2708 3987 2721 4026 :
2759 3977 2890 4028 Filii
2919 3976 3193 4029 hominum
3219 3979 3518 4045 sperabunt
3569 3983 3668 4034 sub
3698 3985 3836 4036 ala-

2125 4073 2246 4112 rum
2296 4064 2514 4114 tuarum
2563 4063 2793 4126 tegmine
2827 4064 2988 4131 (Psal.
3038 4078 3210 4130 xxxv,
3244 4066 3318 4135 8).
3375 4069 3632 4122 Ascendit
3670 4085 3837 4140 quo—

2127 4162 2241 4218 que
2267 4164 2430 4219 super
2484 4151 2792 4215 Cherubim,
2822 4156 2874 4204 et
2903 4153 3107 4206 volavit
3137 4153 3304 4222 (Psal.
3333 4169 3469 4223 xvu,
3511 4157 3612 4226 Η).
3659 4158 3836 4224 Quod

2125 4235 2172 4291 si
2201 4251 2556 4306 quemquam
2607 4252 2806 4293 eorum
2840 4238 3209 4310 dicti'hujus
3260 4243 3489 4310 pudeat,
3538 4253 3591 4300 et
3640 4246 3836 4306 Deum

2128 4324 2779 4396 incomprehensibilem,
2839 4335 2902 4383 ut
2953 4336 3054 4396 est,
3087 4343 3205 4384 esse
3243 4332 3538 4400 concedat,
3578 4347 3836 4405 respon—

325 4398 478 4454 sidui
505 4397 968 4453 habuerunt?Si
1011 4398 1227 4455 Paulus
1264 4415 1369 4456 nec
1417 4401 1487 4458 ad
1541 4403 1769 4460 tertium
1818 4412 2018 4475 raptus

2206 4423 2254 4470 at
2286 4415 2428 4470 mihi
2477 4428 2549 4470 an
2591 4415 2655 4482 is,
2687 4416 2788 4486 qui
2824 4416 3042 4486 ubique
3071 4426 3224 4474 totus
3278 4427 3380 4488 est,
3435 4430 3489 4477 et
3519 4397 3832 4482 universa-

325 4485 532 4541 caelum
572 4499 752 4542 ausus
801 4493 886 4541 est
942 4487 1264 4556 quidquam
1326 4490 1456 4557 tale,
1497 4493 1708 4560 optime
1753 4495 2020 4563 congruit

324 4574 494 4630 modo
548 4575 617 4630 de
661 4574 750 4630 his
799 4575 1087 4631 hominem
1145 4577 1542 4647 turpissimum
1592 4579 1932 4650 disputare?
1961 4583 2016 4638 Si

323 4663 441 4733 ipse
467 4677 539 4720 ex
587 4662 795 4719 affectu
826 4663 1107 4731 laudaret,
1140 4664 1269 4721 laus
1296 4667 1422 4736 ejus
1449 4669 1506 4722 in
1530 4683 1589 4724 se
1625 4669 1920 4738 deficeret;
1957 4671 2017 4725 in

322 4767 420 4808 ore
473 4754 627 4808 enim
659 4754 973 4823 peccatoris
1019 4769 1392 4826 nequaquam
1421 4757 1674 4826 speciosa
1706 4759 1826 4813 laus
1873 4768 2017 4816 esset

323 4841 514 4912 (Eccli.
550 4855 646 4910 xv,
698 4843 778 4912 9),
827 4844 1066 4899 nedum
1125 4846 1383 4900 omnium
1415 4848 1826 4914 spurcissimus
1881 4863 2014 4904 cum

320 4937 528 4985 nostrae
575 4931 814 4986 exordia
849 4931 1053 4988 salutis
1093 4933 1422 5002 exprobret,
1455 4941 1509 4989 et
1541 4944 1740 5004 partus
1768 4937 1908 4992 coelo
1948 4950 2017 4992 ac

322 5024 474 5073 terra
503 5017 800 5088 digniores
832 5018 1092 5076 infamet.
1137 5021 1484 5078 Dissererem
1533 5024 1602 5079 de
1649 5025 1776 5094 ejus
1809 5041 2016 5096 genere

319 5113 374 5160 et
394 5106 668 5173 moribus,
693 5106 805 5160 nisi
845 5107 989 5162 mihi
1021 5122 1122 5177 per
1158 5113 1464 5179 sequentia
1499 5126 1620 5168 sese
1652 5113 1867 5184 largior
1885 5129 2016 5184 ape-

320 5193 462 5249 riret
491 5193 669 5248 locus.
701 5193 865 5250 Certo
916 5203 1111 5251 autem
1142 5198 1306 5253 nobis
1338 5207 1561 5255 constat
1610 5201 1824 5258 certius
1874 5203 2016 5273 quia

319 5281 611 5336 continuis
657 5281 982 5352 ingentium
1037 5282 1361 5342 facinorum
1387 5287 1813 5360 libidinumque
1843 5292 2015 5348 moti-

319 5369 430 5425 bns
461 5369 520 5424 in
566 5383 852 5440 supremae
882 5371 1060 5442 hujus
1088 5373 1458 5444 blasphemiae
1487 5379 1644 5434 venit
1685 5392 1872 5435 casus.
1905 5380 2013 5436 Sed

311 5459 434 5528 jam
467 5457 668 5528 aliqua
695 5457 1132 5516 maledictorum
1168 5461 1294 5532 ejus
1325 5478 1736 5534 proponamus,
1773 5468 2010 5538 quibus,

317 5545 458 5617 quia
482 5560 556 5602 ex
582 5546 938 5616 putidissimo
962 5549 1291 5606 Iudaeorum
1319 5551 1471 5608 fonte
1502 5553 1724 5622 prolata
1747 5563 1901 5621 sunt,
1934 5557 2014 5612 ita

318 5635 770 5706 respondeamus
797 5643 863 5694 ut
909 5636 1126 5709 impuri
1171 5638 1456 5710 dogmatis
1495 5655 1843 5698 susurrones
1877 5660 2010 5701 cum

2127 4498 2258 4556 liter
2303 4515 2436 4571 quae
2495 4503 2712 4558 creavit
2766 4503 3058 4574 adimplet,
3109 4507 3522 4578 corporalibus,
3570 4527 3702 4582 quae
3762 4514 3829 4570 in

2125 4589 2346 4644 mundo
2396 4597 2552 4657 sunt,
2601 4597 2702 4646 aut
2751 4592 2921 4646 etiam
2981 4593 3377 4662 spiritualibns
3439 4597 3828 4659 immunditiis

2127 4677 2469 4747 polluatur?
2505 4678 2680 4734 Totus
2724 4679 2875 4736 enim
2935 4681 3153 4752 ubique
3207 4685 3402 4739 omnia
3451 4688 3700 4745 continet
3752 4705 3827 4748 ac

2125 4765 2338 4835 implet,
2376 4774 2440 4822 ut
2491 4766 2768 4822 diximus.
2825 4769 2985 4835 Quod
3017 4771 3060 4824 si
3103 4771 3274 4838 dicat,
3320 4775 3471 4843 quod
3503 4783 3558 4831 et
3611 4791 3823 4836 verum

2123 4861 2227 4920 est,
2287 4863 2554 4910 naturam
2627 4856 2784 4912 illam
2843 4859 3334 4928 impenetrabilem
3386 4863 3623 4920 alterius
3698 4881 3823 4925 non

2122 4956 2281 5012 posse
2329 4951 2554 4999 naturae
2606 4945 2936 5002 diversitate
2978 4947 3197 5016 fmdari,
3261 4962 3679 5022 consequenter
3726 4957 3822 5013 in-

2122 5031 2360 5087 ferimus
2389 5033 2531 5102 quia
2584 5048 2688 5090 nec
2717 5034 2869 5090 Deus
2901 5037 3086 5105 potuit
3134 5046 3236 5094 aut
3265 5039 3482 5108 debuit,
3530 5050 3636 5098 aut
3685 5057 3819 5115 sua,

2122 5127 2225 5176 aut
2253 5129 2534 5189 materna,
2565 5121 2923 5180 humanitate
2952 5125 3208 5195 gravari.

2761 5227 3182 5271 INTERROGATIO.

2194 5297 2341 5352 Deus
2396 5303 2676 5354 creaturas
2719 5301 2963 5355 condidit
2997 5303 3184 5358 bonas.
3237 5334 3307 5344 —
3363 5305 3618 5366 Subinde
3647 5309 3824 5370 inter-

2121 5385 2341 5454 rogatio
2390 5387 2830 5457 subsequatur:
2881 5390 3088 5447 Utrum
3143 5393 3291 5449 bona
3345 5409 3420 5450 an
3467 5399 3618 5453 mala
3667 5401 3822 5458 Deus

2121 5471 2316 5528 fecerit
2345 5489 2477 5544 quae
2505 5476 2722 5532 creavit
2742 5478 2768 5530 ?
2800 5483 2949 5533 264
2979 5479 3148 5536 Haud
3188 5481 3430 5540 dubium
3463 5486 3632 5554 plane
3669 5492 3818 5559 quin

2121 5559 2258 5613 bona
2285 5568 2342 5616 et
2373 5561 2532 5615 valde
2574 5571 2800 5620 astruat
2828 5565 2986 5634 (Gen.
3020 5582 3058 5635 ι,
3121 5569 3229 5639 3t).
3287 5570 3442 5628 Licet
3492 5575 3648 5630 enim
3691 5587 3819 5646 post

2121 5648 2369 5714 hominis
2416 5653 2762 5709 creationem
2818 5655 2984 5710 solita
3039 5657 3258 5728 Moyses
3334 5661 3516 5718 verba
3569 5669 3817 5724 tacuerit
