3956 6402
191 415 297 466 493

188 548 408 604 scilicet
460 550 597 602 Deus
641 548 786 602 vidit
841 547 986 617 quod
1031 554 1167 602 esset
1214 548 1407 602 bonum
1458 549 1614 615 (Gen.
1681 562 1716 616 ι,
1779 522 1887 614 ib),
1928 553 1975 605 Α

190 637 349 706 quod
382 644 603 693 constat
632 651 745 692 non
768 636 889 693 sine
934 637 1203 706 mysterio
1233 637 1468 705 factum,
1518 645 1710 693 tamen
1747 646 1894 693 esset

189 726 524 781 omnimoda
552 725 908 781 absurditate
944 726 1363 795 plenissimum,
1393 726 1441 782 si
1470 726 1718 782 humiles
1743 741 1895 782 crea-

192 821 341 869 turae
398 815 698 870 hominum
769 814 1022 870 subsidio
1098 815 1281 881 factze,
1342 815 1509 871 valde
1563 815 1894 872 dicerentur

193 904 379 970 bonae,
427 912 482 960 et
543 905 590 958 is
619 904 720 973 qui
754 904 826 959 ad
878 903 979 958 Dei
1029 903 1337 974 imaginem
1367 912 1453 960 est
1482 904 1749 960 conditus
1799 904 1893 959 in-

190 991 368 1047 ferior
420 991 578 1047 fieret
636 992 909 1047 bonitate.
970 992 1090 1047 Imo
1149 991 1406 1048 valenter
1434 991 1700 1060 excellit;
1754 1006 1889 1049 nam

190 1087 531 1151 praepostere
563 1080 836 1135 Conditor
868 1080 1204 1147 ordinasset,
1239 1081 1285 1136 si
1330 1080 1503 1137 bruta
1533 1081 1890 1138 intellectua-

191 1168 347 1224 libus
376 1168 739 1239 praetulisset.
796 1168 849 1223 Si
909 1182 1047 1239 ergo
1085 1169 1237 1225 bona
1285 1182 1321 1224 a
1358 1169 1471 1225 Deo
1525 1177 1611 1225 est
1660 1170 1890 1226 condita

188 1264 403 1314 natura
442 1256 797 1323 mortalium,
829 1257 984 1327 quod
1018 1258 1221 1328 utique
1251 1264 1354 1324 est,
1389 1258 1528 1328 quid
1560 1258 1889 1328 aspernaris

188 1345 344 1414 quod
401 1353 681 1402 creatum
741 1344 1200 1401 conditionaliter
1270 1346 1434 1402 bona:
1496 1346 1627 1417 pius
1686 1356 1888 1404 auctor

186 1433 429 1504 illapsus
464 1434 587 1490 est?

260 1525 332 1577 De
377 1524 643 1591 originali
691 1528 932 1592 peccato.
976 1520 1343 1577 Circumcisio
1375 1528 1425 1577 et
1469 1525 1743 1592 sacriﬁcia
1787 1539 1888 1593 per

179 1611 345 1680 ﬁdem
372 1614 629 1680 pro/uere
670 1612 907 1666 Judaeis.
942 1641 1011 1651 —
1063 1610 1225 1678 Quod
1258 1613 1304 1667 si
1336 1613 1406 1667 de
1436 1613 1732 1683 originalis
1764 1627 1887 1682 pec-

182 1699 296 1755 cati
326 1700 612 1768 contagio,
646 1700 714 1754 de
748 1714 865 1770 quo
897 1707 1088 1755 tamen
1120 1701 1269 1769 apud
1312 1701 1540 1756 Judzeos
1590 1700 1883 1757 silentium

178 1794 284 1853 est,
314 1786 527 1857 agitur,
560 1786 817 1841 dicemus
854 1786 995 1856 quia
1024 1786 1233 1857 quiqui
1286 1787 1391 1842 hoc
1427 1788 1676 1843 remedio
1703 1802 1885 1858 egue-

181 1884 343 1943 runt,
390 1874 499 1929 fide
547 1888 654 1929 sua
688 1876 893 1943 potius.
953 1881 1018 1930 ut
1063 1881 1389 1944 parentum,
1423 1888 1599 1945 quam
1631 1874 1879 1929 circum-

179 1963 416 2030 cisione,
449 1976 550 2018 seu
590 1962 942 2017 czeremoniis
970 1963 1235 2018 mundati
1264 1970 1418 2018 sunt.
1468 1963 1639 2021 Verbi
1671 1963 1878 2034 gratia,

179 2052 409 2108 femina;
438 2050 592 2120 apud
641 2051 872 2105 Iudaeos
911 2051 1207 2119 quondam
1256 2051 1447 2107 ﬁdeles
1495 2066 1693 2108 recens
1732 2060 1882 2108 natae

176 2149 234 2197 et
266 2149 526 2205 mortuae,
561 2155 666 2194 nec
701 2139 873 2195 etiam
904 2140 977 2194 ad
1010 2140 1283 2209 templum
1317 2155 1449 2196 cum
1499 2141 1697 2197 hostiis
1725 2141 1881 2197 dela-

177 2238 273 2296 tte,
304 2229 571 2299 nunquid
604 2230 718 2284 iere
768 2227 1056 2299 perditum
1076 2228 1103 2282 τί
1146 2229 1308 2285 Certe
1341 2229 1478 2284 fides
1509 2244 1622 2285 non
1655 2244 1758 2300 per
1788 2244 1880 2286 sa-

175 2318 415 2385 crificia,
449 2319 545 2373 sed
592 2317 851 2372 sacrifica
898 2316 1136 2373 valuere
1167 2331 1269 2387 per
1309 2317 1474 2373 fidem
1499 2334 1514 2384 ;
1544 2326 1599 2374 et
1633 2320 1790 2375 locns
1822 2320 1879 2374 in

174 2405 409 2461 feminis
438 2404 862 2461 circumcisioni
903 2420 1018 2460 non
1069 2414 1212 2462 erat.
1245 2408 1513 2478 Respexit
1554 2410 1695 2463 enim
1742 2411 1881 2464 Deus

171 2492 320 2546 Abel
346 2492 475 2545 inde
502 2490 627 2564 [a|.,
678 2497 728 2545 et
772 2492 867 2562 ad]
912 2494 1028 2561 ejus
1059 2509 1283 2548 munera
1315 2495 1461 2564 (Gen.
1495 2511 1570 2564 tv,
1603 2498 1681 2566 4).
1725 2498 1881 2568 Ergo

172 2579 519 2651 quicunque
557 2580 645 2635 vel
680 2581 738 2635 in
755 2580 1209 2649 circumcisione,
1244 2597 1346 2639 seu
1396 2586 1699 2654 praeputio,
1742 2593 1883 2643 tunc

172 2670 450 2738 temporis
474 2668 872 2738 salvabantur,
906 2670 1014 2726 fide
1045 2680 1382 2729 meruerunt
1410 2685 1518 2729 sua
1544 2683 1881 2744 parentum-

170 2772 250 2815 ve
277 2757 509 2814 salvari.
561 2758 687 2814 Non
742 2758 1025 2815 immerito
1079 2761 1275 2830 itaque
1319 2761 1561 2818 Actibus
1599 2764 1879 2834 apostolo-

172 2859 312 2901 rum
359 2845 610 2900 dicitur:
661 2845 801 2900 Fide
838 2847 1108 2901 mundans
1162 2846 1283 2917 [al.,
1334 2850 1659 2920 puriﬁcans]
1715 2852 1882 2906 corda

170 2950 361 2989 eorum
391 2934 538 3004 (Act.
574 2950 669 3002 xv,
701 2937 758 3002 9)
791 2949 804 2989 :
839 2935 967 2991 licet
1017 2938 1227 2992 nostris
1259 2938 1519 2994 hostibus
1569 2940 1880 2996 confutan-

170 3024 286 3092 dis,
321 3023 442 3078 haec
474 3024 708 3079 minime
730 3025 1112 3093 susceptibilis
1138 3026 1292 3095 apud
1325 3026 1477 3097 ipsos
1506 3041 1878 3099 nequaquam

171 3112 475 3181 Scriptura
531 3112 851 3169 conveniat.
910 3114 1042 3169 Sine
1094 3114 1204 3169 fide
1261 3117 1434 3170 etiam
1492 3116 1549 3171 in
1597 3117 1880 3187 baptismo
1919 3132 1960 3188 ρ

170 3209 385 3257 caetera
420 3209 781 3257 sacramenta
829 3209 1151 3258 cassantur.
1202 3204 1379 3274 Virgo
1411 3205 1591 3275 igitur
1620 3207 1880 3276 paritura

171 3291 384 3356 Deum,
420 3289 528 3344 fide
580 3289 690 3345 sibi
745 3290 1113 3356 munditiam,
1156 3290 1256 3345 ubi
1309 3291 1487 3347 Deum
1542 3292 1877 3362 susciperet,

170 3378 555 3449 comparavit.
597 3377 704 3433 Sed
752 3377 875 3448 jam
927 3378 999 3433 ad
1055 3386 1377 3447 susceptam
1427 3379 1630 3435 seriem
1677 3382 1881 3437 redea-

173 3482 328 3525 mus.

848 3536 1081 3594 CAPUT
1121 3538 1220 3594 Ill.

747 3640 991 3691 QUESTIO
1019 3641 1306 3690 SEQUITUR.

247 3732 515 3790 Creditur
544 3745 578 3789 a
632 3734 796 3789 vobis
839 3733 992 3789 Deus
1017 3734 1396 3804 omnipotens.
1455 3735 1526 3791 Et
1571 3742 1723 3791 certe
1752 3749 1882 3791 om-

176 3823 446 3893 nipotens
478 3836 596 3877 non
641 3822 768 3888 fuit,
808 3822 853 3878 si
906 3822 977 3878 ad
1008 3823 1321 3890 hominem,
1358 3837 1532 3894 quem
1562 3823 1707 3880 bene
1746 3823 1884 3880 fece-

178 3920 291 3980 rat,
328 3926 429 3982 pro
481 3911 811 3967 redimendo
859 3911 1289 3982 suscipiendum
1338 3913 1545 3982 pietate
1585 3913 1717 3969 duci
1764 3928 1880 3969 non

178 4000 386 4070 potuit.
421 4001 658 4056 Peccare
694 4002 871 4068 enim,
921 4008 1006 4056 est
1049 4000 1416 4071 impotentia;
1465 4002 1673 4072 pietate
1701 4016 1877 4073 supe-

177 4090 323 4154 rari,
365 4091 637 4158 potentia.
681 4091 744 4145 1n
776 4090 886 4145 hac
929 4089 1081 4146 enim
1127 4080 1303 4161 quain
1336 4090 1522 4146 dicitis
1552 4091 1880 4148 infirmitate

178 4178 315 4249 plus
340 4178 544 4248 potuit.
579 4178 728 4234 Fecit
755 4178 910 4235 enim
945 4179 1099 4248 quod
1131 4178 1348 4235 debuit.
1381 4178 1711 4249 Specialiter
1743 4194 1881 4237 sane

179 4267 337 4323 Deus
395 4266 917 4323 misericordiarum
962 4267 1183 4323 debitor
1229 4276 1331 4324 est.
1388 4268 1506 4325 Cur
1553 4269 1716 4325 nobis
1765 4284 1880 4325 non

176 4355 498 4427 proponitis
527 4355 683 4425 quod
738 4370 840 4411 vos
894 4357 1172 4412 continua
1218 4358 1771 4424 murmurationnm,
1824 4365 1881 4414 et

962 410 1213 467 TRACT.
1258 411 1351 466 DE
1386 409 1916 467 INCARNATIONE
1951 411 2233 467 CONTRA
2269 410 2570 467 JUDEOS.
2601 440 2672 452 —
2694 411 2832 468 LIB.
2881 412 2923 467 Ῑ.

3599 415 3706 469 MM

2732 580 2960 621 SOLU‘HO
2968 606 2979 618 .

2074 688 2256 755 Quare
2296 689 2589 744 humanam
2642 692 2777 746 Deus
2818 692 3000 760 potius
3046 705 3210 758 quam
3258 692 3560 757 angelicam
3606 706 3704 747 as-

2000 780 2233 847 sumpsit
2263 782 2539 833 naturam.
2574 810 2642 817 —
2693 779 2838 834 Bene
2864 792 3030 834 sensa
3060 787 3197 835 sunt
3233 778 3373 836 haec.
3416 779 3705 837 Debuerat

2000 880 2138 937 ergo
2182 866 2334 922 Deus
2367 874 2601 936 propter
2641 866 2940 922 evitandos
2970 867 3163 923 carnis
3209 867 3432 936 fetores,
3480 868 3704 939 angeli-

2000 970 2095 1011 cos
2150 956 2259 1012 sibi
2317 964 2511 1012 nteros
2577 971 2922 1027 praeparare.
2988 958 3101 1012 Hos
3154 957 3391 1013 forsitan
3455 958 3703 1027 aptiores

1998 1044 2358 1114 conceptioni
2407 1044 2585 1115 ipsius
2637 1046 2895 1115 poteritis
2933 1045 3217 1116 judicare.
3281 1045 3514 1101 Minime
3557 1060 3702 1117 gen-

2002 1134 2172 1190 tium.
2210 1134 2334 1190 Non
2365 1134 2581 1205 legistis
2610 1136 2750 1206 quia
2787 1136 2911 1189 caeli
2946 1150 3052 1189 non
3100 1141 3226 1189 sunt
3256 1136 3451 1189 mundi
3478 1138 3539 1190 in
3566 1151 3701 1191 con-

1996 1228 2181 1291 spectu
2210 1224 2327 1292 ejus
2361 1223 2498 1293 (Job.
2530 1238 2623 1288 xv,
2664 1224 2766 1294 l5).
2802 1225 2905 1281 Et:
2961 1224 3028 1279 In
3075 1226 3282 1291 angelis
3329 1222 3443 1278 suis
3498 1227 3702 1294 reperit

1994 1313 2372 1380 pravitatem?
2409 1311 2539 1381 (Job.
2587 1327 2663 1380 IV,
2716 1311 2825 1383 18.)
2860 1311 2913 1367 Si
2961 1311 3031 1367 de
3061 1312 3340 1383 dignitate
3372 1312 3587 1383 agitur,
3618 1313 3699 1370 nil

1994 1401 2246 1456 Creatori
2276 1400 2333 1455 in
2365 1408 2633 1456 creatura
2657 1400 2919 1472 dignum.
2970 1401 3039 1456 Et
3065 1415 3197 1456 cum
3246 1400 3318 1456 sit
3348 1409 3509 1457 tanta
3551 1412 3700 1457 Lon-

1992 1488 2193 1545 ditoris
2225 1489 2465 1560 puritas,
2504 1496 2567 1545 ut
2618 1490 2979 1545 conditorum
3030 1490 3291 1545 omnium
3333 1488 3571 1561 justitiaa
3602 1489 3699 1547 ha-

1994 1577 2167 1633 beant
2223 1579 2377 1634 unde
2429 1578 2786 1648 displiceant,
2840 1577 2996 1633 illam
3051 1578 3409 1645 rationalem,
3464 1593 3595 1649 quae
3624 1578 3701 1635 vi-

1962 1667 2240 1722 -debatur
2292 1666 2590 1731 infirmior,
2660 1675 2931 1722 naturam
2999 1666 3523 1738 congruentissima
3588 1667 3694 1723 sibi

1991 1754 2213 1810 ratione
2265 1754 2601 1822 connexuit,
2664 1754 2762 1809 ubi
2814 1762 3020 1824 praeter
3069 1754 3248 1810 ullam
3295 1755 3481 1810 meriti
3531 1769 3689 1824 spem

1921 1851 1963 1905 Β
1995 1842 2116 1898 sola
2166 1843 2354 1912 gratia
2405 1842 2754 1914 dignationis
2810 1842 3105 1913 apparuit.
3160 1843 3305 1899 Nam
3355 1842 3401 1897 si
3461 1843 3696 1914 angelos

1988 1931 2473 2000 apprehendisset,
2531 1931 2905 2002 supparilitas
2953 1932 3220 2001 quaedam
3280 1931 3484 1999 videri,
3555 1930 3696 2001 quia

1991 2019 2312 2090 incorporei
2336 2027 2492 2087 sunt,
2542 2034 2614 2075 ex
2647 2020 3039 2090 assumptione
3070 2019 3343 2091 contigua
3393 2019 3690 2089 potuisset.

1992 2108 2153 2165 Unde
2200 2115 2254 2164 et
2281 2108 2338 2164 in
2385 2108 2544 2164 libris
2573 2109 2795 2177 vestris,
2830 2109 3001 2165 rebus
3042 2108 3244 2164 crebro
3278 2108 3695 2179 indignissimis

1989 2197 2340 2267 comparatio
2381 2196 2581 2253 divina
2612 2198 2940 2269 subjicitur,
2994 2204 3056 2252 ut
3091 2196 3377 2266 quidquid
3410 2196 3565 2266 apud
3597 2197 3695 2252 ho-

1990 2286 2173 2341 mines
2201 2285 2437 2357 dignius
2488 2287 2827 2353 testimatur,
2879 2285 2936 2340 in
2975 2286 3070 2340 Dei
3114 2285 3539 2353 comparatione
3572 2299 3694 2355 pre-

1990 2381 2205 2442 matur,
2237 2382 2292 2431 et
2324 2374 2425 2430 ubi
2453 2375 2567 2431 Deo
2600 2374 2764 2430 bonis
2816 2373 3067 2444 indignas
3098 2371 3431 2429 hominibus
3485 2373 3692 2429 simili-

1990 2461 2220 2518 tudines
2243 2462 2476 2528 dantur,
2519 2462 2854 2518 nullatenus
2891 2462 2942 2517 ei
2986 2461 3331 2517 conferenda
3391 2476 3522 2531 quas
3556 2469 3693 2518 sunt

1991 2550 2322 2607 hominibus
2379 2550 2626 2622 pretiosa
2692 2557 2988 2620 putentur.
3060 2551 3204 2606 Hinc
3255 2559 3379 2606 est:
3441 2551 3691 2605 Stridebo

1989 2640 2174 2695 subter
2218 2655 2310 2695 vos
2358 2642 2500 2705 sicut
2544 2641 2857 2709 plaustrum
2900 2644 3151 2694 onustum
3198 2642 3322 2706 [eno
3381 2639 3569 2708 (Amos
3626 2654 3688 2708 ιι,

1994 2729 2101 2799 13).
2135 2730 2240 2785 Et:
2298 2731 2588 2784 Excitatus
2640 2734 2719 2783 est
2770 2731 3033 2801 tanquam
3082 2728 3354 2783 demicus
3408 2731 3687 2796 Dominus,

1991 2822 2254 2886 tanquam
2296 2822 2484 2887 potens
2540 2818 2915 2888 crapulatusa
2960 2820 3087 2871 vino
3126 2818 3296 2886 (Psal.
3330 2832 3548 2884 Lxxvn,
3581 2819 3689 2887 65).

2061 2924 2357 2990 Fragilitas
2417 2923 2683 2988 bifariam
2723 2926 3011 2991 accipitur.
3055 2951 3129 2964 —
3174 2922 3321 2989 Quid
3358 2924 3426 2979 de
3480 2923 3694 2994 fragili-

1990 3020 2106 3068 tate
2156 3010 2465 3068 causaris?
2514 3011 2637 3067 hinc
2680 3011 2944 3067 bifariam
2992 3011 3131 3067 solet
3179 3011 3380 3081 accipi.
3436 3012 3583 3078 Quia
3638 3019 3693 3068 et

1992 3100 2126 3166 cibi,
2177 3108 2484 3170 potusque,
2542 3113 2611 3156 ac
2683 3099 2866 3154 somni
2936 3099 3260 3165 necessitas,
3314 3108 3370 3154 et
3419 3094 3691 3168 peccandi

1990 3189 2240 3245 labilitas
2281 3188 2579 3244 consuevit
2623 3186 2920 3257 appellari.
2954 3186 3128 3242 Plane
3177 3187 3233 3242 in
3270 3187 3533 3257 paradiso
3563 3201 3692 3257 pec-

1990 3278 2102 3334 cati
2135 3277 2327 3334 adhuc
2353 3276 2663 3347 fragilitate
2701 3284 2757 3331 et
2787 3282 2969 3331 morte
3008 3290 3305 3345 suspensa,
3338 3290 3410 3330 ex
3456 3274 3695 3331 necessi-

1989 3375 2106 3423 tate
2123 3366 2409 3433 vescendi,
2433 3365 2663 3421 bibendi
2695 3364 3137 3434 dormiendique
3163 3364 3396 3434 fragiles
3423 3372 3587 3419 erant
3612 3363 3692 3419 illi

1990 3456 2219 3527 generis
2257 3455 2442 3511 nostri
2475 3454 2779 3524 principes.
2808 3452 2970 3519 Quod
3010 3461 3238 3522 pareret
3285 3453 3367 3508 eis
3413 3452 3694 3523 fragilitas

1991 3544 2090 3599 illa
2120 3551 2440 3613 peccatum,
2493 3543 2539 3599 si
2581 3542 2912 3613 contigisset
2968 3556 3083 3597 non
3115 3541 3407 3611 praeterire
3453 3540 3693 3597 manda-

1993 3640 2114 3690 tum
2135 3633 2164 3690 ?
2194 3632 2281 3689 Ex
2307 3632 2450 3689 libro
2473 3641 2572 3689 tuo
2603 3632 2778 3688 habes
2803 3645 2815 3685 :
2850 3634 2925 3686 De
2949 3632 3097 3686 omni
3131 3632 3279 3699 ligno
3303 3631 3560 3700 paradisi
3601 3646 3693 3685 co-

1987 3722 2139 3778 mede
2187 3723 2344 3793 (Gen.
2370 3737 2427 3790 n,
2456 3722 2561 3792 16).
2586 3722 2694 3777 Et:
2725 3721 2870 3786 Quia
2887 3722 3039 3775 misit
3072 3721 3336 3774 Dominus
3372 3735 3614 3790 soporem
3633 3721 3696 3773 in

1987 3810 2172 3866 Adam
2202 3811 2388 3880 (lbid.,
2417 3810 2525 3881 '21).
2561 3810 2693 3865 Haec
2722 3808 3065 3864 dicebantur
3087 3808 3159 3864 ei.
3194 3809 3325 3864 Haec
3356 3808 3414 3863 in
3450 3822 3518 3863 eo
3556 3821 3689 3863 cum

1987 3906 2135 3955 esset
2164 3898 2441 3955 immunis
2493 3912 2528 3953 a
2567 3900 2797 3967 peccato
2834 3896 3063 3953 fiebant.
3095 3895 3243 3962 Quid
3295 3896 3488 3952 horret
3538 3896 3690 3951 Deus

1990 3987 2051 4044 in
2067 3988 2335 4044 homine?
2359 4002 2473 4044 non
2502 3995 2773 4043 naturam
2796 3985 3021 4055 utique,
3053 3998 3232 4054 quam
3266 3985 3384 4053 ipse
3411 3983 3684 4049 condidit,

1989 4074 2085 4130 sed
2116 4074 2333 4131 malum
2362 4074 2519 4145 quod
2549 4074 2718 4130 homo
2743 4070 2980 4128 addidit.
3015 4070 3175 4137 Quod
3209 4070 3255 4126 si
3287 4071 3564 4137 horreret,
3598 4069 3691 4126 fa-

1988 4162 2446 4232 cturam.utique
2474 4175 2641 4218 suam
2685 4160 3005 4231 justissima
3047 4158 3388 4215 detractioni
3434 4172 3687 4228 expone-

1990 4258 2095 4306 ret.
2126 4250 2270 4307 Nam
2302 4251 2349 4306 si
2381 4251 2501 4321 ipse
2530 4249 2686 4321 quod
2728 4248 2948 4316 statuit,
2982 4248 3413 4304 exauctorando
3444 4262 3511 4302 ac
3558 4246 3687 4303 vili-

1988 4338 2287 4409 pandendo
2316 4339 2591 4407 destituit,
2626 4337 3118 4409 prevaricatorem
3144 4351 3205 4393 se
3229 4337 3545 4394 constituit.

175 4444 554 4515 querelarum
604 4443 985 4500 obstinatione
1040 4444 1299 4513 rebelles,
1332 4445 1497 4515 quasi
1530 4447 1730 4515 aquila
1760 4446 1883 4516 pul-
1916 4434 1962 4489 Ῑ)
2060 4446 2166 4502 Sed
2214 4446 2450 4502 absistat
2484 4445 2608 4502 haec
2651 4443 2937 4500 vecordia.
2997 4444 3447 4500 Celeberrimum
3502 4452 3588 4500 est
3630 4443 3690 4501 in

175 4533 263 4589 los
296 4534 352 4588 in
382 4533 601 4590 deserto
640 4532 1016 4601 circumtulit,
1047 4534 1386 4589 multimoda
1421 4535 1874 4591 idololatriarum

172 4621 516 4693 repetitione
571 4622 872 4678 damnatos
922 4622 979 4677 in
1031 4629 1185 4679 terra
1246 4623 1641 4692 promissionis
1685 4631 1878 4679 tamen

174 4710 339 4767 fovit.
376 4711 442 4766 In
491 4710 613 4781 lege
655 4716 709 4766 et
742 4710 1034 4780 prophetis
1080 4711 1286 4767 vestris
1330 4725 1446 4767 non
1476 4712 1643 4767 modo
1670 4711 1882 4767 miseri-

174 4813 330 4867 cors,
364 4799 518 4870 quod
548 4807 632 4855 est
681 4800 738 4854 in
786 4808 1019 4867 natura,
1070 4807 1169 4856 aut
1215 4799 1533 4863 miserator,
1589 4801 1745 4871 quod
1794 4807 1881 4856 est

174 4890 237 4946 in
268 4888 593 4955 efficientia,
626 4888 721 4944 sed
754 4888 878 4959 ipsa
930 4888 1247 4944 essentialis
1298 4888 1691 4945 misericordia
1717 4891 1878 4945 voci-

173 4986 364 5047 tatur,
404 4977 512 5034 etsi
565 4977 684 5048 ipse
738 4978 906 5034 aliter
956 4992 1015 5034 se
1058 4978 1284 5049 egisset,
1332 4977 1584 5047 seipsum
1627 4978 1879 5049 profecto

173 5072 462 5139 negasset.

248 5155 446 5213 Dicitis
485 5154 665 5224 igitur
702 5155 843 5226 quia
872 5154 1104 5211 feminei
1135 5154 1357 5211 ventris
1387 5155 1684 5211 humilitas
1726 5156 1878 5212 divi-

176 5258 268 5301 nae
287 5243 630 5301 sublimitati
671 5258 788 5299 non
818 5244 1105 5315 congruit.
1149 5242 1359 5311 Quare,
1411 5244 1651 5314 inquam
1682 5244 1709 5299 ?
1734 5245 1880 5312 Quia

177 5339 259 5389 tot
305 5339 445 5389 sunt
475 5333 786 5403 praesertim
831 5332 890 5388 in
936 5346 1084 5389 sexu
1135 5332 1379 5389 femineo
1430 5332 1766 5403 fragilitates
1816 5340 1879 5389 ut

178 5420 304 5491 ipsa
330 5421 441 5477 sibi
490 5420 833 5490 plerumque
883 5428 1093 5475 natura
1124 5420 1435 5475 sordeseat.
1487 5422 1557 5475 Et
1605 5436 1737 5477 cum
1769 5422 1875 5478 sibi

176 5508 296 5578 ipsa
327 5509 659 5565 humanitas
690 5509 763 5564 ob
806 5508 1136 5579 frequentes
1165 5509 1380 5578 quibus
1410 5509 1596 5565 obsita
1637 5518 1721 5564 est
1768 5511 1875 5564 mi-

178 5598 355 5653 serias
388 5597 746 5667 indignetur,
776 5595 1058 5667 ignavum
1104 5604 1188 5652 est
1218 5597 1448 5653 credere
1484 5597 1638 5667 quod
1668 5597 1755 5653 his
1786 5596 1878 5652 di-

178 5685 394 5744 vinitas
426 5697 689 5755 unquam
726 5683 1005 5755 implicari
1033 5692 1345 5755 pateretur.

1987 4534 2149 4591 libris
2190 4535 2305 4591 tuis
2361 4534 2544 4590 Deum
2591 4542 2646 4590 et
2698 4534 2843 4588 filios
2897 4541 2953 4589 et
2993 4532 3128 4588 deos
3171 4531 3431 4588 homines
3478 4533 3691 4603 saepius
3741 4553 3749 4562 ο

1986 4624 2296 4694 appellare.
2340 4624 2422 4679 Ne
2454 4622 2879 4692 corruptionem
2939 4620 3130 4676 carnis
3176 4629 3231 4676 et
3281 4622 3432 4677 uteri
3484 4621 3689 4678 fetores

1986 4713 2266 4769 attendas.
2304 4712 2425 4768 Non
2460 4712 2707 4768 aestimes
2737 4712 2849 4766 Deo
2883 4708 3180 4779 quidpiam
3222 4718 3428 4778 praeter
3458 4716 3689 4779 peccata

1986 4803 2177 4858 fetere.
2210 4802 2336 4858 Non
2372 4801 2542 4857 habet
2574 4801 2727 4856 Deus
2765 4812 2935 4854 nares
2962 4798 3067 4853 tibi
3099 4811 3284 4867 pares.
3320 4797 3527 4867 Legisti
3573 4798 3690 4855 Noe

1986 4886 2154 4946 altari
2186 4898 2311 4960 post
2340 4890 2629 4945 diluvium
2660 4886 2935 4943 fabricato
2959 4886 3354 4941 holocaustum
3382 4886 3452 4942 de
3481 4886 3689 4943 avibus

1985 4978 2279 5046 obtulisse,
2307 4986 2361 5034 et
2390 4979 2571 5033 Deum
2600 4977 2831 5031 odorem
2880 4974 3182 5031 suavitatis
3224 4974 3484 5030 hausisse
3530 4974 3683 5045 (Grn.

1985 5082 2105 5134 vui,
2158 5067 2270 5135 21).
2322 5068 2389 5122 Et
2424 5080 2555 5136 quae
2589 5067 2644 5120 in
2703 5064 2795 5121 tali
2828 5078 3039 5133 vapore
3068 5063 3334 5132 voluptas
3356 5064 3385 5117 ?
3423 5064 3687 5121 Forsitan

1985 5163 2046 5211 tu
2110 5157 2291 5211 Deum
2349 5156 2600 5210 aestimas
2654 5153 3020 5219 nebulonem,
3077 5158 3140 5207 ut
3189 5151 3399 5221 patinis
3455 5152 3685 5208 fuman-

1985 5244 2140 5300 tibus
2184 5244 2513 5309 delectetur,
2574 5251 2629 5297 et
2683 5254 2944 5297 assarum
2999 5240 3264 5297 carnium
3315 5240 3686 5311 ﬂagrantiam

1984 5332 2226 5388 libenter
2270 5332 2557 5387 absumat.
2598 5334 2755 5387 Certe
2800 5329 3006 5386 sobriis
3054 5328 3386 5385 hominibus
3433 5330 3685 5400 idipsum

1987 5422 2140 5492 quod
2175 5420 2306 5476 usui
2363 5428 2746 5490 prmparatur,
2800 5427 2857 5475 et
2904 5419 3075 5475 nidor
3114 5418 3374 5487 displicet
3417 5419 3688 5489 coquina-

1987 5523 2141 5577 rnm,
2215 5523 2286 5563 ne
2341 5509 2482 5564 dum
2534 5510 2644 5563 Deo
2698 5508 2918 5578 placeat
2976 5514 3148 5577 putor
3209 5507 3405 5562 avium
3461 5514 3689 5565 exusta-

1986 5612 2138 5654 rum.
2196 5598 2444 5653 Putasne
2492 5598 2633 5668 quia
2680 5597 2835 5668 quod
2889 5596 3223 5652 hominibus
3262 5603 3343 5651 est
3393 5595 3683 5666 putidum.

1988 5687 2102 5743 Deo
2136 5700 2314 5741 suave
2370 5687 2618 5743 redoleat
2641 5686 2669 5741 ?
2698 5688 2920 5756 Depone
2957 5684 3194 5740 suillum
3242 5693 3440 5754 caput,
3470 5691 3526 5740 ct
3567 5698 3689 5740 sen-
