3956 6420
308 402 413 456 495

1205 401 1264 456 ν.
1304 399 1636 456 GUIBERTI
1677 400 1970 456 ABBATIS
2007 401 2065 457 S.
2105 401 2348 457 HABIE
2386 402 2475 458 DE
2515 401 2910 460 NOVIGENTO

3706 409 3808 462 496

309 551 440 593 sum
494 535 732 606 rejicere
777 535 984 600 carnis.
1021 534 1430 606 Spiritualibus
1482 535 1806 606 spiritualia
1855 550 2003 591 com-
2038 536 2250 606 Aquia
2301 536 2661 595 Christianus
2727 552 2840 594 non
2899 539 2989 607 sit,
3049 539 3348 610 multoque
3427 543 3641 599 rectius
3719 542 3810 600 isti

310 639 469 696 para.
533 627 684 680 Deus
726 625 965 694 spiritus
1022 633 1125 692 est,
1178 632 1234 680 et
1292 625 1468 680 solius
1517 625 1748 679 virtutis
1806 624 2001 681 haurit

308 711 560 778 odorem,
593 719 648 767 et
679 711 797 768 sola
843 725 1068 766 morum
1107 711 1249 766 vitia
1277 711 1386 766 sibi
1443 711 1692 766 sordent.
1729 710 1833 766 Ubi
1863 724 2000 780 ergo

307 801 458 856 Deus
485 800 637 856 bona
665 801 871 855 anima
911 799 1181 854 universa
1230 807 1615 868 congesserat,
1665 797 2001 853 nullatenus

304 889 365 944 in
391 887 616 959 virgine
647 887 1009 958 fragilitatem
1050 885 1375 956 corpusculi
1415 887 1648 942 horrere
1699 885 1996 942 debuerat.

966 991 1195 1047 CAPUT
1234 990 1332 1048 IV.

1019 1095 1285 1144 QUASSTIO.

375 1172 478 1226 Pro
506 1169 643 1224 Filii
677 1171 772 1223 Dei
807 1169 1182 1222 incarnatione
1228 1171 1498 1237 nequeunt
1531 1167 1766 1222 homines
1799 1167 2001 1236 dignas

305 1264 486 1326 grates
507 1257 813 1327 rependere.
842 1288 911 1296 —
947 1256 1086 1323 Quis
1127 1269 1261 1311 vero
1311 1270 1384 1311 ex
1416 1256 1576 1312 vobis
1607 1260 1788 1326 potest
1819 1255 1999 1325 ipsam

304 1345 574 1402 feminam
607 1358 856 1415 arguere
883 1345 952 1400 de
983 1343 1252 1414 peccato?
1280 1345 1353 1400 At
1391 1343 1669 1414 quoniam
1710 1359 1825 1400 non
1875 1357 2002 1413 sup-

306 1435 442 1506 petit
467 1433 620 1490 unde
645 1441 949 1503 arguatur,
973 1434 1093 1490 sola
1129 1440 1355 1490 natura
1397 1441 1454 1488 et
1483 1447 1658 1489 sexus
1689 1433 2002 1504 indignitas

304 1523 364 1579 in
390 1535 566 1578 causa
591 1528 694 1577 est.
733 1520 787 1577 Si
818 1521 970 1578 Deus
1003 1521 1059 1576 in
1099 1519 1333 1591 propria
1363 1535 1604 1591 persona
1636 1521 1706 1576 ad
1741 1521 2001 1576 homines

304 1610 706 1680 descendisset,
743 1618 844 1665 aut
898 1623 1139 1680 persona
1194 1608 1451 1679 aliquam
1509 1609 1784 1676 divinam,
1847 1610 2000 1666 unde

304 1701 496 1755 nescio
532 1713 648 1770 quo
701 1697 868 1753 modo
915 1705 1266 1763 nasceretur,
1307 1697 1416 1752 sibi
1448 1696 1825 1765 adhibuisset,
1858 1697 1998 1753 dum

303 1787 414 1844 sibi
440 1787 499 1842 in
543 1786 702 1842 nullo
735 1786 804 1842 de
855 1799 962 1842 sua
993 1785 1316 1856 quidquam
1347 1786 1642 1855 majestate
1675 1785 1992 1848 minuisset,

304 1875 440 1932 satis
471 1874 779 1930 mediocres
825 1874 898 1930 ab
949 1874 1276 1929 hominibus
1326 1873 1541 1943 gratias
1578 1874 1897 1929 meruisset.
1930 1876 1998 1930 At

305 1963 446 2035 quia
468 1967 650 2019 totum
683 1976 783 2032 pro
813 1975 1015 2018 eorum
1065 1976 1125 2018 se
1171 1959 1412 2016 contulit
1440 1962 1644 2026 salute,
1687 1961 1998 2018 humilitati

303 2060 359 2108 et
389 2050 606 2123 gratia,
641 2066 754 2108 non
784 2058 868 2106 est
911 2049 1065 2120 quod
1111 2050 1282 2104 homo
1315 2047 1488 2119 possit
1524 2048 1763 2119 dignum
1797 2063 1998 2118 repen-

305 2141 458 2196 dere.
491 2139 616 2195 Non
659 2139 768 2195 fuit
814 2137 971 2209 quod
1028 2137 1318 2193 hominem
1372 2136 1556 2208 magis
1609 2136 1886 2205 potuisset
1924 2137 2001 2192 in-

304 2235 549 2284 struere.
1429 2301 1432 2304 .

836 2309 1060 2352 SOLUTIO
1109 2309 1386 2358 QUESTION
1395 2309 1460 2350 IS.

376 2387 628 2441 Humana
654 2385 827 2453 specie
855 2387 994 2438 Deus
1023 2385 1306 2452 apparuit.
1357 2382 1487 2437 Inde
1532 2382 1804 2436 concludit
1851 2382 2002 2437 haud

303 2475 621 2539 absurdum,
655 2476 820 2527 Deum
852 2488 1045 2541 corpus
1075 2471 1370 2526 humanum
1399 2471 1658 2524 induisse.
1698 2500 1768 2512 —
1797 2471 2000 2526 Nonne

304 2563 456 2618 Deus
483 2563 540 2617 in
573 2561 747 2617 veteri
783 2569 880 2616 tua
924 2560 1046 2630 lege
1088 2560 1198 2615 sub
1247 2560 1507 2615 humana
1553 2560 1737 2629 specie
1784 2559 1840 2614 in
1873 2575 2002 2615 con-

302 2650 439 2707 valli
471 2649 724 2706 Mambre
753 2649 997 2705 Abraha
1053 2648 1374 2718 apparuit?
1422 2648 1572 2718 (Gen.
1615 2662 1775 2712 xvm,
1828 2650 1902 2714 t.)
1932 2649 2001 2703 Et

303 2739 406 2808 qui
454 2737 649 2793 vestiri
681 2744 874 2792 nostra
923 2737 996 2792 ad
1051 2736 1252 2792 horam
1303 2736 1555 2806 imagine
1602 2737 1778 2791 unius
1823 2749 2001 2791 causa

303 2825 558 2881 hominis
585 2824 788 2892 voluit,
841 2824 896 2880 id
930 2825 1120 2881 facere
1155 2825 1508 2894 quandoque
1563 2825 1843 2879 veraciter
1895 2839 2001 2894 pro

303 2929 424 2970 sua
453 2914 721 2984 imaginis
757 2905 941 2969 salute
967 2928 1082 2968 non
1124 2913 1369 2968 debuit?
1401 2913 1649 2968 Tantum
1680 2926 1818 2968 sane
1848 2927 2002 2982 pra-

304 3003 508 3058 cellere
539 3002 840 3072 specialem
873 3003 1147 3058 debuerat
1182 3001 1398 3058 utilitas
1453 3001 1756 3072 generalis.
1801 3001 2002 3056 Nonne

305 3091 386 3146 illi
419 3099 518 3146 tuo
547 3105 719 3162 quem
749 3092 892 3146 dicis
924 3091 1037 3146 Deo
1083 3103 1320 3160 azymus
1350 3091 1532 3158 panis,
1581 3090 1839 3144 butirum
1871 3103 1999 3144 cum

302 3179 565 3235 vitulinis
587 3179 742 3235 illata
767 3187 907 3234 sunt
937 3179 1232 3234 carnibus.
1285 3178 1499 3232 Deinde
1557 3177 1770 3246 legitur
1806 3190 2000 3232 come-

302 3268 471 3330 disse,
503 3276 558 3324 et
583 3269 963 3324 discumbenti
1005 3267 1302 3322 Abraham
1351 3266 1600 3321 astitisse
1628 3268 1787 3334 (Gen.
1839 3267 1997 3335 (6-8).

305 3357 375 3412 Et
400 3371 470 3412 ne
501 3356 658 3412 dicas
704 3356 974 3426 angelum
1007 3355 1202 3410 fuisse.
1259 3354 1407 3423 Lege
1461 3354 1644 3409 Deum
1695 3353 1870 3408 verbo
1927 3353 2001 3408 ad

302 3445 594 3501 Abraham
646 3444 842 3499 habito
869 3443 1072 3498 abiisse
1099 3441 1284 3512 (Ibid.,
1319 3441 1442 3511 33);
1483 3451 1540 3496 et
1573 3442 1718 3497 duos
1766 3441 2002 3512 angelos

301 3533 642 3589 nominatim
668 3532 967 3588 Sodomam
1015 3529 1372 3586 contendisse
1415 3531 1568 3601 (Gen.
1620 3545 1720 3594 vn,
1757 3532 1830 3598 t).
1877 3531 2002 3584 Per-

301 3623 482 3692 pende
505 3622 682 3692 igitur
710 3621 890 3675 Deum
917 3619 1165 3674 necdum
1196 3625 1564 3688 corporatum
1597 3617 1996 3686 corporalibus

302 3710 440 3766 cibis
493 3723 560 3764 ac
611 3708 840 3778 potibus
873 3707 1197 3762 indulsisse.
1248 3709 1316 3762 Et
1367 3707 1414 3762 si
1467 3714 1529 3762 tu
1582 3707 1764 3764 Deum
1818 3707 2002 3762 credis

304 3798 498 3863 fuisse,
532 3797 675 3852 nihil
705 3804 992 3867 quantum
1023 3796 1096 3850 ad
1127 3793 1504 3850 humilitatem
1538 3802 1773 3864 spectat,
1807 3795 2002 3850 minus

303 3901 407 3956 ego
447 3901 579 3941 eum
629 3883 919 3954 perpendo
968 3884 1164 3938 fecisse
1207 3897 1384 3954 quam
1432 3883 1587 3952 quod
1636 3882 2000 3952 postmodum

302 3975 464 4030 visus
493 3977 591 4042 est)
616 3973 910 4029 hominem
954 3971 1228 4028 induisse.
1279 3971 1545 4028 Creditur
1587 3971 1740 4026 enim
1789 3969 1881 4026 ille
1922 3985 2004 4026 se-

304 4064 562 4119 cundum
591 4063 918 4132 opinionem
951 4066 1114 4116 tuam
1147 4061 1294 4114 Deus
1323 4073 1533 4128 corpus
1570 4073 1640 4114 ex
1694 4071 1824 4113 aere
1867 4073 2002 4128 per-

305 4151 658 4207 functorium
687 4149 1081 4218 assumpsisse.
1115 4148 1170 4203 Si
1204 4162 1344 4218 ergo
1369 4147 1554 4203 credis
1594 4148 1771 4203 Deum
1809 4147 2000 4203 incor-

305 4253 541 4309 poreum
599 4239 669 4294 ad
729 4239 930 4293 horam
986 4235 1359 4306 corporaliter
1427 4235 1826 4302 manducasse,
1894 4250 2001 4292 cur

301 4327 578 4383 discredis
608 4339 711 4396 pro
753 4335 912 4382 tanto
951 4324 1153 4381 salutis
1200 4325 1472 4380 humana
1514 4323 1742 4394 negotio
1793 4337 2002 4392 corpus

2109 623 2322 680 dicitur
2367 625 2523 696 quod
2571 625 2784 695 impius
2831 627 2922 682 hic
2966 627 3161 695 fueris,
3211 629 3256 683 si
3304 629 3435 698 pius
3475 645 3598 687 esse
3642 630 3807 686 velis.

2109 711 2295 778 Quare
2322 712 2440 769 zelo
2469 713 2790 770 vehementi
2822 729 2938 770 non
2967 713 3174 771 eﬂerar
3203 715 3339 786 (22),
3371 731 3506 772 cum
3559 717 3810 780 videam,

2108 814 2205 856 eos
2233 801 2334 872 qui
2382 801 2655 872 conjugia
2699 802 3090 872 pulcherrima
3135 811 3193 860 et
3244 804 3484 861 honesta
3511 806 3809 873 deserunt,

2107 897 2162 945 et
2207 903 2358 945 anus
2404 889 2574 946 etiam
2625 891 2736 947 sub
2779 891 3001 948 maritis
3045 899 3299 962 agentes,
3345 892 3582 964 jamque
3631 908 3812 964 rugo-

2108 978 2361 1036 sissimas
2417 986 2795 1044 assectantur,
2839 979 2899 1035 in
2942 994 3196 1050 quarum
3243 995 3480 1052 quoque
3529 982 3812 1038 abusione

2109 1079 2520 1136 germanorum
2575 1081 2816 1124 suorum
2867 1068 3142 1124 rivalitati
3199 1082 3313 1124 non
3368 1077 3635 1140 parcunt,
3704 1069 3810 1140 qui

2109 1153 2271 1209 nulla
2333 1154 2674 1224 desponsata
2723 1156 2836 1212 Deo
2877 1165 3170 1224 verentur,
3224 1157 3328 1228 qui
3396 1157 3557 1214 nullo
3614 1159 3811 1216 studio

2111 1239 2262 1307 ﬁdei,
2296 1240 2392 1296 sed
2450 1241 2692 1312 perjurii
2737 1249 2793 1298 et
2840 1242 3176 1312 proditionis
3225 1252 3503 1314 aguntur,
3551 1259 3811 1315 quorum

2110 1336 2301 1397 patres
2324 1337 2380 1384 et
2405 1343 2478 1384 ex
2509 1330 2725 1400 quibus
2750 1329 2843 1386 isti
2869 1338 3144 1387 materna
3169 1332 3453 1400 Ecclesia,
3473 1333 3815 1390 destructio-

2108 1417 2282 1472 nibus
2312 1417 2661 1485 institerunt,
2693 1419 2840 1474 sacri
2886 1411 3105 1474 ordinis
3151 1421 3332 1476 cades
3369 1430 3658 1478 amarunt.
3715 1423 3810 1490 Hi,

2109 1504 2371 1575 inquam,
2405 1507 2479 1562 ad
2536 1507 2763 1576 reprobi
2812 1521 3018 1564 sensus
3063 1517 3444 1579 augmentum
3490 1510 3559 1566 de
3606 1511 3814 1566 divina

2107 1592 2404 1662 disputant
2448 1595 2735 1664 genitura,
2780 1604 2836 1651 et
2881 1604 3178 1667 assumpto
3227 1597 3558 1654 Judaorum
3607 1607 3812 1670 patro-

2107 1681 2278 1749 cinio,
2337 1698 2472 1740 cum
2536 1683 2739 1754 lingua
2793 1699 2992 1740 eorum
3061 1685 3120 1740 in
3173 1693 3325 1742 terra
3375 1687 3687 1755 transierit,
3751 1688 3812 1743 in

2108 1770 2316 1826 coelum
2361 1772 2481 1841 jam
2525 1780 2843 1841 posuerunt
2888 1787 2991 1828 ora
3038 1787 3146 1830 sua
3193 1774 3364 1844 (Psal.
3408 1789 3580 1843 Lxxn,
3627 1779 3702 1844 9),
3756 1785 3814 1832 et

2109 1860 2428 1915 secundum
2465 1859 2702 1916 usitatas
2732 1862 2925 1916 sordes
2955 1863 3274 1918 metiuntur
3294 1863 3494 1918 divina
3513 1863 3810 1933 mysteria,

2105 1955 2160 2002 et
2188 1961 2320 2002 cum
2351 1955 2581 2017 potores
2608 1949 2934 2005 exercitata
2966 1950 3220 2006 libidinis
3266 1950 3521 2007 fastidire
3549 1951 3808 2021 coeperit,

2105 2048 2177 2089 ex
2219 2049 2278 2089 se
2325 2036 2475 2090 victa
2522 2036 2783 2105 nequitia
2830 2036 3180 2106 ﬂagitiorum
3225 2053 3462 2094 suorum
3505 2039 3810 2108 crapulam

2106 2121 2166 2177 in
2213 2123 2586 2192 Christianas,
2636 2125 2748 2180 imo
2797 2125 2853 2180 in
2901 2139 3096 2181 rerum
3145 2127 3460 2183 calestium
3524 2137 3813 2186 nauseant

2108 2211 2410 2280 puritates.

2176 2299 2288 2355 Nec
2321 2300 2531 2356 mirum
2576 2301 2625 2356 si
2667 2302 2797 2369 Deo,
2849 2317 3022 2372 quem
3073 2317 3190 2358 non
3238 2303 3454 2370 vident,
3497 2303 3798 2375 derogent,

2105 2403 2239 2445 cum
2267 2387 2318 2443 id
2343 2403 2528 2458 genus
2549 2390 2606 2444 in
2636 2404 2758 2446 sese
2774 2391 3119 2447 alterutrum
3153 2391 3593 2462 implacabiliter
3621 2393 3812 2450 hostes

2106 2476 2376 2532 existant.
2410 2477 2506 2532 Est
2529 2484 2718 2533 tamen
2741 2479 2840 2548 qui
2872 2479 3024 2535 dicat
3043 2479 3355 2550 aliquando
3385 2481 3805 2548 :Ewistimasti,

2107 2564 2368 2634 inquam,
2402 2566 2548 2634 quod
2576 2583 2664 2621 ero
2692 2571 2775 2620 tui
2803 2570 3021 2634 similis,
3073 2585 3306 2637 arguam
3352 2575 3421 2635 te,
3470 2576 3520 2624 et
3565 2575 3810 2624 statuam

2105 2659 2294 2707 contra
2319 2654 2521 2719 faciem
2551 2659 2702 2708 tuam
2730 2655 2910 2724 (Psal.
2938 2671 3090 2722 xmx,
3123 2657 3238 2726 2t).
3279 2658 3577 2727 Interrogo
3609 2659 3810 2730 itaque

2105 2755 2200 2796 eos
2227 2741 2350 2810 qui,
2383 2741 2523 2796 dum
2565 2744 2924 2811 turpissimos
2971 2757 3114 2798 usus
3155 2744 3478 2806 attendunt,
3530 2745 3808 2816 virginea

2105 2836 2159 2883 et
2215 2827 2582 2896 impassibilis
2635 2829 2933 2884 munditia
2987 2829 3227 2899 gloriam
3289 2845 3404 2885 non
3456 2840 3806 2900 agnoscunt.

2108 2917 2292 2972 Adam
2323 2925 2378 2972 et
2402 2918 2527 2972 Eva
2566 2931 2771 2987 quare,
2803 2925 2928 2986 post
2967 2918 3477 2988 transgressionem
3523 2919 3805 2988 mandati,

2111 3005 2260 3061 foliis
2291 3005 2560 3074 pudenda
2589 3006 2905 3062 texerunt?
2945 3007 3130 3062 Antea
3174 3007 3314 3062 nudi
3355 3015 3541 3075 erant,
3591 3017 3649 3064 et
3692 3023 3812 3064 non

2057 3128 2082 3165 -τ
2107 3093 2541 3148 erubescebant.
2577 3093 2736 3148 Unde
2771 3093 2999 3162 pudor?
3028 3095 3258 3150 Justum
3297 3095 3406 3150 fuit
3445 3104 3508 3150 ut
3539 3097 3812 3165 quandiu

2109 3184 2220 3236 Deo
2279 3181 2576 3237 obedirent
2627 3196 2868 3250 corpora
2925 3182 3152 3247 rationi,
3213 3184 3816 3252 concupiscentialiter

2109 3269 2344 3325 rebellia
2375 3284 2488 3324 non
2521 3270 2798 3325 haberent
2828 3285 2840 3325 :
2893 3279 2970 3337 at,
3006 3271 3104 3326 ubi
3152 3271 3336 3326 Deum
3375 3281 3809 3342 postponerent,

2108 3357 2271 3413 fadis
2303 3357 2450 3414 illico
2484 3358 2541 3412 in
2573 3373 2630 3413 se
2659 3358 2912 3414 motibus
2950 3367 3278 3415 astuarent.
3319 3359 3387 3414 Hi
3425 3367 3560 3416 sunt
3591 3368 3808 3430 motus,

2108 3460 2210 3516 qui
2241 3445 2300 3500 in
2330 3445 2554 3501 animas
2581 3455 2636 3502 et
2651 3460 2892 3516 corpora
2919 3461 3119 3503 eorum
3151 3447 3251 3518 qui
3283 3448 3630 3518 gignuntur,
3668 3463 3810 3519 pec—

2109 3542 2301 3590 catum
2327 3533 2607 3604 originale
2658 3535 2975 3604 trajiciunt.
3023 3535 3416 3605 Conqueritur
3459 3550 3519 3592 se
3566 3537 3814 3606 proinde

2109 3622 2290 3677 David
2319 3623 2375 3676 in
2403 3621 2709 3692 iniquitate
2757 3631 3096 3692 conceptum
3149 3625 3326 3692 (Psat.
3377 3639 3428 3692 L,
3476 3623 3557 3693 7).
3611 3626 3812 3681 Merito

2109 3711 2306 3780 itaque
2353 3710 2736 3778 erubuerunt,
2789 3711 2892 3780 qui
2940 3711 3064 3781 jam
3112 3711 3504 3769 membrorum
3558 3727 3810 3769 suorum

2109 3799 2372 3854 dominos
2397 3812 2456 3853 se
2485 3812 2601 3853 non
2630 3812 2750 3853 esse
2779 3807 3103 3855 senserunt.

2181 3887 2356 3952 Quare
2383 3886 2639 3954 pudenda
2669 3891 2916 3956 corporis
2943 3887 3180 3940 membra
3217 3888 3484 3942 velantur.
3513 3918 3578 3929 —-
3628 3887 3812 3954 Qua-

2109 3974 2262 4030 ritur
2311 3974 2547 4043 proinde
2590 3989 2624 4029 a
2670 3975 3020 4044 quibusdam
3074 3974 3216 4045 quid
3267 3989 3456 4032 causa
3506 3976 3598 4043 sit,
3645 3977 3813 4046 quod

2111 4070 2404 4130 tantopere
2431 4076 2499 4116 ea
2528 4063 2787 4118 membra
2811 4062 3090 4130 velamus,
3129 4077 3264 4118 cum
3303 4063 3495 4119 nullas
3543 4065 3812 4134 corporis

2110 4150 2288 4205 nostri
2330 4158 2519 4219 partes
2564 4164 2632 4206 ea
2683 4151 2995 4206 intentione
3043 4160 3325 4220 tegamus.
3371 4152 3497 4208 Non
3542 4152 3694 4208 enim
3736 4167 3814 4209 ea

2109 4238 2229 4294 sola
2257 4239 2529 4305 celamus,
2559 4239 2656 4294 sed
2685 4239 2856 4294 etiam
2882 4239 3209 4310 propinqua
3236 4240 3317 4294 eis
3345 4239 3486 4306 loca,
3535 4240 3618 4296 uti
3663 4249 3812 4297 sunt

2110 4326 2420 4382 umbilicus
2449 4336 2506 4382 et
2533 4341 2709 4383 crura
2746 4327 2927 4383 videri
2971 4327 3068 4382 vix
3112 4327 3389 4398 patimur.
3427 4328 3614 4395 Quare
3646 4329 3812 4385 hoc?

301 4414 645 4485 aliquandiu
675 4414 966 4484 suscipere
993 4413 1262 4470 voluisse.
1295 4417 1380 4468 An
1425 4426 1682 4482 persona
1719 4411 1822 4476 illi,
1867 4411 1996 4467 licet
2035 4422 2078 4475 D
2107 4415 2248 4471 Cum
2280 4424 2587 4471 moventur
2617 4415 2833 4485 digitus
2863 4429 3046 4483 meus,
3077 4415 3229 4471 oculi
3272 4416 3400 4481 mei,
3447 4417 3600 4472 labia
3648 4431 3804 4486 mea,

300 4503 713 4573 expertissima
741 4503 890 4568 fidei,
941 4501 1191 4572 pr0‘tilii
1235 4501 1671 4557 denuntiatione
1714 4500 1846 4570 plus
1896 4499 2000 4555 de-

301 4590 635 4662 buitquam
677 4591 1024 4648 saculorum
1067 4590 1392 4646 salvationi.
1445 4590 1620 4645 Porro
1676 4589 1733 4644 in
1784 4588 2000 4643 semine

298 4681 424 4749 eius
455 4680 851 4736 benedicenda
881 4685 1048 4735 erant
1075 4692 1273 4734 omnes
1301 4686 1498 4748 gentes
1528 4679 1686 4743 (Gen.
1714 4691 1854 4744 xxu,
1887 4675 1996 4746 18).

299 4769 463 4837 Quod
497 4784 600 4826 vos
621 4784 736 4824 non
767 4768 1101 4840 intelligitis,
1131 4767 1274 4836 quia
1304 4781 1417 4822 non
1447 4767 1695 4822 creditis.

278 4925 293 4935 _
739 4897 764 4912 .
975 4855 1210 4912 CAPUT
1251 4854 1322 4911 v.

368 4946 517 5013 Quid
549 4947 704 5016 quod
735 4943 1118 5016 indignamini
1154 4957 1254 5013 per
1283 4943 1511 4998 femina
1550 4941 1854 5012 puerperia
1899 4941 1995 4998 fu-

302 5049 430 5090 sum
453 5035 484 5088 ?
511 5037 696 5104 Cogor
724 5033 955 5090 insolita
985 5032 1164 5102 loqui,
1195 5039 1251 5088 et
1278 5045 1411 5088 cum
1455 5033 1670 5102 pudore
1719 5031 1995 5102 maximo,

300 5124 398 5178 sed
427 5131 492 5179 ut
525 5123 582 5178 Β.
627 5121 888 5192 Gregorii
941 5121 1135 5176 verbis
1185 5128 1354 5176 utar:
1404 5141 1432 5168 «
1465 5120 1625 5176 Hanc
1665 5119 1781 5189 ipse
1827 5135 1996 5176 vere-

299 5211 570 5268 cundiam
602 5210 661 5266 in
693 5224 783 5266 me
823 5208 1198 5278 reprehendo.
1241 5230 1272 5257 »
1321 5207 1431 5275 Qui
1478 5207 1633 5264 enim
1678 5215 1868 5263 tantas
1918 5209 1994 5278 pii

299 5298 694 5368 Redemptoris
716 5297 962 5368 injurias
995 5311 1113 5352 non
1141 5297 1425 5367 agerrime
1455 5296 1579 5362 fert,
1611 5295 1714 5365 qui
1734 5295 1994 5352 inaudita

299 5387 683 5458 integerrima
712 5385 909 5442 Matris
933 5384 1146 5456 probra
1174 5399 1290 5440 non
1325 5383 1693 5440 acerbissima
1731 5383 1992 5439 animad-

297 5475 559 5532 versione
613 5473 838 5542 refellit,
889 5473 994 5544 qui
1062 5473 1187 5530 hac
1229 5472 1576 5543 aquanimis
1619 5471 1800 5540 audit,
1841 5477 1994 5542 patet

365 5651 474 5722 (22)
503 5651 583 5708 De
611 5649 702 5708 his
725 5650 786 5708 in
815 5649 947 5710 Vita
973 5661 1083 5706 sua
1111 5646 1378 5718 pluribus
1405 5647 1526 5717 agit
1555 5645 1894 5702 Guibertus.

2107 4517 2231 4559 meo
2268 4511 2440 4571 nutu,
2475 4517 2602 4560 mea
2631 4503 2927 4559 voluntate
2964 4513 3308 4574 moventur;
3341 4512 3395 4560 et
3421 4505 3562 4575 quia
3581 4505 3811 4574 placide

2105 4593 2216 4648 sub
2246 4607 2370 4647 meo
2399 4599 2582 4662 agunt
2615 4593 2871 4662 imperio,
2903 4592 3131 4648 nullum
3160 4593 3302 4648 mihi
3331 4593 3604 4662 pudorem
3638 4595 3806 4650 incu-

2106 4681 2260 4736 tiunt
2317 4681 2489 4750 (Rom.
2546 4693 2645 4746 vu,
2705 4681 2819 4747 23).
2875 4683 2946 4735 At
2995 4680 3136 4750 quia
3187 4688 3397 4749 partes,
3461 4681 3530 4737 de
3583 4681 3807 4752 quibus

2104 4770 2353 4839 agimus,
2407 4777 2608 4824 contra
2649 4768 2788 4839 jura
2837 4769 3009 4823 totius
3047 4768 3283 4824 rationis
3311 4769 3512 4825 elfreni
3545 4770 3807 4839 quadam

2105 4857 2366 4913 libertate
2393 4857 2682 4924 feruntur,
2714 4863 2770 4912 et
2797 4858 2964 4927 quasi
2992 4857 3259 4926 quadam
3291 4858 3520 4914 diversa
3557 4858 3652 4914 lex
3691 4867 3801 4924 est,

2097 4946 2272 5016 juxta
2326 4944 2684 5015 Apostolum,
2746 4946 2806 5000 in
2867 4945 3142 5000 membris
3201 4945 3410 5002 nostris
3461 4961 3803 5017 repugnans

2101 5039 2251 5089 τω
2282 5033 2392 5104 legi
2439 5033 2644 5088 mentis
2684 5039 2911 5100 nostra,
2961 5041 3017 5089 et
3061 5033 3317 5102 captivos
3351 5048 3454 5090 nos
3485 5034 3702 5090 ducens
3739 5036 3802 5092 in

2100 5121 2225 5191 lege
2267 5120 2505 5190 peccati,
2551 5135 2684 5190 qua
2747 5127 2832 5175 est
2877 5120 2935 5174 in
2986 5119 3256 5176 membris
3304 5121 3514 5176 nostris
3557 5121 3796 5193 (lbid.);

2101 5209 2312 5264 idcirco
2350 5209 2504 5279 juste
2551 5209 2970 5272 erubescimus,
3012 5209 3152 5278 quia
3199 5209 3462 5277 velimus,
3518 5210 3796 5280 nolimus,

2100 5297 2346 5366 turpiter
2395 5297 2518 5352 hac
2572 5296 2716 5368 erigi
2765 5311 2838 5352 ex
2883 5297 3145 5353 desiderii
3201 5299 3464 5368 passione
3506 5299 3793 5357 videmus.

2097 5384 2270 5444 Verbi
2302 5384 2508 5454 gratia,
2542 5385 2690 5440 habe
2717 5399 2954 5442 servum
2984 5386 3126 5442 alias
3171 5387 3389 5454 utilem,
3431 5387 3528 5442 sed
3571 5397 3793 5458 proter-

2097 5487 2264 5542 vum,
2308 5486 2505 5528 coram
2549 5473 2840 5529 extraneis
2890 5474 2944 5530 ei
2990 5475 3290 5545 quidpiam
3336 5475 3641 5546 imperem,
3689 5487 3796 5537 aut
