  <div class='ocr_page' id='page_1' title='image "/cluster/home/n/w/nwhite01/storage/ocr_20150623/156-157/uc1.31175010662024/254.png"; bbox 0 0 3956 6410; ppageno 0'>
   <div class='ocr_carea' id='block_1_1' title="bbox 141 342 252 394">
    <p class='ocr_par' dir='ltr' id='par_1_1' title="bbox 141 342 252 394">
     <span class='ocr_line' id='line_1_1' title="bbox 141 342 252 394; baseline 0 0"><span class='ocrx_word' id='word_1_1' title='bbox 141 342 252 394; x_wconf 70' lang='grc'><strong>497</strong></span> 
     </span>
    </p>
   </div>
   <div class='ocr_carea' id='block_1_2' title="bbox 937 320 3669 397">
    <p class='ocr_par' dir='ltr' id='par_1_2' title="bbox 937 320 3669 397">
     <span class='ocr_line' id='line_1_2' title="bbox 937 320 3669 397; baseline 0 -1"><span class='ocrx_word' id='word_1_2' title='bbox 937 339 1183 396; x_wconf 79' lang='lat' dir='ltr'><strong>TRACT.</strong></span> <span class='ocrx_word' id='word_1_3' title='bbox 1220 320 1318 394; x_wconf 71' lang='grc' dir='ltr'><strong>’ΒΕ</strong></span> <span class='ocrx_word' id='word_1_4' title='bbox 1357 339 1876 396; x_wconf 78' lang='lat' dir='ltr'><strong>INCARNATIONE</strong></span> <span class='ocrx_word' id='word_1_5' title='bbox 1915 339 2202 396; x_wconf 67' lang='lat' dir='ltr'><strong>comm</strong></span> <span class='ocrx_word' id='word_1_6' title='bbox 2236 339 2544 397; x_wconf 68' lang='lat' dir='ltr'><strong>JUD/EOS.</strong></span> <span class='ocrx_word' id='word_1_7' title='bbox 2592 340 2800 396; x_wconf 83' lang='lat' dir='ltr'><strong>—LIB.</strong></span> <span class='ocrx_word' id='word_1_8' title='bbox 2843 342 2884 395; x_wconf 85' lang='lat'><strong>1.</strong></span> <span class='ocrx_word' id='word_1_9' title='bbox 3565 345 3669 397; x_wconf 62' lang='lat'><strong>.398</strong></span> 
     </span>
    </p>
   </div>
   <div class='ocr_carea' id='block_1_3' title="bbox 143 469 3670 541">
    <p class='ocr_par' dir='ltr' id='par_1_3' title="bbox 143 469 3670 541">
     <span class='ocr_line' id='line_1_3' title="bbox 143 469 3670 541; baseline -0 -15"><span class='ocrx_word' id='word_1_10' title='bbox 143 486 472 526; x_wconf 90' lang='lat' dir='ltr'><strong>sermonem</strong></span> <span class='ocrx_word' id='word_1_11' title='bbox 525 485 659 526; x_wconf 93' lang='lat' dir='ltr'><strong>cum</strong></span> <span class='ocrx_word' id='word_1_12' title='bbox 695 485 762 526; x_wconf 92' lang='lat' dir='ltr'><strong>eo</strong></span> <span class='ocrx_word' id='word_1_13' title='bbox 815 469 1050 526; x_wconf 90' lang='lat' dir='ltr'><strong>miscere</strong></span> <span class='ocrx_word' id='word_1_14' title='bbox 1099 470 1416 537; x_wconf 86' lang='lat' dir='ltr'><strong>dissimulo,</strong></span> <span class='ocrx_word' id='word_1_15' title='bbox 1467 477 1522 526; x_wconf 92' lang='lat' dir='ltr'><strong>et</strong></span> <span class='ocrx_word' id='word_1_16' title='bbox 1570 478 1854 540; x_wconf 90' lang='lat' dir='ltr'><strong>quantum</strong></span> <span class='ocrx_word' id='word_1_17' title='bbox 1898 472 2114 531; x_wconf 82' lang='lat' dir='ltr'><strong>Abulo,</strong></span> <span class='ocrx_word' id='word_1_18' title='bbox 2167 475 2219 524; x_wconf 85' lang='lat' dir='ltr'><strong>et</strong></span> <span class='ocrx_word' id='word_1_19' title='bbox 2269 473 2510 540; x_wconf 80' lang='lat' dir='ltr'><strong>puellam</strong></span> <span class='ocrx_word' id='word_1_20' title='bbox 2565 471 2924 525; x_wconf 86' lang='lat' dir='ltr'><strong>vendiderunt</strong></span> <span class='ocrx_word' id='word_1_21' title='bbox 2972 486 3080 541; x_wconf 83' lang='lat' dir='ltr'><strong>pro</strong></span> <span class='ocrx_word' id='word_1_22' title='bbox 3129 475 3273 539; x_wconf 84' lang='lat' dir='ltr'><strong>vino,</strong></span> <span class='ocrx_word' id='word_1_23' title='bbox 3327 477 3389 527; x_wconf 89' lang='lat' dir='ltr'><strong>ut</strong></span> <span class='ocrx_word' id='word_1_24' title='bbox 3431 473 3670 527; x_wconf 75' lang='lat' dir='ltr'><strong>biberent</strong></span> 
     </span>
    </p>
   </div>
   <div class='ocr_carea' id='block_1_4' title="bbox 143 559 1856 630">
    <p class='ocr_par' dir='ltr' id='par_1_4' title="bbox 143 559 1856 630">
     <span class='ocr_line' id='line_1_4' title="bbox 143 559 1856 630; baseline 0 -16"><span class='ocrx_word' id='word_1_25' title='bbox 143 575 383 629; x_wconf 88' lang='lat' dir='ltr'><strong>possum</strong></span> <span class='ocrx_word' id='word_1_26' title='bbox 437 567 695 629; x_wconf 75' lang='lat' dir='ltr'><strong>contego,</strong></span> <span class='ocrx_word' id='word_1_27' title='bbox 753 560 894 628; x_wconf 85' lang='lat' dir='ltr'><strong>quia</strong></span> <span class='ocrx_word' id='word_1_28' title='bbox 941 559 989 614; x_wconf 89' lang='lat' dir='ltr'>si</span> <span class='ocrx_word' id='word_1_29' title='bbox 1055 559 1302 628; x_wconf 83' lang='lat' dir='ltr'><strong>superbe</strong></span> <span class='ocrx_word' id='word_1_30' title='bbox 1363 574 1420 614; x_wconf 92' lang='lat' dir='ltr'><strong>se</strong></span> <span class='ocrx_word' id='word_1_31' title='bbox 1465 559 1655 630; x_wconf 83' lang='lat' dir='ltr'><strong>erigit,</strong></span> <span class='ocrx_word' id='word_1_32' title='bbox 1720 574 1856 614; x_wconf 91' lang='lat' dir='ltr'><strong>con-</strong></span> 
     </span>
    </p>
   </div>
   <div class='ocr_carea' id='block_1_5' title="bbox 145 649 1856 718">
    <p class='ocr_par' dir='ltr' id='par_1_5' title="bbox 145 649 1856 718">
     <span class='ocr_line' id='line_1_5' title="bbox 145 649 1856 718; baseline 0 -14"><span class='ocrx_word' id='word_1_33' title='bbox 145 656 430 718; x_wconf 89' lang='lat' dir='ltr'><strong>temptum</strong></span> <span class='ocrx_word' id='word_1_34' title='bbox 498 663 688 704; x_wconf 92' lang='lat' dir='ltr'><strong>meum</strong></span> <span class='ocrx_word' id='word_1_35' title='bbox 746 657 965 718; x_wconf 84' lang='lat' dir='ltr'><strong>reputo.</strong></span> <span class='ocrx_word' id='word_1_36' title='bbox 1018 649 1156 703; x_wconf 83' lang='lat' dir='ltr'><strong>Jure</strong></span> <span class='ocrx_word' id='word_1_37' title='bbox 1209 663 1345 718; x_wconf 91' lang='lat' dir='ltr'><strong>ergo</strong></span> <span class='ocrx_word' id='word_1_38' title='bbox 1398 655 1454 704; x_wconf 91' lang='lat' dir='ltr'><strong>et</strong></span> <span class='ocrx_word' id='word_1_39' title='bbox 1510 649 1742 713; x_wconf 87' lang='lat' dir='ltr'><strong>virtute,</strong></span> <span class='ocrx_word' id='word_1_40' title='bbox 1801 656 1856 704; x_wconf 92' lang='lat' dir='ltr'><strong>et</strong></span> 
     </span>
    </p>
   </div>
   <div class='ocr_carea' id='block_1_6' title="bbox 81 736 1856 806">
    <p class='ocr_par' dir='ltr' id='par_1_6' title="bbox 81 736 1856 806">
     <span class='ocr_line' id='line_1_6' title="bbox 81 736 1856 806; baseline 0.002 -19"><span class='ocrx_word' id='word_1_41' title='bbox 81 776 98 787; x_wconf 88' lang='lat'><strong>.</strong></span> <span class='ocrx_word' id='word_1_42' title='bbox 144 739 405 793; x_wconf 75' lang='lat' dir='ltr'><strong>vestibus</strong></span> <span class='ocrx_word' id='word_1_43' title='bbox 436 751 539 792; x_wconf 83' lang='lat' dir='ltr'><strong>rex</strong></span> <span class='ocrx_word' id='word_1_44' title='bbox 572 744 888 792; x_wconf 76' lang='lat' dir='ltr'><strong>contumax</strong></span> <span class='ocrx_word' id='word_1_45' title='bbox 918 736 1194 805; x_wconf 90' lang='lat' dir='ltr'><strong>operitur,</strong></span> <span class='ocrx_word' id='word_1_46' title='bbox 1237 737 1378 806; x_wconf 86' lang='lat' dir='ltr'><strong>quia</strong></span> <span class='ocrx_word' id='word_1_47' title='bbox 1424 737 1496 790; x_wconf 91' lang='lat' dir='ltr'><strong>ad</strong></span> <span class='ocrx_word' id='word_1_48' title='bbox 1543 736 1856 806; x_wconf 82' lang='lat' dir='ltr'><strong>plurimam</strong></span> 
     </span>
    </p>
   </div>
   <div class='ocr_carea' id='block_1_7' title="bbox 145 824 1856 894">
    <p class='ocr_par' dir='ltr' id='par_1_7' title="bbox 145 824 1856 894">
     <span class='ocr_line' id='line_1_7' title="bbox 145 824 1856 894; baseline 0.001 -14"><span class='ocrx_word' id='word_1_49' title='bbox 145 834 203 880; x_wconf 91' lang='lat' dir='ltr'><strong>et</strong></span> <span class='ocrx_word' id='word_1_50' title='bbox 241 826 434 880; x_wconf 90' lang='lat' dir='ltr'><strong>carnis</strong></span> <span class='ocrx_word' id='word_1_51' title='bbox 461 833 516 881; x_wconf 91' lang='lat' dir='ltr'><strong>et</strong></span> <span class='ocrx_word' id='word_1_52' title='bbox 554 825 792 894; x_wconf 77' lang='lat' dir='ltr'><strong>spiritus</strong></span> <span class='ocrx_word' id='word_1_53' title='bbox 824 824 1232 880; x_wconf 74' lang='lat' dir='ltr'><strong>contumeliam</strong></span> <span class='ocrx_word' id='word_1_54' title='bbox 1267 825 1600 880; x_wconf 78' lang='lat' dir='ltr'><strong>suscitatur.</strong></span> <span class='ocrx_word' id='word_1_55' title='bbox 1645 826 1750 880; x_wconf 85' lang='lat' dir='ltr'>Sed</span> <span class='ocrx_word' id='word_1_56' title='bbox 1781 825 1856 881; x_wconf 91' lang='lat' dir='ltr'><strong>ad</strong></span> 
     </span>
    </p>
   </div>
   <div class='ocr_carea' id='block_1_8' title="bbox 149 914 626 976">
    <p class='ocr_par' dir='ltr' id='par_1_8' title="bbox 149 914 626 976">
     <span class='ocr_line' id='line_1_8' title="bbox 149 914 626 976; baseline -0.006 -6"><span class='ocrx_word' id='word_1_57' title='bbox 149 928 272 976; x_wconf 85' lang='lat' dir='ltr'><strong>rem</strong></span> <span class='ocrx_word' id='word_1_58' title='bbox 304 914 626 970; x_wconf 85' lang='lat' dir='ltr'><strong>redeamus.</strong></span> 
     </span>
    </p>
   </div>
   <div class='ocr_carea' id='block_1_9' title="bbox 815 1035 1182 1092">
    <p class='ocr_par' dir='ltr' id='par_1_9' title="bbox 815 1035 1182 1092">
     <span class='ocr_line' id='line_1_9' title="bbox 815 1035 1182 1092; baseline 0 -2"><span class='ocrx_word' id='word_1_59' title='bbox 815 1036 1045 1092; x_wconf 86' lang='lat' dir='ltr'><strong>CAPUT</strong></span> <span class='ocrx_word' id='word_1_60' title='bbox 1085 1035 1182 1092; x_wconf 87' lang='lat' dir='ltr'><strong>VI.</strong></span> 
     </span>
    </p>
   </div>
   <div class='ocr_carea' id='block_1_10' title="bbox 223 1178 1855 1248">
    <p class='ocr_par' dir='ltr' id='par_1_10' title="bbox 223 1178 1855 1248">
     <span class='ocr_line' id='line_1_10' title="bbox 223 1178 1855 1248; baseline -0.001 -14"><span class='ocrx_word' id='word_1_61' title='bbox 223 1181 296 1234; x_wconf 87' lang='lat' dir='ltr'><strong>In</strong></span> <span class='ocrx_word' id='word_1_62' title='bbox 339 1185 488 1234; x_wconf 88' lang='lat' dir='ltr'><strong>statu</strong></span> <span class='ocrx_word' id='word_1_63' title='bbox 547 1182 868 1234; x_wconf 78' lang='lat' dir='ltr'><strong>innocentiae</strong></span> <span class='ocrx_word' id='word_1_64' title='bbox 920 1179 1100 1248; x_wconf 81' lang='lat' dir='ltr'><strong>pudor</strong></span> <span class='ocrx_word' id='word_1_65' title='bbox 1140 1178 1345 1232; x_wconf 87' lang='lat' dir='ltr'><strong>nullus.</strong></span> <span class='ocrx_word' id='word_1_66' title='bbox 1396 1179 1585 1232; x_wconf 82' lang='lat' dir='ltr'><strong>Utrum</strong></span> <span class='ocrx_word' id='word_1_67' title='bbox 1623 1193 1855 1245; x_wconf 85' lang='lat' dir='ltr'><strong>genera-</strong></span> 
     </span>
    </p>
   </div>
   <div class='ocr_carea' id='block_1_11' title="bbox 144 1276 1855 1345">
    <p class='ocr_par' dir='ltr' id='par_1_11' title="bbox 144 1276 1855 1345">
     <span class='ocr_line' id='line_1_11' title="bbox 144 1276 1855 1345; baseline 0 -14"><span class='ocrx_word' id='word_1_68' title='bbox 144 1279 288 1332; x_wconf 83' lang='lat' dir='ltr'><strong>tioni</strong></span> <span class='ocrx_word' id='word_1_69' title='bbox 350 1277 709 1332; x_wconf 72' lang='lat' dir='ltr'><strong>intendissent</strong></span> <span class='ocrx_word' id='word_1_70' title='bbox 773 1279 944 1345; x_wconf 81' lang='lat' dir='ltr'><strong>primi</strong></span> <span class='ocrx_word' id='word_1_71' title='bbox 996 1282 1265 1344; x_wconf 84' lang='lat' dir='ltr'><strong>parentes,</strong></span> <span class='ocrx_word' id='word_1_72' title='bbox 1327 1278 1376 1329; x_wconf 87' lang='lat' dir='ltr'><strong>si</strong></span> <span class='ocrx_word' id='word_1_73' title='bbox 1431 1278 1490 1328; x_wconf 86' lang='lat' dir='ltr'><strong>in</strong></span> <span class='ocrx_word' id='word_1_74' title='bbox 1547 1276 1855 1330; x_wconf 81' lang='lat' dir='ltr'><strong>obedientia</strong></span> 
     </span>
    </p>
   </div>
   <div class='ocr_carea' id='block_1_12' title="bbox 137 1362 1856 1433">
    <p class='ocr_par' dir='ltr' id='par_1_12' title="bbox 137 1362 1856 1433">
     <span class='ocr_line' id='line_1_12' title="bbox 137 1362 1856 1433; baseline -0.001 -15"><span class='ocrx_word' id='word_1_75' title='bbox 137 1367 534 1432; x_wconf 79' lang='lat' dir='ltr'><strong>perstitissent.</strong></span> <span class='ocrx_word' id='word_1_76' title='bbox 577 1395 645 1403; x_wconf 90' lang='lat'><strong>-—</strong></span> <span class='ocrx_word' id='word_1_77' title='bbox 691 1364 870 1418; x_wconf 85' lang='lat' dir='ltr'><strong>Adam</strong></span> <span class='ocrx_word' id='word_1_78' title='bbox 917 1363 1095 1433; x_wconf 84' lang='lat' dir='ltr'><strong>igitur</strong></span> <span class='ocrx_word' id='word_1_79' title='bbox 1130 1371 1184 1417; x_wconf 87' lang='lat' dir='ltr'><strong>et</strong></span> <span class='ocrx_word' id='word_1_80' title='bbox 1220 1363 1361 1428; x_wconf 78' lang='lat' dir='ltr'><strong>Eva,</strong></span> <span class='ocrx_word' id='word_1_81' title='bbox 1412 1369 1543 1417; x_wconf 90' lang='lat' dir='ltr'><strong>ante</strong></span> <span class='ocrx_word' id='word_1_82' title='bbox 1586 1362 1856 1432; x_wconf 66' lang='lat' dir='ltr'><strong>praevari-</strong></span> 
     </span>
    </p>
   </div>
   <div class='ocr_carea' id='block_1_13' title="bbox 139 1450 1851 1520">
    <p class='ocr_par' dir='ltr' id='par_1_13' title="bbox 139 1450 1851 1520">
     <span class='ocr_line' id='line_1_13' title="bbox 139 1450 1851 1520; baseline 0 -14"><span class='ocrx_word' id='word_1_83' title='bbox 139 1453 453 1520; x_wconf 90' lang='lat' dir='ltr'><strong>cationem,</strong></span> <span class='ocrx_word' id='word_1_84' title='bbox 518 1453 604 1508; x_wconf 91' lang='lat' dir='ltr'><strong>his</strong></span> <span class='ocrx_word' id='word_1_85' title='bbox 647 1459 922 1507; x_wconf 88' lang='lat' dir='ltr'><strong>vacantes</strong></span> <span class='ocrx_word' id='word_1_86' title='bbox 971 1451 1240 1511; x_wconf 90' lang='lat' dir='ltr'><strong>motibus,</strong></span> <span class='ocrx_word' id='word_1_87' title='bbox 1290 1450 1612 1506; x_wconf 83' lang='lat' dir='ltr'><strong>beatissime</strong></span> <span class='ocrx_word' id='word_1_88' title='bbox 1663 1451 1851 1520; x_wconf 91' lang='lat' dir='ltr'><strong>impu-</strong></span> 
     </span>
    </p>
   </div>
   <div class='ocr_carea' id='block_1_14' title="bbox 138 1539 1850 1610">
    <p class='ocr_par' dir='ltr' id='par_1_14' title="bbox 138 1539 1850 1610">
     <span class='ocr_line' id='line_1_14' title="bbox 138 1539 1850 1610; baseline -0.002 -13"><span class='ocrx_word' id='word_1_89' title='bbox 138 1541 348 1598; x_wconf 88' lang='lat' dir='ltr'><strong>dentes</strong></span> <span class='ocrx_word' id='word_1_90' title='bbox 396 1542 652 1597; x_wconf 85' lang='lat' dir='ltr'><strong>fuerunt.</strong></span> <span class='ocrx_word' id='word_1_91' title='bbox 700 1541 800 1597; x_wconf 88' lang='lat' dir='ltr'><strong>Cui</strong></span> <span class='ocrx_word' id='word_1_92' title='bbox 833 1541 913 1595; x_wconf 91' lang='lat' dir='ltr'><strong>rei</strong></span> <span class='ocrx_word' id='word_1_93' title='bbox 945 1539 1301 1595; x_wconf 90' lang='lat' dir='ltr'><strong>simillimum</strong></span> <span class='ocrx_word' id='word_1_94' title='bbox 1333 1547 1417 1594; x_wconf 92' lang='lat' dir='ltr'><strong>est</strong></span> <span class='ocrx_word' id='word_1_95' title='bbox 1463 1540 1618 1610; x_wconf 92' lang='lat' dir='ltr'><strong>quod</strong></span> <span class='ocrx_word' id='word_1_96' title='bbox 1665 1539 1850 1595; x_wconf 91' lang='lat' dir='ltr'><strong>infan-</strong></span> 
     </span>
    </p>
   </div>
   <div class='ocr_carea' id='block_1_15' title="bbox 140 1629 1851 1700">
    <p class='ocr_par' dir='ltr' id='par_1_15' title="bbox 140 1629 1851 1700">
     <span class='ocr_line' id='line_1_15' title="bbox 140 1629 1851 1700; baseline -0.001 -14"><span class='ocrx_word' id='word_1_97' title='bbox 140 1631 301 1686; x_wconf 84' lang='lat' dir='ltr'><strong>tulos</strong></span> <span class='ocrx_word' id='word_1_98' title='bbox 329 1638 381 1686; x_wconf 91' lang='lat' dir='ltr'><strong>ct</strong></span> <span class='ocrx_word' id='word_1_99' title='bbox 414 1631 676 1700; x_wconf 87' lang='lat' dir='ltr'><strong>impubes</strong></span> <span class='ocrx_word' id='word_1_100' title='bbox 706 1630 1048 1698; x_wconf 90' lang='lat' dir='ltr'><strong>plerumque</strong></span> <span class='ocrx_word' id='word_1_101' title='bbox 1083 1643 1289 1698; x_wconf 92' lang='lat' dir='ltr'><strong>pueros</strong></span> <span class='ocrx_word' id='word_1_102' title='bbox 1319 1629 1704 1696; x_wconf 88' lang='lat' dir='ltr'><strong>conspicimus</strong></span> <span class='ocrx_word' id='word_1_103' title='bbox 1729 1629 1851 1684; x_wconf 91' lang='lat' dir='ltr'><strong>sine</strong></span> 
     </span>
    </p>
   </div>
   <div class='ocr_carea' id='block_1_16' title="bbox 1966 560 3666 632">
    <p class='ocr_par' dir='ltr' id='par_1_16' title="bbox 1966 560 3666 632">
     <span class='ocr_line' id='line_1_16' title="bbox 1966 560 3666 632; baseline 0.001 -17"><span class='ocrx_word' id='word_1_104' title='bbox 1966 561 2104 632; x_wconf 85' lang='lat' dir='ltr'><strong>(Joel</strong></span> <span class='ocrx_word' id='word_1_105' title='bbox 2129 575 2208 627; x_wconf 87' lang='grc' dir='ltr'>ιιι,</span> <span class='ocrx_word' id='word_1_106' title='bbox 2245 561 2318 630; x_wconf 89' lang='lat'><strong>3).</strong></span> <span class='ocrx_word' id='word_1_107' title='bbox 2354 561 2453 616; x_wconf 93' lang='lat' dir='ltr'><strong>Dic</strong></span> <span class='ocrx_word' id='word_1_108' title='bbox 2481 560 2622 615; x_wconf 90' lang='lat' dir='ltr'><strong>mihi</strong></span> <span class='ocrx_word' id='word_1_109' title='bbox 2651 560 2806 630; x_wconf 89' lang='lat' dir='ltr'><strong>quod</strong></span> <span class='ocrx_word' id='word_1_110' title='bbox 2829 560 3033 616; x_wconf 91' lang='lat' dir='ltr'><strong>vinum</strong></span> <span class='ocrx_word' id='word_1_111' title='bbox 3061 568 3145 616; x_wconf 93' lang='lat' dir='ltr'><strong>est</strong></span> <span class='ocrx_word' id='word_1_112' title='bbox 3176 561 3508 631; x_wconf 87' lang='lat' dir='ltr'><strong>germinans</strong></span> <span class='ocrx_word' id='word_1_113' title='bbox 3549 561 3666 617; x_wconf 88' lang='lat' dir='ltr'><strong>vir-</strong></span> 
     </span>
    </p>
   </div>
   <div class='ocr_carea' id='block_1_17' title="bbox 1966 649 3668 720">
    <p class='ocr_par' dir='ltr' id='par_1_17' title="bbox 1966 649 3668 720">
     <span class='ocr_line' id='line_1_17' title="bbox 1966 649 3668 720; baseline 0.001 -16"><span class='ocrx_word' id='word_1_114' title='bbox 1966 651 2128 720; x_wconf 89' lang='lat' dir='ltr'><strong>gines</strong></span> <span class='ocrx_word' id='word_1_115' title='bbox 2158 649 2345 720; x_wconf 83' lang='lat' dir='ltr'><strong>(Zach.</strong></span> <span class='ocrx_word' id='word_1_116' title='bbox 2377 665 2454 716; x_wconf 68' lang='grc' dir='ltr'>ιχ,</span> <span class='ocrx_word' id='word_1_117' title='bbox 2492 653 2595 716; x_wconf 84' lang='lat' dir='ltr'><strong>l7),</strong></span> <span class='ocrx_word' id='word_1_118' title='bbox 2631 663 2764 704; x_wconf 91' lang='lat' dir='ltr'><strong>eum</strong></span> <span class='ocrx_word' id='word_1_119' title='bbox 2789 649 3009 704; x_wconf 86' lang='lat' dir='ltr'><strong>soleant</strong></span> <span class='ocrx_word' id='word_1_120' title='bbox 3041 649 3224 705; x_wconf 80' lang='lat' dir='ltr'><strong>facere</strong></span> <span class='ocrx_word' id='word_1_121' title='bbox 3256 650 3668 719; x_wconf 89' lang='lat' dir='ltr'><strong>pudicitiarum</strong></span> 
     </span>
    </p>
   </div>
   <div class='ocr_carea' id='block_1_18' title="bbox 1964 738 3668 810">
    <p class='ocr_par' dir='ltr' id='par_1_18' title="bbox 1964 738 3668 810">
     <span class='ocr_line' id='line_1_18' title="bbox 1964 738 3668 810; baseline -0.001 -15"><span class='ocrx_word' id='word_1_122' title='bbox 1964 748 2168 795; x_wconf 73' lang='lat' dir='ltr'><strong>caetera</strong></span> <span class='ocrx_word' id='word_1_123' title='bbox 2225 739 2364 795; x_wconf 89' lang='lat' dir='ltr'><strong>vina</strong></span> <span class='ocrx_word' id='word_1_124' title='bbox 2418 739 2752 810; x_wconf 75' lang='lat' dir='ltr'><strong>jacturam?</strong></span> <span class='ocrx_word' id='word_1_125' title='bbox 2805 738 2930 794; x_wconf 90' lang='lat' dir='ltr'><strong>Scio</strong></span> <span class='ocrx_word' id='word_1_126' title='bbox 2985 739 3126 808; x_wconf 89' lang='lat' dir='ltr'><strong>quia</strong></span> <span class='ocrx_word' id='word_1_127' title='bbox 3183 739 3402 807; x_wconf 90' lang='lat' dir='ltr'><strong>nescis;</strong></span> <span class='ocrx_word' id='word_1_128' title='bbox 3455 747 3510 794; x_wconf 94' lang='lat' dir='ltr'><strong>et</strong></span> <span class='ocrx_word' id='word_1_129' title='bbox 3563 753 3668 808; x_wconf 90' lang='lat' dir='ltr'><strong>ego</strong></span> 
     </span>
    </p>
   </div>
   <div class='ocr_carea' id='block_1_19' title="bbox 1965 826 3667 898">
    <p class='ocr_par' dir='ltr' id='par_1_19' title="bbox 1965 826 3667 898">
     <span class='ocr_line' id='line_1_19' title="bbox 1965 826 3667 898; baseline -0.002 -14"><span class='ocrx_word' id='word_1_130' title='bbox 1965 830 2156 884; x_wconf 91' lang='lat' dir='ltr'><strong>adhuc</strong></span> <span class='ocrx_word' id='word_1_131' title='bbox 2188 828 2452 893; x_wconf 90' lang='lat' dir='ltr'><strong>inferam,</strong></span> <span class='ocrx_word' id='word_1_132' title='bbox 2485 828 2625 898; x_wconf 86' lang='lat' dir='ltr'><strong>quia</strong></span> <span class='ocrx_word' id='word_1_133' title='bbox 2657 827 2798 882; x_wconf 92' lang='lat' dir='ltr'><strong>illud</strong></span> <span class='ocrx_word' id='word_1_134' title='bbox 2842 829 2998 882; x_wconf 90' lang='lat' dir='ltr'><strong>idem</strong></span> <span class='ocrx_word' id='word_1_135' title='bbox 3029 835 3114 882; x_wconf 91' lang='lat' dir='ltr'><strong>est</strong></span> <span class='ocrx_word' id='word_1_136' title='bbox 3151 826 3371 894; x_wconf 90' lang='lat' dir='ltr'><strong>vinum,</strong></span> <span class='ocrx_word' id='word_1_137' title='bbox 3419 829 3574 898; x_wconf 91' lang='lat' dir='ltr'><strong>quod</strong></span> <span class='ocrx_word' id='word_1_138' title='bbox 3610 829 3667 882; x_wconf 92' lang='lat' dir='ltr'><strong>in</strong></span> 
     </span>
    </p>
   </div>
   <div class='ocr_carea' id='block_1_20' title="bbox 1964 913 3670 970">
    <p class='ocr_par' dir='ltr' id='par_1_20' title="bbox 1964 913 3670 970">
     <span class='ocr_line' id='line_1_20' title="bbox 1964 913 3670 970; baseline -0.001 0"><span class='ocrx_word' id='word_1_139' title='bbox 1964 915 2110 970; x_wconf 92' lang='lat' dir='ltr'><strong>libro</strong></span> <span class='ocrx_word' id='word_1_140' title='bbox 2174 915 2445 970; x_wconf 74' lang='lat' dir='ltr'><strong>Iudicum</strong></span> <span class='ocrx_word' id='word_1_141' title='bbox 2512 914 2691 968; x_wconf 91' lang='lat' dir='ltr'><strong>Deum</strong></span> <span class='ocrx_word' id='word_1_142' title='bbox 2732 913 3020 968; x_wconf 66' lang='lat' dir='ltr'><strong>laetificare</strong></span> <span class='ocrx_word' id='word_1_143' title='bbox 3070 921 3125 968; x_wconf 91' lang='lat' dir='ltr'><strong>et</strong></span> <span class='ocrx_word' id='word_1_144' title='bbox 3162 913 3420 968; x_wconf 91' lang='lat' dir='ltr'><strong>homines</strong></span> <span class='ocrx_word' id='word_1_145' title='bbox 3457 913 3670 968; x_wconf 90' lang='lat' dir='ltr'><strong>dicitur</strong></span> 
     </span>
    </p>
   </div>
   <div class='ocr_carea' id='block_1_21' title="bbox 1962 1001 3662 1073">
    <p class='ocr_par' dir='ltr' id='par_1_21' title="bbox 1962 1001 3662 1073">
     <span class='ocr_line' id='line_1_21' title="bbox 1962 1001 3662 1073; baseline -0.002 -15"><span class='ocrx_word' id='word_1_146' title='bbox 1962 1004 2111 1073; x_wconf 73' lang='lat' dir='ltr'><strong>(Iud.</strong></span> <span class='ocrx_word' id='word_1_147' title='bbox 2165 1018 2242 1070; x_wconf 78' lang='lat' dir='ltr'><strong>1x,</strong></span> <span class='ocrx_word' id='word_1_148' title='bbox 2306 1004 2412 1072; x_wconf 86' lang='lat' dir='ltr'><strong>l3).</strong></span> <span class='ocrx_word' id='word_1_149' title='bbox 2471 1003 2562 1057; x_wconf 86' lang='lat' dir='ltr'><strong>An</strong></span> <span class='ocrx_word' id='word_1_150' title='bbox 2614 1004 2787 1058; x_wconf 91' lang='lat' dir='ltr'><strong>Deum</strong></span> <span class='ocrx_word' id='word_1_151' title='bbox 2839 1001 3152 1071; x_wconf 85' lang='lat' dir='ltr'><strong>aliquando</strong></span> <span class='ocrx_word' id='word_1_152' title='bbox 3205 1001 3410 1056; x_wconf 87' lang='lat' dir='ltr'><strong>bibisse</strong></span> <span class='ocrx_word' id='word_1_153' title='bbox 3469 1010 3662 1070; x_wconf 89' lang='lat' dir='ltr'><strong>putas,</strong></span> 
     </span>
    </p>
   </div>
   <div class='ocr_carea' id='block_1_22' title="bbox 1962 1089 3662 1161">
    <p class='ocr_par' dir='ltr' id='par_1_22' title="bbox 1962 1089 3662 1161">
     <span class='ocr_line' id='line_1_22' title="bbox 1962 1089 3662 1161; baseline -0.002 -15"><span class='ocrx_word' id='word_1_154' title='bbox 1962 1105 2096 1147; x_wconf 91' lang='lat' dir='ltr'><strong>cum</strong></span> <span class='ocrx_word' id='word_1_155' title='bbox 2119 1091 2292 1161; x_wconf 83' lang='lat' dir='ltr'><strong>juxta</strong></span> <span class='ocrx_word' id='word_1_156' title='bbox 2322 1091 2568 1146; x_wconf 87' lang='lat' dir='ltr'><strong>litteram</strong></span> <span class='ocrx_word' id='word_1_157' title='bbox 2599 1105 2771 1146; x_wconf 89' lang='lat' dir='ltr'><strong>sensu</strong></span> <span class='ocrx_word' id='word_1_158' title='bbox 2788 1089 3058 1145; x_wconf 79' lang='lat' dir='ltr'><strong>delicias?</strong></span> <span class='ocrx_word' id='word_1_159' title='bbox 3077 1091 3377 1159; x_wconf 83' lang='lat' dir='ltr'><strong>Exponam</strong></span> <span class='ocrx_word' id='word_1_160' title='bbox 3403 1096 3500 1145; x_wconf 88' lang='lat' dir='ltr'><strong>tua</strong></span> <span class='ocrx_word' id='word_1_161' title='bbox 3525 1089 3662 1153; x_wconf 87' lang='lat' dir='ltr'><strong>tibi;</strong></span> 
     </span>
    </p>
   </div>
   <div class='ocr_carea' id='block_1_23' title="bbox 1963 1179 2613 1248">
    <p class='ocr_par' dir='ltr' id='par_1_23' title="bbox 1963 1179 2613 1248">
     <span class='ocr_line' id='line_1_23' title="bbox 1963 1179 2613 1248; baseline -0.003 -13"><span class='ocrx_word' id='word_1_162' title='bbox 1963 1180 2192 1236; x_wconf 90' lang='lat' dir='ltr'><strong>interim</strong></span> <span class='ocrx_word' id='word_1_163' title='bbox 2223 1179 2269 1234; x_wconf 92' lang='lat' dir='ltr'><strong>si</strong></span> <span class='ocrx_word' id='word_1_164' title='bbox 2293 1180 2399 1246; x_wconf 85' lang='lat' dir='ltr'><strong>vis,</strong></span> <span class='ocrx_word' id='word_1_165' title='bbox 2435 1179 2613 1248; x_wconf 86' lang='lat' dir='ltr'><strong>garri.</strong></span> 
     </span>
    </p>
   </div>
   <div class='ocr_carea' id='block_1_24' title="bbox 2036 1268 3665 1336">
    <p class='ocr_par' dir='ltr' id='par_1_24' title="bbox 2036 1268 3665 1336">
     <span class='ocr_line' id='line_1_24' title="bbox 2036 1268 3665 1336; baseline -0.001 -15"><span class='ocrx_word' id='word_1_166' title='bbox 2036 1269 2184 1334; x_wconf 83' lang='lat' dir='ltr'><em>Quid</em></span> <span class='ocrx_word' id='word_1_167' title='bbox 2213 1271 2400 1322; x_wconf 84' lang='lat' dir='ltr'><strong>vinum</strong></span> <span class='ocrx_word' id='word_1_168' title='bbox 2433 1268 2712 1336; x_wconf 64' lang='lat' dir='ltr'><strong>laetiﬁcans</strong></span> <span class='ocrx_word' id='word_1_169' title='bbox 2736 1269 2899 1321; x_wconf 87' lang='lat' dir='ltr'><strong>Deum</strong></span> <span class='ocrx_word' id='word_1_170' title='bbox 2919 1271 2969 1320; x_wconf 89' lang='lat' dir='ltr'><strong>et</strong></span> <span class='ocrx_word' id='word_1_171' title='bbox 2992 1269 3250 1332; x_wconf 83' lang='lat' dir='ltr'><strong>homines,</strong></span> <span class='ocrx_word' id='word_1_172' title='bbox 3269 1282 3332 1320; x_wconf 88' lang='lat' dir='ltr'><strong>ac</strong></span> <span class='ocrx_word' id='word_1_173' title='bbox 3351 1268 3665 1336; x_wconf 79' lang='lat' dir='ltr'><strong>germinans</strong></span> 
     </span>
    </p>
   </div>
   <div class='ocr_carea' id='block_1_25' title="bbox 1961 1353 3661 1424">
    <p class='ocr_par' dir='ltr' id='par_1_25' title="bbox 1961 1353 3661 1424">
     <span class='ocr_line' id='line_1_25' title="bbox 1961 1353 3661 1424; baseline -0.002 -12"><span class='ocrx_word' id='word_1_174' title='bbox 1961 1360 2219 1423; x_wconf 83' lang='lat' dir='ltr'><strong>virgines.</strong></span> <span class='ocrx_word' id='word_1_175' title='bbox 2248 1387 2316 1395; x_wconf 93' lang='lat'><strong><em>—</em></strong></span> <span class='ocrx_word' id='word_1_176' title='bbox 2351 1355 2566 1412; x_wconf 86' lang='lat' dir='ltr'><strong>Vinum</strong></span> <span class='ocrx_word' id='word_1_177' title='bbox 2597 1355 2752 1424; x_wconf 89' lang='lat' dir='ltr'><strong>quod</strong></span> <span class='ocrx_word' id='word_1_178' title='bbox 2786 1355 3034 1410; x_wconf 73' lang='lat' dir='ltr'><strong>lzetiticat</strong></span> <span class='ocrx_word' id='word_1_179' title='bbox 3078 1355 3261 1410; x_wconf 88' lang='lat' dir='ltr'><strong>Deum</strong></span> <span class='ocrx_word' id='word_1_180' title='bbox 3293 1361 3349 1409; x_wconf 91' lang='lat' dir='ltr'><strong>et</strong></span> <span class='ocrx_word' id='word_1_181' title='bbox 3380 1353 3661 1415; x_wconf 86' lang='lat' dir='ltr'><strong>homines,</strong></span> 
     </span>
    </p>
   </div>
   <div class='ocr_carea' id='block_1_26' title="bbox 1963 1443 3664 1514">
    <p class='ocr_par' dir='ltr' id='par_1_26' title="bbox 1963 1443 3664 1514">
     <span class='ocr_line' id='line_1_26' title="bbox 1963 1443 3664 1514; baseline -0.002 -15"><span class='ocrx_word' id='word_1_182' title='bbox 1963 1444 2210 1514; x_wconf 91' lang='lat' dir='ltr'><strong>Spiritus</strong></span> <span class='ocrx_word' id='word_1_183' title='bbox 2260 1453 2495 1500; x_wconf 88' lang='lat' dir='ltr'><strong>sanctus</strong></span> <span class='ocrx_word' id='word_1_184' title='bbox 2539 1450 2622 1498; x_wconf 91' lang='lat' dir='ltr'><strong>est</strong></span> <span class='ocrx_word' id='word_1_185' title='bbox 2671 1444 2774 1513; x_wconf 92' lang='lat' dir='ltr'><strong>qui</strong></span> <span class='ocrx_word' id='word_1_186' title='bbox 2822 1444 3048 1498; x_wconf 90' lang='lat' dir='ltr'><strong>Patrem</strong></span> <span class='ocrx_word' id='word_1_187' title='bbox 3096 1443 3424 1512; x_wconf 86' lang='lat' dir='ltr'><strong>Filinmque</strong></span> <span class='ocrx_word' id='word_1_188' title='bbox 3469 1456 3664 1496; x_wconf 88' lang='lat' dir='ltr'><strong>amore</strong></span> 
     </span>
    </p>
   </div>
   <div class='ocr_carea' id='block_1_27' title="bbox 1961 1531 3662 1604">
    <p class='ocr_par' dir='ltr' id='par_1_27' title="bbox 1961 1531 3662 1604">
     <span class='ocr_line' id='line_1_27' title="bbox 1961 1531 3662 1604; baseline -0.002 -16"><span class='ocrx_word' id='word_1_189' title='bbox 1961 1533 2282 1604; x_wconf 86' lang='lat' dir='ltr'><strong>conjungit,</strong></span> <span class='ocrx_word' id='word_1_190' title='bbox 2329 1535 2560 1602; x_wconf 90' lang='lat' dir='ltr'><strong>Deoque</strong></span> <span class='ocrx_word' id='word_1_191' title='bbox 2599 1533 2902 1602; x_wconf 88' lang='lat' dir='ltr'><strong>subjungit</strong></span> <span class='ocrx_word' id='word_1_192' title='bbox 2945 1532 3222 1587; x_wconf 90' lang='lat' dir='ltr'><strong>homines.</strong></span> <span class='ocrx_word' id='word_1_193' title='bbox 3265 1531 3413 1596; x_wconf 90' lang='lat' dir='ltr'><strong>Quid</strong></span> <span class='ocrx_word' id='word_1_194' title='bbox 3468 1538 3662 1585; x_wconf 91' lang='lat' dir='ltr'><strong>autem</strong></span> 
     </span>
    </p>
   </div>
   <div class='ocr_carea' id='block_1_28' title="bbox 1961 1618 3661 1691">
    <p class='ocr_par' dir='ltr' id='par_1_28' title="bbox 1961 1618 3661 1691">
     <span class='ocr_line' id='line_1_28' title="bbox 1961 1618 3661 1691; baseline -0.003 -15"><span class='ocrx_word' id='word_1_195' title='bbox 1961 1633 2124 1676; x_wconf 90' lang='lat' dir='ltr'><strong>amor</strong></span> <span class='ocrx_word' id='word_1_196' title='bbox 2155 1621 2264 1676; x_wconf 89' lang='lat' dir='ltr'><strong>nisi</strong></span> <span class='ocrx_word' id='word_1_197' title='bbox 2296 1621 2572 1691; x_wconf 77' lang='lat' dir='ltr'><strong>gaudium</strong></span> <span class='ocrx_word' id='word_1_198' title='bbox 2596 1620 2623 1674; x_wconf 87' lang='lat'><strong>?</strong></span> <span class='ocrx_word' id='word_1_199' title='bbox 2657 1629 2710 1676; x_wconf 93' lang='lat' dir='ltr'><strong>et</strong></span> <span class='ocrx_word' id='word_1_200' title='bbox 2737 1621 2890 1690; x_wconf 92' lang='lat' dir='ltr'><strong>quod</strong></span> <span class='ocrx_word' id='word_1_201' title='bbox 2912 1620 3191 1690; x_wconf 85' lang='lat' dir='ltr'><strong>gaudium</strong></span> <span class='ocrx_word' id='word_1_202' title='bbox 3218 1619 3324 1674; x_wconf 91' lang='lat' dir='ltr'><strong>nisi</strong></span> <span class='ocrx_word' id='word_1_203' title='bbox 3349 1618 3406 1673; x_wconf 90' lang='lat' dir='ltr'><strong>in</strong></span> <span class='ocrx_word' id='word_1_204' title='bbox 3429 1618 3661 1674; x_wconf 82' lang='lat' dir='ltr'><strong>amore?</strong></span> 
     </span>
    </p>
   </div>
   <div class='ocr_carea' id='block_1_29' title="bbox 133 1708 3662 1805">
    <p class='ocr_par' dir='ltr' id='par_1_29' title="bbox 133 1708 3662 1805">
     <span class='ocr_line' id='line_1_29' title="bbox 133 1708 3662 1805; baseline -0.004 -30"><span class='ocrx_word' id='word_1_205' title='bbox 133 1719 497 1775; x_wconf 83' lang='lat' dir='ltr'><strong>verecundia</strong></span> <span class='ocrx_word' id='word_1_206' title='bbox 562 1719 749 1774; x_wconf 92' lang='lat' dir='ltr'><strong>nudos</strong></span> <span class='ocrx_word' id='word_1_207' title='bbox 832 1718 1108 1782; x_wconf 89' lang='lat' dir='ltr'><strong>incedere,</strong></span> <span class='ocrx_word' id='word_1_208' title='bbox 1188 1716 1309 1787; x_wconf 91' lang='lat' dir='ltr'><strong>qui,</strong></span> <span class='ocrx_word' id='word_1_209' title='bbox 1381 1716 1425 1771; x_wconf 93' lang='lat' dir='ltr'><strong>si</strong></span> <span class='ocrx_word' id='word_1_210' title='bbox 1496 1715 1849 1770; x_wconf 91' lang='lat' dir='ltr'><strong>titillationes</strong></span> <span class='ocrx_word' id='word_1_211' title='bbox 1890 1751 1930 1805; x_wconf 77' lang='grc' dir='ltr'>Β</span> <span class='ocrx_word' id='word_1_212' title='bbox 1961 1710 2068 1765; x_wconf 88' lang='lat' dir='ltr'><strong>hoc</strong></span> <span class='ocrx_word' id='word_1_213' title='bbox 2101 1709 2321 1776; x_wconf 90' lang='lat' dir='ltr'><strong>vinum,</strong></span> <span class='ocrx_word' id='word_1_214' title='bbox 2357 1711 2400 1764; x_wconf 90' lang='lat' dir='ltr'><strong>is</strong></span> <span class='ocrx_word' id='word_1_215' title='bbox 2421 1709 2632 1764; x_wconf 90' lang='lat' dir='ltr'><strong>scilicet</strong></span> <span class='ocrx_word' id='word_1_216' title='bbox 2653 1709 2970 1778; x_wconf 89' lang='lat' dir='ltr'><strong>spiritualis</strong></span> <span class='ocrx_word' id='word_1_217' title='bbox 2996 1709 3203 1775; x_wconf 86' lang='lat' dir='ltr'><strong>fervor,</strong></span> <span class='ocrx_word' id='word_1_218' title='bbox 3231 1708 3514 1778; x_wconf 88' lang='lat' dir='ltr'><strong>germinat</strong></span> <span class='ocrx_word' id='word_1_219' title='bbox 3536 1708 3662 1762; x_wconf 91' lang='lat' dir='ltr'><strong>vir—</strong></span> 
     </span>
    </p>
   </div>
   <div class='ocr_carea' id='block_1_30' title="bbox 133 1803 1850 1878">
    <p class='ocr_par' dir='ltr' id='par_1_30' title="bbox 133 1803 1850 1878">
     <span class='ocr_line' id='line_1_30' title="bbox 133 1803 1850 1878; baseline -0.002 -16"><span class='ocrx_word' id='word_1_220' title='bbox 133 1806 376 1878; x_wconf 87' lang='lat' dir='ltr'><strong>aliquas</strong></span> <span class='ocrx_word' id='word_1_221' title='bbox 416 1814 768 1876; x_wconf 89' lang='lat' dir='ltr'><strong>paterentur,</strong></span> <span class='ocrx_word' id='word_1_222' title='bbox 815 1815 916 1861; x_wconf 90' lang='lat' dir='ltr'><strong>aut</strong></span> <span class='ocrx_word' id='word_1_223' title='bbox 955 1806 1166 1874; x_wconf 91' lang='lat' dir='ltr'><strong>seipsos</strong></span> <span class='ocrx_word' id='word_1_224' title='bbox 1217 1805 1419 1874; x_wconf 86' lang='lat' dir='ltr'><strong>utique</strong></span> <span class='ocrx_word' id='word_1_225' title='bbox 1467 1811 1569 1859; x_wconf 85' lang='lat' dir='ltr'><strong>aut</strong></span> <span class='ocrx_word' id='word_1_226' title='bbox 1607 1818 1700 1859; x_wconf 91' lang='lat' dir='ltr'><strong>eos</strong></span> <span class='ocrx_word' id='word_1_227' title='bbox 1748 1803 1850 1872; x_wconf 90' lang='lat' dir='ltr'><strong>qui</strong></span> 
     </span>
    </p>
   </div>
   <div class='ocr_carea' id='block_1_31' title="bbox 135 1891 1850 1965">
    <p class='ocr_par' dir='ltr' id='par_1_31' title="bbox 135 1891 1850 1965">
     <span class='ocr_line' id='line_1_31' title="bbox 135 1891 1850 1965; baseline -0.002 -16"><span class='ocrx_word' id='word_1_228' title='bbox 135 1903 375 1965; x_wconf 83' lang='lat' dir='ltr'><strong>possent</strong></span> <span class='ocrx_word' id='word_1_229' title='bbox 431 1908 732 1950; x_wconf 91' lang='lat' dir='ltr'><strong>occurrere</strong></span> <span class='ocrx_word' id='word_1_230' title='bbox 776 1904 1133 1950; x_wconf 89' lang='lat' dir='ltr'><strong>vererentur.</strong></span> <span class='ocrx_word' id='word_1_231' title='bbox 1184 1894 1392 1948; x_wconf 89' lang='lat' dir='ltr'><strong>Beatus</strong></span> <span class='ocrx_word' id='word_1_232' title='bbox 1443 1906 1580 1962; x_wconf 90' lang='lat' dir='ltr'><strong>ergo</strong></span> <span class='ocrx_word' id='word_1_233' title='bbox 1629 1891 1850 1961; x_wconf 88' lang='lat' dir='ltr'><strong>primus</strong></span> 
     </span>
    </p>
   </div>
   <div class='ocr_carea' id='block_1_32' title="bbox 135 1981 1852 2055">
    <p class='ocr_par' dir='ltr' id='par_1_32' title="bbox 135 1981 1852 2055">
     <span class='ocr_line' id='line_1_32' title="bbox 135 1981 1852 2055; baseline -0.002 -16"><span class='ocrx_word' id='word_1_234' title='bbox 135 1985 470 2055; x_wconf 89' lang='lat' dir='ltr'><strong>primorum</strong></span> <span class='ocrx_word' id='word_1_235' title='bbox 519 1984 822 2039; x_wconf 89' lang='lat' dir='ltr'><strong>hominum</strong></span> <span class='ocrx_word' id='word_1_236' title='bbox 860 1991 1064 2038; x_wconf 91' lang='lat' dir='ltr'><strong>status.</strong></span> <span class='ocrx_word' id='word_1_237' title='bbox 1120 1983 1277 2038; x_wconf 79' lang='lat' dir='ltr'><strong>Felix</strong></span> <span class='ocrx_word' id='word_1_238' title='bbox 1311 1981 1482 2038; x_wconf 88' lang='lat' dir='ltr'><strong>etiam</strong></span> <span class='ocrx_word' id='word_1_239' title='bbox 1523 1982 1852 2052; x_wconf 86' lang='lat' dir='ltr'><strong>ignorantia</strong></span> 
     </span>
    </p>
   </div>
   <div class='ocr_carea' id='block_1_33' title="bbox 135 2070 1850 2144">
    <p class='ocr_par' dir='ltr' id='par_1_33' title="bbox 135 2070 1850 2144">
     <span class='ocr_line' id='line_1_33' title="bbox 135 2070 1850 2144; baseline -0.001 -16"><span class='ocrx_word' id='word_1_240' title='bbox 135 2073 548 2144; x_wconf 87' lang='lat' dir='ltr'><strong>parvulorum,</strong></span> <span class='ocrx_word' id='word_1_241' title='bbox 583 2074 722 2142; x_wconf 88' lang='lat' dir='ltr'><strong>quia</strong></span> <span class='ocrx_word' id='word_1_242' title='bbox 746 2073 884 2128; x_wconf 90' lang='lat' dir='ltr'><strong>dum</strong></span> <span class='ocrx_word' id='word_1_243' title='bbox 919 2071 1395 2140; x_wconf 82' lang='lat' dir='ltr'><strong>impassibilitatis</strong></span> <span class='ocrx_word' id='word_1_244' title='bbox 1427 2070 1714 2126; x_wconf 86' lang='lat' dir='ltr'><strong>moenibus</strong></span> <span class='ocrx_word' id='word_1_245' title='bbox 1740 2070 1850 2126; x_wconf 89' lang='lat' dir='ltr'><strong>cir-</strong></span> 
     </span>
    </p>
   </div>
   <div class='ocr_carea' id='block_1_34' title="bbox 135 2161 1365 2232">
    <p class='ocr_par' dir='ltr' id='par_1_34' title="bbox 135 2161 1365 2232">
     <span class='ocr_line' id='line_1_34' title="bbox 135 2161 1365 2232; baseline -0.005 -14"><span class='ocrx_word' id='word_1_246' title='bbox 135 2162 480 2227; x_wconf 90' lang='lat' dir='ltr'><strong>cumdatur,</strong></span> <span class='ocrx_word' id='word_1_247' title='bbox 503 2161 765 2232; x_wconf 89' lang='lat' dir='ltr'><strong>angelica</strong></span> <span class='ocrx_word' id='word_1_248' title='bbox 791 2161 1096 2216; x_wconf 89' lang='lat' dir='ltr'><strong>securitate</strong></span> <span class='ocrx_word' id='word_1_249' title='bbox 1121 2161 1365 2215; x_wconf 73' lang='lat' dir='ltr'><strong>laetatur.</strong></span> 
     </span>
    </p>
   </div>
   <div class='ocr_carea' id='block_1_35' title="bbox 221 2243 1849 2320">
    <p class='ocr_par' dir='ltr' id='par_1_35' title="bbox 221 2243 1849 2320">
     <span class='ocr_line' id='line_1_35' title="bbox 221 2243 1849 2320; baseline -0.002 -16"><span class='ocrx_word' id='word_1_250' title='bbox 221 2249 327 2304; x_wconf 88' lang='lat' dir='ltr'><strong>Sed</strong></span> <span class='ocrx_word' id='word_1_251' title='bbox 395 2251 777 2320; x_wconf 67' lang='lat' dir='ltr'><strong>quaerendum</strong></span> <span class='ocrx_word' id='word_1_252' title='bbox 834 2257 936 2315; x_wconf 91' lang='lat' dir='ltr'><strong>est,</strong></span> <span class='ocrx_word' id='word_1_253' title='bbox 1005 2243 1050 2304; x_wconf 72' lang='lat' dir='ltr'><strong>Si</strong></span> <span class='ocrx_word' id='word_1_254' title='bbox 1098 2247 1414 2304; x_wconf 89' lang='lat' dir='ltr'><strong>obediendo</strong></span> <span class='ocrx_word' id='word_1_255' title='bbox 1468 2247 1849 2315; x_wconf 90' lang='lat' dir='ltr'><strong>persisterent,</strong></span> 
     </span>
    </p>
   </div>
   <div class='ocr_carea' id='block_1_36' title="bbox 139 2335 1853 2407">
    <p class='ocr_par' dir='ltr' id='par_1_36' title="bbox 139 2335 1853 2407">
     <span class='ocr_line' id='line_1_36' title="bbox 139 2335 1853 2407; baseline -0.002 -14"><span class='ocrx_word' id='word_1_256' title='bbox 139 2345 351 2394; x_wconf 88' lang='lat' dir='ltr'><strong>utrum</strong></span> <span class='ocrx_word' id='word_1_257' title='bbox 395 2339 509 2393; x_wconf 91' lang='lat' dir='ltr'><strong>duo</strong></span> <span class='ocrx_word' id='word_1_258' title='bbox 548 2338 649 2393; x_wconf 91' lang='lat' dir='ltr'><strong>soli</strong></span> <span class='ocrx_word' id='word_1_259' title='bbox 693 2337 1025 2407; x_wconf 88' lang='lat' dir='ltr'><strong>paradisum</strong></span> <span class='ocrx_word' id='word_1_260' title='bbox 1071 2337 1403 2401; x_wconf 88' lang='lat' dir='ltr'><strong>incolerent,</strong></span> <span class='ocrx_word' id='word_1_261' title='bbox 1457 2349 1529 2390; x_wconf 94' lang='lat' dir='ltr'><strong>an</strong></span> <span class='ocrx_word' id='word_1_262' title='bbox 1561 2335 1631 2390; x_wconf 93' lang='lat' dir='ltr'><strong>de</strong></span> <span class='ocrx_word' id='word_1_263' title='bbox 1663 2343 1853 2404; x_wconf 88' lang='lat' dir='ltr'><strong>poste-</strong></span> 
     </span>
    </p>
   </div>
   <div class='ocr_carea' id='block_1_37' title="bbox 136 2424 1855 2495">
    <p class='ocr_par' dir='ltr' id='par_1_37' title="bbox 136 2424 1855 2495">
     <span class='ocr_line' id='line_1_37' title="bbox 136 2424 1855 2495; baseline -0.004 -13"><span class='ocrx_word' id='word_1_264' title='bbox 136 2426 337 2493; x_wconf 86' lang='lat' dir='ltr'><strong>ritate,</strong></span> <span class='ocrx_word' id='word_1_265' title='bbox 408 2426 520 2482; x_wconf 90' lang='lat' dir='ltr'><strong>imo</strong></span> <span class='ocrx_word' id='word_1_266' title='bbox 584 2427 652 2482; x_wconf 92' lang='lat' dir='ltr'><strong>de</strong></span> <span class='ocrx_word' id='word_1_267' title='bbox 705 2426 861 2495; x_wconf 91' lang='lat' dir='ltr'><strong>prole</strong></span> <span class='ocrx_word' id='word_1_268' title='bbox 901 2432 1185 2480; x_wconf 90' lang='lat' dir='ltr'><strong>curarent.</strong></span> <span class='ocrx_word' id='word_1_269' title='bbox 1244 2424 1544 2480; x_wconf 87' lang='lat' dir='ltr'><strong>Posteritas</strong></span> <span class='ocrx_word' id='word_1_270' title='bbox 1603 2435 1855 2492; x_wconf 86' lang='lat' dir='ltr'><strong>namque</strong></span> 
     </span>
    </p>
   </div>
   <div class='ocr_carea' id='block_1_38' title="bbox 138 2511 1857 2585">
    <p class='ocr_par' dir='ltr' id='par_1_38' title="bbox 138 2511 1857 2585">
     <span class='ocr_line' id='line_1_38' title="bbox 138 2511 1857 2585; baseline -0.003 -14"><span class='ocrx_word' id='word_1_271' title='bbox 138 2515 259 2571; x_wconf 90' lang='lat' dir='ltr'><strong>dici</strong></span> <span class='ocrx_word' id='word_1_272' title='bbox 301 2530 414 2570; x_wconf 91' lang='lat' dir='ltr'><strong>non</strong></span> <span class='ocrx_word' id='word_1_273' title='bbox 455 2523 654 2585; x_wconf 89' lang='lat' dir='ltr'><strong>potest,</strong></span> <span class='ocrx_word' id='word_1_274' title='bbox 697 2515 796 2570; x_wconf 90' lang='lat' dir='ltr'><strong>ubi</strong></span> <span class='ocrx_word' id='word_1_275' title='bbox 833 2515 1095 2570; x_wconf 90' lang='lat' dir='ltr'><strong>decessor</strong></span> <span class='ocrx_word' id='word_1_276' title='bbox 1140 2528 1255 2568; x_wconf 92' lang='lat' dir='ltr'><strong>non</strong></span> <span class='ocrx_word' id='word_1_277' title='bbox 1295 2523 1412 2581; x_wconf 88' lang='lat' dir='ltr'><strong>est;</strong></span> <span class='ocrx_word' id='word_1_278' title='bbox 1451 2513 1548 2568; x_wconf 91' lang='lat' dir='ltr'><strong>sed</strong></span> <span class='ocrx_word' id='word_1_279' title='bbox 1583 2511 1690 2566; x_wconf 90' lang='lat' dir='ltr'><strong>nisi</strong></span> <span class='ocrx_word' id='word_1_280' title='bbox 1732 2525 1857 2580; x_wconf 91' lang='lat' dir='ltr'><strong>pro-</strong></span> 
     </span>
    </p>
   </div>
   <div class='ocr_carea' id='block_1_39' title="bbox 138 2601 1854 2671">
    <p class='ocr_par' dir='ltr' id='par_1_39' title="bbox 138 2601 1854 2671">
     <span class='ocr_line' id='line_1_39' title="bbox 138 2601 1854 2671; baseline -0.003 -13"><span class='ocrx_word' id='word_1_281' title='bbox 138 2612 436 2668; x_wconf 89' lang='lat' dir='ltr'><strong>crearent,</strong></span> <span class='ocrx_word' id='word_1_282' title='bbox 485 2618 796 2659; x_wconf 90' lang='lat' dir='ltr'><strong>numerum</strong></span> <span class='ocrx_word' id='word_1_283' title='bbox 853 2618 968 2658; x_wconf 89' lang='lat' dir='ltr'><strong>non</strong></span> <span class='ocrx_word' id='word_1_284' title='bbox 1029 2603 1313 2671; x_wconf 87' lang='lat' dir='ltr'><strong>facerent;</strong></span> <span class='ocrx_word' id='word_1_285' title='bbox 1374 2601 1480 2656; x_wconf 92' lang='lat' dir='ltr'><strong>nisi</strong></span> <span class='ocrx_word' id='word_1_286' title='bbox 1543 2613 1854 2655; x_wconf 89' lang='lat' dir='ltr'><strong>numerum</strong></span> 
     </span>
    </p>
   </div>
   <div class='ocr_carea' id='block_1_40' title="bbox 139 2690 1852 2762">
    <p class='ocr_par' dir='ltr' id='par_1_40' title="bbox 139 2690 1852 2762">
     <span class='ocr_line' id='line_1_40' title="bbox 139 2690 1852 2762; baseline -0.004 -14"><span class='ocrx_word' id='word_1_287' title='bbox 139 2694 424 2758; x_wconf 88' lang='lat' dir='ltr'><strong>facerent,</strong></span> <span class='ocrx_word' id='word_1_288' title='bbox 458 2693 529 2747; x_wconf 91' lang='lat' dir='ltr'><strong>ad</strong></span> <span class='ocrx_word' id='word_1_289' title='bbox 558 2693 612 2747; x_wconf 91' lang='lat' dir='ltr'><strong>id</strong></span> <span class='ocrx_word' id='word_1_290' title='bbox 643 2707 743 2762; x_wconf 88' lang='lat' dir='ltr'><strong>pro</strong></span> <span class='ocrx_word' id='word_1_291' title='bbox 773 2707 888 2762; x_wconf 89' lang='lat' dir='ltr'><strong>quo</strong></span> <span class='ocrx_word' id='word_1_292' title='bbox 916 2692 1046 2748; x_wconf 84' lang='lat' dir='ltr'><strong>facti</strong></span> <span class='ocrx_word' id='word_1_293' title='bbox 1080 2692 1327 2757; x_wconf 91' lang='lat' dir='ltr'><strong>fuerant,</strong></span> <span class='ocrx_word' id='word_1_294' title='bbox 1361 2705 1474 2746; x_wconf 90' lang='lat' dir='ltr'><strong>non</strong></span> <span class='ocrx_word' id='word_1_295' title='bbox 1505 2690 1852 2745; x_wconf 83' lang='lat' dir='ltr'><strong>sufficerent.</strong></span> 
     </span>
    </p>
   </div>
   <div class='ocr_carea' id='block_1_41' title="bbox 138 2779 1854 2851">
    <p class='ocr_par' dir='ltr' id='par_1_41' title="bbox 138 2779 1854 2851">
     <span class='ocr_line' id='line_1_41' title="bbox 138 2779 1854 2851; baseline -0.002 -14"><span class='ocrx_word' id='word_1_296' title='bbox 138 2782 542 2837; x_wconf 85' lang='lat' dir='ltr'><strong>Tractandum</strong></span> <span class='ocrx_word' id='word_1_297' title='bbox 585 2781 765 2851; x_wconf 85' lang='lat' dir='ltr'><strong>igitur</strong></span> <span class='ocrx_word' id='word_1_298' title='bbox 801 2789 882 2837; x_wconf 91' lang='lat' dir='ltr'><strong>est</strong></span> <span class='ocrx_word' id='word_1_299' title='bbox 913 2796 1086 2851; x_wconf 90' lang='lat' dir='ltr'><strong>quem</strong></span> <span class='ocrx_word' id='word_1_300' title='bbox 1133 2782 1368 2836; x_wconf 90' lang='lat' dir='ltr'><strong>modum</strong></span> <span class='ocrx_word' id='word_1_301' title='bbox 1407 2779 1718 2845; x_wconf 82' lang='lat' dir='ltr'><strong>generandi</strong></span> <span class='ocrx_word' id='word_1_302' title='bbox 1755 2779 1854 2834; x_wconf 89' lang='lat' dir='ltr'><strong>ha-</strong></span> 
     </span>
    </p>
   </div>
   <div class='ocr_carea' id='block_1_42' title="bbox 141 2868 1857 2948">
    <p class='ocr_par' dir='ltr' id='par_1_42' title="bbox 141 2868 1857 2948">
     <span class='ocr_line' id='line_1_42' title="bbox 141 2868 1857 2948; baseline -0.002 -22"><span class='ocrx_word' id='word_1_303' title='bbox 141 2873 374 2938; x_wconf 84' lang='lat' dir='ltr'><strong>berent,</strong></span> <span class='ocrx_word' id='word_1_304' title='bbox 421 2885 552 2925; x_wconf 93' lang='lat' dir='ltr'><strong>cum</strong></span> <span class='ocrx_word' id='word_1_305' title='bbox 597 2871 740 2926; x_wconf 89' lang='lat' dir='ltr'><strong>alter</strong></span> <span class='ocrx_word' id='word_1_306' title='bbox 771 2870 1002 2948; x_wconf 61' lang='lat' dir='ltr'><strong>agendi,</strong></span> <span class='ocrx_word' id='word_1_307' title='bbox 1043 2871 1224 2925; x_wconf 89' lang='lat' dir='ltr'><strong>altera</strong></span> <span class='ocrx_word' id='word_1_308' title='bbox 1265 2870 1516 2939; x_wconf 90' lang='lat' dir='ltr'><strong>patiendi</strong></span> <span class='ocrx_word' id='word_1_309' title='bbox 1557 2868 1721 2924; x_wconf 86' lang='lat' dir='ltr'><strong>nulla</strong></span> <span class='ocrx_word' id='word_1_310' title='bbox 1754 2882 1857 2922; x_wconf 91' lang='lat' dir='ltr'><strong>un-</strong></span> 
     </span>
    </p>
   </div>
   <div class='ocr_carea' id='block_1_43' title="bbox 139 2954 1858 3026">
    <p class='ocr_par' dir='ltr' id='par_1_43' title="bbox 139 2954 1858 3026">
     <span class='ocr_line' id='line_1_43' title="bbox 139 2954 1858 3026; baseline -0.002 -14"><span class='ocrx_word' id='word_1_311' title='bbox 139 2971 335 3026; x_wconf 90' lang='lat' dir='ltr'><strong>quam</strong></span> <span class='ocrx_word' id='word_1_312' title='bbox 363 2955 653 3011; x_wconf 88' lang='lat' dir='ltr'><strong>incentiva</strong></span> <span class='ocrx_word' id='word_1_313' title='bbox 683 2956 977 3012; x_wconf 86' lang='lat' dir='ltr'><strong>sentirent.</strong></span> <span class='ocrx_word' id='word_1_314' title='bbox 1012 2955 1226 3011; x_wconf 87' lang='lat' dir='ltr'><strong>Peccati</strong></span> <span class='ocrx_word' id='word_1_315' title='bbox 1261 2955 1599 3010; x_wconf 89' lang='lat' dir='ltr'><strong>immunitas</strong></span> <span class='ocrx_word' id='word_1_316' title='bbox 1631 2954 1858 3009; x_wconf 92' lang='lat' dir='ltr'><strong>utrobi-</strong></span> 
     </span>
    </p>
   </div>
   <div class='ocr_carea' id='block_1_44' title="bbox 1963 1796 3657 1868">
    <p class='ocr_par' dir='ltr' id='par_1_44' title="bbox 1963 1796 3657 1868">
     <span class='ocr_line' id='line_1_44' title="bbox 1963 1796 3657 1868; baseline -0.001 -16"><span class='ocrx_word' id='word_1_317' title='bbox 1963 1799 2144 1868; x_wconf 88' lang='lat' dir='ltr'><strong>gines,</strong></span> <span class='ocrx_word' id='word_1_318' title='bbox 2179 1798 2321 1868; x_wconf 91' lang='lat' dir='ltr'><strong>quia</strong></span> <span class='ocrx_word' id='word_1_319' title='bbox 2351 1811 2655 1868; x_wconf 88' lang='lat' dir='ltr'><strong>nunquam</strong></span> <span class='ocrx_word' id='word_1_320' title='bbox 2685 1798 2791 1852; x_wconf 91' lang='lat' dir='ltr'><strong>nisi</strong></span> <span class='ocrx_word' id='word_1_321' title='bbox 2825 1812 2928 1867; x_wconf 90' lang='lat' dir='ltr'><strong>per</strong></span> <span class='ocrx_word' id='word_1_322' title='bbox 2959 1797 3198 1852; x_wconf 64' lang='lat' dir='ltr'><strong>caelestis</strong></span> <span class='ocrx_word' id='word_1_323' title='bbox 3238 1796 3528 1851; x_wconf 85' lang='lat' dir='ltr'><strong>flammam</strong></span> <span class='ocrx_word' id='word_1_324' title='bbox 3562 1797 3657 1851; x_wconf 83' lang='lat' dir='ltr'><strong>de-</strong></span> 
     </span>
    </p>
   </div>
   <div class='ocr_carea' id='block_1_45' title="bbox 1957 1885 3659 1957">
    <p class='ocr_par' dir='ltr' id='par_1_45' title="bbox 1957 1885 3659 1957">
     <span class='ocr_line' id='line_1_45' title="bbox 1957 1885 3659 1957; baseline -0.002 -15"><span class='ocrx_word' id='word_1_325' title='bbox 1957 1888 2152 1943; x_wconf 90' lang='lat' dir='ltr'><strong>siderii</strong></span> <span class='ocrx_word' id='word_1_326' title='bbox 2186 1887 2437 1957; x_wconf 87' lang='lat' dir='ltr'><strong>mitigari</strong></span> <span class='ocrx_word' id='word_1_327' title='bbox 2481 1894 2748 1956; x_wconf 90' lang='lat' dir='ltr'><strong>poterunt</strong></span> <span class='ocrx_word' id='word_1_328' title='bbox 2796 1886 2988 1942; x_wconf 91' lang='lat' dir='ltr'><strong>carnis</strong></span> <span class='ocrx_word' id='word_1_329' title='bbox 3031 1886 3285 1942; x_wconf 89' lang='lat' dir='ltr'><strong>ardores.</strong></span> <span class='ocrx_word' id='word_1_330' title='bbox 3321 1885 3374 1940; x_wconf 90' lang='lat' dir='ltr'><strong>Si</strong></span> <span class='ocrx_word' id='word_1_331' title='bbox 3415 1886 3519 1939; x_wconf 91' lang='lat' dir='ltr'><strong>hoc</strong></span> <span class='ocrx_word' id='word_1_332' title='bbox 3561 1885 3659 1940; x_wconf 90' lang='lat' dir='ltr'><strong>Dei</strong></span> 
     </span>
    </p>
   </div>
   <div class='ocr_carea' id='block_1_46' title="bbox 1961 1975 3657 2046">
    <p class='ocr_par' dir='ltr' id='par_1_46' title="bbox 1961 1975 3657 2046">
     <span class='ocr_line' id='line_1_46' title="bbox 1961 1975 3657 2046; baseline -0.002 -15"><span class='ocrx_word' id='word_1_333' title='bbox 1961 1977 2198 2038; x_wconf 91' lang='lat' dir='ltr'><strong>bonum,</strong></span> <span class='ocrx_word' id='word_1_334' title='bbox 2233 1977 2338 2031; x_wconf 94' lang='lat' dir='ltr'><strong>hoc</strong></span> <span class='ocrx_word' id='word_1_335' title='bbox 2366 1975 2675 2045; x_wconf 90' lang='lat' dir='ltr'><strong>pulchrum</strong></span> <span class='ocrx_word' id='word_1_336' title='bbox 2699 1976 2826 2046; x_wconf 89' lang='lat' dir='ltr'><strong>ejus</strong></span> <span class='ocrx_word' id='word_1_337' title='bbox 2854 1982 2958 2041; x_wconf 91' lang='lat' dir='ltr'><strong>est,</strong></span> <span class='ocrx_word' id='word_1_338' title='bbox 2988 1982 3051 2030; x_wconf 90' lang='lat' dir='ltr'><strong>ut</strong></span> <span class='ocrx_word' id='word_1_339' title='bbox 3090 1975 3234 2030; x_wconf 92' lang='lat' dir='ltr'><strong>nihil</strong></span> <span class='ocrx_word' id='word_1_340' title='bbox 3268 1988 3440 2044; x_wconf 88' lang='lat' dir='ltr'><strong>penes</strong></span> <span class='ocrx_word' id='word_1_341' title='bbox 3475 1975 3657 2029; x_wconf 91' lang='lat' dir='ltr'><strong>Deum</strong></span> 
     </span>
    </p>
   </div>
   <div class='ocr_carea' id='block_1_47' title="bbox 1959 2064 3658 2134">
    <p class='ocr_par' dir='ltr' id='par_1_47' title="bbox 1959 2064 3658 2134">
     <span class='ocr_line' id='line_1_47' title="bbox 1959 2064 3658 2134; baseline -0.001 -14"><span class='ocrx_word' id='word_1_342' title='bbox 1959 2065 2164 2120; x_wconf 91' lang='lat' dir='ltr'><strong>melius</strong></span> <span class='ocrx_word' id='word_1_343' title='bbox 2202 2064 2619 2134; x_wconf 87' lang='lat' dir='ltr'><strong>pulchriusque</strong></span> <span class='ocrx_word' id='word_1_344' title='bbox 2667 2072 2919 2133; x_wconf 91' lang='lat' dir='ltr'><strong>putetur.</strong></span> <span class='ocrx_word' id='word_1_345' title='bbox 2967 2064 3104 2129; x_wconf 84' lang='lat' dir='ltr'><strong>Quis</strong></span> <span class='ocrx_word' id='word_1_346' title='bbox 3151 2072 3236 2120; x_wconf 86' lang='lat' dir='ltr'><strong>est</strong></span> <span class='ocrx_word' id='word_1_347' title='bbox 3293 2065 3392 2134; x_wconf 89' lang='lat' dir='ltr'><strong>qui</strong></span> <span class='ocrx_word' id='word_1_348' title='bbox 3428 2065 3658 2119; x_wconf 91' lang='lat' dir='ltr'><strong>horrere</strong></span> 
     </span>
    </p>
   </div>
   <div class='ocr_carea' id='block_1_48' title="bbox 1961 2153 3657 2224">
    <p class='ocr_par' dir='ltr' id='par_1_48' title="bbox 1961 2153 3657 2224">
     <span class='ocr_line' id='line_1_48' title="bbox 1961 2153 3657 2224; baseline -0.002 -14"><span class='ocrx_word' id='word_1_349' title='bbox 1961 2155 2172 2210; x_wconf 91' lang='lat' dir='ltr'><strong>audeat</strong></span> <span class='ocrx_word' id='word_1_350' title='bbox 2202 2153 2444 2224; x_wconf 88' lang='lat' dir='ltr'><strong>virginis</strong></span> <span class='ocrx_word' id='word_1_351' title='bbox 2477 2153 2748 2208; x_wconf 86' lang='lat' dir='ltr'><strong>uterum?</strong></span> <span class='ocrx_word' id='word_1_352' title='bbox 2778 2155 2910 2223; x_wconf 90' lang='lat' dir='ltr'><strong>quis</strong></span> <span class='ocrx_word' id='word_1_353' title='bbox 2943 2153 3242 2224; x_wconf 89' lang='lat' dir='ltr'><strong>virginalis</strong></span> <span class='ocrx_word' id='word_1_354' title='bbox 3288 2161 3486 2222; x_wconf 89' lang='lat' dir='ltr'><strong>partus</strong></span> <span class='ocrx_word' id='word_1_355' title='bbox 3511 2166 3657 2208; x_wconf 88' lang='lat' dir='ltr'><strong>cau-</strong></span> 
     </span>
    </p>
   </div>
   <div class='ocr_carea' id='block_1_49' title="bbox 1961 2239 3654 2313">
    <p class='ocr_par' dir='ltr' id='par_1_49' title="bbox 1961 2239 3654 2313">
     <span class='ocr_line' id='line_1_49' title="bbox 1961 2239 3654 2313; baseline -0.003 -14"><span class='ocrx_word' id='word_1_356' title='bbox 1961 2251 2121 2299; x_wconf 88' lang='lat' dir='ltr'><strong>setur</strong></span> <span class='ocrx_word' id='word_1_357' title='bbox 2145 2243 2482 2313; x_wconf 84' lang='lat' dir='ltr'><strong>egressum?</strong></span> <span class='ocrx_word' id='word_1_358' title='bbox 2509 2242 2563 2297; x_wconf 93' lang='lat' dir='ltr'><strong>Si</strong></span> <span class='ocrx_word' id='word_1_359' title='bbox 2609 2242 2750 2297; x_wconf 91' lang='lat' dir='ltr'><strong>velis</strong></span> <span class='ocrx_word' id='word_1_360' title='bbox 2789 2243 2898 2297; x_wconf 91' lang='lat' dir='ltr'><strong>hoc</strong></span> <span class='ocrx_word' id='word_1_361' title='bbox 2937 2243 3008 2297; x_wconf 95' lang='lat' dir='ltr'><strong>ob</strong></span> <span class='ocrx_word' id='word_1_362' title='bbox 3054 2241 3349 2297; x_wconf 90' lang='lat' dir='ltr'><strong>naturales</strong></span> <span class='ocrx_word' id='word_1_363' title='bbox 3386 2239 3654 2297; x_wconf 89' lang='lat' dir='ltr'><strong>detestari</strong></span> 
     </span>
    </p>
   </div>
   <div class='ocr_carea' id='block_1_50' title="bbox 1965 2329 3666 2400">
    <p class='ocr_par' dir='ltr' id='par_1_50' title="bbox 1965 2329 3666 2400">
     <span class='ocr_line' id='line_1_50' title="bbox 1965 2329 3666 2400; baseline -0.002 -12"><span class='ocrx_word' id='word_1_364' title='bbox 1965 2339 2202 2397; x_wconf 89' lang='lat' dir='ltr'><strong>meatus,</strong></span> <span class='ocrx_word' id='word_1_365' title='bbox 2258 2345 2311 2396; x_wconf 93' lang='lat' dir='ltr'><strong>o,</strong></span> <span class='ocrx_word' id='word_1_366' title='bbox 2375 2329 2600 2400; x_wconf 89' lang='lat' dir='ltr'><strong>quoties</strong></span> <span class='ocrx_word' id='word_1_367' title='bbox 2648 2330 3002 2385; x_wconf 89' lang='lat' dir='ltr'><strong>hiremarum</strong></span> <span class='ocrx_word' id='word_1_368' title='bbox 3051 2331 3315 2386; x_wconf 85' lang='lat' dir='ltr'><strong>carnium</strong></span> <span class='ocrx_word' id='word_1_369' title='bbox 3371 2330 3666 2399; x_wconf 88' lang='lat' dir='ltr'><strong>pridianas</strong></span> 
     </span>
    </p>
   </div>
   <div class='ocr_carea' id='block_1_51' title="bbox 1963 2418 3666 2489">
    <p class='ocr_par' dir='ltr' id='par_1_51' title="bbox 1963 2418 3666 2489">
     <span class='ocr_line' id='line_1_51' title="bbox 1963 2418 3666 2489; baseline -0.003 -13"><span class='ocrx_word' id='word_1_370' title='bbox 1963 2420 2232 2489; x_wconf 88' lang='lat' dir='ltr'><strong>crapulas</strong></span> <span class='ocrx_word' id='word_1_371' title='bbox 2285 2433 2382 2474; x_wconf 90' lang='lat' dir='ltr'><strong>ore</strong></span> <span class='ocrx_word' id='word_1_372' title='bbox 2432 2418 2800 2474; x_wconf 86' lang='lat' dir='ltr'><strong>fetentissimo</strong></span> <span class='ocrx_word' id='word_1_373' title='bbox 2844 2419 3158 2475; x_wconf 78' lang='lat' dir='ltr'><strong>vomuisti?</strong></span> <span class='ocrx_word' id='word_1_374' title='bbox 3202 2419 3434 2486; x_wconf 87' lang='lat' dir='ltr'><strong>Quoties</strong></span> <span class='ocrx_word' id='word_1_375' title='bbox 3491 2425 3666 2474; x_wconf 91' lang='lat' dir='ltr'><strong>tetros</strong></span> 
     </span>
    </p>
   </div>
   <div class='ocr_carea' id='block_1_52' title="bbox 1963 2507 3668 2578">
    <p class='ocr_par' dir='ltr' id='par_1_52' title="bbox 1963 2507 3668 2578">
     <span class='ocr_line' id='line_1_52' title="bbox 1963 2507 3668 2578; baseline -0.002 -14"><span class='ocrx_word' id='word_1_376' title='bbox 1963 2510 2230 2573; x_wconf 86' lang='lat' dir='ltr'><strong>vomices,</strong></span> <span class='ocrx_word' id='word_1_377' title='bbox 2287 2515 2342 2563; x_wconf 91' lang='lat' dir='ltr'><strong>et</strong></span> <span class='ocrx_word' id='word_1_378' title='bbox 2390 2507 2757 2563; x_wconf 87' lang='lat' dir='ltr'><strong>horribiliora</strong></span> <span class='ocrx_word' id='word_1_379' title='bbox 2798 2507 3086 2578; x_wconf 87' lang='lat' dir='ltr'><strong>ﬂegmata,</strong></span> <span class='ocrx_word' id='word_1_380' title='bbox 3135 2522 3313 2578; x_wconf 89' lang='lat' dir='ltr'><strong>quam</strong></span> <span class='ocrx_word' id='word_1_381' title='bbox 3361 2507 3432 2563; x_wconf 91' lang='lat' dir='ltr'><strong>sit</strong></span> <span class='ocrx_word' id='word_1_382' title='bbox 3478 2507 3668 2576; x_wconf 91' lang='lat' dir='ltr'><strong>liquor</strong></span> 
     </span>
    </p>
   </div>
   <div class='ocr_carea' id='block_1_53' title="bbox 1966 2595 3666 2666">
    <p class='ocr_par' dir='ltr' id='par_1_53' title="bbox 1966 2595 3666 2666">
     <span class='ocr_line' id='line_1_53' title="bbox 1966 2595 3666 2666; baseline -0.001 -16"><span class='ocrx_word' id='word_1_383' title='bbox 1966 2597 2078 2662; x_wconf 91' lang='lat' dir='ltr'><strong>ille,</strong></span> <span class='ocrx_word' id='word_1_384' title='bbox 2123 2595 2350 2666; x_wconf 81' lang='lat' dir='ltr'><strong>jecisti‘?</strong></span> <span class='ocrx_word' id='word_1_385' title='bbox 2397 2595 2600 2650; x_wconf 90' lang='lat' dir='ltr'><strong>Sensui</strong></span> <span class='ocrx_word' id='word_1_386' title='bbox 2649 2603 2750 2650; x_wconf 91' lang='lat' dir='ltr'><strong>tuo</strong></span> <span class='ocrx_word' id='word_1_387' title='bbox 2789 2595 3121 2664; x_wconf 87' lang='lat' dir='ltr'><strong>respondeo.</strong></span> <span class='ocrx_word' id='word_1_388' title='bbox 3178 2596 3251 2651; x_wconf 87' lang='lat' dir='ltr'><strong>At</strong></span> <span class='ocrx_word' id='word_1_389' title='bbox 3301 2595 3414 2650; x_wconf 92' lang='lat' dir='ltr'><strong>Deo</strong></span> <span class='ocrx_word' id='word_1_390' title='bbox 3462 2595 3666 2650; x_wconf 91' lang='lat' dir='ltr'><strong>talium</strong></span> 
     </span>
    </p>
   </div>
   <div class='ocr_carea' id='block_1_54' title="bbox 1965 2685 3332 2754">
    <p class='ocr_par' dir='ltr' id='par_1_54' title="bbox 1965 2685 3332 2754">
     <span class='ocr_line' id='line_1_54' title="bbox 1965 2685 3332 2754; baseline -0.002 -14"><span class='ocrx_word' id='word_1_391' title='bbox 1965 2685 2182 2740; x_wconf 89' lang='lat' dir='ltr'><strong>auctori</strong></span> <span class='ocrx_word' id='word_1_392' title='bbox 2211 2685 2356 2740; x_wconf 89' lang='lat' dir='ltr'><strong>nihil</strong></span> <span class='ocrx_word' id='word_1_393' title='bbox 2389 2685 2668 2740; x_wconf 89' lang='lat' dir='ltr'><strong>dedecens</strong></span> <span class='ocrx_word' id='word_1_394' title='bbox 2700 2692 2906 2754; x_wconf 67' lang='lat' dir='ltr'><strong>praeter</strong></span> <span class='ocrx_word' id='word_1_395' title='bbox 2937 2692 3169 2754; x_wconf 89' lang='lat' dir='ltr'><strong>peccata</strong></span> <span class='ocrx_word' id='word_1_396' title='bbox 3196 2685 3332 2740; x_wconf 91' lang='lat' dir='ltr'><strong>seio.</strong></span> 
     </span>
    </p>
   </div>
   <div class='ocr_carea' id='block_1_55' title="bbox 2039 2772 3667 2840">
    <p class='ocr_par' dir='ltr' id='par_1_55' title="bbox 2039 2772 3667 2840">
     <span class='ocr_line' id='line_1_55' title="bbox 2039 2772 3667 2840; baseline -0.001 -13"><span class='ocrx_word' id='word_1_397' title='bbox 2039 2774 2197 2839; x_wconf 83' lang='lat' dir='ltr'><strong>Quod</strong></span> <span class='ocrx_word' id='word_1_398' title='bbox 2259 2776 2394 2826; x_wconf 88' lang='lat' dir='ltr'><strong>Deus</strong></span> <span class='ocrx_word' id='word_1_399' title='bbox 2445 2774 2654 2826; x_wconf 84' lang='lat' dir='ltr'><strong>nullam</strong></span> <span class='ocrx_word' id='word_1_400' title='bbox 2693 2775 2751 2826; x_wconf 86' lang='lat' dir='ltr'><strong>in</strong></span> <span class='ocrx_word' id='word_1_401' title='bbox 2806 2778 2958 2827; x_wconf 87' lang='lat' dir='ltr'><strong>utero</strong></span> <span class='ocrx_word' id='word_1_402' title='bbox 3014 2775 3255 2840; x_wconf 81' lang='lat' dir='ltr'><strong>Virginis</strong></span> <span class='ocrx_word' id='word_1_403' title='bbox 3309 2772 3485 2827; x_wconf 88' lang='lat' dir='ltr'><strong>tabem</strong></span> <span class='ocrx_word' id='word_1_404' title='bbox 3535 2787 3667 2827; x_wconf 84' lang='lat' dir='ltr'><strong>con-</strong></span> 
     </span>
    </p>
   </div>
   <div class='ocr_carea' id='block_1_56' title="bbox 1967 2861 3665 2932">
    <p class='ocr_par' dir='ltr' id='par_1_56' title="bbox 1967 2861 3665 2932">
     <span class='ocr_line' id='line_1_56' title="bbox 1967 2861 3665 2932; baseline -0.001 -15"><span class='ocrx_word' id='word_1_405' title='bbox 1967 2865 2224 2917; x_wconf 67' lang='lat' dir='ltr'><strong>traxerit.</strong></span> <span class='ocrx_word' id='word_1_406' title='bbox 2255 2893 2323 2900; x_wconf 98' lang='lat'><strong>—</strong></span> <span class='ocrx_word' id='word_1_407' title='bbox 2346 2861 2534 2915; x_wconf 88' lang='lat' dir='ltr'><strong>Habes</strong></span> <span class='ocrx_word' id='word_1_408' title='bbox 2567 2875 2705 2931; x_wconf 87' lang='lat' dir='ltr'><strong>ergo</strong></span> <span class='ocrx_word' id='word_1_409' title='bbox 2739 2861 2795 2916; x_wconf 94' lang='lat' dir='ltr'><strong>in</strong></span> <span class='ocrx_word' id='word_1_410' title='bbox 2828 2861 3026 2932; x_wconf 90' lang='lat' dir='ltr'><strong>primis</strong></span> <span class='ocrx_word' id='word_1_411' title='bbox 3058 2862 3396 2932; x_wconf 89' lang='lat' dir='ltr'><strong>parentibus</strong></span> <span class='ocrx_word' id='word_1_412' title='bbox 3422 2861 3665 2917; x_wconf 91' lang='lat' dir='ltr'><strong>formam</strong></span> 
     </span>
    </p>
   </div>
   <div class='ocr_carea' id='block_1_57' title="bbox 1969 2949 3668 3021">
    <p class='ocr_par' dir='ltr' id='par_1_57' title="bbox 1969 2949 3668 3021">
     <span class='ocr_line' id='line_1_57' title="bbox 1969 2949 3668 3021; baseline -0.002 -14"><span class='ocrx_word' id='word_1_413' title='bbox 1969 2950 2397 3021; x_wconf 90' lang='lat' dir='ltr'><strong>impassibiliter</strong></span> <span class='ocrx_word' id='word_1_414' title='bbox 2409 2949 2927 3020; x_wconf 90' lang='lat' dir='ltr'><strong>generandi,quam</strong></span> <span class='ocrx_word' id='word_1_415' title='bbox 2944 2951 3076 3020; x_wconf 87' lang='lat' dir='ltr'><strong>quis</strong></span> <span class='ocrx_word' id='word_1_416' title='bbox 3093 2949 3219 3020; x_wconf 83' lang='lat' dir='ltr'><strong>[/.,q</strong></span> <span class='ocrx_word' id='word_1_417' title='bbox 3232 2951 3583 3021; x_wconf 78' lang='lat' dir='ltr'><strong>uamvisjqui</strong></span> <span class='ocrx_word' id='word_1_418' title='bbox 3597 2950 3668 3005; x_wconf 90' lang='lat' dir='ltr'><strong>ad</strong></span> 
     </span>
    </p>
   </div>
   <div class='ocr_carea' id='block_1_58' title="bbox 140 3039 3669 3115">
    <p class='ocr_par' dir='ltr' id='par_1_58' title="bbox 140 3039 3669 3115">
     <span class='ocr_line' id='line_1_58' title="bbox 140 3039 3669 3115; baseline -0.002 -15"><span class='ocrx_word' id='word_1_419' title='bbox 140 3060 268 3115; x_wconf 90' lang='lat' dir='ltr'><strong>que</strong></span> <span class='ocrx_word' id='word_1_420' title='bbox 303 3045 652 3100; x_wconf 89' lang='lat' dir='ltr'><strong>constiterat.</strong></span> <span class='ocrx_word' id='word_1_421' title='bbox 689 3046 990 3100; x_wconf 87' lang='lat' dir='ltr'><strong>Peccatum</strong></span> <span class='ocrx_word' id='word_1_422' title='bbox 1017 3053 1210 3100; x_wconf 89' lang='lat' dir='ltr'><strong>autem</strong></span> <span class='ocrx_word' id='word_1_423' title='bbox 1241 3043 1707 3112; x_wconf 88' lang='lat' dir='ltr'><strong>concupiscentia</strong></span> <span class='ocrx_word' id='word_1_424' title='bbox 1752 3050 1855 3098; x_wconf 91' lang='lat' dir='ltr'><strong>est.</strong></span> <span class='ocrx_word' id='word_1_425' title='bbox 1899 3047 1939 3102; x_wconf 88' lang='lat' dir='ltr'><strong>C</strong></span> <span class='ocrx_word' id='word_1_426' title='bbox 1965 3040 2232 3096; x_wconf 71' lang='lat' dir='ltr'><strong>effectum</strong></span> <span class='ocrx_word' id='word_1_427' title='bbox 2270 3039 2480 3094; x_wconf 90' lang='lat' dir='ltr'><strong>ducere</strong></span> <span class='ocrx_word' id='word_1_428' title='bbox 2531 3045 2770 3106; x_wconf 89' lang='lat' dir='ltr'><strong>poterat,</strong></span> <span class='ocrx_word' id='word_1_429' title='bbox 2817 3039 2862 3093; x_wconf 90' lang='lat' dir='ltr'><strong>si</strong></span> <span class='ocrx_word' id='word_1_430' title='bbox 2905 3046 3388 3107; x_wconf 86' lang='lat' dir='ltr'><strong>perseverassent,</strong></span> <span class='ocrx_word' id='word_1_431' title='bbox 3430 3039 3488 3094; x_wconf 93' lang='lat' dir='ltr'><strong>in</strong></span> <span class='ocrx_word' id='word_1_432' title='bbox 3538 3053 3669 3108; x_wconf 91' lang='lat' dir='ltr'><strong>pro-</strong></span> 
     </span>
    </p>
   </div>
   <div class='ocr_carea' id='block_1_59' title="bbox 137 3132 1859 3202">
    <p class='ocr_par' dir='ltr' id='par_1_59' title="bbox 137 3132 1859 3202">
     <span class='ocr_line' id='line_1_59' title="bbox 137 3132 1859 3202; baseline -0.002 -13"><span class='ocrx_word' id='word_1_433' title='bbox 137 3135 313 3201; x_wconf 89' lang='lat' dir='ltr'><strong>Quod</strong></span> <span class='ocrx_word' id='word_1_434' title='bbox 358 3135 404 3188; x_wconf 89' lang='lat' dir='ltr'><strong>si</strong></span> <span class='ocrx_word' id='word_1_435' title='bbox 449 3135 574 3188; x_wconf 91' lang='lat' dir='ltr'><strong>sine</strong></span> <span class='ocrx_word' id='word_1_436' title='bbox 614 3134 1096 3202; x_wconf 89' lang='lat' dir='ltr'><strong>concupiscentia,</strong></span> <span class='ocrx_word' id='word_1_437' title='bbox 1151 3148 1280 3188; x_wconf 92' lang='lat' dir='ltr'><strong>cum</strong></span> <span class='ocrx_word' id='word_1_438' title='bbox 1319 3141 1373 3187; x_wconf 91' lang='lat' dir='ltr'><strong>et</strong></span> <span class='ocrx_word' id='word_1_439' title='bbox 1413 3140 1618 3187; x_wconf 65' lang='lat' dir='ltr'><strong>cietera</strong></span> <span class='ocrx_word' id='word_1_440' title='bbox 1665 3132 1859 3186; x_wconf 88' lang='lat' dir='ltr'><strong>omnia</strong></span> 
     </span>
    </p>
   </div>
   <div class='ocr_carea' id='block_1_60' title="bbox 140 3219 1857 3289">
    <p class='ocr_par' dir='ltr' id='par_1_60' title="bbox 140 3219 1857 3289">
     <span class='ocr_line' id='line_1_60' title="bbox 140 3219 1857 3289; baseline -0.002 -11"><span class='ocrx_word' id='word_1_441' title='bbox 140 3223 308 3278; x_wconf 89' lang='lat' dir='ltr'><strong>mala</strong></span> <span class='ocrx_word' id='word_1_442' title='bbox 355 3229 647 3289; x_wconf 86' lang='lat' dir='ltr'><strong>vacarent,</strong></span> <span class='ocrx_word' id='word_1_443' title='bbox 697 3222 894 3289; x_wconf 89' lang='lat' dir='ltr'><strong>miror,</strong></span> <span class='ocrx_word' id='word_1_444' title='bbox 949 3223 1041 3277; x_wconf 91' lang='lat' dir='ltr'><strong>sed</strong></span> <span class='ocrx_word' id='word_1_445' title='bbox 1093 3221 1331 3277; x_wconf 84' lang='lat' dir='ltr'><strong>delinire</strong></span> <span class='ocrx_word' id='word_1_446' title='bbox 1380 3235 1492 3275; x_wconf 93' lang='lat' dir='ltr'><strong>non</strong></span> <span class='ocrx_word' id='word_1_447' title='bbox 1553 3220 1758 3285; x_wconf 90' lang='lat' dir='ltr'><strong>audeo,</strong></span> <span class='ocrx_word' id='word_1_448' title='bbox 1811 3219 1857 3274; x_wconf 94' lang='lat' dir='ltr'><strong>si</strong></span> 
     </span>
    </p>
   </div>
   <div class='ocr_carea' id='block_1_61' title="bbox 141 3309 1860 3382">
    <p class='ocr_par' dir='ltr' id='par_1_61' title="bbox 141 3309 1860 3382">
     <span class='ocr_line' id='line_1_61' title="bbox 141 3309 1860 3382; baseline -0.002 -15"><span class='ocrx_word' id='word_1_449' title='bbox 141 3327 267 3367; x_wconf 90' lang='lat' dir='ltr'><strong>non</strong></span> <span class='ocrx_word' id='word_1_450' title='bbox 299 3319 356 3367; x_wconf 92' lang='lat' dir='ltr'><strong>et</strong></span> <span class='ocrx_word' id='word_1_451' title='bbox 379 3312 684 3382; x_wconf 90' lang='lat' dir='ltr'><strong>utriusque</strong></span> <span class='ocrx_word' id='word_1_452' title='bbox 715 3312 1020 3380; x_wconf 85' lang='lat' dir='ltr'><strong>virginitas</strong></span> <span class='ocrx_word' id='word_1_453' title='bbox 1048 3311 1332 3365; x_wconf 90' lang='lat' dir='ltr'><strong>indemnis</strong></span> <span class='ocrx_word' id='word_1_454' title='bbox 1355 3310 1515 3364; x_wconf 83' lang='lat' dir='ltr'><strong>foret.</strong></span> <span class='ocrx_word' id='word_1_455' title='bbox 1543 3309 1860 3378; x_wconf 88' lang='lat' dir='ltr'><strong>Virginitas</strong></span> 
     </span>
    </p>
   </div>
   <div class='ocr_carea' id='block_1_62' title="bbox 140 3397 1856 3468">
    <p class='ocr_par' dir='ltr' id='par_1_62' title="bbox 140 3397 1856 3468">
     <span class='ocr_line' id='line_1_62' title="bbox 140 3397 1856 3468; baseline -0.002 -13"><span class='ocrx_word' id='word_1_456' title='bbox 140 3401 305 3456; x_wconf 91' lang='lat' dir='ltr'><strong>enim</strong></span> <span class='ocrx_word' id='word_1_457' title='bbox 336 3400 551 3456; x_wconf 89' lang='lat' dir='ltr'><strong>bonum</strong></span> <span class='ocrx_word' id='word_1_458' title='bbox 584 3407 704 3454; x_wconf 86' lang='lat' dir='ltr'><strong>est:</strong></span> <span class='ocrx_word' id='word_1_459' title='bbox 739 3400 1126 3468; x_wconf 82' lang='lat' dir='ltr'><strong>virginitatem</strong></span> <span class='ocrx_word' id='word_1_460' title='bbox 1153 3399 1332 3468; x_wconf 85' lang='lat' dir='ltr'><strong>igitur</strong></span> <span class='ocrx_word' id='word_1_461' title='bbox 1353 3398 1611 3467; x_wconf 88' lang='lat' dir='ltr'><strong>deperire</strong></span> <span class='ocrx_word' id='word_1_462' title='bbox 1642 3397 1856 3452; x_wconf 90' lang='lat' dir='ltr'><strong>malum</strong></span> 
     </span>
    </p>
   </div>
   <div class='ocr_carea' id='block_1_63' title="bbox 144 3485 1853 3558">
    <p class='ocr_par' dir='ltr' id='par_1_63' title="bbox 144 3485 1853 3558">
     <span class='ocr_line' id='line_1_63' title="bbox 144 3485 1853 3558; baseline -0.003 -13"><span class='ocrx_word' id='word_1_463' title='bbox 144 3497 324 3546; x_wconf 86' lang='lat' dir='ltr'><strong>esset.</strong></span> <span class='ocrx_word' id='word_1_464' title='bbox 371 3490 506 3545; x_wconf 88' lang='lat' dir='ltr'><strong>Jesu</strong></span> <span class='ocrx_word' id='word_1_465' title='bbox 559 3488 740 3544; x_wconf 90' lang='lat' dir='ltr'><strong>bone!</strong></span> <span class='ocrx_word' id='word_1_466' title='bbox 787 3489 913 3544; x_wconf 89' lang='lat' dir='ltr'><strong>licet</strong></span> <span class='ocrx_word' id='word_1_467' title='bbox 954 3488 1175 3558; x_wconf 89' lang='lat' dir='ltr'><strong>majora</strong></span> <span class='ocrx_word' id='word_1_468' title='bbox 1220 3501 1316 3556; x_wconf 85' lang='lat' dir='ltr'><strong>per</strong></span> <span class='ocrx_word' id='word_1_469' title='bbox 1362 3494 1412 3541; x_wconf 91' lang='lat' dir='ltr'><strong>te</strong></span> <span class='ocrx_word' id='word_1_470' title='bbox 1450 3485 1853 3552; x_wconf 91' lang='lat' dir='ltr'><strong>meruerimus,</strong></span> 
     </span>
    </p>
   </div>
   <div class='ocr_carea' id='block_1_64' title="bbox 143 3573 1858 3648">
    <p class='ocr_par' dir='ltr' id='par_1_64' title="bbox 143 3573 1858 3648">
     <span class='ocr_line' id='line_1_64' title="bbox 143 3573 1858 3648; baseline -0.003 -16"><span class='ocrx_word' id='word_1_471' title='bbox 143 3577 294 3648; x_wconf 90' lang='lat' dir='ltr'><strong>quid</strong></span> <span class='ocrx_word' id='word_1_472' title='bbox 322 3577 641 3643; x_wconf 66' lang='lat' dir='ltr'><strong>munditiae,</strong></span> <span class='ocrx_word' id='word_1_473' title='bbox 674 3576 814 3646; x_wconf 92' lang='lat' dir='ltr'><strong>quid</strong></span> <span class='ocrx_word' id='word_1_474' title='bbox 848 3574 1284 3645; x_wconf 88' lang='lat' dir='ltr'><strong>tranquillitatis</strong></span> <span class='ocrx_word' id='word_1_475' title='bbox 1313 3573 1368 3627; x_wconf 92' lang='lat' dir='ltr'><strong>in</strong></span> <span class='ocrx_word' id='word_1_476' title='bbox 1407 3575 1592 3643; x_wconf 91' lang='lat' dir='ltr'><strong>primo</strong></span> <span class='ocrx_word' id='word_1_477' title='bbox 1623 3580 1858 3643; x_wconf 89' lang='lat' dir='ltr'><strong>parente</strong></span> 
     </span>
    </p>
   </div>
   <div class='ocr_carea' id='block_1_65' title="bbox 148 3666 553 3736">
    <p class='ocr_par' dir='ltr' id='par_1_65' title="bbox 148 3666 553 3736">
     <span class='ocr_line' id='line_1_65' title="bbox 148 3666 553 3736; baseline -0.007 -15"><span class='ocrx_word' id='word_1_478' title='bbox 148 3666 553 3736; x_wconf 86' lang='lat' dir='ltr'><strong>perdidimus?</strong></span> 
     </span>
    </p>
   </div>
   <div class='ocr_carea' id='block_1_66' title="bbox 229 3755 1856 3824">
    <p class='ocr_par' dir='ltr' id='par_1_66' title="bbox 229 3755 1856 3824">
     <span class='ocr_line' id='line_1_66' title="bbox 229 3755 1856 3824; baseline -0.004 -15"><span class='ocrx_word' id='word_1_479' title='bbox 229 3757 551 3824; x_wconf 84' lang='lat' dir='ltr'><strong>Voluptates</strong></span> <span class='ocrx_word' id='word_1_480' title='bbox 620 3755 963 3822; x_wconf 73' lang='lat' dir='ltr'><strong>virginitatis</strong></span> <span class='ocrx_word' id='word_1_481' title='bbox 1028 3755 1283 3820; x_wconf 84' lang='lat' dir='ltr'><strong>ingerunt</strong></span> <span class='ocrx_word' id='word_1_482' title='bbox 1343 3755 1721 3820; x_wconf 86' lang='lat' dir='ltr'><strong>contemptum.</strong></span> <span class='ocrx_word' id='word_1_483' title='bbox 1788 3780 1856 3787; x_wconf 93' lang='lat'><strong>——</strong></span> 
     </span>
    </p>
   </div>
   <div class='ocr_carea' id='block_1_67' title="bbox 143 3837 1857 3912">
    <p class='ocr_par' dir='ltr' id='par_1_67' title="bbox 143 3837 1857 3912">
     <span class='ocr_line' id='line_1_67' title="bbox 143 3837 1857 3912; baseline -0.004 -14"><span class='ocrx_word' id='word_1_484' title='bbox 143 3845 423 3900; x_wconf 85' lang='lat' dir='ltr'><strong>Jactitant</strong></span> <span class='ocrx_word' id='word_1_485' title='bbox 491 3843 687 3912; x_wconf 89' lang='lat' dir='ltr'><strong>itaque</strong></span> <span class='ocrx_word' id='word_1_486' title='bbox 752 3843 994 3897; x_wconf 90' lang='lat' dir='ltr'><strong>sordidis</strong></span> <span class='ocrx_word' id='word_1_487' title='bbox 1078 3842 1320 3897; x_wconf 90' lang='lat' dir='ltr'><strong>rictibus</strong></span> <span class='ocrx_word' id='word_1_488' title='bbox 1387 3841 1574 3896; x_wconf 89' lang='lat' dir='ltr'><strong>hostes</strong></span> <span class='ocrx_word' id='word_1_489' title='bbox 1641 3837 1857 3894; x_wconf 61' lang='lat' dir='ltr'><strong>deiﬁcte</strong></span> 
     </span>
    </p>
   </div>
   <div class='ocr_carea' id='block_1_68' title="bbox 145 3930 1856 4000">
    <p class='ocr_par' dir='ltr' id='par_1_68' title="bbox 145 3930 1856 4000">
     <span class='ocr_line' id='line_1_68' title="bbox 145 3930 1856 4000; baseline -0.004 -14"><span class='ocrx_word' id='word_1_490' title='bbox 145 3931 472 3986; x_wconf 87' lang='lat' dir='ltr'><strong>nativitatis</strong></span> <span class='ocrx_word' id='word_1_491' title='bbox 500 3931 675 3986; x_wconf 88' lang='lat' dir='ltr'><strong>verba</strong></span> <span class='ocrx_word' id='word_1_492' title='bbox 722 3930 1001 4000; x_wconf 90' lang='lat' dir='ltr'><strong>putentia.</strong></span> <span class='ocrx_word' id='word_1_493' title='bbox 1052 3930 1270 3994; x_wconf 91' lang='lat' dir='ltr'><strong>Dicam,</strong></span> <span class='ocrx_word' id='word_1_494' title='bbox 1313 3937 1368 3984; x_wconf 89' lang='lat' dir='ltr'><strong>et</strong></span> <span class='ocrx_word' id='word_1_495' title='bbox 1407 3935 1665 3983; x_wconf 90' lang='lat' dir='ltr'><strong>astruam</strong></span> <span class='ocrx_word' id='word_1_496' title='bbox 1707 3932 1856 3981; x_wconf 89' lang='lat' dir='ltr'><strong>certe</strong></span> 
     </span>
    </p>
   </div>
   <div class='ocr_carea' id='block_1_69' title="bbox 147 4016 1856 4090">
    <p class='ocr_par' dir='ltr' id='par_1_69' title="bbox 147 4016 1856 4090">
     <span class='ocr_line' id='line_1_69' title="bbox 147 4016 1856 4090; baseline -0.003 -15"><span class='ocrx_word' id='word_1_497' title='bbox 147 4019 422 4090; x_wconf 89' lang='lat' dir='ltr'><strong>digniora</strong></span> <span class='ocrx_word' id='word_1_498' title='bbox 473 4017 648 4074; x_wconf 87' lang='lat' dir='ltr'><strong>fuisse</strong></span> <span class='ocrx_word' id='word_1_499' title='bbox 705 4018 800 4072; x_wconf 91' lang='lat' dir='ltr'><strong>illa</strong></span> <span class='ocrx_word' id='word_1_500' title='bbox 844 4018 1122 4085; x_wconf 91' lang='lat' dir='ltr'><strong>membra,</strong></span> <span class='ocrx_word' id='word_1_501' title='bbox 1167 4033 1299 4087; x_wconf 64' lang='lat' dir='ltr'><strong>qua“:</strong></span> <span class='ocrx_word' id='word_1_502' title='bbox 1341 4017 1434 4071; x_wconf 91' lang='lat' dir='ltr'><strong>illo</strong></span> <span class='ocrx_word' id='word_1_503' title='bbox 1474 4025 1615 4072; x_wconf 91' lang='lat' dir='ltr'><strong>tunc</strong></span> <span class='ocrx_word' id='word_1_504' title='bbox 1663 4016 1856 4086; x_wconf 90' lang='lat' dir='ltr'><strong>partui</strong></span> 
     </span>
    </p>
   </div>
   <div class='ocr_carea' id='block_1_70' title="bbox 145 4105 1856 4178">
    <p class='ocr_par' dir='ltr' id='par_1_70' title="bbox 145 4105 1856 4178">
     <span class='ocr_line' id='line_1_70' title="bbox 145 4105 1856 4178; baseline -0.001 -16"><span class='ocrx_word' id='word_1_505' title='bbox 145 4107 553 4174; x_wconf 88' lang='lat' dir='ltr'><strong>deservissent,</strong></span> <span class='ocrx_word' id='word_1_506' title='bbox 611 4121 788 4178; x_wconf 91' lang='lat' dir='ltr'><strong>quam</strong></span> <span class='ocrx_word' id='word_1_507' title='bbox 833 4108 946 4162; x_wconf 89' lang='lat' dir='ltr'><strong>sint</strong></span> <span class='ocrx_word' id='word_1_508' title='bbox 1001 4120 1104 4162; x_wconf 91' lang='lat' dir='ltr'><strong>ora</strong></span> <span class='ocrx_word' id='word_1_509' title='bbox 1154 4105 1550 4175; x_wconf 88' lang='lat' dir='ltr'><strong>spurcissima,</strong></span> <span class='ocrx_word' id='word_1_510' title='bbox 1607 4120 1738 4176; x_wconf 64' lang='lat' dir='ltr'><strong>quae</strong></span> <span class='ocrx_word' id='word_1_511' title='bbox 1797 4120 1856 4160; x_wconf 91' lang='lat' dir='ltr'><strong>se</strong></span> 
     </span>
    </p>
   </div>
   <div class='ocr_carea' id='block_1_71' title="bbox 146 4194 1856 4268">
    <p class='ocr_par' dir='ltr' id='par_1_71' title="bbox 146 4194 1856 4268">
     <span class='ocr_line' id='line_1_71' title="bbox 146 4194 1856 4268; baseline -0.002 -16"><span class='ocrx_word' id='word_1_512' title='bbox 146 4197 510 4268; x_wconf 86' lang='lat' dir='ltr'><strong>quotidianis</strong></span> <span class='ocrx_word' id='word_1_513' title='bbox 541 4196 844 4251; x_wconf 89' lang='lat' dir='ltr'><strong>fraudibus</strong></span> <span class='ocrx_word' id='word_1_514' title='bbox 873 4203 926 4250; x_wconf 92' lang='lat' dir='ltr'><strong>et</strong></span> <span class='ocrx_word' id='word_1_515' title='bbox 957 4195 1210 4250; x_wconf 82' lang='lat' dir='ltr'><strong>luxuriis</strong></span> <span class='ocrx_word' id='word_1_516' title='bbox 1238 4194 1528 4260; x_wconf 89' lang='lat' dir='ltr'><strong>imbuunt,</strong></span> <span class='ocrx_word' id='word_1_517' title='bbox 1553 4202 1606 4250; x_wconf 92' lang='lat' dir='ltr'><strong>et</strong></span> <span class='ocrx_word' id='word_1_518' title='bbox 1627 4194 1856 4249; x_wconf 84' lang='lat' dir='ltr'><strong>viviﬁca</strong></span> 
     </span>
    </p>
   </div>
   <div class='ocr_carea' id='block_1_72' title="bbox 146 4282 1856 4353">
    <p class='ocr_par' dir='ltr' id='par_1_72' title="bbox 146 4282 1856 4353">
     <span class='ocr_line' id='line_1_72' title="bbox 146 4282 1856 4353; baseline -0.002 -13"><span class='ocrx_word' id='word_1_519' title='bbox 146 4293 514 4340; x_wconf 91' lang='lat' dir='ltr'><strong>sacramenta</strong></span> <span class='ocrx_word' id='word_1_520' title='bbox 560 4285 836 4340; x_wconf 90' lang='lat' dir='ltr'><strong>derident.</strong></span> <span class='ocrx_word' id='word_1_521' title='bbox 892 4283 1057 4349; x_wconf 89' lang='lat' dir='ltr'><strong>Quid,</strong></span> <span class='ocrx_word' id='word_1_522' title='bbox 1110 4298 1326 4353; x_wconf 67' lang='lat' dir='ltr'><strong>quaeso,</strong></span> <span class='ocrx_word' id='word_1_523' title='bbox 1360 4283 1616 4352; x_wconf 88' lang='lat' dir='ltr'><strong>displicet</strong></span> <span class='ocrx_word' id='word_1_524' title='bbox 1659 4283 1716 4338; x_wconf 93' lang='lat' dir='ltr'><strong>in</strong></span> <span class='ocrx_word' id='word_1_525' title='bbox 1768 4282 1856 4337; x_wconf 90' lang='lat' dir='ltr'><strong>his</strong></span> 
     </span>
    </p>
   </div>
   <div class='ocr_carea' id='block_1_73' title="bbox 149 4353 1937 4441">
    <p class='ocr_par' dir='ltr' id='par_1_73' title="bbox 149 4353 1937 4441">
     <span class='ocr_line' id='line_1_73' title="bbox 149 4353 1937 4441; baseline -0.002 -12"><span class='ocrx_word' id='word_1_526' title='bbox 149 4374 446 4439; x_wconf 91' lang='lat' dir='ltr'><strong>membris,</strong></span> <span class='ocrx_word' id='word_1_527' title='bbox 482 4373 588 4428; x_wconf 90' lang='lat' dir='ltr'><strong>nisi</strong></span> <span class='ocrx_word' id='word_1_528' title='bbox 623 4373 782 4428; x_wconf 63' lang='lat' dir='ltr'><strong>fiedze</strong></span> <span class='ocrx_word' id='word_1_529' title='bbox 829 4373 1140 4441; x_wconf 88' lang='lat' dir='ltr'><strong>voluptatis</strong></span> <span class='ocrx_word' id='word_1_530' title='bbox 1178 4372 1472 4440; x_wconf 80' lang='lat' dir='ltr'><strong>expletio?</strong></span> <span class='ocrx_word' id='word_1_531' title='bbox 1515 4372 1691 4428; x_wconf 83' lang='lat' dir='ltr'><strong>Aufer</strong></span> <span class='ocrx_word' id='word_1_532' title='bbox 1734 4372 1854 4427; x_wconf 90' lang='lat' dir='ltr'><strong>libi-</strong></span> <span class='ocrx_word' id='word_1_533' title='bbox 1895 4353 1937 4406; x_wconf 82' lang='grc' dir='ltr'>Ῑ)</span> 
     </span>
    </p>
   </div>
   <div class='ocr_carea' id='block_1_74' title="bbox 146 4461 1853 4531">
    <p class='ocr_par' dir='ltr' id='par_1_74' title="bbox 146 4461 1853 4531">
     <span class='ocr_line' id='line_1_74' title="bbox 146 4461 1853 4531; baseline -0.001 -14"><span class='ocrx_word' id='word_1_534' title='bbox 146 4464 304 4518; x_wconf 92' lang='lat' dir='ltr'><strong>dinis</strong></span> <span class='ocrx_word' id='word_1_535' title='bbox 334 4462 741 4531; x_wconf 89' lang='lat' dir='ltr'><strong>suspicionem,</strong></span> <span class='ocrx_word' id='word_1_536' title='bbox 793 4477 906 4516; x_wconf 92' lang='lat' dir='ltr'><strong>non</strong></span> <span class='ocrx_word' id='word_1_537' title='bbox 935 4463 1045 4517; x_wconf 89' lang='lat' dir='ltr'><strong>erit</strong></span> <span class='ocrx_word' id='word_1_538' title='bbox 1087 4463 1240 4531; x_wconf 91' lang='lat' dir='ltr'><strong>quod</strong></span> <span class='ocrx_word' id='word_1_539' title='bbox 1284 4462 1538 4524; x_wconf 87' lang='lat' dir='ltr'><strong>horreas,</strong></span> <span class='ocrx_word' id='word_1_540' title='bbox 1568 4461 1663 4516; x_wconf 91' lang='lat' dir='ltr'><strong>sed</strong></span> <span class='ocrx_word' id='word_1_541' title='bbox 1699 4461 1853 4531; x_wconf 92' lang='lat' dir='ltr'><strong>quod</strong></span> 
     </span>
    </p>
   </div>
   <div class='ocr_carea' id='block_1_75' title="bbox 149 4549 1853 4620">
    <p class='ocr_par' dir='ltr' id='par_1_75' title="bbox 149 4549 1853 4620">
     <span class='ocr_line' id='line_1_75' title="bbox 149 4549 1853 4620; baseline -0.001 -14"><span class='ocrx_word' id='word_1_542' title='bbox 149 4551 463 4607; x_wconf 91' lang='lat' dir='ltr'><strong>venereris.</strong></span> <span class='ocrx_word' id='word_1_543' title='bbox 503 4551 614 4606; x_wconf 83' lang='lat' dir='ltr'><strong>Vos</strong></span> <span class='ocrx_word' id='word_1_544' title='bbox 644 4551 742 4620; x_wconf 92' lang='lat' dir='ltr'><strong>qui</strong></span> <span class='ocrx_word' id='word_1_545' title='bbox 778 4549 1163 4620; x_wconf 89' lang='lat' dir='ltr'><strong>turpitudines</strong></span> <span class='ocrx_word' id='word_1_546' title='bbox 1193 4551 1418 4617; x_wconf 89' lang='lat' dir='ltr'><strong>amatis,</strong></span> <span class='ocrx_word' id='word_1_547' title='bbox 1439 4550 1593 4620; x_wconf 90' lang='lat' dir='ltr'><strong>juste</strong></span> <span class='ocrx_word' id='word_1_548' title='bbox 1613 4551 1853 4604; x_wconf 88' lang='lat' dir='ltr'><strong>damna-</strong></span> 
     </span>
    </p>
   </div>
   <div class='ocr_carea' id='block_1_76' title="bbox 149 4639 1856 4710">
    <p class='ocr_par' dir='ltr' id='par_1_76' title="bbox 149 4639 1856 4710">
     <span class='ocr_line' id='line_1_76' title="bbox 149 4639 1856 4710; baseline -0.001 -15"><span class='ocrx_word' id='word_1_549' title='bbox 149 4640 377 4707; x_wconf 90' lang='lat' dir='ltr'><strong>bimiui,</strong></span> <span class='ocrx_word' id='word_1_550' title='bbox 411 4640 511 4710; x_wconf 89' lang='lat' dir='ltr'><strong>qui</strong></span> <span class='ocrx_word' id='word_1_551' title='bbox 543 4654 609 4695; x_wconf 88' lang='lat' dir='ltr'><strong>ea</strong></span> <span class='ocrx_word' id='word_1_552' title='bbox 643 4641 764 4709; x_wconf 91' lang='lat' dir='ltr'><strong>ipsa</strong></span> <span class='ocrx_word' id='word_1_553' title='bbox 796 4655 926 4710; x_wconf 70' lang='lat' dir='ltr'><strong>quae</strong></span> <span class='ocrx_word' id='word_1_554' title='bbox 961 4655 1060 4694; x_wconf 87' lang='lat' dir='ltr'><strong>vos</strong></span> <span class='ocrx_word' id='word_1_555' title='bbox 1092 4648 1287 4709; x_wconf 90' lang='lat' dir='ltr'><strong>turpes</strong></span> <span class='ocrx_word' id='word_1_556' title='bbox 1309 4639 1566 4694; x_wconf 81' lang='lat' dir='ltr'><strong>efficiunt</strong></span> <span class='ocrx_word' id='word_1_557' title='bbox 1598 4639 1856 4694; x_wconf 90' lang='lat' dir='ltr'><strong>membra</strong></span> 
     </span>
    </p>
   </div>
   <div class='ocr_carea' id='block_1_77' title="bbox 146 4727 1854 4799">
    <p class='ocr_par' dir='ltr' id='par_1_77' title="bbox 146 4727 1854 4799">
     <span class='ocr_line' id='line_1_77' title="bbox 146 4727 1854 4799; baseline -0.001 -15"><span class='ocrx_word' id='word_1_558' title='bbox 146 4729 460 4784; x_wconf 88' lang='lat' dir='ltr'><strong>damnatis.</strong></span> <span class='ocrx_word' id='word_1_559' title='bbox 492 4729 643 4783; x_wconf 92' lang='lat' dir='ltr'><strong>Deus</strong></span> <span class='ocrx_word' id='word_1_560' title='bbox 668 4729 1049 4798; x_wconf 74' lang='lat' dir='ltr'><strong>omnipotens,</strong></span> <span class='ocrx_word' id='word_1_561' title='bbox 1083 4729 1223 4798; x_wconf 91' lang='lat' dir='ltr'><strong>quid</strong></span> <span class='ocrx_word' id='word_1_562' title='bbox 1251 4729 1492 4799; x_wconf 88' lang='lat' dir='ltr'><strong>gratius,</strong></span> <span class='ocrx_word' id='word_1_563' title='bbox 1521 4727 1661 4798; x_wconf 91' lang='lat' dir='ltr'><strong>quid</strong></span> <span class='ocrx_word' id='word_1_564' title='bbox 1691 4728 1854 4783; x_wconf 68' lang='lat' dir='ltr'><strong>bonae</strong></span> 
     </span>
    </p>
   </div>
   <div class='ocr_carea' id='block_1_78' title="bbox 147 4817 1855 4888">
    <p class='ocr_par' dir='ltr' id='par_1_78' title="bbox 147 4817 1855 4888">
     <span class='ocr_line' id='line_1_78' title="bbox 147 4817 1855 4888; baseline -0.001 -15"><span class='ocrx_word' id='word_1_565' title='bbox 147 4819 328 4873; x_wconf 89' lang='lat' dir='ltr'><strong>menti</strong></span> <span class='ocrx_word' id='word_1_566' title='bbox 381 4818 623 4873; x_wconf 88' lang='lat' dir='ltr'><strong>suavius</strong></span> <span class='ocrx_word' id='word_1_567' title='bbox 669 4833 790 4872; x_wconf 91' lang='lat' dir='ltr'><strong>esse</strong></span> <span class='ocrx_word' id='word_1_568' title='bbox 829 4825 1007 4885; x_wconf 89' lang='lat' dir='ltr'><strong>potest</strong></span> <span class='ocrx_word' id='word_1_569' title='bbox 1053 4832 1230 4888; x_wconf 89' lang='lat' dir='ltr'><strong>quam</strong></span> <span class='ocrx_word' id='word_1_570' title='bbox 1280 4831 1418 4872; x_wconf 90' lang='lat' dir='ltr'><strong>vera</strong></span> <span class='ocrx_word' id='word_1_571' title='bbox 1459 4817 1764 4887; x_wconf 90' lang='lat' dir='ltr'><strong>virginitas</strong></span> <span class='ocrx_word' id='word_1_572' title='bbox 1800 4824 1855 4872; x_wconf 92' lang='lat' dir='ltr'><strong>et</strong></span> 
     </span>
    </p>
   </div>
   <div class='ocr_carea' id='block_1_79' title="bbox 147 4905 1856 4975">
    <p class='ocr_par' dir='ltr' id='par_1_79' title="bbox 147 4905 1856 4975">
     <span class='ocr_line' id='line_1_79' title="bbox 147 4905 1856 4975; baseline 0.001 -16"><span class='ocrx_word' id='word_1_573' title='bbox 147 4905 404 4963; x_wconf 89' lang='lat' dir='ltr'><strong>illibatus</strong></span> <span class='ocrx_word' id='word_1_574' title='bbox 455 4907 725 4962; x_wconf 87' lang='lat' dir='ltr'><strong>animus?</strong></span> <span class='ocrx_word' id='word_1_575' title='bbox 779 4907 892 4961; x_wconf 92' lang='lat' dir='ltr'><strong>Nos</strong></span> <span class='ocrx_word' id='word_1_576' title='bbox 949 4907 1324 4962; x_wconf 89' lang='lat' dir='ltr'><strong>audieramus</strong></span> <span class='ocrx_word' id='word_1_577' title='bbox 1385 4920 1458 4961; x_wconf 85' lang='lat' dir='ltr'><strong>ex</strong></span> <span class='ocrx_word' id='word_1_578' title='bbox 1523 4906 1662 4961; x_wconf 89' lang='lat' dir='ltr'><strong>Osee</strong></span> <span class='ocrx_word' id='word_1_579' title='bbox 1714 4905 1856 4975; x_wconf 91' lang='lat' dir='ltr'><strong>quia</strong></span> 
     </span>
    </p>
   </div>
   <div class='ocr_carea' id='block_1_80' title="bbox 143 4994 1856 5067">
    <p class='ocr_par' dir='ltr' id='par_1_80' title="bbox 143 4994 1856 5067">
     <span class='ocr_line' id='line_1_80' title="bbox 143 4994 1856 5067; baseline -0.001 -19"><span class='ocrx_word' id='word_1_580' title='bbox 143 4997 333 5050; x_wconf 77' lang='lat' dir='ltr'><strong>vinum</strong></span> <span class='ocrx_word' id='word_1_581' title='bbox 394 5001 446 5050; x_wconf 91' lang='lat' dir='ltr'><strong>et</strong></span> <span class='ocrx_word' id='word_1_582' title='bbox 492 4995 724 5049; x_wconf 88' lang='lat' dir='ltr'><strong>ebrietas</strong></span> <span class='ocrx_word' id='word_1_583' title='bbox 784 4997 968 5060; x_wconf 84' lang='lat' dir='ltr'><strong>aufert</strong></span> <span class='ocrx_word' id='word_1_584' title='bbox 1023 4995 1146 5067; x_wconf 90' lang='lat' dir='ltr'><strong>[a|.,</strong></span> <span class='ocrx_word' id='word_1_585' title='bbox 1217 4994 1499 5064; x_wconf 79' lang='lat' dir='ltr'><strong>auferunt]</strong></span> <span class='ocrx_word' id='word_1_586' title='bbox 1551 5011 1640 5048; x_wconf 89' lang='lat' dir='ltr'><strong>cor</strong></span> <span class='ocrx_word' id='word_1_587' title='bbox 1707 4994 1856 5064; x_wconf 88' lang='lat' dir='ltr'><strong>(Osee</strong></span> 
     </span>
    </p>
   </div>
   <div class='ocr_carea' id='block_1_81' title="bbox 144 5081 1852 5155">
    <p class='ocr_par' dir='ltr' id='par_1_81' title="bbox 144 5081 1852 5155">
     <span class='ocr_line' id='line_1_81' title="bbox 144 5081 1852 5155; baseline -0.001 -17"><span class='ocrx_word' id='word_1_588' title='bbox 144 5099 220 5151; x_wconf 78' lang='grc' dir='ltr'><strong>ιν,</strong></span> <span class='ocrx_word' id='word_1_589' title='bbox 277 5085 388 5155; x_wconf 87' lang='lat' dir='ltr'><strong>ll).</strong></span> <span class='ocrx_word' id='word_1_590' title='bbox 439 5085 508 5139; x_wconf 88' lang='lat' dir='ltr'><strong>Et</strong></span> <span class='ocrx_word' id='word_1_591' title='bbox 552 5084 669 5139; x_wconf 83' lang='lat' dir='ltr'><strong>Joel</strong></span> <span class='ocrx_word' id='word_1_592' title='bbox 714 5084 784 5139; x_wconf 90' lang='lat' dir='ltr'><strong>de</strong></span> <span class='ocrx_word' id='word_1_593' title='bbox 816 5083 932 5140; x_wconf 91' lang='lat' dir='ltr'><strong>tuis</strong></span> <span class='ocrx_word' id='word_1_594' title='bbox 972 5083 1279 5153; x_wconf 89' lang='lat' dir='ltr'><strong>loquitur:</strong></span> <span class='ocrx_word' id='word_1_595' title='bbox 1321 5091 1523 5153; x_wconf 90' lang='lat' dir='ltr'><strong>stupra</strong></span> <span class='ocrx_word' id='word_1_596' title='bbox 1579 5081 1852 5152; x_wconf 89' lang='lat' dir='ltr'><strong>potationi</strong></span> 
     </span>
    </p>
   </div>
   <div class='ocr_carea' id='block_1_82' title="bbox 145 5171 1853 5243">
    <p class='ocr_par' dir='ltr' id='par_1_82' title="bbox 145 5171 1853 5243">
     <span class='ocr_line' id='line_1_82' title="bbox 145 5171 1853 5243; baseline -0.001 -17"><span class='ocrx_word' id='word_1_597' title='bbox 145 5172 584 5229; x_wconf 90' lang='lat' dir='ltr'><strong>communicans</strong></span> <span class='ocrx_word' id='word_1_598' title='bbox 619 5187 630 5225; x_wconf 90' lang='lat'><strong>:</strong></span> <span class='ocrx_word' id='word_1_599' title='bbox 667 5173 923 5239; x_wconf 87' lang='lat' dir='ltr'><strong>Puerum,</strong></span> <span class='ocrx_word' id='word_1_600' title='bbox 958 5171 1168 5243; x_wconf 90' lang='lat' dir='ltr'><strong>inquit,</strong></span> <span class='ocrx_word' id='word_1_601' title='bbox 1201 5176 1497 5241; x_wconf 87' lang='lat' dir='ltr'><strong>posuerunt</strong></span> <span class='ocrx_word' id='word_1_602' title='bbox 1539 5173 1598 5225; x_wconf 88' lang='lat' dir='ltr'><strong>in</strong></span> <span class='ocrx_word' id='word_1_603' title='bbox 1643 5172 1853 5240; x_wconf 85' lang='lat' dir='ltr'><strong>prosti-</strong></span> 
     </span>
    </p>
   </div>
   <div class='ocr_carea' id='block_1_83' title="bbox 1971 3126 3671 3199">
    <p class='ocr_par' dir='ltr' id='par_1_83' title="bbox 1971 3126 3671 3199">
     <span class='ocr_line' id='line_1_83' title="bbox 1971 3126 3671 3199; baseline -0.001 -15"><span class='ocrx_word' id='word_1_604' title='bbox 1971 3135 2094 3199; x_wconf 84' lang='lat' dir='ltr'><strong>pria</strong></span> <span class='ocrx_word' id='word_1_605' title='bbox 2127 3137 2307 3183; x_wconf 90' lang='lat' dir='ltr'><strong>matre</strong></span> <span class='ocrx_word' id='word_1_606' title='bbox 2356 3126 2694 3195; x_wconf 87' lang='lat' dir='ltr'><strong>resculpsit;</strong></span> <span class='ocrx_word' id='word_1_607' title='bbox 2727 3127 2853 3182; x_wconf 91' lang='lat' dir='ltr'><strong>licet</strong></span> <span class='ocrx_word' id='word_1_608' title='bbox 2885 3136 3076 3182; x_wconf 90' lang='lat' dir='ltr'><strong>autem</strong></span> <span class='ocrx_word' id='word_1_609' title='bbox 3109 3128 3373 3183; x_wconf 82' lang='lat' dir='ltr'><strong>sufficere</strong></span> <span class='ocrx_word' id='word_1_610' title='bbox 3410 3127 3671 3183; x_wconf 91' lang='lat' dir='ltr'><strong>debuerit</strong></span> 
     </span>
    </p>
   </div>
   <div class='ocr_carea' id='block_1_84' title="bbox 1968 3214 3668 3287">
    <p class='ocr_par' dir='ltr' id='par_1_84' title="bbox 1968 3214 3668 3287">
     <span class='ocr_line' id='line_1_84' title="bbox 1968 3214 3668 3287; baseline -0.002 -13"><span class='ocrx_word' id='word_1_611' title='bbox 1968 3220 2146 3274; x_wconf 89' lang='lat' dir='ltr'><strong>Deum</strong></span> <span class='ocrx_word' id='word_1_612' title='bbox 2176 3216 2450 3272; x_wconf 89' lang='lat' dir='ltr'><strong>humanis</strong></span> <span class='ocrx_word' id='word_1_613' title='bbox 2481 3214 2640 3269; x_wconf 91' lang='lat' dir='ltr'><strong>nullo</strong></span> <span class='ocrx_word' id='word_1_614' title='bbox 2681 3216 2850 3271; x_wconf 92' lang='lat' dir='ltr'><strong>modo</strong></span> <span class='ocrx_word' id='word_1_615' title='bbox 2897 3217 3103 3287; x_wconf 89' lang='lat' dir='ltr'><strong>attingi</strong></span> <span class='ocrx_word' id='word_1_616' title='bbox 3148 3217 3434 3283; x_wconf 88' lang='lat' dir='ltr'><strong>sordibus,</strong></span> <span class='ocrx_word' id='word_1_617' title='bbox 3477 3217 3668 3284; x_wconf 88' lang='lat' dir='ltr'><strong>accipe</strong></span> 
     </span>
    </p>
   </div>
   <div class='ocr_carea' id='block_1_85' title="bbox 1969 3305 3667 3371">
    <p class='ocr_par' dir='ltr' id='par_1_85' title="bbox 1969 3305 3667 3371">
     <span class='ocr_line' id='line_1_85' title="bbox 1969 3305 3667 3371; baseline -0.001 -9"><span class='ocrx_word' id='word_1_618' title='bbox 1969 3308 2178 3362; x_wconf 89' lang='lat' dir='ltr'><strong>adhuc.</strong></span> <span class='ocrx_word' id='word_1_619' title='bbox 2223 3305 2430 3371; x_wconf 89' lang='lat' dir='ltr'><strong>Solem,</strong></span> <span class='ocrx_word' id='word_1_620' title='bbox 2480 3313 2542 3360; x_wconf 90' lang='lat' dir='ltr'><strong>ut</strong></span> <span class='ocrx_word' id='word_1_621' title='bbox 2578 3306 2818 3371; x_wconf 67' lang='lat' dir='ltr'><strong>aestimo,</strong></span> <span class='ocrx_word' id='word_1_622' title='bbox 2871 3307 3053 3362; x_wconf 89' lang='lat' dir='ltr'><strong>credis</strong></span> <span class='ocrx_word' id='word_1_623' title='bbox 3095 3314 3307 3361; x_wconf 91' lang='lat' dir='ltr'><strong>natura</strong></span> <span class='ocrx_word' id='word_1_624' title='bbox 3356 3305 3667 3361; x_wconf 90' lang='lat' dir='ltr'><strong>mundissi-</strong></span> 
     </span>
    </p>
   </div>
   <div class='ocr_carea' id='block_1_86' title="bbox 1969 3393 3665 3467">
    <p class='ocr_par' dir='ltr' id='par_1_86' title="bbox 1969 3393 3665 3467">
     <span class='ocr_line' id='line_1_86' title="bbox 1969 3393 3665 3467; baseline -0.002 -15"><span class='ocrx_word' id='word_1_625' title='bbox 1969 3412 2146 3452; x_wconf 91' lang='lat' dir='ltr'><strong>mum.</strong></span> <span class='ocrx_word' id='word_1_626' title='bbox 2194 3399 2456 3464; x_wconf 87' lang='lat' dir='ltr'><strong>Quotidie</strong></span> <span class='ocrx_word' id='word_1_627' title='bbox 2501 3399 2660 3454; x_wconf 88' lang='lat' dir='ltr'><strong>vides</strong></span> <span class='ocrx_word' id='word_1_628' title='bbox 2718 3411 2817 3467; x_wconf 87' lang='lat' dir='ltr'><strong>per</strong></span> <span class='ocrx_word' id='word_1_629' title='bbox 2867 3395 3128 3466; x_wconf 87' lang='lat' dir='ltr'><strong>publicos</strong></span> <span class='ocrx_word' id='word_1_630' title='bbox 3169 3393 3665 3464; x_wconf 90' lang='lat' dir='ltr'><strong>sterquiliniorum</strong></span> 
     </span>
    </p>
   </div>
   <div class='ocr_carea' id='block_1_87' title="bbox 1965 3482 3668 3558">
    <p class='ocr_par' dir='ltr' id='par_1_87' title="bbox 1965 3482 3668 3558">
     <span class='ocr_line' id='line_1_87' title="bbox 1965 3482 3668 3558; baseline -0.002 -17"><span class='ocrx_word' id='word_1_631' title='bbox 1965 3500 2204 3556; x_wconf 85' lang='lat' dir='ltr'><strong>aggeres</strong></span> <span class='ocrx_word' id='word_1_632' title='bbox 2253 3487 2443 3542; x_wconf 86' lang='lat' dir='ltr'><strong>radios</strong></span> <span class='ocrx_word' id='word_1_633' title='bbox 2497 3487 2624 3558; x_wconf 89' lang='lat' dir='ltr'><strong>ejus</strong></span> <span class='ocrx_word' id='word_1_634' title='bbox 2669 3486 2956 3556; x_wconf 86' lang='lat' dir='ltr'><strong>progredi,</strong></span> <span class='ocrx_word' id='word_1_635' title='bbox 3013 3482 3212 3554; x_wconf 84' lang='lat' dir='ltr'><strong>putida</strong></span> <span class='ocrx_word' id='word_1_636' title='bbox 3260 3482 3550 3553; x_wconf 61' lang='lat' dir='ltr'><strong>quaelibet,</strong></span> <span class='ocrx_word' id='word_1_637' title='bbox 3600 3497 3668 3538; x_wconf 89' lang='lat' dir='ltr'><strong>ac</strong></span> 
     </span>
    </p>
   </div>
   <div class='ocr_carea' id='block_1_88' title="bbox 1964 3571 3666 3647">
    <p class='ocr_par' dir='ltr' id='par_1_88' title="bbox 1964 3571 3666 3647">
     <span class='ocr_line' id='line_1_88' title="bbox 1964 3571 3666 3647; baseline -0.001 -18"><span class='ocrx_word' id='word_1_638' title='bbox 1964 3575 2186 3629; x_wconf 91' lang='lat' dir='ltr'><strong>visibus</strong></span> <span class='ocrx_word' id='word_1_639' title='bbox 2235 3575 2366 3644; x_wconf 89' lang='lat' dir='ltr'><strong>ipsis</strong></span> <span class='ocrx_word' id='word_1_640' title='bbox 2422 3577 2661 3647; x_wconf 90' lang='lat' dir='ltr'><strong>indigna</strong></span> <span class='ocrx_word' id='word_1_641' title='bbox 2717 3575 2983 3638; x_wconf 90' lang='lat' dir='ltr'><strong>lustrare,</strong></span> <span class='ocrx_word' id='word_1_642' title='bbox 3040 3580 3209 3642; x_wconf 87' lang='lat' dir='ltr'><strong>putas</strong></span> <span class='ocrx_word' id='word_1_643' title='bbox 3247 3586 3319 3628; x_wconf 84' lang='lat' dir='ltr'><strong>ex</strong></span> <span class='ocrx_word' id='word_1_644' title='bbox 3373 3571 3482 3634; x_wconf 89' lang='lat' dir='ltr'><strong>his,</strong></span> <span class='ocrx_word' id='word_1_645' title='bbox 3533 3586 3666 3641; x_wconf 75' lang='lat' dir='ltr'><strong>quae</strong></span> 
     </span>
    </p>
   </div>
   <div class='ocr_carea' id='block_1_89' title="bbox 1966 3661 3660 3735">
    <p class='ocr_par' dir='ltr' id='par_1_89' title="bbox 1966 3661 3660 3735">
     <span class='ocr_line' id='line_1_89' title="bbox 1966 3661 3660 3735; baseline -0.002 -17"><span class='ocrx_word' id='word_1_646' title='bbox 1966 3665 2345 3732; x_wconf 69' lang='lat' dir='ltr'><strong>praetervolat,</strong></span> <span class='ocrx_word' id='word_1_647' title='bbox 2399 3665 2658 3735; x_wconf 90' lang='lat' dir='ltr'><strong>aliquam</strong></span> <span class='ocrx_word' id='word_1_648' title='bbox 2711 3679 2844 3721; x_wconf 91' lang='lat' dir='ltr'><strong>eum</strong></span> <span class='ocrx_word' id='word_1_649' title='bbox 2897 3663 3004 3719; x_wconf 91' lang='lat' dir='ltr'><strong>sibi</strong></span> <span class='ocrx_word' id='word_1_650' title='bbox 3059 3661 3244 3718; x_wconf 90' lang='lat' dir='ltr'><strong>labem</strong></span> <span class='ocrx_word' id='word_1_651' title='bbox 3304 3662 3660 3724; x_wconf 85' lang='lat' dir='ltr'><strong>contrahere,</strong></span> 
     </span>
    </p>
   </div>
   <div class='ocr_carea' id='block_1_90' title="bbox 1966 3750 3664 3824">
    <p class='ocr_par' dir='ltr' id='par_1_90' title="bbox 1966 3750 3664 3824">
     <span class='ocr_line' id='line_1_90' title="bbox 1966 3750 3664 3824; baseline -0.001 -17"><span class='ocrx_word' id='word_1_652' title='bbox 1966 3752 2208 3810; x_wconf 70' lang='lat' dir='ltr'><strong>insania:</strong></span> <span class='ocrx_word' id='word_1_653' title='bbox 2263 3762 2427 3810; x_wconf 90' lang='lat' dir='ltr'><strong>esset.</strong></span> <span class='ocrx_word' id='word_1_654' title='bbox 2487 3755 2799 3824; x_wconf 86' lang='lat' dir='ltr'><strong>Amplius:</strong></span> <span class='ocrx_word' id='word_1_655' title='bbox 2856 3753 2899 3808; x_wconf 91' lang='lat' dir='ltr'><strong>si</strong></span> <span class='ocrx_word' id='word_1_656' title='bbox 2948 3753 3135 3808; x_wconf 91' lang='lat' dir='ltr'><strong>oleum</strong></span> <span class='ocrx_word' id='word_1_657' title='bbox 3185 3759 3287 3807; x_wconf 90' lang='lat' dir='ltr'><strong>aut</strong></span> <span class='ocrx_word' id='word_1_658' title='bbox 3342 3750 3664 3806; x_wconf 88' lang='lat' dir='ltr'><strong>balsamum</strong></span> 
     </span>
    </p>
   </div>
   <div class='ocr_carea' id='block_1_91' title="bbox 1965 3840 3666 3913">
    <p class='ocr_par' dir='ltr' id='par_1_91' title="bbox 1965 3840 3666 3913">
     <span class='ocr_line' id='line_1_91' title="bbox 1965 3840 3666 3913; baseline -0.002 -17"><span class='ocrx_word' id='word_1_659' title='bbox 1965 3855 2134 3912; x_wconf 70' lang='lat' dir='ltr'><strong>aqum</strong></span> <span class='ocrx_word' id='word_1_660' title='bbox 2167 3843 2408 3913; x_wconf 90' lang='lat' dir='ltr'><strong>injicias,</strong></span> <span class='ocrx_word' id='word_1_661' title='bbox 2458 3851 2732 3900; x_wconf 90' lang='lat' dir='ltr'><strong>neutrum</strong></span> <span class='ocrx_word' id='word_1_662' title='bbox 2776 3857 2944 3913; x_wconf 72' lang='lat' dir='ltr'><strong>aquae</strong></span> <span class='ocrx_word' id='word_1_663' title='bbox 2984 3841 3378 3906; x_wconf 89' lang='lat' dir='ltr'><strong>confunditur,</strong></span> <span class='ocrx_word' id='word_1_664' title='bbox 3429 3840 3524 3895; x_wconf 91' lang='lat' dir='ltr'><strong>sed</strong></span> <span class='ocrx_word' id='word_1_665' title='bbox 3568 3853 3666 3908; x_wconf 92' lang='lat' dir='ltr'><strong>per</strong></span> 
     </span>
    </p>
   </div>
   <div class='ocr_carea' id='block_1_92' title="bbox 1964 3929 3664 4002">
    <p class='ocr_par' dir='ltr' id='par_1_92' title="bbox 1964 3929 3664 4002">
     <span class='ocr_line' id='line_1_92' title="bbox 1964 3929 3664 4002; baseline -0.003 -16"><span class='ocrx_word' id='word_1_666' title='bbox 1964 3945 2025 3986; x_wconf 90' lang='lat' dir='ltr'><strong>se</strong></span> <span class='ocrx_word' id='word_1_667' title='bbox 2100 3931 2279 4000; x_wconf 91' lang='lat' dir='ltr'><strong>ipsam</strong></span> <span class='ocrx_word' id='word_1_668' title='bbox 2337 3933 2518 3988; x_wconf 91' lang='lat' dir='ltr'><strong>solida</strong></span> <span class='ocrx_word' id='word_1_669' title='bbox 2581 3941 2829 4002; x_wconf 88' lang='lat' dir='ltr'><strong>utraque</strong></span> <span class='ocrx_word' id='word_1_670' title='bbox 2897 3938 3108 3986; x_wconf 91' lang='lat' dir='ltr'><strong>natura</strong></span> <span class='ocrx_word' id='word_1_671' title='bbox 3167 3929 3444 3984; x_wconf 91' lang='lat' dir='ltr'><strong>subsistit.</strong></span> <span class='ocrx_word' id='word_1_672' title='bbox 3509 3929 3664 3983; x_wconf 80' lang='lat' dir='ltr'><strong>Habe</strong></span> 
     </span>
    </p>
   </div>
   <div class='ocr_carea' id='block_1_93' title="bbox 1965 4017 3665 4091">
    <p class='ocr_par' dir='ltr' id='par_1_93' title="bbox 1965 4017 3665 4091">
     <span class='ocr_line' id='line_1_93' title="bbox 1965 4017 3665 4091; baseline -0.001 -17"><span class='ocrx_word' id='word_1_673' title='bbox 1965 4020 2173 4076; x_wconf 92' lang='lat' dir='ltr'><strong>iterum</strong></span> <span class='ocrx_word' id='word_1_674' title='bbox 2209 4035 2221 4074; x_wconf 94' lang='lat'>:</span> <span class='ocrx_word' id='word_1_675' title='bbox 2269 4022 2427 4077; x_wconf 85' lang='lat' dir='ltr'><strong>Mens</strong></span> <span class='ocrx_word' id='word_1_676' title='bbox 2476 4035 2602 4076; x_wconf 90' lang='lat' dir='ltr'><strong>mea</strong></span> <span class='ocrx_word' id='word_1_677' title='bbox 2645 4020 2984 4091; x_wconf 90' lang='lat' dir='ltr'><strong>recogitans,</strong></span> <span class='ocrx_word' id='word_1_678' title='bbox 3025 4026 3079 4074; x_wconf 87' lang='lat' dir='ltr'><strong>et</strong></span> <span class='ocrx_word' id='word_1_679' title='bbox 3127 4031 3217 4073; x_wconf 90' lang='lat' dir='ltr'><strong>res</strong></span> <span class='ocrx_word' id='word_1_680' title='bbox 3263 4031 3412 4087; x_wconf 90' lang='lat' dir='ltr'><strong>quas</strong></span> <span class='ocrx_word' id='word_1_681' title='bbox 3455 4017 3665 4072; x_wconf 89' lang='lat' dir='ltr'><strong>viderit</strong></span> 
     </span>
    </p>
   </div>
   <div class='ocr_carea' id='block_1_94' title="bbox 1965 4105 3665 4180">
    <p class='ocr_par' dir='ltr' id='par_1_94' title="bbox 1965 4105 3665 4180">
     <span class='ocr_line' id='line_1_94' title="bbox 1965 4105 3665 4180; baseline -0.004 -15"><span class='ocrx_word' id='word_1_682' title='bbox 1965 4109 2188 4178; x_wconf 89' lang='lat' dir='ltr'><strong>uspiam</strong></span> <span class='ocrx_word' id='word_1_683' title='bbox 2239 4111 2442 4165; x_wconf 90' lang='lat' dir='ltr'><strong>crebra</strong></span> <span class='ocrx_word' id='word_1_684' title='bbox 2489 4110 2900 4180; x_wconf 87' lang='lat' dir='ltr'><strong>imaginatione</strong></span> <span class='ocrx_word' id='word_1_685' title='bbox 2931 4115 3265 4172; x_wconf 89' lang='lat' dir='ltr'><strong>retractans,</strong></span> <span class='ocrx_word' id='word_1_686' title='bbox 3295 4120 3428 4161; x_wconf 93' lang='lat' dir='ltr'><strong>cum</strong></span> <span class='ocrx_word' id='word_1_687' title='bbox 3470 4105 3665 4161; x_wconf 89' lang='lat' dir='ltr'><strong>memi-</strong></span> 
     </span>
    </p>
   </div>
   <div class='ocr_carea' id='block_1_95' title="bbox 1964 4194 3663 4268">
    <p class='ocr_par' dir='ltr' id='par_1_95' title="bbox 1964 4194 3663 4268">
     <span class='ocr_line' id='line_1_95' title="bbox 1964 4194 3663 4268; baseline -0.003 -15"><span class='ocrx_word' id='word_1_688' title='bbox 1964 4199 2114 4253; x_wconf 90' lang='lat' dir='ltr'><strong>nerit</strong></span> <span class='ocrx_word' id='word_1_689' title='bbox 2151 4197 2354 4268; x_wconf 90' lang='lat' dir='ltr'><strong>leprosi</strong></span> <span class='ocrx_word' id='word_1_690' title='bbox 2400 4200 2653 4256; x_wconf 90' lang='lat' dir='ltr'><strong>cruentis</strong></span> <span class='ocrx_word' id='word_1_691' title='bbox 2698 4197 2988 4254; x_wconf 90' lang='lat' dir='ltr'><strong>ulceribus</strong></span> <span class='ocrx_word' id='word_1_692' title='bbox 3041 4194 3383 4260; x_wconf 85' lang='lat' dir='ltr'><strong>extuberati,</strong></span> <span class='ocrx_word' id='word_1_693' title='bbox 3436 4201 3537 4249; x_wconf 91' lang='lat' dir='ltr'><strong>aut</strong></span> <span class='ocrx_word' id='word_1_694' title='bbox 3589 4207 3663 4248; x_wconf 84' lang='lat' dir='ltr'><strong>ex</strong></span> 
     </span>
    </p>
   </div>
   <div class='ocr_carea' id='block_1_96' title="bbox 1963 4281 3660 4348">
    <p class='ocr_par' dir='ltr' id='par_1_96' title="bbox 1963 4281 3660 4348">
     <span class='ocr_line' id='line_1_96' title="bbox 1963 4281 3660 4348; baseline -0.004 -6"><span class='ocrx_word' id='word_1_695' title='bbox 1963 4287 2243 4343; x_wconf 88' lang='lat' dir='ltr'><strong>cadavere</strong></span> <span class='ocrx_word' id='word_1_696' title='bbox 2297 4287 2484 4343; x_wconf 88' lang='lat' dir='ltr'><strong>lacero</strong></span> <span class='ocrx_word' id='word_1_697' title='bbox 2529 4287 2970 4342; x_wconf 90' lang='lat' dir='ltr'><strong>scaturientium</strong></span> <span class='ocrx_word' id='word_1_698' title='bbox 3023 4282 3294 4338; x_wconf 85' lang='lat' dir='ltr'><strong>examina</strong></span> <span class='ocrx_word' id='word_1_699' title='bbox 3351 4281 3660 4348; x_wconf 91' lang='lat' dir='ltr'><strong>vermium,</strong></span> 
     </span>
    </p>
   </div>
   <div class='ocr_carea' id='block_1_97' title="bbox 1964 4369 3660 4446">
    <p class='ocr_par' dir='ltr' id='par_1_97' title="bbox 1964 4369 3660 4446">
     <span class='ocr_line' id='line_1_97' title="bbox 1964 4369 3660 4446; baseline -0.005 -14"><span class='ocrx_word' id='word_1_700' title='bbox 1964 4391 2064 4432; x_wconf 91' lang='lat' dir='ltr'><strong>seu</strong></span> <span class='ocrx_word' id='word_1_701' title='bbox 2121 4376 2454 4432; x_wconf 91' lang='lat' dir='ltr'><strong>recordetur</strong></span> <span class='ocrx_word' id='word_1_702' title='bbox 2505 4375 2714 4446; x_wconf 88' lang='lat' dir='ltr'><strong>passim</strong></span> <span class='ocrx_word' id='word_1_703' title='bbox 2752 4374 3067 4445; x_wconf 89' lang='lat' dir='ltr'><strong>jacentium</strong></span> <span class='ocrx_word' id='word_1_704' title='bbox 3107 4380 3457 4439; x_wconf 89' lang='lat' dir='ltr'><strong>stercorum;</strong></span> <span class='ocrx_word' id='word_1_705' title='bbox 3496 4369 3660 4440; x_wconf 91' lang='lat' dir='ltr'><strong>quid,</strong></span> 
     </span>
    </p>
   </div>
   <div class='ocr_carea' id='block_1_98' title="bbox 1965 4458 3662 4535">
    <p class='ocr_par' dir='ltr' id='par_1_98' title="bbox 1965 4458 3662 4535">
     <span class='ocr_line' id='line_1_98' title="bbox 1965 4458 3662 4535; baseline -0.004 -15"><span class='ocrx_word' id='word_1_706' title='bbox 1965 4479 2182 4535; x_wconf 70' lang='lat' dir='ltr'><strong>quaeso,</strong></span> <span class='ocrx_word' id='word_1_707' title='bbox 2236 4465 2478 4522; x_wconf 64' lang='lat' dir='ltr'><strong>maculae</strong></span> <span class='ocrx_word' id='word_1_708' title='bbox 2527 4464 2892 4520; x_wconf 89' lang='lat' dir='ltr'><strong>rotabundus</strong></span> <span class='ocrx_word' id='word_1_709' title='bbox 2939 4477 3038 4532; x_wconf 91' lang='lat' dir='ltr'><strong>per</strong></span> <span class='ocrx_word' id='word_1_710' title='bbox 3097 4461 3217 4516; x_wconf 71' lang='lat' dir='ltr'><strong>haec</strong></span> <span class='ocrx_word' id='word_1_711' title='bbox 3272 4460 3503 4516; x_wconf 91' lang='lat' dir='ltr'><strong>animus</strong></span> <span class='ocrx_word' id='word_1_712' title='bbox 3555 4458 3662 4514; x_wconf 91' lang='lat' dir='ltr'><strong>sibi</strong></span> 
     </span>
    </p>
   </div>
   <div class='ocr_carea' id='block_1_99' title="bbox 1964 4549 3663 4624">
    <p class='ocr_par' dir='ltr' id='par_1_99' title="bbox 1964 4549 3663 4624">
     <span class='ocr_line' id='line_1_99' title="bbox 1964 4549 3663 4624; baseline -0.005 -14"><span class='ocrx_word' id='word_1_713' title='bbox 1964 4555 2133 4624; x_wconf 89' lang='lat' dir='ltr'><strong>rapit,</strong></span> <span class='ocrx_word' id='word_1_714' title='bbox 2167 4555 2277 4610; x_wconf 88' lang='lat' dir='ltr'><strong>nisi</strong></span> <span class='ocrx_word' id='word_1_715' title='bbox 2311 4561 2599 4624; x_wconf 91' lang='lat' dir='ltr'><strong>quantum</strong></span> <span class='ocrx_word' id='word_1_716' title='bbox 2641 4554 2688 4607; x_wconf 91' lang='lat' dir='ltr'><strong>si</strong></span> <span class='ocrx_word' id='word_1_717' title='bbox 2737 4551 3126 4621; x_wconf 90' lang='lat' dir='ltr'><strong>pulcherrima</strong></span> <span class='ocrx_word' id='word_1_718' title='bbox 3166 4549 3510 4605; x_wconf 86' lang='lat' dir='ltr'><strong>feminarum</strong></span> <span class='ocrx_word' id='word_1_719' title='bbox 3559 4563 3663 4602; x_wconf 90' lang='lat' dir='ltr'><strong>seu</strong></span> 
     </span>
    </p>
   </div>
   <div class='ocr_carea' id='block_1_100' title="bbox 1965 4639 3658 4712">
    <p class='ocr_par' dir='ltr' id='par_1_100' title="bbox 1965 4639 3658 4712">
     <span class='ocr_line' id='line_1_100' title="bbox 1965 4639 3658 4712; baseline -0.005 -13"><span class='ocrx_word' id='word_1_720' title='bbox 1965 4643 2215 4699; x_wconf 90' lang='lat' dir='ltr'><strong>marium</strong></span> <span class='ocrx_word' id='word_1_721' title='bbox 2265 4656 2505 4712; x_wconf 93' lang='lat' dir='ltr'><strong>corpora</strong></span> <span class='ocrx_word' id='word_1_722' title='bbox 2562 4641 2804 4711; x_wconf 91' lang='lat' dir='ltr'><strong>simplici</strong></span> <span class='ocrx_word' id='word_1_723' title='bbox 2864 4639 3220 4695; x_wconf 91' lang='lat' dir='ltr'><strong>revolutione</strong></span> <span class='ocrx_word' id='word_1_724' title='bbox 3277 4644 3658 4707; x_wconf 89' lang='lat' dir='ltr'><strong>percurreret,</strong></span> 
     </span>
    </p>
   </div>
   <div class='ocr_carea' id='block_1_101' title="bbox 1964 4725 3660 4799">
    <p class='ocr_par' dir='ltr' id='par_1_101' title="bbox 1964 4725 3660 4799">
     <span class='ocr_line' id='line_1_101' title="bbox 1964 4725 3660 4799; baseline -0.004 -14"><span class='ocrx_word' id='word_1_725' title='bbox 1964 4739 2066 4786; x_wconf 89' lang='lat' dir='ltr'><strong>aut</strong></span> <span class='ocrx_word' id='word_1_726' title='bbox 2095 4729 2376 4799; x_wconf 89' lang='lat' dir='ltr'><strong>splendidi</strong></span> <span class='ocrx_word' id='word_1_727' title='bbox 2404 4731 2590 4799; x_wconf 88' lang='lat' dir='ltr'><strong>operis</strong></span> <span class='ocrx_word' id='word_1_728' title='bbox 2638 4727 2869 4784; x_wconf 88' lang='lat' dir='ltr'><strong>metalla</strong></span> <span class='ocrx_word' id='word_1_729' title='bbox 2912 4726 3221 4794; x_wconf 89' lang='lat' dir='ltr'><strong>reviseret;</strong></span> <span class='ocrx_word' id='word_1_730' title='bbox 3265 4725 3404 4780; x_wconf 89' lang='lat' dir='ltr'><strong>atris</strong></span> <span class='ocrx_word' id='word_1_731' title='bbox 3447 4737 3660 4779; x_wconf 89' lang='lat' dir='ltr'><strong>aurum</strong></span> 
     </span>
    </p>
   </div>
   <div class='ocr_carea' id='block_1_102' title="bbox 1964 4813 3660 4886">
    <p class='ocr_par' dir='ltr' id='par_1_102' title="bbox 1964 4813 3660 4886">
     <span class='ocr_line' id='line_1_102' title="bbox 1964 4813 3660 4886; baseline -0.005 -12"><span class='ocrx_word' id='word_1_732' title='bbox 1964 4817 2168 4874; x_wconf 90' lang='lat' dir='ltr'><strong>claude</strong></span> <span class='ocrx_word' id='word_1_733' title='bbox 2200 4818 2528 4884; x_wconf 90' lang='lat' dir='ltr'><strong>ruderibus,</strong></span> <span class='ocrx_word' id='word_1_734' title='bbox 2568 4816 2696 4872; x_wconf 90' lang='lat' dir='ltr'><strong>licet</strong></span> <span class='ocrx_word' id='word_1_735' title='bbox 2735 4815 2922 4886; x_wconf 86' lang='lat' dir='ltr'><strong>putris</strong></span> <span class='ocrx_word' id='word_1_736' title='bbox 2951 4822 3102 4869; x_wconf 91' lang='lat' dir='ltr'><strong>terra</strong></span> <span class='ocrx_word' id='word_1_737' title='bbox 3128 4813 3432 4878; x_wconf 89' lang='lat' dir='ltr'><strong>sordescat,</strong></span> <span class='ocrx_word' id='word_1_738' title='bbox 3469 4818 3660 4867; x_wconf 89' lang='lat' dir='ltr'><strong>tamen</strong></span> 
     </span>
    </p>
   </div>
   <div class='ocr_carea' id='block_1_103' title="bbox 1964 4900 3660 4976">
    <p class='ocr_par' dir='ltr' id='par_1_103' title="bbox 1964 4900 3660 4976">
     <span class='ocr_line' id='line_1_103' title="bbox 1964 4900 3660 4976; baseline -0.006 -13"><span class='ocrx_word' id='word_1_739' title='bbox 1964 4907 2092 4963; x_wconf 90' lang='lat' dir='ltr'><strong>auri</strong></span> <span class='ocrx_word' id='word_1_740' title='bbox 2129 4906 2364 4962; x_wconf 90' lang='lat' dir='ltr'><strong>minime</strong></span> <span class='ocrx_word' id='word_1_741' title='bbox 2390 4906 2615 4976; x_wconf 68' lang='lat' dir='ltr'><strong>jnatura</strong></span> <span class='ocrx_word' id='word_1_742' title='bbox 2646 4904 2888 4960; x_wconf 87' lang='lat' dir='ltr'><strong>deﬁciet.</strong></span> <span class='ocrx_word' id='word_1_743' title='bbox 2933 4903 3112 4969; x_wconf 81' lang='lat' dir='ltr'><strong>Disce,</strong></span> <span class='ocrx_word' id='word_1_744' title='bbox 3151 4900 3344 4966; x_wconf 90' lang='lat' dir='ltr'><strong>miser,</strong></span> <span class='ocrx_word' id='word_1_745' title='bbox 3384 4901 3451 4955; x_wconf 91' lang='lat' dir='ltr'><strong>de</strong></span> <span class='ocrx_word' id='word_1_746' title='bbox 3483 4907 3660 4954; x_wconf 86' lang='lat' dir='ltr'><strong>mate-</strong></span> 
     </span>
    </p>
   </div>
   <div class='ocr_carea' id='block_1_104' title="bbox 1966 4987 3664 5064">
    <p class='ocr_par' dir='ltr' id='par_1_104' title="bbox 1966 4987 3664 5064">
     <span class='ocr_line' id='line_1_104' title="bbox 1966 4987 3664 5064; baseline -0.005 -13"><span class='ocrx_word' id='word_1_747' title='bbox 1966 4995 2208 5051; x_wconf 89' lang='lat' dir='ltr'><strong>rialibus</strong></span> <span class='ocrx_word' id='word_1_748' title='bbox 2238 4994 2488 5064; x_wconf 91' lang='lat' dir='ltr'><strong>qualiter</strong></span> <span class='ocrx_word' id='word_1_749' title='bbox 2514 4992 2840 5063; x_wconf 89' lang='lat' dir='ltr'><strong>spiritualia</strong></span> <span class='ocrx_word' id='word_1_750' title='bbox 2861 4991 3136 5055; x_wconf 91' lang='lat' dir='ltr'><strong>metiaris,</strong></span> <span class='ocrx_word' id='word_1_751' title='bbox 3163 4997 3218 5046; x_wconf 91' lang='lat' dir='ltr'><strong>et</strong></span> <span class='ocrx_word' id='word_1_752' title='bbox 3247 5003 3380 5046; x_wconf 92' lang='lat' dir='ltr'><strong>cum</strong></span> <span class='ocrx_word' id='word_1_753' title='bbox 3408 4988 3468 5043; x_wconf 91' lang='lat' dir='ltr'><strong>in</strong></span> <span class='ocrx_word' id='word_1_754' title='bbox 3491 4987 3664 5044; x_wconf 90' lang='lat' dir='ltr'><strong>rebus</strong></span> 
     </span>
    </p>
   </div>
   <div class='ocr_carea' id='block_1_105' title="bbox 1963 5075 3660 5153">
    <p class='ocr_par' dir='ltr' id='par_1_105' title="bbox 1963 5075 3660 5153">
     <span class='ocr_line' id='line_1_105' title="bbox 1963 5075 3660 5153; baseline -0.005 -14"><span class='ocrx_word' id='word_1_755' title='bbox 1963 5084 2174 5139; x_wconf 90' lang='lat' dir='ltr'><strong>habeas</strong></span> <span class='ocrx_word' id='word_1_756' title='bbox 2202 5083 2470 5152; x_wconf 84' lang='lat' dir='ltr'><strong>exempla</strong></span> <span class='ocrx_word' id='word_1_757' title='bbox 2499 5081 2759 5150; x_wconf 90' lang='lat' dir='ltr'><strong>terrenis,</strong></span> <span class='ocrx_word' id='word_1_758' title='bbox 2793 5080 3082 5153; x_wconf 85' lang='lat' dir='ltr'><strong>perpende</strong></span> <span class='ocrx_word' id='word_1_759' title='bbox 3110 5079 3252 5150; x_wconf 91' lang='lat' dir='ltr'><strong>quid</strong></span> <span class='ocrx_word' id='word_1_760' title='bbox 3285 5077 3472 5134; x_wconf 89' lang='lat' dir='ltr'><strong>valeat</strong></span> <span class='ocrx_word' id='word_1_761' title='bbox 3505 5075 3660 5131; x_wconf 86' lang='lat' dir='ltr'><strong>Divi-</strong></span> 
     </span>
    </p>
   </div>
   <div class='ocr_carea' id='block_1_106' title="bbox 1963 5172 2484 5229">
    <p class='ocr_par' dir='ltr' id='par_1_106' title="bbox 1963 5172 2484 5229">
     <span class='ocr_line' id='line_1_106' title="bbox 1963 5172 2484 5229; baseline -0.006 0"><span class='ocrx_word' id='word_1_762' title='bbox 1963 5174 2114 5229; x_wconf 91' lang='lat' dir='ltr'><strong>nitas</strong></span> <span class='ocrx_word' id='word_1_763' title='bbox 2146 5173 2204 5227; x_wconf 91' lang='lat' dir='ltr'><strong>in</strong></span> <span class='ocrx_word' id='word_1_764' title='bbox 2233 5172 2484 5228; x_wconf 73' lang='lat' dir='ltr'><strong>aeternis.</strong></span> 
     </span>
    </p>
   </div>
  </div>
