3956 6442
303 346 409 401 699

1206 338 1272 394 ν.
1311 334 1639 393 GUIBERTI
1678 336 1970 392 ABBATIS
2006 335 2064 390 S.
2107 332 2348 388 IARIE
2383 329 2477 386 DE
2516 328 2902 387 NOVIGENTO

3717 328 3823 379 500

1528 571 1873 658 LIBER
1929 568 2554 657 SECUNDUS.

963 737 1166 803 DEUS
1213 733 1472 801 OMNIA
1517 731 1857 798 HOMINIS
1897 731 2176 796 UTBUM
2227 728 2718 796 SUSCEPERIT
2767 727 2878 793 AN
2925 726 3142 793 NON?

872 990 1104 1048 CAPUT
1145 987 1444 1045 PRIMUM.

375 1089 528 1139 τοι
558 1083 816 1149 Membra,
860 1097 980 1136 cum
1009 1079 1160 1132 abest
1193 1082 1489 1146 peccatum,
1529 1080 1718 1129 sancta
1741 1079 1889 1129 sunt.
1931 1103 1997 1114 —-

306 1173 479 1228 Porro
503 1171 597 1226 Dei
623 1171 802 1226 Filius
825 1169 876 1222 in
898 1181 1127 1222 carnem
1149 1165 1400 1228 veniens,
1421 1163 1468 1218 si
1491 1163 1874 1231 competentia
1891 1174 1990 1217 cor

307 1261 429 1332 pori
451 1261 707 1315 membra
739 1257 956 1322 habuit,
985 1254 1374 1310 membrorum
1406 1251 1741 1320 compositio
1765 1266 1878 1306 non
1901 1264 1999 1305 no-

306 1351 444 1406 cuit.
477 1350 832 1416 Frustraque
861 1359 977 1400 non
998 1344 1209 1414 pudeat
1241 1341 1397 1412 quod
1423 1342 1605 1410 ipsum
1623 1355 1734 1395 non
1767 1339 1994 1409 puduit.

306 1439 378 1494 Et
407 1437 547 1507 quid
575 1450 711 1492 eum
743 1434 1004 1504 puderet,
1036 1431 1133 1488 ubi
1162 1430 1303 1486 nihil
1337 1443 1450 1484 non
1481 1436 1744 1484 sanctum
1771 1428 1913 1483 fuit!
1943 1427 1999 1484 Si

305 1525 595 1596 quidquid
633 1532 737 1588 cst,
790 1525 1004 1578 bonum
1053 1529 1156 1586 est,
1216 1518 1322 1574 nisi
1377 1517 1476 1574 ubi
1534 1525 1832 1586 peccatum
1893 1527 2000 1584 est,

307 1614 567 1671 membra
596 1627 730 1683 qua:
753 1626 854 1681 per
894 1625 952 1666 se
1000 1609 1151 1664 bona
1181 1614 1338 1670 sunt,
1370 1619 1501 1661 cum
1548 1613 1844 1675 peccatum
1885 1621 2000 1662 non

305 1710 410 1769 est,
442 1709 642 1757 sancta
670 1707 828 1756 sunt.
861 1697 1113 1754 Membra
1155 1703 1353 1751 nostra
1391 1693 1767 1749 imbecillitati
1793 1703 2002 1750 nostrae

308 1787 964 1853 suntadministratoria,
982 1793 1173 1841 etcum
1191 1797 1380 1849 aures,
1396 1796 1498 1838 ora
1517 1781 1603 1838 vel
1627 1795 1794 1837 nares
1809 1796 2006 1853 super-

308 1879 444 1935 ﬂuis
472 1879 726 1948 capitum
757 1875 1057 1945 egerendis
1080 1872 1420 1938 inserviunt,
1453 1879 1659 1926 caetera
1687 1871 1828 1940 quid
1869 1873 2002 1927 mali

307 1965 702 2035 faciunt,quae
733 1962 1384 2020 inferiusintestinorum
1412 1958 1633 2028 pondus
1663 1973 1730 2014 ex
1743 1960 2004 2028 ponunt?

378 2054 631 2109 Hominis
681 2056 818 2107 Deus
859 2053 1043 2106 omnia
1078 2051 1332 2115 suscepit.
1369 2078 1434 2087 —
1486 2048 1801 2117 interroga,
1851 2049 2003 2118 puti-

307 2138 536 2193 dissime
594 2145 649 2193 et
694 2149 965 2205 nequam,
1018 2134 1087 2188 de
1131 2131 1371 2186 Domino
1415 2139 1627 2191 nostro,
1672 2131 1718 2184 si
1764 2132 2002 2200 spuerit,

305 2227 354 2281 si
404 2240 572 2282 nares
597 2224 939 2287 emunxerit,
974 2222 1022 2277 si
1054 2220 1288 2291 pituitas
1317 2218 1617 2274 oculorum
1654 2219 1740 2273 vel
1772 2221 2004 2276 aurium

305 2315 500 2384 digitis
543 2313 820 2378 hauserit,
849 2319 905 2366 et
959 2310 1210 2378 intellige
1239 2307 1378 2376 quia
1408 2320 1527 2375 qua
1574 2305 1870 2363 honestate
1900 2323 2005 2364 su-

308 2403 532 2471 periora
579 2402 700 2457 haec
747 2400 960 2464 fecerit,
999 2407 1054 2454 et
1111 2396 1362 2462 residua,
1420 2394 1724 2463 peregerit.
1769 2397 1885 2452 Aut
1916 2398 2008 2452 die

306 2489 468 2556 mihi,
517 2489 608 2546 ille
641 2497 795 2554 tuus,
836 2487 939 2558 qui
970 2486 1218 2542 Abrahae
1263 2481 1532 2553 apparuit
1563 2482 1734 2549 Deus,
1761 2498 1831 2539 ea
1875 2501 2006 2556 quae

305 2579 551 2636 calnedit
599 2578 656 2632 in
705 2591 878 2646 quem
919 2575 1098 2630 alium
1132 2574 1223 2644 [r.,
1255 2571 1480 2644 alvum]
1520 2574 1823 2642 deposuit?
1854 2591 2005 2646 quo-

307 2667 475 2722 modo
522 2665 715 2732 etiam,
769 2671 870 2720 aut
926 2665 974 2720 si
1019 2661 1235 2718 factum
1288 2672 1391 2730 est,
1447 2665 1600 2734 quod
1647 2679 2005 2736 consequens

307 2752 453 2808 fuit?
504 2753 887 2810 Contremisco
917 2752 1057 2808 dum
1087 2751 1156 2807 de
1186 2752 1274 2808 his
1303 2753 1564 2822 disputo;
1597 2754 1693 2809 sed
1728 2768 1848 2819 vos,
1903 2754 2002 2808 lilii

305 2841 537 2908 diaboli,
573 2855 662 2897 me
690 2841 908 2912 cogitis.
947 2841 1099 2896 Deus
1143 2854 1178 2895 a
1217 2841 1380 2896 vobis
1420 2841 1635 2911 exigat,
1674 2842 1776 2912 qui
1821 2842 1999 2909 novit,

308 2945 426 2998 quo
455 2928 663 2985 aﬂ‘ectu
697 2929 749 2984 id
783 2943 910 2999 ago.
955 2929 1206 2985 Breviter
1230 2929 1468 2999 accipite
1495 2931 1674 2986 Deum
1709 2931 2004 2986 humiliter

306 3017 501 3074 omnia
532 3018 777 3073 hominis
817 3018 1149 3087 suscepisse,
1195 3026 1250 3073 et
1293 3017 1435 3073 nihil
1477 3019 1725 3075 hominis
1755 3021 2002 3075 veritum

307 3115 516 3176 praeter
564 3114 796 3176 peccata
848 3104 1048 3162 fuisse.
1099 3105 1157 3161 Si
1199 3105 1387 3161 velitis
1430 3121 1502 3162 ex
1551 3108 1770 3164 ratione
1818 3109 1999 3178 perci-

307 3209 458 3264 pere,
507 3202 793 3265 poterunt,
853 3203 918 3252 ut
961 3209 1110 3260 reor,
1161 3195 1322 3250 vobis
1371 3195 1672 3251 ratiocinia
1721 3199 2002 3266 {superius

308 3283 504 3339 habita
535 3283 674 3339 satis
701 3298 850 3351 esse;
890 3285 936 3340 si
970 3282 1134 3339 vobis
1185 3283 1342 3353 quod
1381 3283 1644 3352 patribus
1682 3286 1916 3354 vestris;
1951 3287 1996 3340 si

306 3386 429 3428 vos.
464 3371 884 3442 inquiam,non
906 3371 1263 3426 credideritis
1293 3385 1407 3426 non
1440 3371 1782 3443 intelligetis.

980 3458 1212 3515 CAPUT
1251 3459 1322 3512 ll.

2040 987 2084 1038 A
2108 991 2164 1040 et
2198 999 2399 1056 parere
2425 983 2830 1054 comperimus.
2865 983 2959 1040 Dei
3001 982 3180 1039 Filius
3229 996 3334 1052 per
3372 988 3644 1037 sanctum
3687 979 3823 1050 Spi-

2107 1076 2282 1130 ritum
2313 1071 2530 1140 concipi
2565 1085 2678 1126 non
2710 1071 2914 1140 potuit,
2946 1070 3019 1126 ob
3050 1070 3155 1126 hoc
3187 1070 3372 1125 solum
3411 1069 3554 1140 quia
3589 1069 3822 1123 invidia

2107 1174 2294 1219 vestra
2325 1161 2552 1217 noluit?
2583 1160 2841 1230 Apiculaa
2859 1175 2934 1216 ex
2961 1160 3375 1230 opusculorum
3411 1159 3630 1215 semine
3663 1160 3821 1214 lctus

2106 1260 2323 1318 creant,
2367 1264 2501 1305 cum
2537 1251 2787 1305 minores
2829 1249 3106 1304 musculae
3153 1248 3370 1304 crebris
3417 1247 3526 1303 sibi
3575 1247 3818 1302 irruant

2107 1342 2369 1397 coitibus.
2403 1340 2576 1409 Ergo.
2620 1339 2773 1394 Deus
2811 1337 2976 1394 Pater
3017 1338 3179 1404 Filio,
3232 1346 3285 1393 et
3325 1337 3507 1392 Filius
3550 1337 3663 1392 sibi
3700 1335 3817 1391 fuit

2104 1428 2384 1498 impotens
2417 1440 2620 1496 parare
2644 1436 3004 1496 conceptum,
3040 1426 3142 1496 qui
3170 1433 3250 1482 tot
3274 1426 3445 1481 etiam
3492 1423 3813 1481 minuscu-

2108 1516 2179 1573 lis
2211 1517 2381 1571 rebus
2427 1515 2549 1571 sine
2578 1529 2684 1570 suo
2713 1515 2958 1584 prebuit
2997 1515 3213 1570 semine
3259 1513 3594 1584 propaginis
3623 1513 3815 1570 incre-

2111 1605 2410 1660 mentum?

2181 1694 2327 1749 Deus
2375 1697 2434 1748 in
2483 1700 2634 1748 utero
2689 1694 2941 1761 Virginis
2980 1695 3316 1762 praeparavit
3368 1707 3565 1746 semen.
3617 1690 3818 1748 Judaei

2112 1790 2236 1838 tunc
2274 1787 2529 1852 temporis
2575 1783 2643 1837 ab
2694 1784 2912 1836 Christi
2953 1784 3142 1836 coaevis
3188 1782 3520 1849 discrepant.
3572 1809 3643 1822 —
3699 1781 3814 1836 Sed

2111 1873 2342 1928 dicitis:
2387 1873 2538 1927 Deus
2582 1871 2816 1943 quidem
2858 1870 2915 1926 id
2954 1870 3083 1933 sibi,
3123 1878 3179 1925 et
3217 1870 3453 1925 cuilibet
3490 1869 3677 1926 facere
3717 1884 3819 1938 po-

2113 1969 2274 2024 terat,
2311 1961 2408 2016 sed
2445 1961 2509 2028 is,
2543 1961 2635 2017 cui
2681 1968 2860 2016 mater
2896 1959 3018 2014 siue
3048 1960 3224 2015 maris
3251 1959 3467 2014 semine
3495 1973 3594 2028 per
3621 1958 3818 2028 Spiri-

2113 2057 2258 2115 tum,
2308 2057 2372 2104 ut
2419 2049 2689 2114 asseritis,
2723 2047 3085 2104 fecundanda
3125 2055 3268 2114 erat,
3323 2062 3427 2102 nec
3475 2047 3648 2112 Deus,
3703 2061 3819 2101 nec

2115 2138 2211 2194 Dei
2254 2137 2406 2192 iilius
2443 2145 2596 2206 erat;
2630 2137 2754 2192 ideo
2781 2151 2885 2192 nec
2923 2136 3076 2191 Deus
3117 2137 3169 2191 ei
3213 2136 3360 2201 iecit,
3397 2150 3500 2190 nec
3545 2135 3664 2204 ipse
3695 2134 3814 2190 sibi

2117 2234 2337 2295 poterat
2363 2225 2566 2281 facere.
2607 2225 2940 2281 ﬂentiinini.
2984 2224 3164 2279 Dicite
3209 2224 3383 2278 mihi;
3431 2224 3607 2277 lsaias
3648 2232 3808 2292 post-

2115 2328 2293 2386 quam
2326 2313 2582 2384 gentium
2616 2313 2916 2384 populum,
2944 2312 3046 2384 qui
3084 2313 3410 2368 ambularat
3443 2311 3498 2366 iu
3533 2313 3807 2378 tenebris,

2114 2403 2298 2459 lucem
2338 2404 2546 2458 vidisse
2585 2417 2878 2472 magnam,
2929 2410 2986 2457 et
3025 2401 3421 2456 habitantibus
3465 2401 3521 2456 in
3573 2401 3811 2470 regione

2113 2492 2336 2548 umbrae
2384 2491 2579 2546 mortis
2638 2491 2822 2546 lucem
2877 2490 3025 2546 dixit
3082 2501 3344 2544 exiirtam
3403 2492 3536 2558 (Isa.
3593 2503 3671 2555 ix,
3726 2491 3807 2558 2),

2111 2582 2244 2651 quis
2275 2587 2359 2634 est
2401 2579 2494 2635 ille
2533 2580 2821 2648 parvulus,
2867 2580 2990 2648 qui.
3044 2578 3254 2648 inquit,
3304 2583 3465 2631 natus
3510 2582 3591 2630 est
3627 2577 3807 2644 nobis,

2109 2676 2159 2723 et
2187 2671 2332 2736 ﬁlius
2362 2667 2525 2721 datus
2555 2673 2632 2721 est
2668 2667 2820 2721 nobis
2857 2668 3047 2734 (Μήτι,
3081 2669 3159 2730 6),
3190 2667 3258 2720 de
3290 2681 3404 2734 quo
3438 2673 3559 2734 post
3601 2665 3811 2736 aliqua

2111 2757 2406 2826 loquitur?
2452 2756 2580 2811 Scio
2624 2771 2726 2810 vos
2769 2757 3041 2821 dicturus,
3093 2756 3242 2810 sicut
3289 2762 3342 2809 ct
3397 2753 3624 2809 dixistis
3661 2753 3806 2808 dum

2111 2845 2457 2916 quibusdam
2506 2852 2762 2900 vestrum
2802 2858 2978 2912 super
3026 2845 3131 2900 hoc
3171 2843 3343 2898 verbo
3383 2842 3756 2912 confligerem
3793 2856 3806 2895 :

2107 2932 2214 2999 Qui
2267 2933 2440 3000 lilius,
2494 2933 2600 3004 qui
2649 2941 2820 2989 natus
2863 2929 3095 2999 dicitur,
3145 2931 3314 2986 homo
3360 2939 3466 2985 est.
3521 2931 3584 2986 Et
3637 2931 3810 2985 vobis

2109 3021 2279 3077 intuli
2333 3037 2465 3077 cum
2521 3023 2642 3077 haec
2699 3021 2770 3077 de
2819 3021 3024 3077 Messia
3074 3020 3169 3091 agi
3224 3020 3506 3074 diceretis.
3552 3021 3806 3085 Messias,

2104 3111 2420 3166 secundum
2454 3119 2703 3166 vestram
2726 3109 3075 3179 opinionem,
3110 3122 3294 3178 purus
3333 3108 3503 3162 homo
3540 3107 3668 3162 erit.
3715 3108 3810 3162 An

2109 3199 2260 3254 Deus
2298 3207 2354 3254 et
2392 3199 2602 3254 homo?
2631 3198 2800 3264 absit,
2843 3197 3022 3261 aistis,
3057 3205 3121 3253 ut
3157 3197 3210 3251 ei
3246 3197 3346 3266 qui
3391 3195 3562 3250 homo
3589 3195 3683 3263 sit,
3716 3196 3809 3250 di-

2108 3287 2319 3342 vinitas
2347 3287 2701 3342 ascribatur!
2749 3288 2924 3342 Homo
2954 3285 3062 3340 erit
3111 3285 3383 3354 prudens,
3427 3294 3674 3353 tempore
3700 3282 3812 3338 ali-

2106 3390 2225 3445 quo
2256 3383 2622 3444 regnaturus,
2661 3374 2830 3430 tinem
2860 3374 3221 3444 postmodum
3257 3375 3420 3444 regni
3449 3381 3506 3428 et
3548 3372 3810 3442 corporis

2107 3463 2601 3519 habiturus-Ecce
2631 3471 2856 3534 quanta
2883 3461 3218 3532 desipientia
3245 3470 3348 3522 est.
3375 3462 3484 3516 imo
3518 3461 3810 3517 hebetudo

375 3551 630 3605 Rationes
658 3547 920 3616 quomodo
952 3549 1118 3615 Virgo
1156 3549 1384 3616 peperit.
1414 3575 1486 3588 —
1521 3551 1592 3602 At
1622 3563 1756 3604 vero
1786 3556 1994 3606 tracta-
2035 3571 2076 3626 ρ
2110 3552 2167 3606 in
2207 3551 2496 3607 modernis
2526 3551 2760 3616 Iudaeis,
2802 3551 2875 3606 ad
2915 3564 3118 3607 eorum
3162 3550 3666 3620 comparationem,
3701 3549 3811 3620 qui

306 3646 477 3694 turus
503 3636 648 3692 illud
694 3636 849 3706 quod
895 3643 1070 3691 restat
1111 3635 1180 3690 de
1212 3635 1388 3691 beatae
1431 3635 1624 3691 Mariae
1669 3637 1998 3709 virginitate

305 3724 646 3794 capitulum,
691 3724 847 3794 quod
888 3724 1100 3779 dicitur
1137 3731 1338 3779 contra
1379 3732 1648 3780 naturam
1699 3727 1861 3797 virgo
1891 3741 1995 3796 pa-

307 3825 431 3867 rere
460 3811 807 3880 nequivisse,
844 3811 999 3883 juste
1041 3811 1281 3866 insanus
1304 3809 1548 3880 judicer,
1573 3813 1822 3882 quicum
1845 3815 1996 3870 insa-

307 3900 399 3956 nis
437 3901 766 3956 ratiocinari
811 3902 894 3957 sic
934 3900 1150 3956 videar.
1199 3901 1360 3957 [latio
1398 3911 1587 3960 tamen
1626 3917 1695 3958 ea
1739 3904 1881 3959 mihi
1915 3913 2000 3960 est

308 3989 440 4045 utsi
473 4003 507 4044 a
537 3989 898 4046 dementibus
936 3990 1144 4058 ridear,
1187 3992 1384 4048 saltem
1432 3992 1504 4047 ab
1536 3991 1624 4047 his
1672 3991 1774 4062 qui
1807 3993 2000 4048 minus

307 4091 396 4133 me
423 4078 677 4148 sapiunt,
708 4087 764 4134 et
794 4094 942 4149 quos
971 4080 1260 4136 addiscere
1293 4082 1444 4147 libet,
1481 4081 1608 4136 fidei
1650 4081 1997 4137 intellectum

305 4164 516 4222 habere
562 4166 983 4236 aliquantisper
1022 4167 1304 4222 inveniar.
1356 4171 1504 4239 Ipsa,
1553 4184 1683 4239 qua:
1721 4183 1850 4225 vere
1877 4170 1997 4242 -Dei

305 4254 486 4310 Mater
529 4263 631 4319 est,
682 4264 884 4309 contra
930 4269 1066 4310 suos
1097 4257 1260 4312 nobis
1293 4258 1480 4314 hostes
1523 4259 1777 4328 praebere
1805 4258 1999 4315 virtu-

305 4349 420 4398 tem
463 4351 660 4411 potest.
711 4343 858 4408 Quid
906 4343 974 4400 de
1024 4354 1236 4401 natura
1283 4347 1586 4418 disputas?
1639 4347 1730 4402 An
1784 4354 1998 4400 natura

306 4431 417 4487 fuit
445 4431 600 4501 quod
628 4431 806 4486 Adam
855 4432 923 4489 de
974 4432 1108 4490 limo
1149 4435 1336 4492 subito
1380 4437 1699 4506 plasmatus
1731 4432 1998 4490 emersit?

304 4527 518 4574 natura
546 4519 672 4586 fuit,
710 4520 850 4590 quia
869 4529 1010 4576 tunc
1039 4521 1206 4578 homo
1235 4524 1304 4580 de
1335 4524 1510 4582 humo
1539 4523 1821 4594 originem
1846 4536 2000 4580 sum-

304 4607 457 4677 psit?
500 4607 723 4665 Natura
759 4623 875 4666 non
917 4608 1052 4678 fuit,
1092 4622 1380 4682 quantum
1417 4614 1489 4669 ad
1533 4622 1758 4669 naturze
1803 4625 1996 4676 usum,

304 4710 420 4765 quo
445 4710 518 4752 ex
551 4696 784 4753 homine
813 4698 981 4754 homo
1009 4701 1280 4770 procedit.
1317 4701 1524 4758 Credes
1553 4716 1691 4771 ergo
1723 4699 1997 4755 creationi

303 4798 483 4854 quam
506 4799 622 4840 non
645 4785 861 4852 vidisti,
885 4793 940 4842 et
971 4787 1141 4858 cujus
1169 4787 1318 4844 inter
1345 4789 1604 4844 homines
1634 4787 1732 4843 tibi
1765 4787 1998 4856 minime

2109 3640 2331 3694 Domini
2381 3639 2516 3694 Jesu
2547 3638 3007 3707 eontemporanei
3059 3637 3313 3693 fuerunt.
3362 3637 3448 3692 [lli
3493 3636 3799 3693 dicebant.

2107 3731 2213 3784 Nos
2243 3728 2554 3782 audivimus
2591 3744 2658 3780 ea:
2693 3729 2823 3794 lege,
2866 3729 3000 3796 quia
3037 3726 3284 3782 Christus
3333 3730 3513 3779 manet
3551 3727 3606 3778 in
3641 3733 3807 3778 aler-

2104 3833 2235 3870 num
2293 3819 2462 3885 (Joan.
2519 3829 2621 3881 xu,
2679 3816 2806 3884 3i);
2864 3815 2921 3870 hi
2973 3816 3023 3870 ei
3083 3823 3261 3869 metas
3319 3813 3514 3868 mortis
3579 3813 3807 3868 consci-

2105 3912 2294 3960 scunt.
2337 3904 2644 3972 Attendite,
2695 3903 2959 3974 inquam,
3008 3902 3277 3966 infelices,
3315 3916 3492 3973 quam
3545 3901 3806 3958 absurde

2106 3992 2342 4047 sentitis.

2179 4079 2598 4152 Prosequimini
2635 4093 2766 4150 quae
2804 4087 3149 4149 sequuntur.
3197 4081 3268 4133 Et
3311 4079 3494 4143 factus
3541 4085 3637 4141 cst,
3695 4079 3800 4145 ait,

2105 4172 2451 4242 principatus
2498 4185 2659 4238 super
2700 4169 2978 4222 humerum
3016 4169 3150 4238 ejus,
3192 4172 3240 4220 et
3289 4168 3568 4221 vocabitur
3609 4182 3802 4220 nomen

2105 4259 2222 4327 ejus
2279 4258 2665 4323 Admirabitis,
2711 4258 3089 4317 Consiliarius.
3146 4257 3310 4323 Deus,
3372 4259 3571 4322 Fortis,
3636 4257 3806 4310 Pater

2105 4349 2288 4412 futuri
2327 4347 2524 4412 saeculi,
2562 4347 2817 4416 Princeps
2857 4348 3013 4414 pacis
3052 4345 3182 4413 (Isa.
3226 4359 3306 4410 1x,
3355 4346 3434 4410 6).
3477 4342 3586 4410 Qui
3625 4358 3802 4414 supe-

2106 4435 2229 4490 rius
2269 4441 2324 4490 et
2365 4441 2556 4502 natus,
2611 4441 2665 4490 et
2727 4434 2898 4496 illius,
2948 4443 3003 4490 et
3051 4433 3216 4489 nobis
3269 4433 3442 4488 datus
3494 4432 3799 4500 asseritur,

2107 4536 2265 4577 nunc
2295 4522 2467 4589 Deus,
2495 4536 2653 4577 nunc
2700 4522 2866 4576 Pater
2895 4520 3073 4577 futuri
3114 4519 3309 4577 saeculi
3351 4519 3698 4590 appellatur.
3730 4521 3802 4575 Et

2109 4624 2179 4665 ne
2208 4611 2387 4665 deitas
2418 4609 2560 4680 ipsa,
2584 4618 2649 4666 ut
2685 4609 3017 4679 aliquorum
3058 4610 3445 4680 periunctoria
3472 4616 3795 4678 putaretur,

2108 4699 2194 4767 (ut
2234 4704 2318 4752 est
2371 4697 2557 4752 illud:
2601 4698 2840 4767 Applica
2889 4698 3045 4750 illum
3095 4697 3204 4750 diis
3251 4695 3460 4765 (Exod.
3507 4709 3647 4763 xxu,
3709 4697 3801 4764 8);

2107 4784 2197 4840 vel
2250 4799 2264 4840 :
2317 4786 2588 4841 Constitui
2641 4791 2688 4839 te
2744 4788 2910 4840 Deum
2969 4785 3278 4839 Pharaonis
3333 4783 3532 4854 (Exod.
3587 4798 3684 4851 vu,
3753 4787 3798 4851 l)

302 4873 567 4943 exempla
597 4874 951 4943 praebentur.
983 4875 1188 4932 Credes
1209 4877 1377 4946 plane
1403 4891 1514 4932 non
1535 4884 1648 4932 tam
1673 4876 1787 4931 Deo
1815 4889 1994 4946 quam
2032 4870 2075 4924 Ι)
2107 4873 2342 4930 additur
2370 4874 2722 4944 perpetuitas
2762 4873 3072 4944 potestatis,
3115 4873 3269 4942 quod
3309 4881 3413 4933 est,
3461 4870 3648 4936 Pater,
3693 4871 3802 4926 sci-

304 4960 480 5031 Moysi
524 4969 642 5017 tuo.
693 4964 919 5019 Costam
966 4963 1138 5020 etiam
1191 4965 1248 5020 in
1301 4964 1603 5020 mulierem
1632 4963 1992 5030 aedificatam,

304 5063 420 5104 non
457 5049 738 5106 difﬁteris.
786 5054 856 5108 Et
896 5053 1006 5108 hoc
1040 5053 1111 5108 de
1141 5062 1352 5110 natura
1381 5068 1497 5108 non
1533 5053 1662 5109 fuit.
1708 5055 1828 5123 Age
1855 5067 1995 5123 ergo

305 5137 586 5204 poterisne
639 5139 868 5196 credere
921 5139 1243 5210 quidquam
1295 5141 1452 5196 nasci
1509 5140 1618 5196 nisi
1649 5140 1992 5212 congruenti

305 5223 461 5281 illato
483 5225 715 5283 semine.
747 5225 908 5284 Certe
942 5235 1124 5284 cattas
1155 5241 1228 5283 ex
1265 5237 1467 5298 nepeta
1488 5228 1625 5298 (23),
1663 5235 1718 5284 et
1748 5228 1998 5298 capellas

2105 4961 2236 5016 licet
2284 4976 2400 5016 non
2453 4962 2754 5027 Dominus,
2809 4963 2993 5029 futuri
3037 4964 3224 5015 saeculi
3274 4961 3406 5030 (Isa.
3467 4974 3549 5025 ιι,
3610 4960 3683 5029 6).
3719 4961 3802 5015 ibi

2104 5049 2274 5119 plane
2303 5049 2602 5118 sapientia,
2649 5064 2782 5120 quae
2823 5050 2990 5105 modo
3027 5050 3258 5120 attingit
3297 5064 3336 5104 a
3359 5048 3472 5103 ﬁne
3501 5062 3688 5120 usque
3728 5048 3802 5104 ad

2105 5137 2279 5193 linem
2323 5137 2563 5199 fortiter,
2607 5138 2868 5207 disponet
2905 5137 3102 5194 omnia
3156 5138 3415 5193 suaviter
3469 5137 3625 5205 (Sap.
3682 5151 3799 5201 vtu,

2107 5223 2178 5294 i).
2215 5223 2472 5294 Denique
2506 5227 2631 5294 post
2670 5223 2894 5294 imperii
2935 5223 3492 5294 multiplicationem,
3540 5230 3666 5292 post
3709 5237 3804 5293 pa-

302 5311 410 5382 (24)
438 5327 512 5368 ex
539 5327 811 5382 vervena,
837 5322 892 5372 et
922 5315 1187 5372 vultures
1230 5315 1452 5386 absque
1490 5316 1648 5372 coitu
1693 5315 1996 5386 concipere
2101 5311 2184 5366 cis
2224 5311 2658 5382 perennitatem,
2701 5318 2824 5381 post
2860 5310 2986 5367 solii
3034 5310 3216 5366 David
3245 5310 3301 5366 in
3325 5309 3566 5380 judicio,
3605 5317 3660 5366 et
3705 5309 3801 5381 ju-

374 5493 487 5568 (23)
515 5496 624 5568 Seu
655 5497 901 5568 nepetha
930 5495 1108 5552 herba
1127 5495 1486 5568 calaminthze
1517 5512 1720 5568 genus.

373 5565 484 5638 (9.4)
513 5567 627 5624 Seu
653 5563 906 5622 vanellos
937 5581 1074 5624 aves
1101 5581 1114 5620 :
1147 5569 1242 5623 sed
1273 5567 1365 5622 hic
1381 5582 1484 5638 pro
1505 5563 1810 5638 tiuadrupe
1835 5563 2177 5623 desumitur.
