3956 6452
132 363 238 415 501

920 360 1299 418 TRACT.'DE
1337 360 1863 419 INCABNATIONE
1900 360 2183 421 CONTRA
2217 361 2526 418 JUILEOS.
2549 392 2617 403 —-—
2642 362 2771 416 LIB.
2816 364 2885 419 ll.

3559 366 3665 419 502

133 498 320 555 stitia
350 498 865 565 conﬁrmationem,
896 504 1049 554 eoo
1092 512 1329 555 rursum
1375 498 1503 570 ejus
1551 497 1844 554 indefecti-
1882 494 1934 553 Α
1960 497 2150 554 habet.
2222 498 2328 556 Sed
2386 500 2504 556 hoc
2544 499 2956 556 diverticulum
3016 500 3442 570 permittamus,
3506 502 3664 559 unde

136 586 348 642 bilitas
374 588 722 658 pradicatur
753 603 765 642 :
800 589 1029 654 Amodo,
1066 588 1273 659 inquit,
1302 595 1353 642 et
1382 604 1552 657 usque
1577 592 1636 642 in
1664 591 1860 657 sempi-

142 681 368 730 ternum
396 677 533 748 (Isa.
565 692 642 744 1x,
672 678 754 748 7.)
789 677 1073 733 Poteritne
1122 678 1224 732 iste
1263 678 1396 733 talis
1442 678 1549 733 sibi
1601 678 1858 733 loculum

142 764 210 819 in
240 773 408 821 utero
448 779 791 835 praeparare,
819 773 874 821 et
906 766 1007 835 qui
1040 766 1372 821 dominatur
1398 766 1595 823 futuro
1625 766 1853 831 saeculo,

142 868 271 909 non
304 854 517 910 valebit
546 854 655 910 sibi
690 855 943 924 prabere
975 855 1260 911 tantillum
1301 856 1359 910 in
1394 856 1548 912 isto?
1574 860 1757 925 Cogor
1785 854 1858 910 ad

146 942 540 1010 pervicaciam
594 950 841 998 vestram
895 943 1385 1012 comprimendam
1437 944 1505 998 de
1567 942 1860 997 vilissimis

144 1030 293 1085 dare
323 1031 498 1086 rebus
524 1031 806 1101 exempla.
837 1031 1098 1087 Tradunt
1137 1033 1353 1101 physici
1392 1039 1446 1087 et
1480 1032 1859 1102 historiogra-

147 1120 408 1188 phorum
458 1120 668 1176 veritas
712 1120 769 1175 in
818 1122 1070 1190 quadam
1122 1121 1417 1191 provincia
1462 1134 1643 1191 equas
1687 1126 1859 1175 vento

144 1208 472 1277 concipere.
538 1211 688 1280 Ergo
740 1218 938 1265 sancto
990 1210 1227 1279 Spiritui
1266 1217 1479 1265 natura
1528 1209 1854 1280 pravaluit,

144 1296 269 1353 imo
299 1298 395 1353 Dei
432 1298 582 1355 vires
608 1299 946 1355 locorum—et
977 1300 1198 1355 acrium
1227 1299 1530 1370 privilegia
1557 1306 1858 1355 transcen-

141 1386 386 1442 derunt.

822 1458 1056 1515 CAPUT
1094 1459 1187 1514 III.

736 1550 869 1603 Item
899 1548 1041 1601 unde
1070 1563 1260 1618 supra.

220 1654 425 1707 Probat
454 1670 522 1708 ea)
566 1657 744 1708 Veteri
796 1657 1125 1709 Testamento
1171 1656 1475 1722 virgineum
1523 1658 1852 1722 conceptum.

139 1771 216 1782 —
248 1741 483 1812 Negatis
513 1743 703 1798 adhuc
724 1742 1021 1813 Virginem
1040 1744 1069 1795 ?
1092 1744 1383 1812 agnoscite
1411 1743 1664 1812 ejusdem
1698 1742 1853 1797 Isaia

141 1831 446 1900 propheta
473 1830 614 1886 illud
647 1847 660 1886 :
693 1834 825 1885 Ecce
865 1834 1021 1898 virgo
1051 1833 1330 1900 concipiet,
1367 1838 1421 1885 et
1448 1835 1631 1899 pariet
1651 1832 1854 1898 lilium,

139 1926 197 1976 et
234 1922 498 1975 vocabilis
534 1936 722 1975 nomen
769 1922 886 1989 ejus
936 1922 1255 1975 Emmanuel
1299 1923 1430 1987 (lsa.
1485 1925 1539 1987 7,
1593 1922 1698 1991 14).
1750 1920 1856 1975 Sed

140 2024 253 2065 vos
282 2009 490 2077 dicitis,
524 2010 663 2079 quia
693 2011 896 2076 halma,
930 2025 1138 2065 nomen
1182 2010 1543 2076 llebraicum,
1577 2009 1728 2078 apud
1758 2022 1858 2063 vos

140 2113 267 2153 non
291 2098 594 2169 virginem,
619 2098 715 2155 sed
738 2099 1223 2154 adolescentulam
1246 2098 1525 2169 signiﬁcet
1542 2102 1625 2167 ;et
1643 2098 1858 2153 adoles-

140 2186 381 2243 centula
415 2187 582 2258 plane
614 2194 793 2257 potest
821 2187 964 2243 esse‘
979 2202 1091 2242 non
1120 2189 1302 2258 virgo.
1351 2188 1423 2241 At
1468 2187 1856 2255 Hieronymus

142 2278 240 2345 (In
275 2278 406 2345 Isa.,
438 2277 535 2332 lib.
571 2292 650 2342 Ill,
683 2290 807 2347 cap.
841 2277 897 2345 '7,
931 2285 1053 2347 post
1087 2277 1280 2347 med),
1314 2290 1486 2346 quem
1529 2289 1630 2330 vos
1671 2275 1855 2330 scien-

140 2366 431 2421 tissimum
493 2366 684 2421 testari
745 2366 1121 2422 consuevistis
1178 2366 1564 2435 interpretem,
1627 2372 1683 2419 et
1735 2378 1854 2433 quo

139 2463 405 2510 vestrum
485 2454 724 2525 quidam
781 2468 1005 2511 mecum
1063 2455 1488 2524 disceptaturus
1540 2454 1849 2524 perhibuit,

140 2542 310 2614 quod
354 2543 408 2598 in
456 2543 816 2615 conﬂigendo
864 2544 1198 2599 nullatenus
1247 2543 1573 2598 exorbitare
1618 2544 1685 2599 de
1726 2542 1854 2612 ejus

144 2631 632 2688 translationibus
661 2633 847 2699 vellet,
879 2646 1012 2688 nom
1054 2633 1221 2687 modo
1257 2632 1560 2700 praelatum
1607 2631 1851 2686 verbum

139 2721 432 2791 virginem
480 2735 704 2788 sonare,
747 2724 898 2791 quod
940 2722 1175 2776 betulam
1220 2720 1428 2788 dicitis,
1475 2722 1707 2789 asserit;
1753 2721 1851 2776 sed

144 2810 305 2865 illam
370 2810 598 2880 proprie
651 2811 936 2881 virginem
991 2812 1333 2880 exprimere,
1392 2825 1522 2879 qua
1593 2810 1849 2864 virorum

144 2899 549 2967 conspectibus
604 2907 833 2955 maneat
887 2914 1110 2968 semper
1165 2900 1515 2954 abscondita.
1577 2898 1681 2953 Sed
1748 2914 1851 2953 vos

146 2988 357 3042 veteris
410 2988 737 3056 pertinacia
787 3003 1080 3053 memores,
1139 2988 1279 3043 illud
1320 2988 1473 3056 quod
1506 2995 1589 3042 est
1620 2987 1850 3056 amphi-

1964 602 2060 644 eos
2092 587 2164 643 ad
2195 596 2423 658 tempus
2457 589 2865 645 inconveniens
2909 590 3340 658 compellamus.
3386 590 3534 657 Quid
3579 598 3665 647 est

1965 693 2101 749 ergo
2132 679 2287 748 quod
2318 679 2425 734 sub
2455 679 2683 735 duobus
2710 678 2974 735 ﬁdelibus
3024 679 3263 735 testibus
3310 678 3546 735 accessit
3589 679 3664 734 ad

1965 781 2231 835 uxorem,
2265 776 2331 823 ut
2358 766 2568 835 dicitis,
2603 768 2817 823 suam?
2868 769 3144 824 Accessus
3194 768 3477 824 Hebraica
3526 782 3661 823 con-

1967 855 2271 911 suetudine
2300 870 2403 925 pro
2431 856 2746 912 concubitu
2797 855 2935 912 solet
2971 857 3125 925 poni,
3173 864 3238 913 ut
3283 863 3369 912 est
3415 857 3475 911 in
3523 856 3663 911 Eze-

1966 940 2147 1000 chiele
2179 959 2193 999 :
2230 945 2324 998 Ad
2368 946 2666 1012 mulierem,
2726 946 2935 1015 inquit,
2982 951 3371 1000 menstruatam
3414 960 3522 999 non
3564 960 3664 998 ac-

1966 1036 2186 1087 cesseris
2221 1034 2435 1103 (Ezech.
2466 1048 2625 1100 xvm,
2672 1036 2749 1102 6).
2800 1033 2856 1088 Si
2907 1034 3086 1103 igitur
3125 1033 3331 1091 dicatis
3367 1034 3508 1103 quia
3552 1033 3663 1088 sub

1964 1120 2144 1176 oculis
2173 1122 2405 1177 testium
2432 1122 2687 1178 ﬁdelium
2715 1122 3024 1187 Zachariae,
3052 1135 3119 1177 ac
3150 1122 3299 1178 Uria
3331 1122 3508 1176 Isaias
3527 1135 3663 1176 cum

1966 1221 2169 1271 uxore,
2205 1208 2257 1263 id
2289 1217 2373 1263 est
2403 1208 2778 1278 prophetissa,
2811 1210 3025 1276 coierit,
3077 1218 3131 1264 et
3176 1209 3271 1263 illa
3318 1208 3659 1277 conceperit,

1965 1304 2019 1351 et
2050 1296 2568 1366 impraesentiarum
2600 1298 2708 1354 sub
2735 1305 3023 1353 momento
3062 1297 3365 1368 pepererit,
3408 1310 3664 1367 quorum

1965 1399 2081 1441 non
2132 1400 2230 1442 ore
2273 1388 2626 1456 conspuendi
2672 1388 2828 1453 estis,
2891 1386 3109 1457 quibus
3156 1400 3271 1442 non
3315 1385 3664 1443 stercoribus

1965 1473 2280 1544 lapidandi,
2314 1478 2413 1546 qui
2447 1475 2581 1531 hinc
2623 1475 2747 1531 viro
2794 1475 3152 1531 sanctissimo
3200 1474 3448 1531 dedecus
3493 1475 3662 1544 igno-

1963 1562 2437 1619 miniosissimum
2494 1564 2781 1635 irrogatis,
2837 1571 2892 1619 et
2938 1571 3255 1633 prapotens
3298 1560 3661 1619 mendacium

1966 1651 2122 1707 illinc
2151 1652 2430 1707 astruitis.

2039 1740 2097 1795 Si
2142 1740 2337 1810 itaque
2384 1748 2535 1796 stare
2582 1754 2699 1795 non
2753 1747 2956 1810 potest,
3009 1740 3391 1797 concedamus
3436 1736 3658 1805 saltem,

1966 1830 2288 1886 secundum
2334 1844 2454 1897 vos,
2502 1837 2567 1885 ut
2614 1829 3040 1885 adolescentula
3082 1829 3423 1898 conciperet,
3478 1841 3663 1897 quare

1967 1932 2082 1973 non
2111 1927 2195 1974 est
2234 1920 2557 1989 appositum
2586 1920 2654 1974 de
2684 1922 2854 1989 cujus
2894 1919 3111 1975 semine
3155 1919 3355 1975 eadem
3405 1916 3459 1972 id
3504 1917 3661 1987 quod

1965 2010 2384 2079 conciperetur.
2434 2011 2736 2080 exciperet.
2781 2009 2942 2075 Quod
2973 2016 3164 2064 tamen
3213 2008 3258 2062 si
3308 2007 3485 2072 ﬁeret,
3526 2019 3661 2075 pro-

1964 2098 2108 2155 fecto
2152 2100 2385 2169 signum
2435 2099 2588 2170 quod
2630 2098 3038 2168 spondebatur,
3099 2096 3332 2169 signum
3375 2096 3493 2167 jam
3546 2108 3661 2150 non

1963 2197 2128 2245 esset.
2174 2192 2328 2261 Ergo
2374 2197 2477 2245 aut
2520 2196 2680 2258 pater
2723 2186 3122 2244 enuntiandus
3174 2194 3277 2252 est,
3327 2193 3429 2242 aut
3472 2184 3660 2254 virgo,

1964 2279 2083 2335 sive
2113 2279 2538 2334 adolescentula
2570 2279 2614 2333 si
2648 2277 2990 2346 conceperit,
3026 2276 3378 2346 peperitque,
3425 2274 3658 2344 signum

1962 2376 2065 2423 est.
2102 2368 2158 2423 Si
2187 2376 2381 2423 autem
2411 2367 2640 2437 signum
2671 2375 2774 2433 est,
2822 2374 3022 2421 contra
3066 2380 3237 2421 usum
3287 2372 3511 2420 natura
3553 2371 3656 2418 est.

1963 2458 2152 2528 Igitur
2180 2457 2456 2528 quoniam
2490 2456 2565 2523 id,
2595 2456 2749 2526 quod
2795 2463 3135 2525 conceptum
3174 2462 3230 2510 et
3274 2460 3505 2523 partum
3549 2461 3658 2522 est,

1960 2556 2207 2604 vocatur
2231 2546 2593 2613 Emmanuel,
2645 2546 2699 2601 id
2744 2553 2829 2601 est
2872 2546 3151 2599 nobiscum
3202 2547 3358 2610 Deus,
3409 2542 3566 2612 quod
3607 2550 3663 2598 et

1963 2653 2067 2708 pro
2124 2637 2288 2706 signo
2335 2636 2586 2706 generali
2629 2634 2827 2690 domui
2887 2634 3090 2700 David,
3140 2634 3196 2689 id
3243 2639 3327 2688 est
3373 2630 3658 2698 Ecclesia,

1962 2734 2196 2797 prastat
2234 2727 2405 2791 Deus,
2452 2724 2752 2793 intelligite
2801 2731 2902 2779 aut
2946 2722 3357 2778 convincimini
3386 2734 3659 2791 nequam,

1962 2816 2122 2885 quia,
2159 2815 2361 2877 velitis,
2397 2814 2608 2879 nolitis,
2644 2814 2871 2883 paravit
2898 2812 3005 2867 sibi
3034 2812 3189 2882 quod
3223 2810 3407 2867 voluit
3452 2809 3512 2864 in
3562 2823 3666 2864 na-

1962 2914 2112 2971 tura,
2141 2905 2314 2959 etiam
2351 2910 2556 2973 prater
2583 2911 2876 2969 naturam,
2912 2902 3029 2971 ipse
3078 2908 3281 2956 auctor
3320 2906 3376 2955 et
3421 2897 3662 2968 disposi-

1962 3002 2052 3050 tor
2078 3000 2304 3047 natura.
2336 2993 2505 3047 Deus.
2544 2992 2612 3046 Et
2651 2990 2771 3060 ipse
2794 2991 2892 3060 qui
2922 2990 3220 3059 disposuit,
3254 2989 3371 3059 ipse
3418 2987 3521 3058 qui
3566 3001 3664 3042 na-

150 3076 426 3142 bolicum,
466 3076 521 3131 id
554 3085 635 3132 est
665 3076 1062 3147 juvenculam,
1093 3076 1362 3132 retinetis.
1398 3076 1541 3131 Nam
1570 3077 1613 3130 si
1656 3090 1849 3130 assen-
1889 3092 1929 3148 (ς
1957 3092 2051 3141 ωδ
2081 3091 2164 3139 est
2197 3083 2251 3137 in
2282 3097 2349 3137 ea
2377 3089 2431 3137 et
2461 3081 2575 3150 ipse
2604 3095 2730 3135 eam
2763 3079 3047 3142 fundavit,
3073 3093 3187 3133 non
3210 3078 3423 3145 eligere
3451 3077 3658 3146 potuit,

146 3165 420 3231 tiremini,
446 3165 692 3221 multum
714 3181 813 3220 vos
836 3167 1129 3221 videretur
1151 3180 1259 3221 vox
1284 3166 1403 3220 hac
1423 3165 1540 3220 sola
1562 3165 1848 3234 subigere.

219 3254 515 3309 Ponamus
559 3254 755 3324 itaque
805 3253 1286 3309 adolescentulam
1341 3253 1415 3308 ibi
1471 3266 1635 3307 esse:
1685 3252 1853 3307 dicite

148 3341 290 3397 mihi
324 3342 465 3413 quid
498 3349 581 3398 est
609 3343 760 3412 quod
807 3342 1175 3412 pramitlitur
1207 3357 1220 3395 :
1256 3345 1387 3396 Ecce
1434 3342 1700 3396 Dominus
1745 3341 1853 3394 du-

149 3432 228 3485 bit
257 3431 419 3485 vobis'
447 3434 661 3500 signum
694 3430 902 3502 (Ibid),
951 3446 1081 3486 mox
1130 3431 1425 3501 supposito
1460 3447 1473 3485 :
1524 3434 1657 3485 Ecce
1696 3434 1853 3497 virgo

149 3523 453 3589 concipiet;
510 3519 669 3576 nullo
724 3520 1036 3590 pramisso,
1097 3520 1165 3575 de
1233 3534 1350 3589 quo
1420 3520 1852 3576 adolescentula

147 3611 483 3679 conciperet.
518 3611 582 3665 Et
608 3609 728 3680 jam
757 3610 803 3665 si
834 3610 998 3679 virgo
1029 3624 1143 3664 non
1177 3616 1321 3665 esset
1352 3624 1483 3678 qua
1507 3610 1847 3689 conciperet,

149 3700 289 3771 quia
335 3714 438 3770 per
484 3714 544 3754 se
599 3700 921 3769 conciperet
977 3699 1208 3769 signum
1263 3707 1425 3753 esset.
1487 3698 1591 3752 Sed
1645 3698 1852 3767 objecit

151 3789 289 3844 mihi
342 3788 579 3859 quidam
629 3803 828 3844 eorum
880 3787 1066 3857 lapide
1110 3788 1371 3851 veterior,
1410 3787 1565 3857 quod
1606 3786 1725 3842 hac
1754 3800 1849 3842 ea-

154 3877 275 3933 dem
317 3877 736 3933 adolesccntula
769 3890 920 3931 uxor
946 3876 1233 3946 propheta
1261 3883 1421 3946 erat;
1453 3883 1508 3931 et
1540 3876 1689 3931 hanc
1729 3891 1849 3932 esse

155 3981 326 4037 quam
356 3967 414 4022 in
462 3967 838 4037 sequentibus
885 3966 1049 4035 longe
1099 3972 1525 4021 commemorat.
1575 3966 1846 4032 Adhibui,

158 4057 363 4127 inquit,
393 4058 530 4111 mihi
575 4062 730 4111 testes
775 4057 958 4125 fideles
1008 4057 1201 4110 Uriam
1249 4055 1597 4120 sacerdotem,
1649 4061 1699 4109 et
1743 4059 1847 4110 Za-

158 4146 393 4199 chariam
425 4143 604 4215 ﬁlium
634 4145 938 4207 Barachiae,
974 4148 1024 4196 et
1057 4144 1257 4195 accessi
1303 4142 1378 4195 ad
1420 4143 1845 4211 prophetissam,

160 4250 271 4302 qua
301 4235 560 4302 concepit,
592 4240 642 4286 et
664 4235 874 4301 peperit
912 4233 1087 4300 ﬁlium
1129 4231 1261 4302 (Isa.
1313 4246 1431 4297 vui,
1478 4231 1530 4297 9,
1584 4232 1658 4300 3).
1712 4232 1845 4286 Pro-

160 4324 431 4392 phetissas
467 4324 524 4376 in
573 4321 783 4376 nostris
832 4320 1229 4376 voluminibus
1272 4320 1381 4375 sub
1429 4320 1615 4390 gratia
1639 4319 1843 4388 reperi,

1964 3174 2071 3228 nisi
2130 3172 2282 3241 quod
2348 3171 2624 3226 mundius
2683 3169 2809 3224 fuit.
2878 3168 3008 3223 Ideo
3062 3175 3283 3222 constat
3337 3166 3478 3235 quia
3545 3179 3662 3220 non

1960 3261 2405 3326 adolescentula,
2438 3275 2552 3314 non
2574 3259 2758 3327 virgo,
2791 3258 2884 3313 sed
2912 3270 3089 3325 supra
3113 3256 3333 3310 solitam
3362 3254 3662 3309 hominum

1958 3352 2267 3421 puritatem
2300 3349 2461 3418 virgo
2492 3348 2860 3418 pudicissima
2892 3345 3018 3401 fuit.
3051 3347 3118 3400 Et
3145 3344 3190 3397 is
3232 3357 3405 3413 quem
3436 3341 3659 3413 genuit,

1962 3441 2020 3496 in
2096 3442 2346 3509 signum,
2404 3445 2468 3493 ut
2533 3437 2811 3506 propheta
2864 3432 3255 3504 prosequitur,
3312 3431 3661 3501 populorum

1959 3528 2112 3583 stetit
2142 3528 2281 3597 (lsa.
2312 3541 2391 3593 XI,
2428 3525 2533 3591 lO),
2568 3524 2708 3594 quia
2737 3524 2959 3591 nullus,
2984 3523 3095 3578 nisi
3132 3521 3236 3592 qui
3277 3521 3347 3577 ad
3400 3534 3535 3576 eum
3578 3533 3664 3574 re-

1958 3617 2165 3687 spexit,
2199 3616 2442 3670 salutem
2472 3613 2704 3668 meruit.

2030 3705 2209 3761 Dicite
2241 3704 2380 3759 mihi
2414 3702 2517 3773 qui
2548 3700 2827 3757 aﬁ‘ectatis
2869 3699 3198 3771 magisteria
3236 3707 3443 3754 vestra
3495 3697 3661 3768 legis,

1959 3810 2091 3866 qua
2118 3791 2497 3850 consonantia
2521 3798 2604 3846 est
2634 3789 2892 3856 rationis,
2928 3797 2993 3845 ut
3034 3790 3079 3843 is
3128 3802 3274 3858 puer
3316 3786 3664 3842 nutriendus

1957 3883 2234 3952 butyrum
2265 3888 2321 3936 et
2360 3879 2469 3936 mel
2515 3878 2796 3943 comedat,
2849 3885 3142 3947 quatenus
3190 3875 3501 3944 reprobare
3545 3888 3662 3929 ma-

1953 3973 2095 4035 lum,
2130 3978 2185 4026 et
2214 3970 2424 4040 eligere
2456 3968 2671 4023 bonum
2704 3965 2845 4021 sciat
2886 3966 3024 4035 (Isa.
3072 3979 3170 4025 vn.
3223 3964 3327 4033 l5).
3383 3962 3662 4032 Nunquid

1957 4070 2022 4120 ut
2053 4060 2300 4132 singulis
2325 4057 2557 4128 singula
2586 4055 2922 4120 referamus,
2976 4054 3099 4108 ideo
3154 4054 3427 4121 butyrum
3475 4066 3662 4107 come-

1962 4149 2138 4215 ditur,
2175 4154 2236 4203 ut
2266 4146 2442 4201 totius
2473 4141 2847 4213 malignitatis
2884 4141 3078 4196 odium
3129 4140 3560 4209 subsequatur;
3606 4145 3663 4195 et

1964 4237 2023 4292 in
2051 4237 2303 4291 animam
2333 4233 2515 4289 mellis
2541 4246 2675 4288 esus
2704 4231 2785 4286 sic
2814 4237 3086 4291 transeat.
3121 4236 3187 4284 ut
3219 4228 3351 4284 boni
3388 4227 3662 4283 electione

1964 4341 2069 4381 nos
2120 4322 2389 4380 imbuat?
2444 4322 2664 4387 Fateor,
2732 4320 3008 4388 butyrum
3062 4318 3367 4385 hucusque
3418 4315 3658 4381 oderim,

162 4414 236 4469 uti
286 4415 514 4468 Annam
559 4410 733 4465 ﬁliam
784 4408 1096 4465 Phanuelis
1145 4410 1291 4479 (Luc.
1342 4425 1399 4476 ll,
1450 4409 1556 4475 36),
1602 4416 1657 4463 et
1714 4409 1858 4463 ﬁlias
1896 4395 2196 4484 Dmelque
2252 4412 2446 4466 minus
2493 4407 2838 4474 curaverim,
2888 4422 2919 4462 a
2975 4407 3140 4462 modo
3204 4411 3348 4460 τω
3412 4413 3662 4473 utraque

162 4500 399 4570 Philippi
451 4498 724 4567 virgines,
788 4512 919 4567 qua
973 4495 1346 4566 prophetissa
1396 4497 1540 4561 (Act.
1600 4510 1717 4562 xx1,
1770 4497 1846 4564 9),

161 4605 266 4646 non
300 4589 438 4660 quia
471 4587 744 4658 conjuges
772 4588 1077 4657 prophetas
1107 4585 1436 4651 habuerint,
1463 4586 1559 4641 sed
1592 4586 1731 4655 quia
1750 4598 1851 4655 per

162 4694 214 4733 se
255 4677 737 4750 prophetaverint,
789 4676 1173 4745 appellantur.
1225 4675 1368 4730 Nam
1416 4674 1654 4730 Holdam
1704 4673 1852 4730 liber

163 4768 373 4840 Regum
416 4766 525 4822 sub
551 4779 686 4835 rege
715 4765 867 4820 .Iosia
912 4778 1028 4819 non
1083 4764 1518 4834 prophetissam,
1575 4762 1670 4818 sed
1727 4776 1853 4833 pro-

164 4857 380 4926 phetam
413 4862 578 4910 vocat
611 4854 716 4925 (IV
745 4855 874 4921 Reg.
912 4862 1054 4920 Kxn,
1089 4855 1200 4921 l4).
1244 4853 1307 4907 In
1357 4850 1519 4907 libris
1562 4851 1851 4906 veteribus

166 4945 206 5000 si
235 4946 375 5001 alias
410 4943 630 5013 uspiam
664 4941 900 5013 legerim
928 4942 1038 4997 hoc
1068 4939 1415 4997 vocabulum
1465 4939 1673 4996 nescio.
1733 4939 1849 4995 Sel-

169 5029 277 5089 lum
309 5041 501 5089 tamen
554 5031 747 5087 Holda
792 5030 1065 5086 maritum
1115 5044 1230 5084 non
1280 5030 1474 5085 vocari
1515 5030 1852 5100 prophetam

169 5122 271 5177 scio
301 5121 506 5193 (Ibid).
545 5124 849 5186 Ponamus,
884 5134 1097 5190 quaso,
1132 5119 1339 5174 iterum
1362 5126 1415 5175 et
1437 5119 1586 5175 hanc
1612 5132 1850 5174 uxorem

169 5206 331 5266 fuisse
388 5210 701 5280 propheta,
769 5222 903 5263 cum
972 5216 1123 5264 certo
1184 5206 1398 5263 certius
1451 5208 1646 5275 sciam,
1707 5206 1856 5263 sicut

173 5300 310 5366 apud
340 5314 445 5354 nos
492 5313 681 5369 neque
724 5297 1032 5363 abbatissa,
1077 5311 1265 5366 neque
1308 5296 1650 5363 diaconissa,
1706 5309 1857 5352 uxor

174 5386 401 5454 abbatis,
436 5395 539 5443 aut
589 5387 816 5441 diaconi
861 5394 980 5454 est;
1030 5400 1135 5440 nec
1189 5383 1375 5455 virgo,
1432 5398 1538 5439 nec
1585 5384 1763 5439 vidua
1810 5383 1855 5439 si

174 5478 497 5532 comitatum
533 5482 772 5545 regeret,
804 5473 1109 5530 comitissa
1142 5486 1351 5528 nomen
1399 5472 1719 5538 amitteret;
1777 5471 1858 5526 sic

175 5564 518 5636 prophetissa
573 5577 647 5620 ex
697 5563 815 5619 solo
872 5577 978 5619 suo
1022 5561 1226 5628 ofﬁcio,
1285 5561 1440 5632 quod
1486 5560 1571 5616 sic
1620 5563 1861 5616 vocatur

1955 4502 2129 4558 avida
2156 4500 2318 4555 fauce
2351 4497 2642 4567 diripiam.
2677 4509 2809 4551 cum
2839 4509 2908 4551 ea
2937 4494 3254 4550 docueritis
3280 4509 3406 4550 eam
3446 4494 3659 4550 habere

1956 4591 2095 4647 vim.
2128 4589 2275 4656 Scio,
2308 4586 2446 4658 quia
2475 4585 2599 4641 loco
2631 4585 2689 4640 in
2730 4585 2857 4651 hoc,
2902 4591 3092 4639 vestro
3140 4597 3300 4638 more
3345 4582 3661 4639 cornicabi-

1958 4678 2120 4735 mini.
2155 4677 2384 4739 Audite,
2416 4675 2520 4731 etsi
2552 4673 2759 4739 aversi,
2792 4671 2949 4743 quod
2980 4686 3181 4727 verum
3232 4678 3335 4727 est.
3373 4671 3659 4740 Butyrum

1958 4782 2028 4824 ex
2061 4779 2234 4822 carne
2263 4773 2366 4829 est,
2400 4763 2510 4820 mel
2544 4777 2617 4819 ex
2646 4776 2773 4818 rore
2801 4760 3010 4816 caelesti
3037 4760 3358 4815 conﬁcitur.
3402 4761 3507 4815 Per
3545 4760 3659 4815 bu—

1960 4864 2154 4926 tyrum
2204 4869 2341 4925 ergo
2389 4851 2721 4923 humanitas
2767 4848 3079 4905 Salvatoris
3122 4847 3422 4917 accipitur,
3487 4848 3659 4918 cujus

1961 4945 2193 5000 lenitate
2249 4949 2613 5013 peccatorum
2674 4946 3005 4995 nostrorum
3054 4937 3329 5006 asperitas
3370 4944 3661 5006 tempera-

1961 5041 2079 5089 tur.
2112 5031 2217 5088 Mel
2248 5029 2523 5085 divinitas
2548 5027 2907 5098 designatur,
2942 5025 3111 5096 cujus
3137 5024 3419 5093 sapientia
3451 5032 3661 5080 nostra

1961 5119 2201 5177 rationis
2269 5116 2648 5187 intelligentia
2711 5113 3067 5170 dulcoratur.
3140 5115 3271 5169 Ilac
3327 5112 3660 5168 benedictus

1964 5212 2112 5265 Puer
2142 5207 2235 5264 ille
2259 5205 2521 5271 comedit,
2549 5205 2691 5274 quia
2719 5203 2777 5258 in
2809 5217 2867 5258 se
2897 5216 3014 5258 uno
3047 5210 3356 5272 utramque
3383 5203 3660 5258 substan-

1966 5298 2104 5355 tiam
2155 5295 2252 5351 Dei
2282 5309 2352 5350 ac
2382 5292 2630 5349 hominis
2666 5292 2965 5348 adunavit.
3009 5289 3111 5345 Per
3155 5289 3471 5344 humanam
3520 5301 3660 5358 ergo

1964 5394 2259 5451 naturam,
2294 5396 2412 5454 qua
2439 5381 2723 5438 virtutum
2754 5379 3021 5449 exempla
3054 5378 3320 5448 praebuit,
3362 5377 3551 5447 scivit,
3603 5377 3658 5432 id

1964 5482 2068 5542 est,
2119 5487 2223 5528 nos
2265 5473 2398 5529 fecit
2448 5470 2592 5527 scire
2635 5468 2946 5525 criminum
2994 5468 3302 5534 leuitatem,
3340 5475 3395 5523 et
3438 5480 3539 5536 per
3566 5466 3660 5521 di-

1966 5562 2226 5621 vinitatis
2311 5561 2585 5617 haustum
2657 5557 2899 5613 interna
2969 5555 3292 5612 dulcedinis
3374 5554 3664 5611 intimavit
