3956 6416
336 338 440 393 503

1237 337 1310 394 ν.
1369 336 1703 393 GUIBEBTI
1758 335 2052 392 ABBATIS
2095 335 2152 390 S.
2210 336 2447 392 IARLE
2506 337 2596 392 DE
2656 335 3045 395 NOVIGENTO

3736 342 3841 397 504

334 472 694 530 charitatem.
727 471 834 529 Sed
864 473 985 529 haec
1016 487 1147 545 quae
1172 472 1316 542 dixi,
1349 472 1492 530 risui
1536 480 1724 529 vestro
1770 471 2032 543 exposita
2065 474 2114 527 Α
2136 472 2429 528 secundum
2459 475 2710 528 auditum
2739 476 2960 530 aurium
2988 480 3183 543 arguet
3212 473 3343 546 (ιω.
3365 490 3441 541 xi,
3472 476 3555 547 '3.)
3578 475 3722 544 Quis
3742 492 3843 533 un-

333 568 492 619 sunt.

1000 631 1232 689 CAPUT
1270 632 1362 690 IV.

404 740 599 804 Instat,
654 741 705 791 et
730 740 1080 808 prosequitur
1108 740 1276 793 Isaiae
1324 741 1645 793 vaticinium
1693 767 1767 780 —
1834 737 2027 808 Sequi-

333 833 433 883 tur
459 826 610 881 idem
641 826 920 897 propheta
948 834 1069 896 post
1099 827 1350 896 plurima
1382 841 1395 881 :
1429 828 1771 895 Egredietur,
1815 827 2025 897 inquit,

332 918 496 982 virga
522 915 586 969 de
616 915 804 970 radice
825 918 1010 980 Iesse;
1041 920 1091 969 et
1119 918 1214 984 ﬂos
1264 916 1330 969 de
1378 916 1565 970 radice
1618 917 1734 985 eius
1779 916 2030 971 ascendet

334 1001 474 1073 (Isa.
513 1017 593 1070 xi,
646 1003 716 1073 t).
775 1002 963 1070 Quare
1020 1004 1232 1073 virga?
1287 1003 1428 1073 quia
1481 1011 1655 1069 recta,
1713 1002 2030 1073 singularis

332 1098 388 1146 et
438 1092 610 1147 unica
660 1092 925 1160 puritatis
969 1093 1328 1156 omnimodae,
1378 1092 1693 1148 subtilitate
1743 1100 2024 1161 porrecta.

334 1179 511 1235 Dicite
540 1179 701 1243 mihi,
734 1180 835 1249 qui
885 1179 1011 1235 licet
1051 1180 1108 1235 in
1146 1181 1410 1251 quinque
1460 1181 1621 1236 libris
1666 1181 1844 1250 Moysi
1881 1179 2025 1235 ‘nul-

332 1267 416 1323 las
473 1268 721 1337 recipere
775 1267 1084 1337 allegorias
1134 1268 1341 1335 velitis,
1403 1269 1763 1339 propheticus
1835 1276 2026 1325 tamen

332 1354 509 1411 libros
570 1354 853 1424 mysteriis
928 1356 1287 1425 plenissimus
1339 1371 1452 1411 non
1506 1358 1770 1427 negatis?
1827 1356 2024 1423 Dicite,

334 1443 596 1513 inquam,
627 1457 758 1513 quae
791 1444 865 1498 sit
896 1443 1109 1513 virga?
1156 1444 1304 1510 Quid
1342 1445 1414 1499 sit
1455 1444 1695 1515 egredi?
1738 1444 1877 1511 Quis
1925 1446 2029 1500 nos

332 1546 446 1587 non
497 1531 568 1586 de
624 1545 805 1599 ramo,
864 1532 961 1586 sed
1018 1533 1087 1586 de
1146 1531 1337 1588 radice
1387 1533 1824 1589 conscendens?
1868 1535 2029 1589 Certe

332 1619 488 1676 haud
524 1619 770 1675 dubium
804 1620 948 1689 quin
978 1619 1047 1675 de
1080 1628 1274 1675 nostro
1302 1620 1520 1676 dictum
1551 1621 1747 1676 Messia
1796 1622 2025 1691 putetis.

332 1708 465 1763 Peto
505 1707 703 1778 igitur,
736 1714 799 1764 ut
827 1721 896 1762 ea
924 1722 1045 1777 qua
1073 1709 1345 1777 proposui
1370 1722 1405 1763 a
1434 1708 1596 1764 vobis
1626 1710 2027 1766 distributione

331 1796 578 1851 dicatur.
612 1795 667 1851 Si
716 1796 979 1852 Messiam
1022 1796 1208 1851 dicitis
1251 1798 1498 1867 virgam,
1550 1798 1681 1867 quis
1720 1798 1830 1854 erit
1873 1798 2026 1855 ﬂos?

331 1883 633 1951 Attendite,
666 1897 738 1939 an
772 1885 926 1953 quod
953 1884 1154 1940 dixero
1193 1884 1281 1940 vel
1327 1887 1448 1941 veri
1488 1885 1670 1941 simile
1725 1887 2021 1943 habeatur.

333 1971 386 2027 Si
419 1972 596 2042 virga:
630 1972 928 2041 pluraliter
965 1972 1314 2035 dicerentur.
1342 1974 1412 2029 de
1437 1975 1653 2044 quibus
1699 1975 1803 2031 llus
1846 1976 2024 2032 orire-

331 2068 445 2128 tur,
481 2061 815 2132 conjugales
843 2061 1169 2132 significare
1198 2076 1469 2132 personas
1504 2063 1704 2119 merito
1752 2072 2023 2134 putaren-

333 2156 446 2203 tur.
502 2153 569 2204 At
625 2150 902 2219 quoniam
953 2150 1120 2220 virga
1164 2159 1271 2218 est,
1319 2151 1741 2221 simplicitatem
1783 2153 2026 2209 innuere

330 2236 579 2292 videtur.
615 2236 667 2292 Si
699 2245 919 2307 patrem
949 2238 1072 2293 sine
1101 2252 1207 2293 sua
1234 2240 1418 2309 jugali
1461 2240 1783 2311 intelligas;
1812 2242 2026 2297 scimus

330 2325 472 2394 quia
503 2324 675 2393 juxta
718 2332 988 2380 naturam
1041 2341 1143 2395 per
1198 2342 1257 2381 se
1316 2328 1397 2382 nil
1443 2329 1563 2398 agit
1611 2329 1923 2385 masculus.
1969 2330 2023 2400 Si

329 2419 570 2467 matrem
640 2412 761 2467 sine
832 2421 1010 2481 patre,
1084 2413 1228 2469 nihil
1301 2415 1620 2472 secundum
1693 2416 2019 2486 opinionem

330 2508 528 2566 tuam;
565 2498 787 2569 aliquid
818 2514 960 2556 vero
988 2509 1073 2557 est
1109 2502 1431 2559 secundum
1471 2517 1677 2573 meam,
1725 2505 1840 2561 imo
1886 2519 2024 2576 pro-

332 2588 634 2658 pheticam.
666 2589 799 2644 Haec
826 2603 1058 2660 egressa
1086 2599 1192 2658 est,
1224 2591 1365 2661 quia
1394 2593 1793 2661 praeminens,
1821 2602 1877 2650 et
1900 2594 2024 2651 sine

327 2676 592 2746 exemplo
647 2676 706 2731 in
760 2684 876 2733 toto
924 2678 1182 2734 humano
1229 2694 1437 2750 genere
1501 2689 1729 2737 ostensa
1798 2691 1900 2739 est.
1967 2683 2023 2739 Si

327 2764 613 2820 dixisset:
674 2765 1020 2835 Egredietur
1079 2769 1263 2839 virga,
1328 2769 1397 2825 de
1442 2769 1613 2840 cujus
1684 2784 1846 2827 ramo
1920 2773 2024 2828 ﬂos

327 2853 612 2919 ascendet,
670 2853 907 2911 forsitan
951 2855 1164 2926 aliquis
1204 2858 1497 2925 maritum,
1538 2863 1595 2914 et
1639 2868 1850 2916 costam
1898 2861 2026 2933 ejus

333 2940 623 2997 lateralem
657 2942 919 3013 videlicet
948 2958 1115 3001 suam
1145 2946 1435 3016 crederet;
1467 2955 1525 3003 at
1554 2962 1667 3004 non
1721 2950 1792 3005 de
1838 2964 2018 3019 ramo,

2065 1766 2350 1842 Bsuorum
2425 1792 2709 1858 interﬁciet
2780 1766 3008 1860 impium
3073 1766 3480 1863 (Isa.'x1,-4).

2136 575 2314 631 quam
2345 562 2514 619 homo
2537 562 2692 633 justo
2715 562 2958 633 judicat,
2996 563 3106 620 nisi
3136 564 3206 619 de
3236 564 3327 620 his
3354 564 3489 621 solis
3524 573 3665 636 agat
3706 580 3841 636 quae

2136 650 2297 705 visus
2324 658 2379 706 et
2427 652 2662 707 auditus
2708 652 3032 721 approbat?
3082 653 3154 708 Et
3185 653 3337 709 unde
3377 653 3437 709 in
3481 654 3601 724 lege
3645 662 3844 710 vestra

2140 745 2253 793 tres
2282 746 2384 794 aut
2430 738 2576 794 duos
2624 747 2812 805 testes,
2862 739 2980 801 sub
3040 754 3293 810 quorum
3351 741 3674 797 testimonio
3724 749 3843 797 stat

2136 838 2304 880 omne
2334 826 2598 892 verbum,
2630 841 2749 881 esse
2777 826 3059 892 jnhentur
3085 828 3272 897 (Deut.
3304 843 3442 895 xvu,
3484 828 3559 898 6),
3602 829 3716 884 nisi
3771 829 3846 883 de

2139 912 2207 968 iis
2234 927 2366 983 quae
2401 914 2727 970 audiuntur
2772 921 2827 970 et
2874 916 3161 971 \identur.
3200 917 3300 971 Est
3346 916 3542 987 itaque
3578 931 3790 973 sensus
3825 932 3839 971 :

2138 1001 2408 1057 Homines
2432 1002 2697 1071 judicant
2726 1002 2796 1058 de
2842 1002 2931 1058 his
2977 1018 3109 1073 quae
3144 1004 3408 1060 sensibus
3451 1005 3845 1075 comprehen-

2135 1088 2380 1155 duntur,
2415 1088 2609 1145 minus
2641 1089 2869 1145 interna
2897 1098 3203 1160 curantes;
3251 1092 3352 1147 iste
3397 1092 3659 1156 interius,
3691 1093 3841 1148 dum

2135 1182 2189 1231 et
2211 1176 2436 1245 judicat
2468 1176 2735 1243 humiles,
2770 1177 2824 1232 id
2855 1185 2939 1233 est
2960 1178 3229 1234 discernit
3270 1178 3427 1248 juste
3476 1180 3680 1236 merita
3706 1181 3842 1235 sin-

2136 1263 2425 1333 gulorum,
2477 1277 2585 1319 sua
2640 1264 2852 1335 cuique
2909 1265 3282 1333 distribuens,
3333 1276 3387 1323 et
3459 1268 3655 1338 arguit
3728 1283 3842 1338 pro

2136 1351 2453 1406 mansuetis
2508 1359 2675 1407 terra
2728 1352 2785 1407 in
2832 1353 3127 1423 aequitate,
3181 1354 3322 1409 dum
3377 1354 3628 1424 ﬂagellat
3687 1370 3845 1424 quos

2135 1446 2312 1503 amat,
2346 1446 2409 1494 ut
2442 1439 2772 1506 bonitatem,
2806 1442 2880 1508 et:
2908 1441 3269 1511 disciplinam
3315 1442 3532 1510 doceat,
3584 1451 3844 1499 terram-

2136 1541 2251 1596 que
2276 1526 2465 1594 faciat,
2498 1542 2613 1582 non
2648 1528 2944 1597 pulverem
2970 1544 3142 1599 quem
3176 1538 3385 1586 ventus
3416 1531 3592 1599 tollat,
3631 1539 3839 1602 potum

2135 1613 2326 1668 dando
2358 1614 2414 1670 in
2442 1615 2710 1684 lacrymis
2742 1616 2799 1670 in
2830 1630 3119 1672 mensura.

2205 1701 2276 1754 Et
2302 1705 2564 1769 percutiet
2596 1709 2794 1757 terram
2824 1706 2985 1770 virga
3008 1707 3119 1759 oris
3138 1707 3245 1772 sui,
3267 1712 3316 1759 et
3341 1708 3543 1775 spiritu
3562 1707 3839 1762 tabion

3544 1794 3838 1860 Christus,

2135 1889 2308 1945 quem
2344 1891 2445 1931 nos
2474 1885 2528 1932 et
2560 1893 2660 1934 vos
2691 1879 2783 1934 hic
2812 1880 3206 1950 intelligimus,
3241 1889 3465 1948 terram
3505 1883 3671 1952 virga
3718 1883 3841 1938 oris

2133 1964 2224 2019 sui
2255 1966 2544 2034 quomodo
2572 1969 2835 2036 percutit,
2859 1968 2905 2023 si
2937 1982 3119 2038 purus
3152 1971 3318 2025 homo
3364 1969 3607 2028 existit?
3660 1973 3841 2037 Virga

2133 2056 2244 2107 oris
2306 2058 2509 2108 terram
2557 2056 2794 2123 caedere,
2846 2064 2931 2112 est
2981 2065 3083 2113 aut
3138 2058 3343 2113 famem
3395 2073 3571 2128 super
3617 2067 3838 2116 terram

2132 2154 2356 2207 vocare,
2387 2146 2490 2199 aut
2517 2144 2870 2213 quibuslibet
2894 2144 3501 2203 aliis-correctionibus
3531 2147 3837 2204 hominum

2132 2238 2364 2298 peccata
2418 2231 2646 2300 punire.
2718 2234 2891 2302 Virga
2942 2237 3054 2289 oris
3112 2240 3314 2289 terram
3364 2245 3678 2305 percutere,
3746 2245 3838 2293 est

2132 2317 2224 2373 sui
2255 2319 2469 2373 virtute
2518 2321 2799 2375 sermonis
2845 2322 3308 2393 delinquentium
3356 2325 3579 2379 animos
3624 2332 3836 2394 perter-

2134 2420 2279 2461 rere.
2350 2408 2566 2476 Spiritu
2641 2410 2910 2464 labiorum
2984 2426 3204 2466 suorum
3277 2415 3536 2481 inter/icit
3596 2415 3834 2482 impium

2134 2494 2348 2565 (ibid),
2408 2495 2548 2552 dum
2599 2498 2943 2567 prophetica:
2994 2499 3370 2570 intelligentia
3424 2500 3743 2566 locutionis,
3799 2516 3836 2556 a

2132 2591 2286 2639 statu
2362 2585 2576 2654 peccati
2625 2587 2867 2644 destruit
2916 2588 3299 2659 temetipsum.
3356 2590 3515 2655 Quod
3563 2591 3611 2646 si
3654 2591 3836 2661 juxta

2134 2671 2273 2728 illud
2304 2673 2406 2728 Job
2439 2688 2452 2727 :
2486 2674 2573 2729 Tu
2604 2690 2717 2731 non
2744 2690 2804 2731 es
2838 2676 3048 2747 impius
3080 2693 3093 2731 :
3132 2679 3264 2748 quis
3291 2693 3427 2748 ergo
3472 2680 3601 2735 est?
3651 2679 3835 2735 Labia

2133 2768 2325 2816 autem
2366 2760 2596 2831 Christi,
2650 2764 2939 2833 propheta:
2982 2773 3137 2821 sunt.
3193 2766 3435 2835 Spiritus
3476 2782 3698 2836 eorum,
3750 2769 3836 2823 in-

2134 2849 2308 2904 terior
2338 2864 2543 2906 sensus
2571 2860 2653 2906 est
2678 2867 2691 2906 :
2713 2859 2774 2908 tu
2795 2853 2947 2908 enim
2965 2867 3174 2924 corpus
3195 2857 3468 2924 sequeris,
3494 2856 3548 2911 id
3569 2865 3653 2912 est
3672 2856 3834 2913 litte-

2131 2950 2277 2993 ram.
2303 2938 2518 3007 Spiritu
2539 2954 2773 3010 quoque
2794 2942 3060 2996 labiorum
3077 2958 3294 2997 suorum
3314 2944 3574 2998 interﬁcit
3598 2947 3833 3013 impium

327 3043 443 3084 non
473 3030 544 3086 de
576 3032 719 3100 pari,
750 3033 1026 3101 ascendit,
1064 3034 1161 3089 sed
1195 3034 1264 3090 de
1308 3036 1487 3106 virga;
1534 3037 1744 3101 radice,
1792 3039 1861 3095 de
1904 3040 2022 3097 solo
2061 3061 2102 3116 ε
2136 3026 2341 3116 (Ibid),
2374 3028 2535 3116 illum
2568 3028 2828 3085 videlicet
2860 3045 3033 3100 quem
3068 3022 3421 3101 pro'Messia,
3473 3031 3834 3102 praestolaris

324 3126 627 3176 concretus
688 3134 787 3190 per
840 3121 1113 3191 Spiritum
1165 3132 1430 3180 sanctum
1495 3126 1751 3197 Virginis
1818 3129 2020 3185 matris

323 3207 626 3277 sanguine.
657 3208 764 3264 Sed
787 3223 968 3278 quare
1007 3210 1155 3265 flos?
1197 3219 1427 3281 propter
1475 3214 1735 3269 omnium
1785 3216 2017 3272 odorem

323 3292 629 3363 virtutum,
662 3304 717 3352 et
743 3297 883 3367 quia
913 3299 1205 3368 speciosus
1250 3308 1332 3355 est
1379 3315 1496 3370 prae
1548 3302 1678 3358 liliis
1716 3302 2017 3360 hominum

324 3382 493 3449 (Psat.
535 3398 687 3450 xmv,
733 3385 811 3453 3),
860 3394 916 3442 et
972 3388 1113 3456 quia
1163 3388 1233 3443 de
1290 3388 1429 3445 ﬂore
1471 3390 1696 3447 fructus
1730 3393 2013 3463 exsurgit.

323 3468 448 3537 Ipse
471 3470 625 3525 enim
650 3478 735 3527 est
764 3471 988 3543 lignum
1019 3488 1186 3530 secus
1214 3476 1494 3533 decursus
1514 3492 1804 3548 aquarum
1845 3480 2016 3550 plan-

321 3561 526 3623 tatum,
560 3557 713 3626 quod
766 3558 1022 3616 fructum
1066 3575 1239 3617 suum
1293 3563 1350 3618 in
1395 3571 1649 3635 tempore
1700 3582 1804 3623 suo
1864 3567 2017 3624 dedit

324 3643 487 3708 (Psat.
524 3659 562 3710 ι,
594 3646 667 3714 3).

397 3733 581 3786 Totius
627 3733 942 3789 divinitatis
991 3738 1051 3791 in
1105 3738 1319 3794 Christo
1376 3740 1653 3795 inhabitat
1708 3743 2013 3812 plenitudo,

320 3822 525 3875 czteris
580 3837 704 3877 vero
756 3824 1063 3879 hominihus
1118 3828 1410 3883 secundum
1467 3845 1773 3885 mensuram
1837 3836 2014 3888 virtu-

321 3909 415 3962 tis.
446 3937 515 3947 -—
541 3909 714 3978 Super
741 3911 900 3978 hunc,
941 3912 1132 3983 inquit
1194 3918 1378 3983 ﬂorem
1433 3921 1728 3986 requiescet
1782 3923 2017 3990 spiritus

321 3997 538 4050 Domini
598 3999 722 4066 (Isa.
778 4015 838 4068 ιι,
893 4002 970 4070 2),
1029 4010 1135 4058 etc.
1195 4003 1479 4066 Quoniam
1538 4006 1806 4063 convenit
1865 4008 2014 4064 inter

319 4098 424 4139 nos
451 4094 506 4142 et
555 4100 672 4155 vos,
716 4095 780 4143 ut
832 4089 953 4145 haec
1008 4091 1078 4145 de
1130 4091 1353 4147 Christo
1393 4092 1547 4149 dicta
1594 4094 2009 4167 intelligantur,

317 4173 608 4231 Christum
639 4184 831 4232 autem
860 4186 1013 4233 certo
1054 4193 1153 4234 vos
1203 4188 1453 4250 tempore
1500 4181 1809 4249 victurum,
1860 4194 2012 4243 certo

318 4256 639 4318 desiturum
671 4263 934 4333 credatis,
964 4280 1137 4336 quem
1175 4275 1231 4323 et
1277 4270 1345 4325 de
1394 4270 1537 4326 mari
1582 4279 1638 4327 et
1686 4270 1902 4330 femina
1946 4284 2012 4331 ut

2129 3114 2587 3186 Antichristum;
2620 3131 2752 3172 nam
2785 3132 2885 3187 per
2915 3118 3351 3175 illustrationem
3398 3121 3490 3176 sui
3538 3122 3834 3177 adventus

2127 3203 2381 3259 destruet
2414 3204 2574 3260 illum
2608 3205 2798 3272 (Ibid,
2829 3206 2901 3275 5).
2941 3208 3182 3262 llaccine
3213 3209 3445 3264 videtur
3484 3209 3585 3265 tibi
3626 3210 3835 3266 huma-

2126 3291 2285 3347 nitus
2338 3293 2651 3362 quisquam
2697 3307 2868 3363 agere
2911 3296 3125 3364 posse?
3172 3298 3235 3351 Et
3296 3299 3586 3367 quomodo
3652 3301 3833 3355 etiam

2119 3380 2360 3450 justitia,
2393 3389 2449 3436 et
2501 3382 2639 3437 fides
2695 3383 3037 3439 cinctorium
3064 3390 3213 3440 nos
3265 3400 3469 3441 renum
3521 3388 3649 3458 ejus
3702 3388 3830 3444 ﬁeri

2125 3468 2354 3537 poterit,
2391 3468 2630 3538 quodin
2668 3470 3062 3526 materialibus
3092 3472 3163 3527 ad
3205 3474 3521 3529 materialia
3556 3475 3831 3532 admistiu

2123 3556 2287 3612 nulla
2317 3558 2409 3612 sit.
2444 3558 2543 3612 Est
2571 3556 2768 3628 itaque
2797 3572 2864 3614 ac
2895 3558 2942 3615 si
2972 3559 3185 3616 diceret
3217 3576 3229 3615 :
3264 3561 3557 3633 Quidquid
3609 3564 3665 3618 in
3728 3566 3831 3621 illa

2125 3644 2225 3699 Dei
2256 3652 2310 3701 et
2340 3645 2590 3700 hominis
2623 3660 2867 3715 persona
2898 3648 3129 3704 carnale
3170 3657 3429 3720 putatur,
3477 3659 3655 3707 totum
3706 3655 3829 3724 spi-

2123 3731 2317 3787 rituali
2348 3733 2562 3788 virtute
2592 3734 2864 3790 ambitur.
2905 3737 3106 3793 Lumbi
3138 3746 3330 3794 autem
3372 3746 3427 3794 et
3474 3754 3639 3795 renes
3689 3757 3830 3811 quae

2122 3817 2437 3887 voluptatis
2510 3820 2631 3875 lora
2698 3831 3038 3890 noscuntur,
3116 3833 3267 3881 recte
3325 3840 3428 3896 pro
3480 3827 3829 3886 carnalitate

2123 3916 2440 3977 ponuntur.
2477 3910 2645 3965 Rides
2675 3911 2910 3967 fortasse
2952 3927 3181 3984 meam;
3213 3922 3391 3984 tuam,
3445 3931 3663 3986 queeso,
3720 3934 3827 3988 pro

2122 4010 2211 4052 me
2262 3997 2622 4066 sententiam,
2684 3999 2781 4054 sed
2848 4000 3180 4058 nullatenus
3223 4002 3333 4059 dici
3392 4005 3615 4074 poterit,
3660 4007 3826 4077 quod

2121 4085 2435 4141 hoctotum
2488 4100 2630 4156 pure
2680 4087 2894 4144 homini
2943 4091 3289 4146 conveniens
3338 4092 3444 4163 sit;
3495 4093 3616 4149 haec
3660 4096 3824 4151 enim

2120 4180 2347 4229 terrena
2405 4175 2656 4243 potentia
2708 4183 2918 4232 terram
2974 4192 3073 4233 ore
3128 4180 3427 4248 percutiet,
3480 4188 3583 4237 aut
3633 4184 3822 4253 respi-

2118 4261 2317 4317 ciendo
2343 4270 2584 4318 tremere
2613 4262 2802 4332 faciet,
2836 4280 2951 4321 non
3001 4266 3243 4336 impium
3292 4268 3502 4338 spiritu
3550 4270 3817 4340 perimet,

318 4356 549 4407 caeteros
606 4351 793 4409 dicitis
833 4356 1217 4426 nasciturum,
1261 4358 1544 4415 aestimare
1593 4375 1710 4417 non
1780 4376 2013 4431 possum
2054 4353 2097 4408 Ι)
2123 4364 2238 4406 ιιοιι
2272 4350 2400 4415 meo
2430 4365 2546 4406 ιιοιι
2573 4351 2800 4422 iustitia
2833 4353 3060 4410 lumbos
3088 4356 3294 4425 οίιιεει-

318 4437 474 4507 quod
508 4437 681 4495 alicui
728 4455 873 4510 puro
916 4443 1133 4499 homini
1184 4453 1346 4501 tanta
1396 4447 1580 4504 inesse
1628 4449 1815 4505 valeat
1862 4465 2015 4521 opu-

317 4523 510 4592 lentia,
562 4532 619 4582 et
673 4529 1025 4587 continuatio
1087 4534 1431 4604 gratiarum,
1502 4538 1814 4606 praesertim
1880 4553 2014 4594 cum

316 4627 434 4669 non
463 4613 739 4685 affutura,
773 4619 870 4675 sed
917 4630 1210 4677 asseratur
1256 4623 1594 4693 requietura
1633 4640 1809 4695 super
1855 4641 2009 4683 eum.

316 4700 433 4758 Etsi
465 4716 719 4774 namque
765 4707 1005 4777 spiritus
1050 4709 1188 4766 Elite
1248 4725 1420 4781 super
1465 4712 1737 4768 Eliseeum
1786 4715 2012 4785 requie-

314 4789 464 4846 visse
510 4791 803 4863 scribitur,
854 4795 1015 4852 aliud
1070 4806 1156 4854 est
1212 4806 1406 4856 tamen
1449 4801 1718 4870 spiritum
1761 4801 2014 4858 hominis

316 4877 376 4933 in
423 4878 713 4937 hominem
769 4882 1083 4952 devenisse,
1125 4901 1299 4956 quem
1354 4896 1409 4945 et
1455 4890 1743 4959 duplicem
1802 4891 2015 4962 legitur

314 4967 612 5035 meruisse,
639 4968 797 5025 aliud
826 4979 910 5027 est
949 4973 1124 5030 totius
1165 4975 1351 5031 divini
1398 4978 1657 5033 muneris
1702 4978 2011 5047 plenitudi-

315 5067 444 5109 nem
474 5054 761 5113 habuisse.
812 5059 893 5115 De
938 5063 1121 5118 servis
1164 5064 1332 5134 plane
1373 5066 1587 5122 dicitur
1621 5081 1634 5121 :
1677 5067 1818 5133 Quia
1859 5069 2013 5124 dedit

312 5140 425 5194 illis
474 5140 613 5195 bona
648 5156 770 5210 sua,
814 5147 1107 5218 unicuique
1156 5159 1345 5207 tamen
1387 5153 1679 5208 secundum
1724 5158 2011 5224 propriam

311 5230 567 5283 virtutem
611 5230 826 5300 (Matth.
859 5248 996 5306 xxv,
1042 5240 1144 5307 15).
1177 5240 1257 5295 De
1285 5238 1511 5297 Christo
1547 5249 1741 5298 autem
1788 5257 1905 5299 non
1937 5243 2009 5299 ad

312 5329 645 5375 mensuram
689 5319 787 5378 dat
841 5322 996 5380 Deus
1035 5326 1324 5396 spiritum.
1376 5331 1449 5384 At
1495 5329 1635 5400 quia
1679 5337 2010 5388 nostrarum

313 5402 741 5474 Scripturarum
770 5412 1035 5482 exempla
1073 5429 1188 5470 non
1234 5416 1501 5486 recipitis,
1554 5418 1829 5475 intendite
1875 5434 2008 5489 quae

311 5501 660 5562 sequuntur,
701 5498 842 5567 quia
884 5500 1196 5570 plusquam
1241 5503 1500 5561 humana
1544 5506 1837 5563 videntur.
1886 5511 2006 5564 Non

311 5581 624 5653 secundum,
658 5585 870 5658 inquit,
901 5591 1161 5643 visionem
1193 5593 1467 5648 oculorum
1489 5595 1792 5664 judicabit,
1836 5610 2007 5666 neque

2190 4436 2468 4494 Inferiora
2524 4454 2655 4508 quae
2696 4450 3027 4511 sequuntur
3088 4443 3156 4497 de
3202 4445 3627 4502 contrariarum
3677 4449 3794 4505 sub

2126 4527 2474 4582 stantiarum
2501 4528 3023 4587 cohabitatiunibus
3069 4539 3405 4601 attexerem,
3458 4534 3567 4589 nisi
3614 4550 3825 4606 super-

2121 4628 2445 4672 vacaneum
2476 4616 2839 4672 aestimarem.
2872 4618 2927 4673 Si
2958 4618 3092 4688 quis
3116 4619 3267 4674 enim
3302 4621 3437 4676 velit
3463 4621 3521 4677 in
3569 4622 3676 4691 his,
3714 4625 3825 4680 ho-

2122 4717 2372 4773 rumque
2428 4704 2712 4761 similibus
2766 4705 3059 4762 Christum
3121 4711 3570 4776 prmnuntiatum
3633 4716 3824 4769 amica

2120 4790 2343 4845 ratione
2417 4790 2705 4861 colligere,
2781 4792 2943 4848 facile
2996 4795 3200 4863 poterit
3257 4795 3354 4851 illa
3404 4811 3535 4867 quae
3583 4799 3824 4867 pacifica

2118 4878 2388 4933 convenit
2430 4878 2660 4935 diversa
2708 4879 2920 4948 videre,
2973 4883 3128 4952 quod
3191 4890 3372 4939 totum
3432 4892 3561 4940 est:
3623 4887 3822 4943 Omnes

2118 4969 2298 5032 gentes
2327 4980 2675 5034 quascunque
2702 4969 2885 5033 fecisti
2913 4972 3146 5035 venient,
3189 4975 3241 5023 et
3282 4971 3588 5026 adorabunt
3634 4988 3819 5029 coram

2120 5058 2188 5119 te,
2222 5054 2447 5107 Domine
2471 5053 2639 5123 (Psat.
2676 5068 2895 5122 Lxxxv,
2928 5056 3007 5127 9).
3054 5057 3126 5112 Et
3161 5072 3175 5110 :
3225 5060 3461 5128 Populus
3504 5076 3663 5129 quem
3709 5078 3818 5118 non

2117 5143 2342 5210 cognovi
2369 5142 2591 5195 servivit
2619 5143 2758 5196 mihi
2787 5142 2957 5211 (Psat.
2992 5158 3133 5212 xvu,
3164 5147 3280 5214 45).

2797 5303 3027 5361 CAPUT
3063 5306 3127 5359 V.

2662 5444 2803 5498 Item
2831 5444 2897 5498 de
2922 5448 3257 5515 virginitate.

2183 5578 2262 5635 De
2293 5577 2633 5649 virginitate
2670 5594 2810 5652 ergo
2854 5582 3037 5641 beatis
3084 5585 3282 5643 Mariae
3326 5585 3467 5657 quid
3519 5590 3812 5659 quaeritur
