3956 6414
132 356 237 408 505

880 350 1122 407 TRACT.
1167 351 1257 406 DE
1295 349 1813 408 INCARNATIONE
1847 368 1849 389 ι

2022 351 2133 406 'RA
2171 348 2471 406 ιυιιιεοδ.
2504 380 2574 389 -
2616 349 2752 406 LIB.
2794 350 2899 406 Ill.

3550 355 3652 407 506

130 498 268 540 eum
306 492 499 556 aperte
535 484 770 553 sciatur,
817 484 957 556 quia
994 484 1097 540 ubi
1135 482 1396 541 Christus
1437 483 1589 541 filius
1627 484 1838 556 delegit
1873 485 1922 540 Α
1949 482 2230 554 plurimos
2287 481 2615 554 elanguisse
2669 488 2725 538 et
2783 488 3089 553 tegrotasse
3137 482 3355 554 legatis.
3419 483 3653 540 Asinam

134 574 316 639 nasci,
369 574 745 629 mundissimo
793 587 860 629 ac
915 572 1434 643 superexcellenter
1488 574 1687 629 debuit
1734 588 1838 643 ap-

135 662 349 731 parari.
383 662 543 718 Certe
569 670 772 718 uterus
800 662 949 718 idem
987 669 1144 718 tanto
1175 661 1282 718 fuit
1318 661 1592 718 mundior
1619 670 1840 733 quanto

138 748 561 821 impassibilior.
620 750 858 807 Multum
914 750 1092 821 digna
1143 758 1228 806 est
1278 749 1604 822 virginitas,
1666 750 1837 806 etiam

136 854 270 910 quas
305 840 720 896 tentationibus
761 848 1127 910 perurgetur,
1169 839 1267 895 sed
1307 838 1475 910 longe
1515 838 1836 911 gloriosior,

136 928 182 983 si
227 929 427 985 evictis
475 942 544 985 ac
599 928 799 998 sopitis
847 928 1136 985 universis
1193 928 1463 995 motibus,
1516 927 1839 998 primorum

138 1024 444 1085 parentum
493 1016 677 1087 primo
725 1016 902 1073 statui
939 1024 1328 1085 comparetur.
1391 1015 1632 1073 Creditis
1673 1015 1842 1086 plane

137 1104 237 1160 Dei
275 1106 539 1174 spiritum
582 1114 808 1161 sanctos
846 1105 1139 1175 quondam
1187 1106 1537 1162 inhabitasse
1571 1107 1745 1172 viros,
1785 1112 1842 1161 et

133 1208 231 1249 eos
288 1209 401 1250 non
459 1194 625 1250 modo
684 1195 755 1249 ad
816 1194 959 1250 bene
1013 1194 1350 1261 vivendum,
1410 1208 1613 1250 verum
1665 1194 1840 1250 etiam

134 1282 209 1336 ad
245 1281 703 1351 prophetandum
744 1281 952 1350 saepius
995 1281 1298 1337 animasse.
1332 1281 1383 1338 Is
1412 1296 1666 1352 quoque,
1702 1282 1841 1352 quia

136 1371 287 1425 Deus
347 1377 450 1436 est,
519 1369 644 1439 lege
710 1369 945 1424 minime
999 1369 1415 1440 stringebatur,
1484 1370 1627 1440 quin
1695 1384 1842 1441 quos

130 1457 306 1514 vellet
333 1459 506 1514 etiam
558 1457 737 1512 malos
787 1456 1090 1523 imbueret,
1140 1460 1197 1512 et
1242 1457 1541 1527 prophetia
1587 1464 1837 1513 acueret.

133 1547 193 1602 Si
249 1548 403 1602 enim
457 1546 706 1610 Saulem,
762 1560 933 1616 quem
981 1545 1205 1601 dudum
1250 1544 1490 1615 spiritus
1542 1545 1843 1616 pravitatis

130 1636 456 1703 obsederat,
497 1642 552 1691 et
599 1634 955 1705 apparitores
992 1635 1119 1704 ejus
1165 1633 1269 1703 qui
1307 1634 1380 1689 ad
1430 1635 1841 1690 trucidandum

132 1723 321 1780 David
373 1730 669 1791 venerant,
722 1736 923 1778 eversa
967 1722 1144 1793 priori
1195 1722 1479 1791 vecordia,
1528 1722 1677 1779 idem
1721 1723 1841 1792 spi-

130 1813 285 1869 ritus
345 1811 693 1878 immutavit,
754 1818 819 1867 ut
873 1810 1127 1881 perfidus
1185 1824 1290 1867 rex
1354 1824 1488 1867 cum
1549 1810 1843 1881 prophetis

128 1900 333 1958 nudus
392 1899 643 1956 interdiu
697 1906 751 1955 et
805 1906 970 1956 nocte
1021 1899 1385 1970 praecineret;
1444 1899 1587 1969 quid
1641 1907 1843 1956 contra

129 1997 408 2045 naturam
456 1987 669 2043 factum
707 2001 884 2057 super
921 1996 1201 2058 conceptu
1250 1987 1507 2058 Virginis
1546 1987 1843 2059 disputare

133 2076 439 2134 molimini.
474 2076 620 2143 Quid
642 2076 845 2147 {magis
870 2083 1069 2131 contra
1102 2084 1397 2144 naturam,
1431 2090 1609 2147 quam
1639 2084 1844 2133 aucto-

130 2181 256 2223 rem
289 2167 471 2223 Deum
506 2165 809 2221 munditiae
838 2165 1084 2221 sordidis
1113 2165 1268 2221 illabi
1300 2165 1648 2236 pectoribus.
1682 2166 1845 2223 Certe

130 2254 353 2312 multos
396 2254 457 2310 in
506 2263 700 2310 vestra
752 2263 1040 2311 vetustate
1089 2254 1246 2310 viros
1290 2262 1517 2310 sanctos
1574 2254 1846 2311 habuisse

129 2359 239 2401 vos
280 2344 457 2412 scitis,
508 2344 726 2415 quibus
763 2343 1001 2415 angelos
1040 2357 1349 2413 nunquam
1398 2343 1733 2413 apparuisse
1766 2343 1843 2399 le-

132 2433 320 2505 gistis,
368 2447 502 2489 cum
546 2432 839 2489 Danielem
889 2432 1044 2488 omni
1092 2432 1262 2488 modo
1302 2432 1570 2488 omlibatu
1626 2432 1844 2504 dignis-

130 2522 351 2579 simum
411 2536 486 2578 ex
543 2521 780 2588 visione,
842 2521 901 2577 ni
954 2521 1153 2590 fallor,
1202 2520 1514 2588 Gabrielis,
1570 2535 1672 2592 per
1727 2521 1849 2578 dies

1948 587 2104 639 vero,
2152 571 2356 643 angelo
2412 571 2521 627 sibi
2565 570 3029 641 conspicabiliter
3077 563 3410 641 apparente,
3461 587 3532 628 ne
3579 572 3653 629 ad

1950 661 2239 717 modicum
2288 659 2519 730 quidem
2569 659 2922 715 claudicasse
2968 659 3262 715 noveritis.
3298 664 3383 715 An
3426 660 3655 732 dignior

1948 749 2113 805 asina
2156 761 2335 818 quam
2375 746 2691 818 propheta?
2733 748 2824 803 An
2866 748 3103 804 brutum
3144 748 3358 803 animal
3400 748 3655 805 sanctius

1949 838 2061 894 illis
2100 837 2334 902 sanctis,
2377 836 2479 906 qui
2524 835 2603 891 nil
2649 835 2758 891 tale
2794 835 3009 903 videre,
3055 836 3432 893 hominibus?
3475 838 3653 893 Taceo

1949 927 2091 998 quia
2130 926 2320 982 locuta
2361 932 2465 993 est,
2499 925 2652 995 quod
2700 934 2912 979 natura
2960 938 3075 980 non
3123 932 3227 992 est,
3277 924 3417 980 illud
3467 926 3653 981 dicam

1950 1015 2105 1087 quod
2171 1014 2329 1070 omni
2398 1012 2719 1070 irrationali
2784 1019 3063 1069 creatura;
3125 1027 3217 1069 res
3292 1012 3655 1070 intellectua-

1950 1105 2066 1173 les,
2126 1111 2182 1160 et
2237 1101 2530 1175 angelicas
2585 1116 2895 1174 agnoscere
2961 1102 3143 1158 multo
3204 1103 3389 1174 magis
3444 1110 3657 1160 natura

1950 1209 2065 1250 non
2103 1200 2207 1250 BSt.

2022 1281 2316 1349 Desistite,
2388 1280 2745 1351 pertinaces,
2814 1279 3130 1336 verbositas
3188 1286 3381 1335 vestra
3449 1287 3649 1347 vacet,

1951 1370 2091 1442 quia
2158 1370 2305 1426 ratio
2367 1373 2486 1425 tota
2545 1368 2735 1439 jacet.
2793 1366 2901 1435 Qui
2968 1366 3138 1423 furtis
3199 1374 3300 1422 aut
3363 1367 3656 1425 fenoribus

1948 1460 2124 1517 corda
2188 1456 2549 1523 convolvitis,
2618 1470 2824 1512 causas
2892 1456 2991 1511 Dei
3054 1464 3546 1526 sacramentorum
3599 1464 3656 1512 et

1949 1556 2315 1606 sacramenta
2383 1559 2693 1601 causarum
2773 1544 3063 1615 quomodo
3147 1544 3500 1614 pervidetis?
3562 1545 3655 1599 An

1952 1637 2241 1693 tantillum
2290 1635 2432 1690 illud
2484 1633 2723 1689 humani
2768 1633 3023 1699 seminis,
3063 1632 3159 1687 Dei
3204 1632 3651 1702 omnipotentize,

1951 1735 2053 1783 aut
2104 1724 2392 1781 voluntati
2447 1722 2869 1792 praeponderat,
2934 1728 3001 1791 ut
3056 1720 3163 1776 nisi
3226 1720 3365 1777 illud
3424 1728 3653 1791 praeeat,

1952 1814 2095 1870 nihil
2144 1814 2296 1869 Deus
2321 1809 2547 1868 efﬁcere
2583 1818 2779 1880 queat,
2825 1823 2892 1865 ac
2932 1809 2980 1865 si
3015 1817 3216 1865 auctor
3255 1817 3498 1876 naturze,
3545 1822 3657 1864 na-

1951 1912 2099 1962 tura;
2163 1899 2532 1959 adminiculis
2590 1898 2796 1971 egeat?
2859 1899 3101 1954 Frustra
3153 1898 3210 1954 iu
3278 1897 3656 1954 obstinaciam

1954 1998 2198 2049 vestram
2250 1990 2421 2059 nitor,
2476 1989 2617 2061 quia
2667 1988 2778 2044 nisi
2840 1989 2997 2044 hunc
3051 1986 3427 2053 credideritis,
3481 2000 3657 2057 quem

1952 2081 2242 2138 credimus
2270 2079 2583 2146 Christum,
2616 2085 2927 2134 tractatum
2969 2085 3173 2133 contra
3210 2091 3311 2131 nos
3349 2088 3656 2146 nunquam

1952 2170 2212 2227 omittere
2261 2167 2515 2238 poteritis
2562 2167 2754 2235 istum,
2798 2180 2904 2223 nec
2940 2166 3009 2222 de
3049 2172 3233 2221 matre
3274 2165 3415 2220 bene
3453 2164 3659 2221 sentie-

1953 2258 2044 2326 tis,
2080 2258 2182 2329 qui
2228 2257 2437 2312 Filium
2466 2254 2810 2312 exhorretis.
2845 2254 3258 2312 Verumtamen
3294 2253 3450 2324 quod
3492 2253 3658 2310 vobis

1955 2361 2069 2403 non
2120 2344 2392 2416 proderit,
2440 2343 2707 2400 fidelibus
2744 2343 2917 2399 scisse
2952 2357 3069 2399 non
3116 2342 3316 2399 oberit.
3349 2342 3474 2397 Jam
3519 2353 3657 2412 ergo

1955 2435 2027 2491 ad
2058 2435 2173 2491 alia
2203 2441 2581 2491 transeamus.

1419 2807 1772 2895 LIBER
1864 2805 2375 2893 TERTIUS.

1754 2970 2040 2984 —

697 3106 941 3164 CAPUM
981 3106 1268 3162 PRIMUM.

211 3197 283 3249 De
322 3194 564 3247 humana
600 3195 660 3247 in
704 3195 865 3248 terris
897 3194 1107 3249 Christi
1148 3196 1567 3247 conversatione.
1596 3221 1671 3234 —
1701 3192 1849 3257 Quid

134 3285 206 3340 de
254 3282 483 3339 Domini
521 3284 656 3338 Jesu
697 3281 905 3338 Christi
944 3282 1170 3337 diutina
1209 3281 1356 3336 inter
1405 3281 1667 3336 homines
1714 3295 1849 3337 con-

135 3372 468 3429 versatione
533 3370 861 3441 loquimini,
922 3370 1023 3441 qui
1084 3370 1267 3426 Deum
1334 3369 1521 3439 ipsum
1589 3377 1848 3426 vestrum

136 3459 538 3532 quadraginta
574 3459 871 3515 vobiscum
914 3457 1085 3514 annis
1126 3458 1411 3514 habitasse
1455 3457 1755 3514 fatemini?
1782 3459 1848 3514 In

137 3549 325 3607 David
354 3548 524 3619 plane
555 3547 768 3618 legitur
800 3562 813 3602 :
849 3547 1233 3615 Quadraginta
1261 3550 1421 3600 annis
1446 3549 1731 3616 proximus
1760 3549 1851 3613 fui

136 3639 482 3709 generationi
524 3638 611 3691 illi
656 3638 822 3706 (Psal.
869 3650 948 3703 IX,
999 3637 1106 3706 10).
1158 3637 1225 3691 Et
1271 3635 1329 3690 in
1379 3634 1525 3691 libro
1572 3636 1794 3706 Regum
1832 3650 1846 3689 :

138 3726 533 3791 Ambulabam,
586 3724 802 3796 inquit,
861 3728 921 3780 in
975 3724 1346 3790 tabernaculo,
1398 3728 1452 3778 et
1504 3726 1563 3779 in
1622 3725 1851 3779 tentorio

135 3834 240 3888 per
298 3821 493 3870 cuncta
550 3816 684 3881 loca,
747 3830 867 3884 qua
919 3816 1174 3881 transivi,
1244 3830 1365 3869 cum
1417 3814 1663 3868 omnibus
1716 3815 1850 3883 filiis

140 3907 327 3961 Israel
372 3906 449 3973 (Il
497 3907 626 3972 Reg.
682 3918 778 3970 vu,
829 3906 899 3970 6).
950 3904 1015 3958 In
1063 3903 1507 3958 Deuteronomio
1550 3917 1787 3973 quoque
1834 3918 1847 3958 :

140 3994 409 4059 Habebis,
463 3992 672 4062 inquit,
721 3993 892 4047 locum
934 3996 1094 4045 extra
1140 3996 1323 4045 castra
1370 3990 1446 4044 ad
1496 4007 1652 4061 quem
1700 4007 1848 4060 egre-

141 4085 325 4139 diaris
356 4082 431 4136 ad
466 4083 734 4150 requisita
774 4085 1010 4147 natura,
1041 4095 1229 4149 gerens
1259 4080 1535 4149 pamillum
1565 4082 1625 4134 in
1655 4080 1846 4136 balteo.

142 4173 386 4241 Cumque
421 4169 643 4236 sederis,
685 4169 863 4235 fodies
900 4184 998 4237 per
1032 4170 1341 4235 circuitum,
1379 4173 1429 4222 et
1467 4174 1647 4235 egesta
1691 4169 1850 4222 humo

138 4263 297 4326 fossa
341 4260 566 4329 operies,
619 4272 725 4326 quo
764 4258 1038 4312 releuatus
1085 4271 1159 4324 es,
1211 4258 1469 4311 Dominus
1516 4256 1664 4312 enim
1709 4259 1850 4311 Deus

140 4354 269 4403 tuus
301 4348 548 4401 ambulat
584 4348 643 4400 in
674 4345 851 4400 medio
881 4350 1209 4413 castrorum,
1238 4349 1300 4400 ut
1339 4350 1495 4399 eruat
1530 4350 1598 4412 te,
1640 4350 1703 4399 ut
1738 4347 1851 4399 sint

1877 3109 1917 3164 C
1953 3110 2100 3160 eoo
2141 3105 2347 3161 subitis
2392 3105 2854 3175 circumquaque
2904 3102 3251 3161 movebatur
3289 3103 3657 3173 occursibus,

1955 3201 2059 3250 aut
2089 3193 2324 3249 minime
2345 3192 2453 3249 ista
2484 3192 2733 3257 videbat,
2761 3200 2864 3248 aut
2892 3192 3201 3263 spurcities
3226 3194 3478 3249 marium
3506 3208 3661 3265 aegre

1955 3283 2190 3349 ferebat,
2233 3282 2493 3339 femineis
2523 3295 2589 3337 ac
2621 3282 2987 3337 infantilibus
3016 3281 3352 3338 nullatenus
3379 3283 3663 3352 gravaba-

1956 3378 2071 3428 tur.
2104 3371 2272 3440 Quid,
2301 3372 2457 3442 quod
2490 3370 2717 3441 peculia
2747 3370 2887 3425 inibi
2918 3384 2986 3426 ac
3014 3378 3275 3426 armenta
3311 3369 3662 3426 manebant?

1955 3461 2144 3528 Quare
2186 3476 2303 3516 non
2344 3462 2627 3516 bonorum
2667 3467 2974 3531 parentum
3020 3467 3345 3515 vestrorum
3383 3459 3524 3529 vigil
3570 3472 3659 3514 so-

1955 3550 2142 3618 lertia,
2192 3558 2318 3620 post
2372 3549 2613 3621 vestigia
2666 3563 2908 3620 gregum
2956 3548 3224 3605 cadentes
3280 3562 3315 3603 a
3362 3548 3663 3619 podicibus

1956 3652 2288 3709 caprarum,
2328 3647 2383 3694 et
2421 3638 2618 3694 ovium
2652 3636 2863 3708 pilulas
2894 3636 3220 3707 colligebat,
3257 3644 3314 3692 et
3352 3635 3571 3705 spuria,
3598 3640 3664 3691 ut

1958 3728 2038 3785 ita
2089 3728 2298 3796 dicam,
2349 3727 2697 3784 vitulamina
2747 3723 3015 3796 sepulcro
3054 3724 3357 3792 condebat,
3404 3738 3475 3779 ne
3521 3723 3663 3779 dum

1961 3818 2108 3873 Deus
2136 3816 2416 3873 oberrans
2456 3816 2578 3883 iret,
2622 3816 2756 3871 fimo
2795 3829 2986 3871 vaccae
3025 3814 3210 3884 pluris
3241 3813 3407 3884 pretii
3445 3812 3664 3869 calceos

1956 3906 2295 3963 macularet.
2343 3905 2598 3961 Profecto
2626 3911 2680 3961 et
2719 3905 2779 3960 in
2822 3903 3189 3973 crepitacults
3220 3901 3664 3960 incontinentias

1956 3996 2173 4053 scimus
2203 3996 2510 4063 infantum,
2546 4002 2602 4051 et
2632 4002 2862 4059 matres,
2892 3999 2995 4048 aut
3018 3992 3294 4048 asseculaa
3326 3991 3661 4062 hujusmodi

1956 4082 2229 4139 eluebant
2277 4081 2517 4138 illuvies.
2569 4081 2707 4148 Quis
2748 4080 2939 4136 dicere
2989 4080 3194 4151 poterit
3241 4080 3468 4149 quoties
3496 4079 3660 4147 ostio,

1959 4170 2057 4227 ubi
2104 4170 2225 4226 haec
2268 4169 2491 4239 fierent,
2543 4170 2694 4226 Deus
2742 4170 2978 4226 minime
3021 4167 3258 4224 feriatus
3294 4166 3492 4223 astitit.
3545 4166 3661 4223 Illae

1956 4259 2128 4315 etiam
2178 4258 2319 4321 lues,
2372 4273 2504 4329 quae
2566 4259 2625 4314 in
2671 4258 3066 4328 penetralibus
3122 4256 3525 4313 cubiculorum
3565 4256 3662 4327 agi

1962 4347 2162 4413 solent,
2221 4348 2493 4418 nunquid
2540 4347 2658 4403 ﬁeri
2710 4347 2826 4403 Deo
2871 4346 3266 4403 circumeunte
3304 4344 3657 4401 destiterant.

138 4442 329 4491 castra
373 4441 469 4490 tua
503 4434 730 4499 munda,
776 4440 828 4489 et
871 4435 1016 4488 nihil
1050 4436 1109 4488 in
1148 4407 1225 4488 eis
1272 4438 1542 4502 appareat
1577 4407 1847 4499 foeditatis
1885 4407 1930 4463 Β
1963 4407 2265 4492 Miserrimi
2296 4407 2616 4503 hominum,
2651 4437 2752 4507 qui
2782 4436 2987 4503 Deum,
3021 4436 3125 4506 qui
3153 4434 3391 4505 spiritus
3421 4441 3525 4500 est,
3560 4433 3663 4488 hos

138 4525 324 4595 (Deut.
374 4537 536 4590 xxiii,
588 4524 798 4588 12-14).
852 4521 960 4589 Qui
1021 4537 1159 4592 ergo
1221 4521 1423 4577 tandiu
1470 4522 1652 4578 Deum
1700 4520 1850 4577 inter

140 4629 243 4670 vos
270 4611 563 4669 habitasse
587 4611 839 4682 jactatis,
871 4618 935 4666 ut
968 4618 1159 4667 castra
1201 4617 1392 4666 vestra
1432 4618 1672 4681 regeret,
1718 4625 1847 4666 vos-

137 4717 257 4773 que
308 4701 381 4756 de
429 4707 584 4755 terra
644 4699 702 4754 in
749 4707 961 4755 terram
1012 4699 1266 4764 duceret,
1318 4698 1640 4755 absurdum
1688 4698 1851 4754 vobis

138 4792 296 4847 unde
356 4787 649 4844 videbitur
685 4788 867 4843 Deum
920 4786 1020 4843 Dei
1080 4787 1312 4855 Filium,
1371 4794 1436 4843 ut
1494 4794 1696 4858 gentes
1750 4788 1849 4844 Dei

137 4879 363 4936 notitiai
411 4884 724 4947 repararet,
770 4884 826 4931 et
871 4890 973 4932 vos
1026 4876 1096 4931 ad
1150 4875 1543 4946 spiritualiora
1598 4883 1848 4945 vocaret,

140 4965 528 5024 humanitatis
597 4973 653 5021 et
725 4964 1086 5021 contubernii
1155 4964 1483 5022 communis
1551 4964 1851 5035 pertulisse

139 5054 442 5111 fastidium
458 5052 486 5107 ‘I

210 5142 379 5211 Quod
437 5141 487 5197 si
562 5140 787 5197 sordem
849 5141 1292 5198 cohabitationis
1364 5141 1645 5213 objicitis,
1711 5141 1853 5213 quia

143 5231 441 5303 quondam
481 5230 642 5300 palos
671 5230 728 5285 in
772 5230 972 5286 balteis
1010 5230 1296 5297 ferebatis,
1342 5239 1398 5287 et
1437 5238 1635 5302 egesta
1673 5232 1851 5288 humo

143 5319 295 5376 fossa
324 5318 622 5391 tegebatis,
660 5324 724 5373 ut
752 5325 943 5373 castra
974 5317 1156 5374 nitida
1184 5318 1297 5374 Deo
1329 5319 1653 5376 ambulanti
1680 5333 1850 5390 para-

145 5409 302 5475 retis,
355 5414 510 5463 certe
555 5405 785 5475 parvuli
831 5406 1028 5472 vestri,
1083 5413 1137 5463 et
1184 5407 1461 5478 conjuges
1502 5421 1538 5462 a
1588 5407 1853 5477 palorum

144 5495 583 5552 circumlatione
642 5493 950 5562 vacabant,
1009 5508 1116 5550 nec
1178 5494 1377 5551 minus
1438 5503 1628 5552 tamen
1692 5496 1853 5552 alvos

148 5585 338 5642 urinis
392 5581 861 5653 stercoribusque
917 5582 1208 5640 levabant.
1267 5583 1421 5640 Deus
1475 5583 1692 5656 itaque,
1749 5585 1851 5655 qui

1957 4539 2261 4594 corporum
2308 4525 2607 4582 aestimatis
2656 4525 2890 4581 haurire
2936 4523 3196 4595 putoresl
3229 4524 3516 4580 Mirumne
3555 4522 3663 4578 fuit

1957 4612 2003 4668 si
2040 4613 2218 4669 Filius
2248 4614 2399 4670 Deus
2423 4622 2762 4684 corporatus
2799 4614 2935 4669 istas
2963 4613 3263 4681 sustinuit,
3298 4626 3432 4682 quae
3462 4626 3564 4667 vos
3596 4613 3654 4667 in

1957 4714 2297 4771 corporeum
2337 4702 2519 4757 Deum
2559 4715 2932 4773 nequaquam
2974 4716 3074 4771 per
3121 4700 3512 4770 quadraginta
3549 4713 3662 4754 an-

1958 4802 2063 4844 nos
2109 4789 2265 4859 apud
2322 4803 2425 4846 vos
2478 4791 2746 4847 tolerasse
2803 4790 3067 4861 negotia?
3116 4789 3272 4847 Nihil
3319 4803 3455 4845 sane
3512 4789 3662 4844 Deus

1960 4876 2131 4933 homo
2180 4879 2421 4948 gravius
2475 4879 2606 4935 tulit
2653 4894 2829 4951 quam
2876 4882 3025 4936 Deus
3067 4887 3255 4935 vester
3293 4886 3485 4934 vestra
3522 4885 3663 4933 tunc

1958 4966 2421 5021 murmuratione
2449 4966 2748 5042 sustinuit.
2794 4966 2920 5036 Ipse
2951 4979 3153 5022 revera
3190 4979 3293 5020 vos
3336 4965 3416 5020 uti
3462 4962 3663 5034 aquila

1959 5053 2148 5122 pullos
2194 5068 2331 5110 suos
2374 5056 2623 5124 portavit
2675 5055 2735 5110 in
2784 5054 3059 5122 humeris,
3113 5068 3260 5124 quos
3307 5052 3583 5108 victualia
3630 5066 3662 5107 e

1958 5142 2284 5199 cmlestibus
2340 5144 2531 5209 missa,
2587 5143 2988 5214 miraculaque
3044 5142 3387 5213 frequentia,
3446 5149 3503 5197 et
3558 5139 3659 5197 Dei

1958 5231 2274 5302 legationes
2337 5232 2620 5300 assiduae,
2683 5240 2739 5289 et
2799 5232 3130 5288 futurorum
3194 5231 3662 5287 denuntiationes

1961 5320 2241 5378 bonorum
2278 5335 2313 5378 a
2348 5321 2587 5391 querela
2630 5321 2897 5378 cohibere
2936 5335 3052 5377 non
3098 5326 3379 5390 poterant.
3413 5319 3662 5375 Facilius

1959 5410 2178 5467 scimus
2219 5410 2332 5466 Deo
2365 5417 2562 5466 nostro
2603 5424 2772 5467 suam
2817 5417 3072 5480 portasse
3110 5423 3366 5473 carnem,
3408 5408 3521 5464 imo
3561 5421 3659 5477 po-

1961 5498 2077 5555 tius
2122 5512 2374 5562 crucem,
2417 5513 2595 5569 quam
2642 5499 2719 5556 illi
2769 5509 2960 5557 vestro
3004 5508 3250 5557 vestram
3298 5495 3657 5569 inquietudi-

1959 5601 2112 5645 nem.
2147 5587 2290 5645 Cum
2315 5587 2471 5644 enim
2505 5587 2781 5645 occideret
2823 5602 2943 5655 vos,
2975 5587 3322 5660 quierebatis
3349 5599 3522 5656 eum;
3561 5598 3658 5641 ore
