3956 6408
337 331 438 382 507

1254 327 1313 382 ν.
1351 326 1684 383 GUIBEBTI
1717 323 2010 381 ABBATIS
2045 325 2101 381 S.
2142 324 2376 382 MARIE
2414 322 2504 379 DE
2539 323 2932 382 NOVIGENTO

3739 325 3840 378 508

335 473 472 516 eum
516 459 839 528 diligentes,
887 457 1055 515 corde
1095 458 1335 514 mentiti.
1369 460 1493 514 lam
1544 471 1682 527 ergo
1719 456 1918 527 aliqua
1960 455 2030 511 de
2067 459 2114 512 A
2139 458 2324 511 tollis?
2365 458 2426 511 Si
2473 461 2533 510 tu
2578 471 2631 511 es
2685 457 2954 524 Christus,
2989 457 3076 511 dic
3123 457 3278 511 nobis
3312 458 3501 526 palam
3545 459 3730 524 (Joan.
3782 472 3838 524 κ,

336 549 464 620 ejus
490 550 750 619 passione
777 547 1149 618 attingamus.

1015 635 1243 692 CAPUT
1284 635 1348 689 ll.

889 728 958 779 De
984 726 1188 781 Christi
1213 726 1480 792 passione.

409 815 764 880 Ingloriosus,
822 815 902 869 ait
956 815 1148 878 Isaias,
1197 819 1440 880 aspectus
1495 809 1610 880 ejus
1668 811 1810 864 inter
1859 814 2026 876 viros,

339 907 390 956 et
441 905 624 968 forma
678 904 793 970 ejus
849 905 990 956 inter
1042 903 1179 969 ﬁlios
1239 901 1512 953 hominum
1562 901 1697 968 (Isa.
1761 914 1856 963 LII,
1917 901 2024 969 14).

339 995 616 1061 Aspectus
643 998 696 1046 et
745 990 945 1055 forma,
995 1004 1113 1060 qua
1153 989 1440 1058 speciosus
1475 997 1558 1043 est
1600 1003 1715 1058 prie
1765 989 1894 1044 filiis
1940 989 2032 1044 ho-

340 1079 585 1145 minum,
637 1079 828 1133 adhuc
880 1078 1264 1133 contemnitur
1315 1091 1348 1130 a
1391 1077 1624 1143 Iudaeis,
1667 1078 1805 1132 dum
1855 1091 2030 1147 opera

340 1167 538 1222 divina
588 1175 946 1234 premuntur,
988 1175 1041 1220 et
1083 1165 1274 1220 carnis
1320 1166 1665 1231 communio,
1713 1167 2029 1236 mortisque

343 1255 708 1324 proponitur.
757 1255 862 1308 Iste
899 1253 1145 1322 aspergit
1194 1253 1404 1308 multas
1449 1262 1643 1323 gentes
1687 1255 1874 1323 (Ibid,
1928 1257 2026 1325 l5).

341 1343 502 1399 Unde
550 1349 828 1410 asperget,
880 1343 967 1395 vel
1009 1342 1148 1410 quid
1172 1342 1197 1396 'i
1249 1341 1502 1409 Hyssopo
1545 1341 1710 1410 plane
1756 1343 1871 1410 illo,
1925 1344 2027 1413 qui

339 1431 598 1486 nascitur
630 1431 685 1484 in
738 1429 968 1498 pariete,
1018 1445 1135 1498 quo
1183 1429 1366 1484 David
1420 1429 1645 1499 aspergi
1684 1445 1742 1485 se
1783 1431 1927 1499 vult,
1972 1439 2029 1488 et

339 1517 736 1583 inundabitur,
798 1532 915 1586 quo
983 1517 1185 1586 leprosi
1248 1518 1702 1585 aspergebantur
1769 1517 1826 1574 in
1889 1519 2027 1586 lege.

336 1608 606 1674 Asperget
650 1619 783 1659 vero
816 1605 1180 1672 sanguinem,
1214 1605 1308 1658 sed
1341 1619 1509 1659 suutn
1545 1607 1736 1670 (Leuit.
1777 1621 1890 1673 XIV,
1933 1609 2024 1676 7):

339 1694 568 1760 multas,
624 1693 833 1764 inquit,
877 1702 1090 1763 gentes,
1135 1707 1248 1748 non
1289 1707 1487 1748 omnes
1525 1694 1683 1748 novit
1712 1695 1866 1750 enim
1913 1696 2024 1750 Do-

336 1781 532 1837 minus
559 1781 662 1851 qui
694 1789 830 1836 sunt
860 1783 1005 1852 ejus.
1050 1783 1224 1850 Super
1257 1783 1435 1849 ipsum
1466 1782 1812 1837 continebant
1853 1789 2032 1850 gentes

343 1869 460 1942 [a|.,
505 1871 674 1940 reges]
724 1886 781 1924 os
834 1886 992 1924 suum
1041 1871 1166 1937 (Isa.
1219 1883 1312 1936 Lit,
1369 1871 1472 1935 l5).
1523 1869 1731 1926 Nullus
1781 1885 2034 1941 namque

337 1973 535 2014 eorum
572 1959 698 2014 licet
729 1957 1241 2025 sanctissimorum,
1270 1957 1372 2027 qui
1405 1958 1475 2012 ad
1509 1958 1795 2028 integrum
1825 1967 2033 2029 regunt

336 2047 572 2117 seipsos,
613 2046 1056 2116 dispensationis
1100 2046 1227 2116 ejus
1277 2046 1544 2115 mysteria
1595 2054 1870 2102 temerare
1925 2062 2031 2103 au-

335 2151 435 2192 sus
465 2144 582 2204 est;
633 2136 848 2205 quibus
891 2149 1003 2190 non
1047 2142 1130 2190 est
1175 2143 1474 2191 narratum
1512 2136 1580 2190 de
1619 2150 1704 2202 eo,
1740 2136 2029 2192 viderunt.

336 2225 451 2280 Nos
504 2239 708 2279 sumus
756 2224 858 2293 qui
911 2223 1191 2290 videmus,
1243 2225 1380 2294 quia
1439 2224 1496 2279 in
1541 2239 1674 2279 eum
1723 2224 2030 2292 credimus,

337 2312 466 2368 licet
519 2311 824 2382 aliquoties
881 2311 1061 2378 ipsius
1117 2311 1245 2366 fidei
1307 2311 1534 2380 plenam
1594 2311 2030 2381 intelligentiam

338 2411 456 2452 non
501 2396 841 2451 habeamus.
892 2397 1126 2451 Patrum
1169 2404 1360 2452 tamen
1401 2398 1568 2454 fidem
1603 2401 1876 2454 tenaciter
1903 2414 2032 2468 pro-

339 2484 662 2554 sequimur,
694 2492 750 2539 et
789 2485 957 2554 quasi
999 2485 1122 2540 sine
1164 2485 1531 2554 praedicatore
1574 2487 2029 2556 complectimur.

337 2573 409 2627 Et
437 2573 540 2642 qui
580 2587 694 2627 non
732 2572 1055 2639 audierant,
1089 2573 1452 2642 contemplati
1480 2583 1635 2640 sunt,
1677 2583 1808 2630 ante
1837 2576 2034 2632 oculos

335 2661 489 2716 enim
533 2661 739 2715 mentis
773 2668 979 2716 nostrze
1025 2661 1381 2717 credulitatis
1422 2675 1616 2717 amore
1666 2663 2035 2733 praescriptus

336 2757 439 2815 est,
469 2763 641 2819 quem
683 2750 784 2804 etsi
821 2764 963 2819 pene
1005 2750 1204 2805 nullus
1227 2750 1556 2817 annuntiat,
1587 2751 1812 2820 pietatis
1845 2760 2036 2810 tamen

337 2837 583 2904 affectat,
629 2838 715 2894 vel
757 2839 862 2893 hoc
910 2847 1092 2894 totum
1131 2847 1214 2894 est
1244 2853 1256 2892 :
1289 2841 1450 2894 Multi
1488 2855 1638 2907 reges
1670 2846 1724 2896 et
1759 2843 2035 2910 pmphetze

336 2927 620 2980 voluerunt
661 2928 842 2980 videre
885 2943 1002 2995 quae
1047 2944 1138 2982 vos
1183 2928 1402 2991 videtis,
1433 2933 1482 2982 et
1528 2945 1632 2982 non
1679 2929 1952 2993 viderunt,
1985 2935 2036 2984 et

337 3015 531 3068 audire
577 3032 694 3083 quae
739 3017 946 3070 auditis
993 3022 1044 3071 et
1093 3032 1198 3071 non
1245 3018 1540 3070 aud-ierunt
1583 3018 1738 3088 (Luc.
1789 3034 1844 3084 Χ,
1894 3019 2028 3087 24);

334 3109 389 3158 et
417 3110 660 3173 utraque
690 3111 878 3159 tamen
919 3104 1265 3166 habuerunt.
1302 3104 1442 3174 quia
1470 3104 1530 3159 in
1562 3112 1868 3160 venturum
1901 3119 2029 3160 cre-

335 3189 624 3246 diderunt.
679 3191 839 3248 Unde
875 3191 1023 3247 idem
1072 3193 1348 3262 propheta
1381 3208 1394 3246 :
1430 3195 1647 3247 Utinam
1693 3193 2028 3261 dirumpercs

334 3280 485 3334 caelos
537 3285 587 3333 et
630 3283 839 3334 venires
892 3283 1020 3348 (Isa.
1075 3295 1225 3344 wa,
1285 3281 1364 3346 l)!
1425 3280 1606 3337 leos
1663 3282 1878 3350 quippe
1935 3282 2029 3336 di-

333 3367 572 3436 rumpit,
617 3367 718 3438 qui
760 3369 819 3424 in
857 3367 1123 3425 effectum
1169 3369 1503 3439 prophetica
1531 3369 1600 3424 de
1647 3384 1705 3425 se
1748 3370 2029 3439 promissa

333 3455 628 3525 produxit.

404 3543 682 3614 Sequitur
735 3557 850 3599 vox
903 3545 1260 3600 credentium
1316 3552 1631 3615 conquesta
1678 3546 1746 3602 de
1799 3546 1962 3602 vobis
2012 3562 2025 3602 :

333 3632 464 3698 Quis
502 3633 738 3687 credidit
779 3632 997 3686 auditui
1034 3638 1236 3700 nostro,
1280 3639 1333 3689 et
1371 3634 1652 3688 brachium
1692 3638 1905 3689 Domini
1942 3639 2030 3690 cui

332 3722 630 3774 revelatum
665 3725 744 3775 est
787 3722 918 3789 (Isa.
955 3735 1070 3789 LIII,
1109 3721 1212 3790 l)?
1257 3721 1348 3790 Iis,
1397 3723 1692 3792 inquiunt,
1743 3738 1875 3793 quae
1916 3739 2028 3780 au-

333 3807 606 3876 divnmus,
655 3809 708 3863 id
761 3816 847 3865 est
902 3809 1308 3877 intelleximus,
1362 3812 1462 3866 vix
1506 3812 1734 3867 credere
1787 3813 2026 3884 quidam

333 3896 557 3963 volunt,
607 3904 662 3952 et
710 3897 768 3952 in
826 3897 1076 3954 hominis
1124 3898 1454 3954 inﬁrmitate
1509 3914 1879 3970 nequaquam
1929 3902 2027 3958 Dei

335 3985 609 4042 fortitudo
664 3988 1050 4056 cognoscitur.
1107 3990 1178 4042 Et
1227 3989 1476 4042 ascendet
1534 3992 1676 4044 sicut
1731 3993 2028 4058 virgultum

333 4074 520 4142 (Ibid.,
543 4078 616 4140 2),
638 4076 778 4146 quia
809 4075 1047 4132 humilis
1074 4076 1364 4145 apparuit,
1397 4077 1492 4132 sed
1524 4093 1702 4132 coram
1727 4094 1784 4132 eo
1810 4079 2024 4148 (Ibid),

333 4163 474 4232 quia
531 4163 648 4232 ipse
703 4172 790 4219 est
847 4165 904 4218 in
961 4179 1078 4235 quo
1135 4164 1287 4220 Patri
1340 4167 1708 4236 complacuit.
1757 4168 2027 4224 Ascendit

331 4251 504 4306 etiam
550 4251 718 4322 quasi
763 4252 936 4306 radis:
977 4253 1044 4306 de
1086 4257 1234 4306 terra
1271 4255 1496 4308 sitiendi
1543 4255 1730 4324 (Ibid),
1785 4257 1926 4324 quia
1967 4271 2027 4312 se

2137 546 2242 611 24).
2289 545 2416 600 Non
2466 545 2865 615 reputabatur,
2909 560 3040 601 cum
3085 554 3314 601 voratur
3350 553 3405 601 et
3451 545 3685 612 bibitor,
3718 546 3836 599 dae-

2137 634 2552 702 moniacusquc
2595 641 2916 698 vocaretur,
2956 640 3058 687 aut
3090 633 3144 687 in
3177 647 3346 688 cruce
3378 634 3687 689 rideretur.
3724 635 3838 688 Pu-

2138 723 2392 784 tavimus,
2442 721 2649 790 inquit,
2690 738 2809 775 eum
2848 726 3007 789 quasi
3041 722 3330 789 leprosum,
3376 727 3426 775 et
3459 739 3784 791 percussum
3809 739 3843 775 a

2137 811 2260 872 Deo,
2303 815 2353 862 et
2400 811 2747 863 humiliatum
2789 811 2919 878 (Isa.
2955 825 3068 874 LIII,
3110 811 3186 879 4),
3230 814 3287 866 et
3321 811 3653 866 ludzeorutn
3698 825 3841 866 voce

2136 910 2171 952 a
2220 897 2331 952 Deo
2377 912 2490 951 non
2540 914 2681 962 esse,
2733 907 2788 953 et
2838 907 3097 968 peccator
3135 914 3274 964 esse,
3327 899 3467 969 quia
3518 899 3838 955 Sabbatum

2139 1000 2251 1040 non
2321 986 2688 1052 custodierat,
2756 986 3138 1053 clamabatur,
3198 996 3252 1042 et
3315 1001 3418 1056 pro
3477 989 3838 1057 arrogantia,

2136 1073 2275 1143 quia
2299 1073 2398 1128 Dei
2431 1074 2638 1129 Filium
2670 1091 2728 1129 se
2759 1075 3002 1139 dixerat,
3039 1089 3345 1144 percussus
3379 1091 3392 1130 :
3431 1077 3550 1144 Ipse
3580 1077 3838 1130 vulnera-

2139 1167 2222 1215 tus
2261 1167 2338 1215 est
2372 1169 2598 1231 prepter
2628 1166 2946 1232 iniquitates
2991 1170 3226 1230 nostras,
3256 1170 3305 1217 et
3345 1171 3567 1218 attritus
3611 1171 3843 1234 propter

2135 1251 2335 1303 scelera
2391 1259 2596 1304 nostra.
2660 1253 2789 1305 Vere
2840 1253 3124 1316 languores
3173 1259 3380 1306 nostros
3431 1256 3543 1320 ipse
3587 1255 3737 1317 tulit,
3792 1259 3844 1304 et

2136 1338 2343 1392 dolores
2384 1346 2593 1392 nostros
2637 1343 2750 1408 ipse
2789 1345 3059 1408 portatit.
3115 1343 3417 1410 Disciplina
3453 1344 3605 1410 pacis
3639 1349 3845 1396 nostrae

2136 1442 2299 1496 super
2339 1443 2458 1480 eum
2508 1428 2694 1498 (Ibid,
2747 1430 2798 1494 4,
2850 1433 2922 1497 ὃ).
2972 1429 3098 1498 Ipse
3142 1430 3293 1484 enitn
3344 1430 3537 1485 docuit
3592 1441 3646 1486 et
3706 1431 3844 1486 fecit

2138 1515 2368 1572 modum
2437 1517 2916 1572 reconciliationis
2981 1518 3054 1572 ad
3121 1519 3324 1575 Deum.
3381 1521 3451 1573 Et
3498 1520 3667 1573 livore
3717 1519 3844 1589 (jus

2137 1607 2322 1658 sanati
2354 1619 2544 1658 sumus
2570 1606 2762 1672 ποίει..
2799 1609 2864 1673 ὅ).

2208 1692 2356 1758 Quid
2413 1708 2748 1762 prosequor,
2805 1695 2874 1748 de
2937 1693 3137 1750 alienis
3191 1708 3317 1750 mea
3376 1694 3563 1750 verbis
3627 1694 3849 1750 interli-

2141 1780 2338 1835 ciens?
2389 1780 2494 1836 Cui
2546 1782 2819 1846 aseribis,
2851 1782 3066 1849 Iudaee,
3099 1797 3230 1852 quae
3281 1783 3529 1853 praetuli,
3576 1788 3730 1837 uo
3791 1792 3846 1839 et

2140 1881 2272 1937 quae
2302 1867 2784 1938 subsequuntur?
2813 1870 2945 1938 quis
2973 1878 3057 1925 est
3091 1869 3200 1934 ille,
3241 1870 3295 1924 in
3325 1886 3441 1939 quo
3471 1871 3655 1939 posuit
3687 1871 3848 1926 Deus

2142 1957 2506 2026 iniquitatem
2543 1959 2802 2014 omnium
2849 1966 3135 2013 nostrum.
3171 1958 3276 2023 Qui
3314 1959 3526 2012 oblatus
3571 1964 3671 2022 est,
3708 1963 3847 2027 quia

2138 2046 2328 2112 voluit,
2360 2061 2521 2114 osque
2549 2062 2705 2100 suum
2738 2063 2845 2100 non
2889 2049 3126 2114 aperuit,
3166 2049 3327 2115 quasi
3356 2051 3469 2100 ovis
3513 2047 3585 2099 ad
3615 2050 3844 2100 occisio—

2138 2149 2257 2186 nem
2302 2134 2515 2201 ductus,
2566 2137 2664 2204 qui
2709 2141 2768 2189 ut
2817 2151 2992 2201 agnus
3043 2151 3224 2188 coram
3269 2137 3517 2188 tondente
3572 2135 3846 2189 obmutuit

2140 2222 2316 2289 (Ibid.
2374 2227 2452 2289 7),
2504 2224 2603 2292 qui
2659 2223 2726 2277 de
2785 2225 3043 2291 angustia
3106 2230 3156 2278 et
3209 2225 3274 2276 de
3319 2224 3532 2292 judicio
3593 2225 3845 2279 sublatus

2142 2309 2303 2378 (Ibid.
2355 2310 2428 2379 8),
2473 2318 2690 2366 tantam
2734 2312 2899 2368 habet
2931 2311 3355 2380 generationem
3397 2327 3528 2382 quae
3576 2312 3842 2366 enarrari

2142 2413 2254 2453 non
2305 2399 2495 2468 possit.
2540 2400 2664 2469 Ipse
2707 2401 3023 2456 secundum
3073 2400 3395 2469 opinionem
3439 2409 3686 2456 vestram
3735 2402 3845 2454 ab-

2138 2488 2315 2540 scisus
2351 2487 2416 2541 de
2450 2493 2595 2541 terra
2628 2491 2942 2555 viventium,
2983 2489 3138 2542 dabit
3171 2497 3358 2544 tamen
3396 2492 3592 2558 impios
3627 2506 3729 2558 pro
3760 2506 3845 2543 se-

2140 2577 2368 2646 pultura
2401 2577 2568 2641 (Ibid.
2616 2580 2667 2642 8,
2715 2580 2794 2646 9),
2847 2584 2909 2632 ut
2951 2592 3048 2631 eos
3082 2577 3136 2630 in
3187 2577 3467 2646 baptismo
3507 2577 3614 2632 sibi
3655 2592 3849 2632 conse-

2141 2663 2400 2732 peliendo
2434 2663 2506 2718 ab
2533 2664 2818 2733 impietate
2849 2663 3160 2730 distrahat;
3193 2670 3243 2718 it
3284 2666 3505 2718 divitem
3536 2665 3700 2730 (Ibid.
3740 2666 3844 2734 9.),

2141 2750 2354 2806 scilicet
2400 2751 2714 2819 diabolum,
2770 2753 2949 2822 pretio
2993 2768 3112 2808 suae
3165 2753 3360 2809 mortis
3410 2754 3650 2808 occidat.
3703 2754 3848 2819 Quis

2141 2847 2242 2904 est,
2273 2853 2490 2908 precor,
2528 2849 2589 2895 ut
2631 2840 2882 2909 plurima
2912 2856 3110 2896 eorum
3145 2857 3275 2912 quas
3306 2851 3636 2910 sequuntur
3664 2843 3846 2897 omit-

2142 2935 2256 2982 tam
2293 2943 2307 2980 :
2345 2931 2451 2992 Qui
2479 2945 2597 2981 cum
2635 2930 2907 2983 sceleratis
2937 2937 3220 2998 reputatus
3246 2936 3324 2984 est
3357 2931 3547 2998 (lbid.,
3585 2934 3696 2997 l2),
3739 2932 3843 3000 qui

2070 3046 2111 3102 ο
2144 3023 2436 3084 peccatum
2482 3016 2795 3072 tnultorum
2839 3017 2989 3084 tulit,
3032 3018 3132 3087 qui
3175 3033 3276 3088 pro
3317 3019 3847 3088 transgressoribus

2139 3104 2325 3159 oravit
2379 3103 2582 3172 (Ibid),
2642 3112 2705 3161 ut
2774 3119 2888 3159 non
2955 3109 3222 3175 perirent.
3277 3107 3552 3176 Nunquid
3609 3107 3848 3162 Messias

2136 3191 2251 3259 ille,
2295 3206 2468 3262 quem
2505 3206 2606 3247 vos
2643 3193 3050 3262 priestolatnini
3092 3195 3329 3250 feliciter
3369 3202 3780 3260 regnaturum,
3813 3211 3848 3250 a

2137 3281 2300 3337 vobis
2347 3280 2437 3336 hic
2482 3282 2841 3351 significatus
2881 3283 3220 3351 potabitur?
3269 3283 3390 3339 Non
3431 3285 3534 3339 hoc
3578 3284 3627 3338 ei
3670 3285 3847 3339 attri-

2137 3367 2334 3433 buitis,
2374 3376 2439 3424 ut
2477 3369 2721 3424 credatis
2752 3384 2962 3439 purum
3005 3371 3291 3427 hominem
3333 3372 3556 3426 dolores
3596 3380 3846 3438 Vestros,

2136 3463 2192 3512 et
2237 3464 2469 3526 peccata
2524 3458 2798 3521 laturum,
2847 3473 2964 3513 non
3021 3459 3214 3514 minus
3257 3459 3602 3525 voluntarie,
3657 3475 3846 3529 qnam

2137 3543 2471 3613 simpliciter
2501 3546 2868 3613 moriturum,
2911 3562 3042 3602 cum
3088 3548 3374 3603 sceleratis
3413 3549 3843 3617 deputandum,

2139 3646 2241 3703 pro
2270 3633 2810 3702 transgressoribus,
2837 3649 2908 3690 ne
2943 3643 3196 3704 pereant,
3223 3645 3547 3691 oraturum.

2207 3723 2454 3790 Simplex
2488 3723 2641 3776 homo
2690 3738 2790 3792 pro
2828 3728 3064 3792 peccatis
3098 3727 3418 3788 satis/acere
3459 3725 3720 3792 nequibat
3749 3755 3843 3778 —-.

2137 3809 2206 3864 Et
2251 3823 2385 3865 cum
2433 3811 2752 3866 secundum
2804 3825 2906 3866 vos
2949 3827 3063 3867 non
3103 3813 3207 3867 hoc
3235 3813 3285 3867 ei
3332 3814 3628 3882 pertineat,
3678 3820 3846 3868 tanta

2136 3912 2268 3968 quae
2299 3897 2357 3952 in
2387 3911 2502 3953 uno
2532 3913 2596 3953 eo
2623 3913 2958 3964 convenere,
2988 3901 3213 3955 miseria
3242 3902 3451 3970 pariter
3471 3915 3538 3956 ac
3565 3909 3841 3970 potestas,

2138 3986 2196 4041 in
2227 3999 2404 4056 quam
2445 3985 2736 4042 videbitur
2772 3988 3116 4042 concessisse
3157 3989 3502 4058 personam?
3532 3989 3639 4054 Qui
3681 3989 3840 4044 enim

2135 4081 2336 4131 tantus
2381 4081 2466 4130 est
2515 4082 2597 4140 ut,
2648 4075 2763 4130 Deo
2811 4083 3239 4144 transponente,
3293 4076 3552 4131 omnium
3603 4085 3843 4145 peccata

2134 4171 2450 4233 supportet,
2483 4171 2548 4218 ut
2577 4172 2732 4232 puto,
2767 4178 2884 4219 non
2921 4164 3110 4230 homo,
3143 4165 3236 4219 sed
3282 4165 3432 4219 Deus
3460 4173 3560 4219 est.
3594 4163 3646 4218 Si
3678 4167 3840 4220 enim

2135 4265 2327 4308 coram
2362 4253 2471 4306 Deo
2501 4266 2615 4306 non
2641 4259 2744 4319 est,
2782 4267 2886 4308 nec
2924 4253 3112 4308 infans
3157 4253 3334 4308 unius
3373 4253 3504 4319 diei,
3537 4254 3580 4307 si
3613 4254 3687 4307 sit
3717 4253 3840 4308 vita

334 4353 536 4408 passus
582 4347 666 4395 est
713 4341 872 4396 tarde
917 4341 1198 4411 cognosci.
1253 4344 1373 4412 Ipse
1419 4343 1586 4414 plane
1636 4346 1834 4399 vivum
1892 4359 2024 4414 gra-
2061 4341 2107 4397 D
2137 4341 2264 4410 ejus
2306 4354 2480 4409 super
2523 4348 2756 4408 terram,
2803 4341 3080 4408 mundus,
3131 4341 3440 4411 praesertim
3489 4354 3621 4396 cum
3664 4341 3739 4397 sit
3771 4342 3842 4396 de

335 4441 479 4482 num
499 4427 684 4483 solum
708 4443 850 4498 pene
880 4430 1114 4496 mansit;
1142 4440 1460 4497 mortuum,
1495 4432 1742 4488 multum
1775 4432 2028 4489 fructum

335 4515 528 4572 attulit
562 4516 744 4583 (Joan.
803 4531 901 4583 xu,
953 4521 1070 4589 24).
1113 4519 1210 4576 Vel
1253 4521 1504 4576 ascendit
1536 4530 1814 4590 tanquam
1860 4521 2030 4576 radix

335 4605 405 4660 de
455 4612 608 4661 terra
653 4607 838 4673 arida,
886 4608 1029 4678 quia
1077 4609 1194 4678 ipse
1237 4608 1345 4664 sibi
1382 4609 1546 4678 origo
1588 4609 1642 4664 in
1693 4609 1888 4675 Maria,
1933 4609 2029 4664 cui

334 4693 496 4749 nulla
529 4709 587 4748 se
617 4694 824 4751 infudit
858 4697 1095 4752 humani
1128 4697 1364 4752 seminis
1391 4698 1568 4751 unda.

404 4785 526 4840 Non
571 4789 650 4838 est
693 4787 892 4853 species
934 4787 984 4839 ei
1030 4801 1202 4854 neque
1252 4785 1427 4839 decor.
1492 4785 1737 4839 Vidimus
1782 4801 1922 4849 eum,
1980 4791 2031 4840 et

333 4886 440 4924 non
477 4877 594 4927 erat
631 4879 980 4950 aspectushet
1011 4874 1444 4928 desiderauimus
1486 4889 1604 4928 eum
1640 4874 1946 4940 despectum
1981 4879 2032 4928 et

335 4962 684 5015 novissimum
745 4965 1010 5027 virorum,
1077 4966 1260 5020 virum
1330 4963 1576 5016 dolorum
1599 5004 1613 5027 ,
1676 4967 1728 5015 et
1782 4965 2032 5016 scientem

335 5048 726 5114 infirmitatem,
771 5054 825 5104 et
861 5050 1026 5116 quasi
1063 5048 1412 5104 absconditus
1451 5051 1633 5102 vultus
1671 5049 1810 5116 ejus,
1855 5055 1906 5102 et
1937 5049 2030 5102 de-

338 5139 571 5201 spectus,
616 5134 759 5187 unde
801 5149 896 5187 nec
942 5136 1320 5201 reputavimu:
1357 5151 1478 5188 eum
1526 5136 1658 5205 (Isa.
1707 5147 1820 5199 LIII,
1868 5138 1920 5201 2,
1953 5136 2027 5204 3).

338 5220 404 5275 In
433 5219 504 5276 iis
531 5219 743 5287 verbis,
781 5219 878 5275 ubi
911 5233 1026 5274 non
1059 5235 1310 5288 persona
1339 5223 1483 5291 ejus,
1511 5222 1607 5276 sed
1639 5222 2032 5278 humanarum

339 5308 398 5362 in
467 5321 712 5378 persona
764 5306 1095 5376 passionum
1151 5309 1574 5378 despicabilitas
1625 5309 1707 5364 sic
1763 5316 2029 5375 notatur;

340 5395 482 5451 illud
516 5393 819 5464 quaestioni
851 5401 1020 5462 patet,
1051 5396 1225 5465 quod,
1255 5411 1429 5467 quem
1457 5399 1592 5452 dicit
1621 5396 2027 5460 desideratum,

342 5490 469 5552 post
497 5495 683 5551 pauca
721 5481 892 5538 refert
912 5497 1016 5539 nec
1053 5493 1405 5554 reputatum.
1460 5486 1920 5551 Desiderabatur,
1968 5487 2034 5540 ut

345 5579 504 5641 puto,
549 5585 683 5625 cum
718 5571 769 5627 ei
801 5571 1138 5630 dicebatur:
1173 5575 1456 5644 Quousque
1499 5578 1741 5630 animam
1789 5579 2033 5629 nostram

2137 4428 2438 4484 immundo
2467 4437 2779 4499 conceptus
2803 4430 3037 4496 semine,
3067 4445 3199 4485 cum
3235 4430 3385 4485 dicat
3428 4430 3630 4494 David,
3660 4445 3838 4499 quem

2139 4517 2292 4572 Deus
2329 4516 2626 4573 invenerat
2667 4518 2985 4573 secundum
3029 4531 3126 4574 cor
3169 4533 3340 4573 suum
3377 4533 3390 4572 :
3423 4520 3490 4574 Si
3517 4521 3842 4586 iniquitates

2137 4605 2525 4666 observaveris,
2580 4609 2704 4674 quis
2756 4608 3064 4669 sustinebit,
3113 4608 3372 4661 Domine?
3418 4606 3584 4676 (Psal.
3637 4621 3838 4672 cxxtx,

2141 4695 2220 4761 3.)
2272 4693 2339 4747 Et
2387 4693 2562 4748 Isaias
2609 4709 2622 4746 :
2671 4696 2862 4751 Omnes
2893 4695 3127 4760 justitiw
3172 4701 3370 4748 nostra:
3412 4698 3573 4762 quasi
3621 4710 3843 4761 pannus

2137 4788 2488 4837 menstruam
2524 4784 2584 4835 in
2626 4789 2907 4851 conspectu
2955 4789 3045 4836 tuo
3085 4783 3213 4850 (Isa.
3266 4797 3416 4848 LXIV,
3468 4785 3543 4848 6).
3597 4782 3667 4836 Et
3721 4783 3843 4850 ipse

2132 4871 2380 4940 Moyses,
2421 4870 2526 4940 qui
2567 4869 2814 4926 aliorum
2863 4871 3283 4940 deprecabatur
3327 4870 3525 4934 exitia,
3571 4883 3676 4924 nec
3713 4871 3843 4925 aliis

2140 4958 2490 5029 impetravit,
2549 4967 2603 5014 et
2663 4960 2834 5028 culpa
2893 4959 3178 5029 exigente,
3237 4965 3392 5014 terra
3449 4959 3843 5027 promissionis

2138 5047 2344 5103 caruit.
2394 5048 2471 5110 Si,
2523 5047 2786 5118 inquam,
2823 5061 3022 5103 omnes
3068 5047 3314 5116 propriis
3360 5053 3496 5102 sunt
3544 5047 3840 5116 praepediti

2141 5135 2416 5201 rentibus,
2451 5136 2585 5204 quis
2615 5145 2700 5190 est
2737 5135 2838 5206 qui
2879 5135 3119 5191 idoneus
3155 5135 3414 5191 omnium
3455 5134 3670 5204 peccati
3703 5149 3842 5204 por—

2143 5232 2262 5278 tare
2302 5222 2373 5278 sit
2415 5222 2682 5291 pondus?
2713 5224 2764 5278 Si
2797 5224 2951 5278 enim
2981 5237 3184 5278 verum
3219 5230 3304 5278 est
3337 5223 3478 5292 quia
3506 5235 3593 5278 vze
3632 5221 3842 5278 lauda-

2141 5311 2240 5367 bili
2280 5311 2412 5366 vitae
2447 5310 2768 5378 hominum,
2815 5313 2862 5366 si
2903 5319 3120 5367 remota
3157 5311 3383 5381 pietate,
3428 5309 3751 5380 judicetur;
3783 5311 3840 5366 in

2139 5405 2447 5467 conspectu
2489 5398 2642 5453 enim
2701 5400 2802 5454 Dei
2845 5400 3034 5454 omnis
3084 5399 3286 5454 vivens
3331 5411 3446 5454 non
3485 5397 3843 5467 justificatur

2141 5487 2307 5556 (Psal.
2349 5501 2522 5552 exui,
2570 5489 2644 5556 2),
2689 5489 2977 5557 quomodo
3008 5487 3078 5542 de
3117 5501 3460 5556 paucorum,
3501 5501 3616 5540 non
3653 5488 3838 5542 dicam

2141 5577 2546 5631 universorum
2605 5575 2771 5630 malis
2830 5589 3002 5644 penes
3056 5577 3236 5631 Deum
3295 5583 3535 5630 acturus
3580 5582 3688 5642 est,
3741 5578 3840 5645 qui
