3956 6416
85 335 199 391 509

843 332 1090 390 TRACT.
1134 332 1227 389 DE
1268 330 1781 388 INCARNATIONE
1821 328 2100 389 CONTRA
2135 329 2415 386 JUDZEOS
2484 361 2553 369 —
2592 329 2724 384 LIB.
2763 329 2862 385 III.

3508 332 3611 386 510

84 466 202 523 sibi
235 466 342 523 soli
377 464 819 523 insufilciendus
846 463 982 520 est?
1027 463 1085 519 Si
1115 470 1309 519 autem
1341 463 1411 519 de
1438 470 1800 533 peccatorum
1839 471 1881 524 Α
1908 462 2015 518 nisi
2047 477 2145 518 cor
2175 461 2307 518 ﬁdei
2334 461 2660 518 admoveris
2687 460 3111 534 aequanimiter,
3138 462 3266 534 ejus
3295 462 3371 518 rei
3428 476 3607 532 quam

86 556 419 626 quantitate
464 554 679 625 agitur,
732 552 971 609 solerter
1019 551 1340 607 astruimus
1387 550 1615 606 nullum
1665 562 1798 619 par-

84 658 237 700 vum
267 643 382 699 dici
432 657 592 713 posse
644 649 961 713 peccatum,
994 640 1148 712 quod
1188 640 1261 696 ad
1298 639 1393 695 Dei
1444 638 1801 709 dignoscitur

88 732 221 788 fieri
248 740 662 802 contemptum.
703 730 850 798 Quia
879 731 1060 802 igitur
1081 729 1468 785 satisfactione
1492 727 1626 797 quis
1654 727 1797 796 luat,

86 819 205 875 nisi
235 834 369 876 eum
402 834 576 890 quem
615 816 915 874 offenderit
959 817 1121 888 pium
1147 816 1304 887 apud
1343 830 1403 871 se
1432 814 1798 884 interpretem

88 908 343 965 habeat?

161 997 394 1052 Justum
448 996 645 1066 itaque
674 1001 817 1060 erat,
875 1000 940 1050 ut
982 992 1028 1049 is
1073 1006 1175 1063 pro
1204 991 1539 1048 hominibus
1580 996 1799 1062 ageret,

86 1086 218 1155 qui,
249 1084 570 1140 secundum
602 1084 757 1154 quod
790 1083 979 1149 homo,
1026 1082 1171 1137 mori
1216 1096 1320 1152 pro
1374 1079 1605 1137 homine
1653 1087 1802 1149 pote-

87 1182 182 1227 rat
211 1188 228 1243 ;
266 1173 484 1242 peccati
518 1182 707 1227 tamen
742 1184 959 1232 exsors,
994 1169 1296 1225 hominum
1327 1179 1556 1239 peccata
1603 1175 1800 1237 porta-

90 1270 222 1329 ret;
254 1270 309 1316 et
337 1261 656 1317 secundum
690 1260 843 1330 quod
890 1260 1039 1314 Deus
1067 1266 1209 1326 erat,
1243 1259 1358 1313 Deo
1390 1266 1445 1313 et
1488 1256 1616 1324 sibi,
1660 1255 1800 1326 quia

87 1362 283 1403 unum
315 1356 471 1416 sunt,
505 1348 770 1404 eumdem
803 1346 1215 1402 reconciliaret.
1264 1346 1405 1403 Vide
1444 1359 1581 1416 ergo
1622 1358 1799 1416 quor-

83 1450 246 1503 sum,
302 1436 499 1492 Judzee
560 1449 831 1505 nequam,
887 1434 1166 1504 propheta
1216 1440 1353 1489 tuus
1389 1432 1667 1500 intendat,
1702 1432 1799 1489 ubi

84 1538 199 1579 nec
232 1525 405 1580 etiam
456 1524 799 1594 propheticis
825 1522 1170 1594 ambagibus
1206 1530 1509 1592 evagatur;
1543 1522 1641 1577 sed
1690 1522 1801 1577 vel-

82 1613 176 1668 uti
227 1613 597 1669 historialiter
628 1620 864 1682 narrat;
897 1620 951 1668 et
981 1612 1026 1667 si
1076 1613 1432 1682 praeteritum
1465 1610 1798 1683 quempiam

81 1703 182 1758 cui
217 1710 505 1773 congruat
547 1702 751 1769 nescis,
799 1709 855 1757 et
909 1701 1175 1756 futurum
1223 1700 1475 1770 ignoras,
1519 1713 1653 1755 eum
1703 1698 1799 1754 cui

85 1790 405 1845 innitimur
426 1798 573 1857 tene,
610 1790 668 1844 in
698 1803 815 1859 quo
845 1789 1000 1859 quod
1028 1788 1390 1859 prailibatum
1417 1795 1500 1843 est
1530 1786 1656 1843 luce
1670 1786 1794 1842 evi-
1836 1774 1877 1829 Β

87 1879 331 1935 dentius
378 1879 725 1948 completum
781 1886 1029 1933 constat.
1070 1877 1299 1933 Discute
1327 1876 1650 1947 evangelia,
1682 1876 1799 1931 dis-

91 1976 228 2022 cute
275 1966 432 2037 quod
482 1966 791 2034 credimus,
846 1966 1139 2036 prophetas
1190 1964 1355 2021 nobis
1384 1978 1620 2020 sensum
1656 1978 1799 2036 ape-

83 2055 209 2112 ruit
235 2055 400 2111 factis
431 2056 716 2111 Christus.

209 2132 219 2142 ’
762 2142 991 2198 CAPUT
1032 2142 1134 2199 III.

379 2234 570 2287 Utrum
602 2232 850 2288 Christus
884 2236 1023 2285 mori
1058 2234 1261 2301 potuit,
1294 2247 1367 2285 an
1396 2246 1523 2286 non.

163 2322 428 2375 Christus
476 2323 615 2374 Deus
666 2326 716 2375 et
769 2320 922 2375 homo
966 2326 1045 2375 est
1091 2324 1207 2375 sine
1249 2323 1564 2388 confusione
1594 2322 1800 2374 utrius-

87 2426 197 2480 que
227 2415 461 2463 naturae.
515 2410 698 2474 Quare
756 2409 1021 2463 hominem
1051 2411 1217 2463 Deum
1250 2425 1353 2478 pro
1384 2408 1630 2463 omnibus
1663 2408 1802 2461 mori

82 2514 301 2553 necesse
340 2503 477 2551 erat.
509 2527 578 2537 —
610 2496 772 2563 Quod
820 2498 868 2553 si
908 2498 1047 2567 quia
1072 2511 1207 2553 eum
1236 2497 1345 2552 dici
1392 2498 1572 2552 Deum
1604 2496 1796 2566 audis,

86 2588 219 2643 ideo
245 2588 317 2643 de
350 2595 530 2643 morte
573 2588 852 2653 causaris,
889 2587 1032 2641 mori
1085 2586 1239 2641 enim
1272 2587 1388 2642 Deo
1420 2601 1535 2641 non
1581 2599 1799 2641 conve-

88 2677 198 2741 nit,
243 2676 389 2731 scire
426 2675 598 2731 debes
643 2674 783 2746 quia
824 2676 997 2742 Deus,
1046 2674 1149 2746 qui
1199 2675 1489 2730 hominem
1527 2674 1797 2744 suscepit,

86 2766 275 2821 Deum
334 2778 706 2834 nequaquam
764 2763 1114 2819 humanitati
1172 2763 1449 2828 confudit,
1481 2778 1585 2818 nec
1623 2762 1802 2818 homi-

92 2868 229 2909 nem
262 2854 375 2909 Deo
409 2852 659 2920 miscuit,
712 2853 809 2907 sed
858 2852 915 2907 in
960 2866 1019 2907 se
1062 2851 1343 2907 stabiliter
1388 2859 1636 2922 utraque
1672 2865 1801 2907 con-

83 2942 322 2997 sistente
354 2949 585 3009 natura,
646 2955 763 2997 una
791 2955 863 2996 ex
912 2941 1165 3003 duabus,
1198 2949 1253 2995 et
1308 2941 1363 2994 in
1396 2941 1625 2995 duabus
1672 2939 1798 2995 sub«

86 3030 322 3087 stantiis
347 3031 567 3085 exstitit
625 3031 743 3100 ipse
795 3043 1055 3099 persona.
1101 3030 1224 3095 Qua
1252 3042 1389 3099 ergo
1426 3038 1583 3098 parte
1616 3029 1799 3083 homi-

86 3134 245 3185 nem,
282 3132 352 3174 ea
382 3118 581 3175 merito
612 3134 671 3174 se
727 3118 970 3187 praebuit
1023 3118 1143 3187 ipse
1197 3118 1520 3185 mortalem,
1550 3124 1613 3172 ut
1661 3118 1802 3186 quia

87 3222 250 3263 mors
281 3221 354 3262 ex
385 3216 615 3277 peccato
648 3207 978 3274 obvenerat,
1010 3207 1127 3276 ipse
1161 3206 1373 3275 peccati
1403 3220 1628 3275 expers,
1665 3219 1798 3260 cum

86 3304 295 3366 sponte
340 3310 399 3350 se
448 3296 616 3351 morti
673 3296 962 3351 addiceret
994 3298 1197 3365 (quam
1245 3302 1455 3361 tamen,
1499 3294 1640 3364 quia
1682 3307 1800 3349 non

88 3392 451 3454 peccaverat,
512 3384 767 3439 indebite
839 3383 1058 3453 ferret),
1115 3397 1313 3438 omnes
1367 3383 1649 3438 obnoxnos
1719 3381 1801 3437 illi

89 3474 316 3527 miserae
348 3472 663 3527 conditioni
693 3472 1032 3528 absolveret.
1080 3471 1301 3527 Natura
1342 3485 1595 3541 namque
1638 3471 1802 3527 nulla

90 3561 206 3616 alia
238 3570 447 3631 praeter
472 3574 619 3628 eam,
654 3576 785 3631 qua:
817 3569 1170 3631 peccaverat,
1201 3575 1305 3631 pro
1345 3560 1541 3615 eadem
1576 3560 1798 3616 satisfa-

93 3664 227 3705 cere
286 3657 523 3719 poterat.
579 3650 918 3720 Congruum
975 3657 1165 3704 tamen
1196 3663 1312 3704 non
1342 3657 1506 3716 esset,
1542 3656 1604 3705 ut
1642 3648 1798 3719 quod

92 3738 431 3793 humanitas
488 3738 882 3805 commisisset,
942 3738 1012 3793 de
1063 3737 1321 3808 angelico
1369 3739 1660 3808 quispiam
1707 3751 1802 3793 or-

94 3827 232 3881 dine
262 3830 542 3897 expiaret.
570 3828 731 3882 .luste
763 3822 959 3897 itaque
988 3826 1179 3892 homo,
1233 3826 1334 3897 qui
1368 3828 1629 3883 omnium
1662 3840 1798 3882 cau-

93 3930 188 3971 sas
241 3916 395 3986 apud
458 3916 635 3972 Deum
695 3916 1030 3979 insumeret,
1072 3915 1169 3970 sed
1214 3915 1337 3971 sine
1388 3915 1574 3986 culpae
1624 3916 1802 3971 ullius

98 4005 326 4060 macula
370 4004 492 4060 fuit.
546 4004 691 4060 Nam
725 4005 864 4075 quia
916 4004 995 4060 nil
1026 4003 1247 4074 debuit,
1276 4012 1333 4061 et
1361 4018 1394 4059 a
1433 4005 1659 4060 diabolo
1693 4005 1798 4060 im-

96 4093 309 4163 petitus
340 4101 572 4149 coactus
599 4104 684 4149 est
709 4094 932 4149 solvere
973 4108 1105 4163 qua:
1138 4109 1252 4148 non
1283 4096 1498 4164 rapuit,
1530 4109 1664 4150 eum
1696 4093 1799 4165 qui

95 4197 154 4238 se
184 4182 565 4252 impetiverat,
601 4184 698 4239 sed
731 4183 958 4254 injuste,
992 4182 1293 4253 corripuit,
1336 4190 1391 4239 et
1442 4185 1515 4239 ab
1558 4183 1801 4239 humani

95 4273 323 4342 generis
358 4272 704 4340 possessione
747 4271 1058 4328 submovit.
1090 4272 1234 4327 Cum
1274 4285 1411 4342 ergo
1444 4287 1501 4328 se
1553 4273 1801 4327 moriens

1906 566 2141 608 exosam
2169 552 2384 607 habeas
2416 553 2696 608 rationem
2737 558 2863 609 2³³1
2900 553 3187 622 suscipere
3228 566 3339 607 non
3374 552 3600 622 poteris.

1983 642 2230 695 Danielis
2286 641 2352 695 de
2407 642 2620 697 Christo
2677 642 2971 711 prophetia
3026 640 3374 710 expenditur.
3418 670 3487 679 —
3538 640 3603 696 Et

1908 731 2047 802 quia
2092 730 2438 801 propheticis
2493 734 2546 785 te
2593 731 2845 787 oraculis
2884 730 3227 801 compellare
3254 731 3377 800 jam
3428 728 3599 799 empi-

1910 836 2063 889 mus,
2101 829 2157 876 et
2205 828 2436 875 tuorum
2495 819 2593 875 tibi
2651 819 3016 876 voluminum
3064 819 3343 874 innovare
3391 831 3602 873 memo-

1907 910 2075 977 riam,
2138 908 2406 979 argutius
2452 909 2607 963 enim
2677 909 2921 965 aliorum
3004 908 3264 964 carmina
3318 906 3603 963 discutere

1906 998 2173 1063 solemus,
2227 1010 2404 1067 quam
2460 1005 2678 1065 nostra,
2727 998 2864 1054 audi
2900 998 3185 1053 Danielem
3234 997 3386 1067 ipsos
3430 1010 3602 1051 even-

1906 1093 2021 1153 tus,
2070 1093 2125 1142 et
2152 1093 2467 1141 eventuum
2519 1093 2889 1155 contempora
2937 1086 3341 1140 declarantem.
3374 1085 3605 1153 Septua-

1907 1175 2063 1244 ginta
2140 1175 2495 1229 hcbdomadcs
2574 1175 2903 1229 abbret-iatz
2946 1182 3072 1228 sunt
3118 1190 3282 1242 super
3344 1174 3605 1241 populum

1908 1270 2081 1329 tuum,
2114 1270 2164 1317 et
2200 1279 2364 1332 super
2392 1263 2579 1317 urbem
2634 1270 2879 1317 sanctam
2932 1269 3101 1329 tuam,
3158 1269 3216 1315 ut
3269 1276 3603 1315 consumme-

1909 1359 2001 1408 tur
2053 1356 2455 1423 praevaricatio,
2527 1359 2578 1407 et
2648 1356 2808 1422 finem
2866 1355 3102 1421 accipiat
3179 1357 3477 1421 peccatum,
3556 1353 3607 1404 et

1908 1442 2152 1497 deleatur
2197 1443 2486 1509 iniquitas,
2536 1447 2587 1495 et
2631 1441 2945 1495 adducatur
2986 1440 3212 1510 justitia
3255 1442 3604 1507 sempiterna,

1907 1540 1957 1585 et
1994 1533 2288 1601 impleatur
2342 1533 2482 1584 visio
2536 1534 2587 1583 et
2628 1531 2939 1599 prophetia,
2973 1535 3024 1583 et
3072 1535 3315 1595 ungatur
3370 1528 3605 1582 Sanctus

1908 1626 2216 1674 sanctorum
2249 1621 2410 1690 (Dan.
2442 1634 2518 1680 ix,
2551 1618 2663 1687 24).
2725 1618 2985 1688 Intellige
3029 1618 3299 1688 angelum
3355 1616 3607 1686 prophe-

1907 1716 1978 1764 ιω
2010 1709 2357 1778 loquentem,
2391 1721 2458 1763 ac
2510 1707 2558 1762 si
2587 1706 2837 1763 diceret:
2870 1706 3147 1774 Quoniam
3194 1706 3262 1760 de
3298 1703 3488 1774 populi
3523 1702 3607 1759 tui

1909 1798 2254 1853 abductione
2306 1804 2359 1853 et
2388 1795 2738 1866 dispersione
2792 1795 3181 1866 conquereris,
3217 1794 3401 1864 spatia
3441 1792 3606 1847 adhi-

1909 1885 2076 1941 bendi
2110 1885 2343 1941 remedii
2393 1885 2574 1940 Deum
2628 1884 2841 1940 factum
2899 1885 3208 1954 propitium
3249 1882 3607 1938 contraxisse

1908 1974 2157 2041 noveris,
2206 1981 2270 2030 ut
2325 1973 2575 2044 populus
2624 1973 2854 2045 quidem
2891 1973 2959 2029 de
3005 1973 3243 2044 justitiis
3290 1972 3481 2027 carnis
3533 1970 3606 2025 ad

1907 2062 2265 2133 spiritualem
2323 2076 2442 2118 sese
2492 2062 2799 2118 transferat
2866 2060 3112 2127 cultum,
3169 2068 3223 2116 et
3284 2060 3424 2115 urbs
3485 2058 3603 2127 illa,

1903 2152 2025 2223 jam
2083 2151 2289 2207 Christi
2367 2151 2652 2222 sanguine
2726 2158 2946 2216 sancta,
3026 2149 3191 2204 novis
3262 2156 3605 2203 vetustatem

1908 2240 2156 2296 mutabit
2210 2239 2549 2308 honoribus,
2612 2248 2674 2295 ut
2727 2237 3190 2309 praevaricatoris
3243 2238 3378 2293 Adae
3436 2236 3608 2305 culpa

1909 2327 2152 2395 fatiscat,
2185 2336 2239 2383 et
2281 2328 2441 2395 illud,
2477 2328 2631 2398 quod
2678 2326 3131 2383 antonomastice
3178 2336 3473 2396 peccatum
3500 2332 3605 2390 est,

1908 2416 2229 2473 idololatria
2255 2416 2676 2488 inﬁdelitasque
2706 2416 2949 2472 deficiat.
2982 2415 3049 2470 Et
3074 2414 3359 2485 quidquid
3388 2414 3608 2483 absque

1906 2506 2181 2577 aequitate
2211 2506 2283 2561 ad
2345 2505 2674 2575 proximum
2729 2505 2971 2577 geritur,
3006 2504 3287 2574 sopiatur,
3337 2511 3394 2559 et
3440 2504 3605 2573 quie-

1890 2578 2048 2661 scat,
2083 2603 2137 2651 et
2172 2595 2498 2651 adducatur
2540 2609 2653 2650 non
2698 2600 2964 2661 sanctum,
3022 2601 3085 2649 ut
3143 2592 3221 2648 ait
3278 2591 3605 2661 Apostolus,

1907 2686 2162 2739 saeculare
2194 2683 2379 2754 (Hebr.
2435 2699 2507 2748 ιι,
2564 2682 2637 2753 i),
2668 2682 2763 2737 sed
2805 2684 3032 2751 justitia
3061 2684 3426 2750 sempiterna;
3461 2680 3610 2734 hanc

1907 2772 2058 2827 enim
2092 2772 2422 2841 erigendam
2478 2772 2713 2826 domum
2764 2770 2920 2826 decet
2953 2769 3278 2825 sanctitudo
3330 2769 3383 2822 iu
3434 2767 3611 2838 longi-

1907 2861 2164 2917 tudinem
2222 2861 2470 2926 dierum,
2535 2866 2596 2915 ut
2677 2858 2989 2924 visionum,
3063 2871 3130 2911 ac
3194 2855 3609 2926 prophetarum

1907 2950 2129 3007 effectui
2164 2950 2485 3018 mancipata
2525 2947 2813 3004 reveletur
2870 2947 3138 3016 impletio.
3178 2946 3247 3000 Et
3280 2945 3385 2999 hoc
3425 2952 3608 2999 totum

1911 3040 2004 3095 fiet
2032 3039 2267 3110 quando
2296 3038 2419 3093 oleo
2454 3036 2662 3092 laetitiae
2700 3049 2814 3106 [)I‘ZB
2846 3034 3223 3105 participibus
3248 3035 3369 3089 suis
3416 3032 3608 3089 Sancti

1909 3136 2241 3184 sanctorum
2272 3125 2657 3182 celebrabitur
2681 3125 2893 3179 unctio.

1978 3219 2143 3283 Scito,
2222 3216 2431 3285 inquit,
2492 3219 2543 3268 et
2624 3212 3055 3267 animadverte:
3140 3212 3226 3265 Ab
3285 3213 3439 3264 exitu
3491 3225 3606 3264 ser-

1907 3308 2079 3359 monis
2132 3309 2194 3359 ut
2254 3308 2449 3358 iterum
2522 3301 2826 3370 aediﬁcetur
2896 3302 3225 3366 Jerusalem,
3301 3314 3470 3367 usque
3533 3298 3608 3351 ad

1910 3397 2195 3449 Christum
2260 3394 2468 3459 ducem,
2548 3391 2903 3445 hebdomadas
2972 3400 3192 3458 septem,
3275 3394 3324 3442 et
3397 3388 3608 3442 hebdo-

1908 3482 2094 3536 mades
2172 3484 2461 3548 sexaginta
2540 3479 2661 3534 duae
2728 3484 2887 3533 erunt
2960 3481 3118 3547 (Dan.
3172 3493 3247 3542 ις,
3323 3478 3433 3545 25).
3514 3475 3601 3531 Ab

1909 3570 2074 3627 exitu
2124 3570 2406 3625 sermonis
2454 3583 2571 3639 quo
2600 3582 2635 3623 a
2683 3567 2857 3623 Dario
2910 3568 3075 3637 jussa
3101 3575 3184 3622 est
3216 3565 3441 3621 restitui
3472 3564 3609 3619 civi-

1909 3666 2017 3726 tas,
2047 3666 2101 3714 et
2132 3658 2432 3727 templum,
2484 3657 2660 3712 habes
2713 3670 3022 3712 numerum
3080 3668 3369 3711 annorum
3420 3666 3608 3723 usque

1909 3748 1980 3803 ad
2016 3748 2307 3804 Christum
2340 3746 2660 3817 specialiter
2688 3746 2915 3801 ducem.
2971 3744 3363 3800 Hebdomades
3415 3751 3608 3798 autem

1907 3850 2022 3890 non
2058 3836 2305 3900 dierum,
2352 3835 2448 3890 sed
2497 3848 2785 3889 annorum
2823 3832 3095 3903 intellige.
3127 3831 3384 3898 Qualiter
3414 3839 3607 3885 autem

1908 3932 2124 3994 septem
2174 3923 2373 3993 primae
2435 3923 2837 3989 hebdomades,
2891 3929 2946 3976 et
3002 3920 3244 3977 residuae
3303 3920 3609 3989 sexaginta

1909 4013 2039 4069 dum
2071 4012 2378 4083 vigilanter
2400 4012 2541 4067 adeo
2576 4009 2970 4066 subdistinctae
3018 4016 3154 4065 sunt
3201 4008 3604 4079 intelligendas,

1909 4101 2084 4157 lector
2113 4100 2268 4171 apud
2310 4100 2724 4170 Hieronymum
2784 4099 3022 4169 (Ea-pos.
3058 4102 3117 4151 in
3177 4098 3398 4151 Daniel.
3433 4096 3531 4151 lib.
3567 4113 3605 4162 ι,

1908 4205 2030 4260 cap.
2065 4191 2146 4260 9),
2177 4189 2618 4260 quamplurium
2674 4188 2812 4243 inibi
2855 4198 3159 4243 auctorum
3208 4184 3607 4256 compilatione

1909 4279 2078 4341 facta,
2112 4278 2390 4349 requirat.
2427 4278 2496 4335 Ut
2528 4276 2777 4334 breviter
2805 4291 2941 4333 vero
2985 4283 3310 4347 cognoscat,
3369 4282 3607 4344 septua-

97 4359 350 4426 bomine,
379 4368 434 4415 et
463 4360 758 4416 diabolum
805 4360 1039 4416 domino
1073 4359 1163 4431 [r.,
1198 4359 1472 4430 dominio]
1504 4361 1703 4427 exuit;
1743 4367 1798 4415 et
1838 4393 1881 4448 ι)
1911 4365 2092 4437 ginta,
2128 4366 2234 4421 nisi
2266 4366 2450 4434 fallor,
2485 4366 2888 4431 hebdomades,
2940 4364 3397 4435 quadringentos
3426 4374 3607 4417 nona-

98 4449 250 4504 unde
281 4449 599 4505 secundum
627 4457 786 4505 tuam
806 4449 1132 4520 opinionem
1156 4450 1423 4504 infirmus
1448 4449 1575 4514 fuit,
1600 4463 1799 4518 super-

95 4538 190 4594 bia
250 4537 428 4593 hostis
480 4551 606 4605 sua,
656 4546 719 4594 ut
779 4552 884 4609 par
934 4544 1077 4607 erat,
1155 4537 1479 4594 humilitate
1534 4538 1793 4605 confusa,

96 4626 262 4683 nobis
293 4626 479 4681 virtus
506 4626 776 4683 accrevit.

166 4714 323 4772 Dicis
380 4715 665 4771 forsitan:
726 4714 834 4783 Qui
868 4716 1020 4772 Deus
1067 4723 1212 4784 erat,
1273 4729 1387 4771 non
1432 4715 1634 4785 potuit,
1686 4714 1798 4771 nisi

96 4812 438 4870 moreretur,
475 4805 529 4859 id
556 4804 741 4861 facere
764 4804 792 4858 ?
825 4804 1037 4872 Potuit,
1071 4804 1334 4876 inquam.
1368 4813 1424 4861 et
1457 4807 1606 4861 Deus
1637 4813 1794 4873 tuus,

97 4908 227 4950 eum
287 4893 536 4949 Abrahae
588 4894 644 4948 in
703 4894 953 4949 convalli
992 4894 1285 4965 apparuit,
1337 4901 1394 4951 et
1442 4894 1682 4965 jejunus
1738 4894 1797 4949 in

99 4983 306 5039 emlum
336 4983 541 5037 redire.
593 4982 649 5039 Si
680 4983 838 5038 dicas
885 4982 1026 5038 mihi
1076 4997 1283 5039 causas
1321 4983 1570 5054 prandii,
1616 4982 1798 5039 multo

100 5071 370 5127 clariores
398 5071 668 5141 polliceor
714 5086 804 5127 me
850 5086 1057 5127 causas
1087 5072 1275 5133 dicere
1298 5087 1462 5143 posse
1505 5072 1795 5143 supplicii.

102 5162 155 5217 Si
181 5161 398 5217 diceres
430 5159 570 5215 mihi
602 5176 616 5214 :
654 5161 805 5216 Deus
852 5168 1057 5226 vester,
1091 5161 1193 5231 qui
1221 5161 1269 5217 si
1318 5161 1505 5231 vellet,
1540 5169 1604 5218 ut
1650 5160 1798 5217 dici—

103 5258 215 5316 tur,
261 5248 425 5305 fabas
453 5262 664 5304 aurum
713 5248 942 5315 faceret,
984 5262 1091 5304 cur
1142 5251 1473 5320 praeceperit
1520 5259 1584 5306 ut
1624 5264 1799 5320 super

105 5353 262 5403 auro,
307 5345 361 5395 et
392 5346 652 5408 argento,
686 5351 753 5393 ac
783 5337 1037 5393 vestibus
1068 5336 1229 5392 fraus
1271 5338 1581 5394 inferretur
1605 5339 1791 5409 Egyp-

105 5427 232 5485 tiis?
250 5427 315 5483 Et
342 5439 527 5497 quare
553 5425 690 5497 agni
712 5426 998 5497 sanguine
1028 5425 1232 5480 vestris
1262 5425 1402 5481 illito
1429 5426 1686 5495 postibus
1703 5441 1800 5481 an-

106 5516 261 5587 gelus
289 5516 444 5571 ultor
455 5513 773 5584 pepercerit
796 5512 1348 5584 primogenitisiego
1359 5516 1683 5571 occasiones
1698 5517 1801 5571 tibi

106 5604 553 5661 luculentisstme
582 5602 856 5658 disseram
898 5602 1204 5673 passionis.
1261 5602 1388 5658 Scio
1430 5612 1621 5659 autem
1660 5603 1802 5674 quia

1909 4455 2069 4524 ginta
2098 4456 2392 4511 continent
2420 4469 2625 4511 annos.
2659 4457 2724 4509 Et
2770 4459 2893 4524 post
2922 4453 3277 4508 hebdomades
3316 4453 3608 4518 sexaginta

1906 4543 2046 4597 duas
2079 4543 2352 4598 occidetur
2383 4545 2653 4605 Christus,
2686 4549 2737 4597 et
2766 4559 2870 4597 non
2902 4545 3008 4597 erit
3038 4543 3157 4611 ejus
3204 4541 3459 4610 populus,
3510 4541 3609 4608 qui

1906 4648 2024 4687 eum
2044 4639 2341 4701 negaturus
2361 4638 2458 4700 est,
2486 4638 2536 4687 et
2561 4635 2835 4687 civitatem
2854 4636 2904 4686 et
2919 4633 3293 4686 sanctuarium
3310 4628 3609 4697 dissipabit

1900 4723 2138 4790 populus
2191 4737 2311 4775 cum
2363 4722 2495 4776 duce
2540 4727 2783 4781 venturo.
2834 4725 2885 4773 et
2929 4722 3056 4789 ﬁnis
3093 4718 3210 4789 ejus
3249 4720 3501 4781 vastitas,
3556 4721 3607 4770 et

1903 4816 2027 4879 post
2074 4813 2234 4879 finem
2294 4810 2423 4864 belli
2472 4814 2681 4863 statuta
2729 4809 2988 4863 desolatio
3046 4807 3235 4878 (lbid.,
3285 4807 3401 4873 26).
3466 4805 3603 4868 Hac,

1907 4897 2115 4967 inquit,
2148 4906 2350 4953 exacta
2396 4911 2686 4953 annorum
2743 4896 2907 4963 serie,
2964 4896 3098 4965 ipsae
3154 4903 3449 4949 vocaturze
3509 4893 3601 4963 [f.,

1905 4985 2243 5057 vacaturae],
2309 4994 2363 5042 et
2410 4985 2785 5041 essentialiter
2863 4984 3126 5041 Christus
3181 4983 3491 5045 occidetur,
3550 4989 3607 5037 et

1907 5075 2158 5146 populus
2187 5075 2288 5144 qui
2322 5074 2585 5130 dicturus
2614 5083 2698 5130 est
2730 5088 2743 5128 :
2802 5076 2921 5129 Non
2974 5074 3235 5127 habemus
3289 5087 3465 5137 regem
3494 5073 3608 5125 nisi

1906 5164 2168 5220 Caesarem
2225 5164 2401 5231 (Joan.
2460 5177 2578 5224 XIX,
2634 5166 2739 5231 l5),
2794 5163 3176 5219 conclamabit
3220 5162 3439 5216 Pilato:
3483 5162 3609 5216 Noti

1907 5252 2333 5307 scriberezRea:
2381 5252 2695 5308 Iudaeorum
2728 5253 2913 5320 (Ibid,
2974 5256 3087 5321 2t).
3139 5249 3248 5307 Cui
3300 5259 3501 5306 contra
3546 5249 3606 5306 in

1910 5339 2152 5396 Psalmis
2183 5339 2332 5395 tituli
2370 5340 2797 5410 inscriptionem
2832 5354 2902 5396 ne
2931 5353 3288 5409 corrumpas.
3325 5339 3411 5393 Ex
3445 5346 3606 5408 patre

1910 5428 2135 5485 diabolo
2185 5428 2313 5496 erit,
2394 5443 2507 5483 non
2577 5429 2725 5498 ejus,
2810 5427 3205 5498 quapropter?
3269 5428 3414 5494 Quia
3489 5442 3606 5482 non

1912 5516 2178 5585 cognovit
2212 5525 2435 5586 tempus
2490 5516 2831 5571 visitationis
2877 5532 2996 5573 suae
3030 5520 3174 5575 (Luc.
3218 5531 3335 5577 nux.
3390 5518 3517 5581 4i);
3551 5523 3606 5569 et

1914 5605 2137 5671 urbem,
2170 5613 2224 5661 et
2257 5606 2654 5661 sanctuarium
2699 5604 2999 5677 dissipabit
3032 5606 3281 5678 populus
3314 5606 3609 5668 Romanus
