3956 6414
361 374 455 426 511
1241 369 1303 426 ν.
1347 368 1683 426 GUIBERTI
1724 365 2018 422 ABBATIS
2056 365 2116 420 S.
2158 365 2400 421 IARl/E
2437 363 2528 421 DE
2567 363 2955 422 NOVlGENTO
3768 369 3866 418 512

361 522 494 564 cum
551 507 698 563 duce
748 505 1119 577 Vespasiano,
1183 506 1354 577 cujus
1410 505 1490 561 rei
1552 503 1681 560 ﬁnis
1740 516 2050 574 perennem
2093 501 2135 556 Α
2167 500 2386 571 ignoro.
2446 502 2562 558 Hoc
2612 510 2799 557 tamen
2858 501 2995 569 scio,
3037 501 3178 572 quia
3229 501 3274 558 si
3325 501 3408 558 sic
3461 502 3728 558 eminens
3757 508 3863 568 est,

361 595 502 651 inibi
535 595 901 651 habitationis
931 595 1184 651 Judaicze
1213 597 1391 665 pariet
1412 598 1754 654 vastitatem.

429 687 500 740 Et
551 689 674 752 post
718 684 842 738 belli
888 687 1046 752 finem
1095 684 1261 753 (Dan.
1315 700 1389 750 ix,
1448 688 1562 756 26),
1620 686 1804 740 tixum
1842 680 2054 738 faciens

361 771 515 841 quod
547 771 714 836 dixit,
757 771 1074 841 ingeminat
1108 787 1121 826 :
1187 772 1605 829 Exterminium
1659 772 1804 827 idem
1838 775 2053 824 statuta

359 859 704 914 desolatione
761 859 1103 915 lirmabitur.
1171 860 1530 927 Conﬁrmabit
1597 866 1775 915 autem
1830 863 2054 928 pactum

359 948 546 1002 multis
603 948 937 1001 hebdomada
990 963 1101 1001 una
1150 963 1163 1001 :
1221 953 1271 1002 et
1317 951 1374 1002 in
1428 950 1657 1003 dimidio
1703 945 2052 1001 hebdomadis

360 1036 570 1104 deficiet
617 1038 793 1090 hostia
842 1041 892 1089 et
949 1037 1274 1103 sacri/icium
1325 1052 1338 1090 :
1414 1043 1465 1091 et
1546 1040 1605 1091 in
1681 1037 1874 1105 templo
1943 1036 2054 1089 erit

359 1125 687 1177 abominatio
733 1123 1099 1187 desolationis,
1145 1130 1194 1176 et
1242 1139 1410 1195 usque
1437 1125 1512 1180 ad
1545 1125 2054 1181 consummationem

359 1217 408 1264 et
447 1214 606 1279 ﬁnem
657 1210 1025 1280 perseverabit
1070 1211 1328 1267 desolatio
1390 1213 1576 1278 (lbid.,
1621 1213 1732 1280 27).
1784 1212 1921 1278 Quae
1969 1217 2054 1266 est

356 1299 508 1355 enim
541 1299 868 1365 hebdomas,
911 1313 1030 1368 qua
1057 1299 1360 1356 conﬁrmat
1411 1302 1606 1357 multis
1656 1309 1910 1372 pactum,
1943 1299 2052 1354 nisi

358 1388 513 1457 quod
545 1387 688 1442 alias
739 1387 972 1451 dicitur,
1036 1389 1280 1457 Tempus,
1313 1395 1362 1443 et
1407 1397 1649 1459 tempora
1678 1396 1728 1445 et
1761 1389 2054 1444 dimidium

358 1477 611 1544 temporis
673 1477 870 1544 (Apoc.
932 1489 1029 1540 xu,
1095 1476 1205 1544 14),
1267 1485 1382 1532 tres
1427 1478 1691 1534 videlicet
1777 1477 1936 1544 anni,
1997 1484 2052 1533 et

358 1563 634 1618 dimidius
693 1563 1114 1633 prmdicationis
1161 1565 1489 1633 Dominiczr,
1539 1574 1594 1622 et
1642 1574 1755 1621 tres
1795 1581 1928 1621 cum
1965 1565 2052 1620 di-

356 1652 532 1708 midio
569 1652 1006 1721 subsequentes,
1061 1652 1118 1708 in
1167 1654 1380 1722 quibus
1437 1655 1793 1724 potissimum
1835 1669 2055 1710 cuneus

356 1739 721 1810 apostolicus,
757 1754 891 1795 cum
940 1740 1097 1795 omni
1138 1739 1491 1810 discipulatu
1537 1742 1754 1813 pariter
1807 1756 1865 1799 se
1916 1756 2049 1798 cum
2092 1780 2130 1833 Β

355 1827 568 1885 Iudaeis
641 1827 902 1884 exercuit
973 1835 1028 1884 et
1102 1828 1316 1884 multos
1391 1831 1462 1885 ab
1531 1845 1726 1886 errore
1799 1830 2048 1887 diduxit.

355 1916 616 1984 Quorum
648 1924 840 1972 tamen
899 1915 1160 1972 omnium
1219 1916 1482 1974 doctrina
1528 1919 1661 1974 Jesu
1702 1919 1928 1974 Domini
1959 1933 2054 1974 se-

355 2005 670 2060 minarium
720 2003 848 2059 fuit.
896 2004 960 2059 In
1003 2004 1176 2075 cujus
1205 2005 1441 2062 dimidio
1491 2007 1862 2063 hebdomadis
1889 2007 2054 2064 sacri-

356 2093 550 2149 ﬁcium
603 2092 804 2148 defecit
858 2100 914 2148 et
974 2093 1179 2161 hostia,
1234 2098 1374 2164 quia
1429 2109 1683 2166 corpore,
1751 2096 1908 2167 quod
1970 2105 2053 2152 est

353 2181 632 2246 Christus,
704 2179 1001 2248 exhibitio,
1073 2181 1388 2237 vitulorum
1447 2191 1503 2239 et
1558 2191 1859 2240 taurorum
1915 2185 2049 2255 (jam

353 2268 500 2323 nihil
560 2267 772 2338 profuit
826 2268 1050 2324 umbra.
1129 2269 1194 2324 In
1254 2269 1464 2339 templo
1529 2271 1634 2328 luit
1701 2273 2052 2329 abominatio

353 2355 736 2422 desolationis,
771 2356 912 2426 quia
965 2357 1062 2413 ubi
1098 2358 1246 2413 Deus
1292 2373 1408 2414 non
1467 2367 1573 2427 est,
1627 2375 1815 2430 neque
1867 2361 2052 2417 ullum

355 2443 576 2500 bonum
619 2451 702 2499 est
747 2459 935 2511 omen,
991 2459 1181 2516 neque
1238 2447 1484 2502 habitari
1539 2448 1647 2504 dici
1699 2457 1898 2519 potest,
1952 2449 2051 2506 ubi

355 2531 554 2588 nullus
609 2540 710 2588 est.
759 2533 906 2600 Quia
948 2534 1104 2590 enim
1159 2535 1424 2592 diabolus
1479 2552 1594 2593 non
1652 2551 1785 2593 vere
1813 2546 1916 2604 est,
1949 2538 2054 2594 ubi

355 2634 494 2676 vera
549 2622 798 2678 essentia
845 2636 961 2677 non
1013 2629 1118 2690 est,
1179 2623 1389 2680 misera
1442 2624 1688 2681 solitudo
1719 2633 1803 2681 est
1837 2641 1850 2680 :
1884 2627 2047 2694 Ecce,

356 2709 566 2780 inquit,
590 2711 928 2780 relinquetur
954 2713 1104 2766 vobis
1129 2712 1318 2768 domus
1349 2719 1530 2768 vestra
1568 2715 1782 2770 deserta
1827 2716 2046 2786 (Matth.

355 2812 516 2863 mu,
551 2801 656 2868 38;
708 2801 837 2854 Luc.
888 2815 1007 2866 χιιι,
1067 2802 1175 2871 35).
1226 2801 1450 2857 Etenim
1511 2803 1721 2859 umbra
1763 2805 2050 2874 quomodo

355 2900 476 2942 esse
536 2895 753 2956 poterat
807 2887 1028 2959 absque
1087 2889 1368 2959 corpore?
1426 2889 1580 2961 Ergo
1626 2891 1708 2947 nil
1761 2891 1902 2947 inibi
1935 2907 2049 2948 non

355 2988 782 3044 supervacuum
812 2989 952 3032 erat.

2162 604 2276 644 non
2308 590 2458 646 alius
2506 605 2683 661 quam
2715 589 2978 647 Christus
3027 599 3128 646 est.
3160 590 3320 658 Quod
3374 590 3420 646 si
3461 591 3730 646 Christus
3759 597 3863 655 est,

2159 685 2215 733 et
2247 677 2294 733 is
2321 679 2544 735 occisus
2579 679 2708 734 talis
2758 679 3029 749 temporis
3057 678 3398 734 diflinitione
3428 679 3732 749 probatur,
3769 678 3867 733 cui

2161 768 2387 822 aversio
2443 768 2636 838 populi
2683 776 2858 838 atque
2907 769 3155 838 negatio,
3197 768 3444 823 civitatis
3491 767 3745 838 denique
3800 782 3871 822 ac

2161 856 2475 912 sanctuarii
2535 855 2831 926 dissipatio
2902 856 2972 911 ad
3034 856 3322 926 integrum
3402 856 3672 926 congruit
3727 871 3872 911 cum

2161 944 2305 1000 duce
2355 945 2608 1014 praefato.
2670 945 2822 1000 Pacti
2887 959 3139 1014 quoque,
3196 944 3350 1013 quod
3401 959 3515 999 non
3570 952 3651 1000 est
3697 943 3872 998 aliud

2160 1047 2336 1103 quam
2388 1034 2706 1104 promissio,
2758 1034 2920 1104 regni
2981 1032 3222 1088 caelestis
3255 1032 3633 1089 conﬁrmatio.
3668 1035 3868 1100 Agite,

2160 1120 2257 1188 ait,
2281 1124 2668 1190 penitentiam,
2697 1121 3168 1190 appropinquabit
3205 1120 3331 1191 (aL,
3364 1121 3868 1190 appropinquavit]

2160 1214 2298 1263 enim
2354 1226 2577 1275 regnum
2624 1211 2872 1264 crrlorum
2931 1209 3140 1276 (Matth.
3177 1223 3258 1274 ιιι,
3293 1210 3364 1277 2).
3417 1211 3486 1264 Et
3534 1212 3591 1262 in
3621 1209 3867 1262 dimidio

2161 1297 2529 1363 hebdomadis,
2633 1312 2766 1353 cum
2867 1297 3128 1353 Christus
3231 1312 3289 1352 se
3390 1297 3540 1352 Patri
3623 1297 3865 1362 obtulit,

2161 1385 2360 1441 hostia:
2409 1385 2790 1456 sacriﬁciique
2839 1386 3097 1452 deiectio,
3156 1385 3228 1441 ad
3294 1385 3558 1441 ultimum
3619 1384 3729 1439 loci
3787 1384 3869 1438 ab

2163 1472 2582 1528 habitatoribus
2655 1473 2949 1542 tripliciter
3032 1475 3270 1544 repetita
3337 1473 3648 1528 damnatio.
3704 1472 3866 1538 Quid

2161 1559 2376 1626 dicetis,
2437 1560 2538 1630 qui
2594 1561 2880 1615 neminem
2935 1559 3027 1615 cui
3076 1561 3379 1616 conveniat
3437 1560 3542 1615 nisi
3577 1560 3733 1615 hunc
3767 1560 3864 1614 in-

2163 1647 2309 1702 ferre
2364 1649 2639 1717 potestis?
2695 1648 2811 1703 Aut
2855 1663 2990 1716 ergo
3055 1659 3272 1703 vestras
3336 1648 3474 1704 mihi
3532 1649 3871 1718 Scripturas

2161 1737 2449 1805 exponite,
2502 1745 2566 1792 ut
2616 1750 2651 1791 a
2698 1743 3016 1806 przetaxata
3067 1737 3210 1793 serie
3279 1737 3608 1807 explanatio
3663 1745 3872 1792 vestra

2163 1839 2277 1879 non
2337 1824 2634 1895 discrepet,
2693 1832 2795 1881 aut
2864 1824 3177 1881 intellectui
3223 1824 3544 1883 Christiano
3615 1825 3868 1896 acquie-

2160 1912 2316 1978 scite,
2351 1927 2384 1968 a
2409 1929 2524 1984 quo
2558 1914 2886 1984 prophetica
2915 1913 3154 1969 intentio
3179 1929 3292 1970 non
3325 1915 3612 1970 abhorret.

2232 1999 2287 2055 Si
2319 2001 2418 2056 tibi
2452 2001 2646 2056 minus
2677 2001 2975 2070 perspicua
3029 2001 3151 2057 haac
3189 2009 3344 2069 sunt,
3392 2002 3583 2072 accipe
3628 2001 3873 2058 eviden-

2159 2089 2276 2146 tius
2303 2090 2578 2160 quiddam
2614 2104 2627 2144 :
2663 2091 3031 2159 Aspiciebam,
3072 2091 3153 2147 ait
3185 2091 3354 2157 idem,
3387 2094 3446 2145 in
3498 2094 3618 2145 visu
3655 2095 3868 2160 noctis,

2158 2184 2209 2232 et
2238 2195 2349 2231 ecce
2375 2181 2432 2232 in
2479 2178 2712 2231 nubibus
2758 2179 2882 2232 caeli
2910 2181 3073 2247 quasi
3099 2179 3258 2248 ﬁlius
3308 2181 3537 2234 hominis
3586 2181 3865 2247 veniebat,

2159 2273 2209 2321 et
2233 2283 2400 2336 usque
2430 2267 2504 2320 ad
2545 2269 2849 2338 Antiquum
2897 2267 3108 2322 dierum
3137 2271 3403 2337 pervenit,
3438 2276 3490 2323 et
3547 2271 3604 2321 in
3643 2285 3870 2337 conspe-

2159 2361 2246 2411 ctu
2297 2355 2413 2424 ejus
2469 2356 2774 2410 obtulerunt
2812 2371 2971 2410 eum:
3019 2361 3069 2410 et
3119 2356 3268 2410 dedit
3317 2359 3368 2410 ei
3411 2361 3751 2426 potestatem,
3811 2362 3863 2410 ct

2162 2445 2434 2511 honorem,
2503 2449 2552 2497 et
2617 2460 2863 2511 regnum,
2931 2449 2981 2498 et
3045 2461 3221 2500 omnes
3284 2445 3497 2515 populi,
3561 2446 3762 2511 tribus,
3812 2451 3864 2498 et

2157 2533 2361 2603 linguae
2426 2535 2657 2587 servient
2733 2535 2784 2587 ei
2851 2534 3002 2604 (Dan.
3068 2549 3162 2601 vu,
3216 2536 3301 2598 13,
3370 2536 3474 2600 ti).
3528 2534 3860 2604 Antiquum

2157 2623 2382 2678 dierum
2411 2622 2567 2678 haud
2599 2621 2840 2679 dubium
2874 2623 3017 2694 quin
3046 2623 3235 2694 ipsum
3267 2624 3446 2680 Deum
3483 2624 3858 2694 intelligatis;

2158 2711 2255 2768 sed
2284 2715 2417 2782 quis
2445 2720 2529 2768 est
2580 2710 2735 2768 ﬁlius
2793 2712 3058 2780 hominis,
3103 2713 3205 2783 qui
3238 2714 3497 2783 pervenit
3525 2713 3596 2768 ad
3641 2713 3863 2768 illum?

2156 2800 2433 2870 Nunquid
2487 2801 2915 2870 comparabitur
2940 2800 2952 2858 ξ
2963 2801 3133 2857 homo
3165 2802 3386 2858 Factori
3415 2801 3566 2858 suo?
3593 2801 3862 2858 Potestas

2157 2889 2333 2955 enim,
2391 2887 2576 2944 honor
2628 2897 2684 2945 et
2727 2903 2971 2959 regnum
3033 2890 3089 2946 in
3137 2891 3453 2946 aiternitate
3501 2890 3598 2946 illa
3637 2891 3860 2946 nemini

2157 2977 2350 3042 datur,
2383 2975 2492 3032 nisi
2525 2977 2596 3043 ei,
2630 2977 2731 3047 qui
2781 2977 2928 3032 Deus
2962 2976 3263 3033 habeatur.
3307 2977 3529 3048 Populi,
3565 2979 3774 3046 tribus,
3806 2989 3862 3036 et

422 3063 494 3118 Et
551 3070 614 3118 ut
671 3073 822 3119 certo
889 3065 1102 3121 certius
1177 3074 1503 3124 teneremus
1567 3067 1723 3138 quod
1784 3068 1938 3125 mille
1995 3077 2050 3126 et
2089 3063 2374 3134 clinguae
2421 3063 2493 3119 ibi
2556 3063 2698 3120 nulli
2751 3063 3032 3132 serviunt,
3087 3063 3196 3120 nisi
3245 3079 3415 3133 quem
3449 3067 3862 3122 transcendere

353 3150 602 3220 amplius
651 3152 816 3208 annis
859 3151 980 3223 jam
1026 3155 1338 3224 perstitisse
1393 3155 1676 3224 videmus,
1722 3159 1886 3213 tertio
1919 3173 2046 3214 sen-

353 3239 590 3295 tentiam
639 3240 1004 3298 desolationis
1052 3241 1324 3300 inculcat.
1385 3245 1786 3313 Perseverabit,
1838 3246 2048 3316 inquit,

352 3326 609 3382 desolatio
667 3332 824 3394 (Dan.
879 3345 956 3397 ix,
1002 3331 1114 3401 27),
1182 3331 1322 3388 dum
1387 3340 1443 3388 et
1519 3335 1939 3389 consummatio
1995 3342 2050 3390 et

355 3415 484 3471 finis
511 3416 772 3473 videlicet
793 3417 1138 3475 saeculorum
1169 3419 1458 3476 deveniat.
1508 3421 1706 3488 Dicite,
1741 3422 2048 3492 profanum

351 3511 408 3559 et
434 3504 699 3574 pertinax
727 3505 960 3575 vulgus,
977 3506 1213 3562 cuinam
1235 3507 1339 3563 ista
1360 3507 1697 3578 judicabitis
1723 3510 2050 3580 pertinere?

354 3591 613 3646 Forsitan
645 3591 717 3646 ad
747 3592 1087 3661 Hircauum,
1129 3609 1301 3664 quem
1331 3604 1658 3652 extremum
1691 3613 1822 3654 cum
1871 3599 2051 3668 ponti-

352 3677 457 3734 ﬁco
489 3679 574 3750 [f.,
611 3680 895 3749 pontiﬁce,
925 3683 1008 3736 vel
1037 3683 1344 3755 pontificio]
1369 3699 1555 3754 regem
1583 3686 1917 3742 habueritis.
1941 3687 2048 3744 Sed

351 3765 492 3836 quid
523 3765 630 3822 ista
661 3766 734 3822 ad
767 3767 928 3824 illum
951 3767 980 3823 ‘l
1012 3770 1280 3841 nunquid
1331 3772 1601 3842 populus,
1633 3775 1735 3844 qui
1758 3775 1885 3844 ejus
1903 3783 2045 3844 erat,

351 3853 618 3924 negavit?
647 3855 913 3926 nunquid
963 3872 1080 3914 non
1114 3859 1312 3928 parchi
1342 3861 1471 3932 ejus
1499 3861 1891 3930 desecuerant,
1932 3879 2048 3919 non

351 3942 521 4012 ferro,
565 3945 661 4000 sed
706 3945 976 4002 dentibus
1022 3961 1213 4015 aures,
1268 3957 1332 4006 ut
1373 3951 1690 4008 sacerdotio
1738 3953 2048 4009 damnare-

353 4033 501 4088 tur?
563 4033 764 4104 Neque
835 4035 988 4091 enim
1043 4050 1078 4091 a
1129 4037 1337 4107 populo
1388 4047 1490 4095 aut
1540 4041 1678 4106 vita,
1730 4049 1831 4097 ant
1875 4057 2049 4113 regno

353 4121 616 4191 privatus
665 4131 766 4178 est.
823 4123 1004 4179 Velim
1059 4124 1292 4194 planea
1350 4127 1513 4182 vobis
1571 4144 1750 4196 nosse,
1807 4145 1938 4200 quae
1976 4131 2050 4186 sit

353 4216 476 4278 post
505 4209 995 4266 abbrevnatiouem
1044 4214 1412 4284 septuaginta
1455 4215 1879 4274 hebdomadum
1920 4234 2051 4275 con-

349 4298 658 4353 summatio
735 4300 1227 4368 praevaricationis
1276 4310 1332 4358 et
1392 4306 1626 4372 peccati,
1699 4306 1852 4362 unde
1909 4286 2050 4362 tunc

2158 3151 2330 3207 totius
2377 3151 2517 3222 jura
2566 3151 2944 3208 humanitatis
2995 3152 3207 3207 sciunt.
3244 3152 3373 3207 Ideo
3423 3152 3580 3210 hunc
3628 3153 3687 3208 in
3726 3170 3862 3210 con-

2154 3249 2354 3310 spectu
2385 3240 2481 3295 Dei
2515 3238 2786 3306 oﬁ‘erunt,
2820 3241 2960 3310 quia
3006 3255 3139 3296 eum
3179 3241 3398 3311 quique
3429 3240 3621 3297 ﬁdeles
3667 3243 3861 3300 solum

2155 3329 2309 3384 Patri
2401 3327 2864 3398 conspicabilem,
2944 3328 3095 3383 Patri
3179 3329 3500 3398 specialiter
3576 3329 3862 3400 placitum

2155 3416 2419 3472 credunt.
2475 3418 2633 3471 Nemo
2683 3420 2826 3470 enim
2875 3419 3025 3470 novit
3053 3418 3253 3471 Filium
3279 3419 3390 3471 nisi
3443 3419 3631 3482 Pater,
3684 3436 3862 3488 neque

2153 3506 2371 3559 Patrem
2427 3507 2550 3574 quis
2594 3507 2706 3559 nisi
2755 3505 2956 3570 Filius,
2996 3510 3046 3560 et
3075 3507 3164 3559 cui
3218 3506 3447 3560 voluerit
3478 3507 3666 3575 {Filius
3711 3524 3862 3562 rere.

2153 3594 2308 3648 lare?
2341 3595 2559 3662 (Matth.
2597 3609 2674 3660 ιχ,
2724 3595 2842 3664 2‘7.)
2893 3594 3017 3664 Ipse
3045 3596 3216 3650 etiam
3261 3594 3565 3665 subjungit
3598 3595 3853 3656 ibidem:

2155 3683 2350 3738 Omnia
2397 3684 2536 3736 mihi
2585 3683 2796 3738 tradita
2850 3685 2979 3738 sunt
3012 3699 3048 3736 a
3095 3685 3258 3738 Patre
3318 3699 3432 3738 meo
3484 3684 3677 3755 (lbid.)
3735 3686 3855 3742 Et:

2158 3774 2302 3827 Data
2355 3777 2433 3826 est
2487 3773 2628 3826 mihi
2679 3774 2854 3827 omnis
2907 3776 3144 3841 potestas
3203 3774 3262 3826 in
3317 3773 3441 3827 caslo
3492 3779 3540 3826 et
3587 3776 3646 3828 in
3707 3779 3860 3829 terra

2156 3859 2378 3929 (Matth.
2430 3875 2627 3929 xxvnt,
2708 3863 2816 3930 18).
2904 3860 2994 3919 Sic
3056 3860 3316 3931 pervenit
3381 3861 3452 3916 ad
3529 3862 3858 3933 Antiquum

2153 3948 2404 4014 dierum,
2436 3948 2578 4018 quia
2607 3948 2708 4018 qui
2731 3947 2790 4003 in
2817 3947 2930 4005 sole
2960 3957 3223 4018 posuerat
3253 3948 3714 4018 tabernaculum,
3753 3951 3859 4022 qui

2156 4043 2435 4107 tanquam
2487 4051 2732 4106 sponsus
2778 4037 2847 4092 de
2902 4036 3152 4092 thalamo
3203 4051 3308 4092 suo
3345 4052 3610 4108 egressus
3643 4038 3857 4106 fuerat,

2155 4125 2257 4196 qui
2311 4124 2619 4196 plusquam
2679 4126 2867 4193 homo,
2956 4126 3079 4181 ideo
3129 4126 3310 4196 gigas,
3371 4127 3442 4181 ad
3503 4127 3856 4183 currendam

2153 4213 2547 4270 exsultaverat
2595 4211 2772 4282 viam,
2828 4213 2999 4285 cujus
3052 4229 3318 4284 egressus
3372 4229 3660 4273 asummo
3711 4219 3858 4274 coelo

2154 4300 2394 4368 exstitit,
2453 4317 2730 4359 occursus
2785 4318 3022 4373 quoque
3088 4303 3160 4358 ad
3210 4318 3506 4360 summum
3577 4306 3723 4376 ejus,
3783 4308 3856 4363 ad

352 4384 503 4452 ﬁnis,
538 4400 670 4456 quae
727 4385 1048 4456 iniquitatis
1097 4387 1352 4457 delectio,
1403 4391 1536 4461 quis
1577 4400 1714 4448 tune
1737 4393 2047 4450 adduxerit
2083 4400 2126 4455 Ι)
2159 4391 2381 4446 Patrem
2416 4390 2677 4447 videlicet
2710 4390 2817 4447 fuit
2843 4391 3190 4462 (Psal.xv1u,
3223 4395 3301 4460 5).

344 4473 628 4544 justitiam
711 4476 1138 4545 sempiternam.
1225 4477 1504 4547 Conferte,
1580 4481 1902 4548 mendaces,
1989 4489 2044 4538 et

350 4570 500 4617 eirte
549 4577 923 4633 nequaquam
975 4564 1225 4634 reperire
1301 4568 1574 4636 poteritis,
1623 4568 1779 4639 quod
1821 4569 2044 4640 aliquid

351 4649 559 4707 horum
592 4650 673 4708 illi
707 4651 823 4708 ullo
851 4652 1018 4709 modo
1065 4654 1303 4725 tempori
1335 4657 1522 4712 valeat
1567 4659 1890 4713 convenire.
1924 4656 2044 4714 lmo

349 4737 459 4794 sub
511 4739 679 4794 novis
716 4740 948 4810 regibus
997 4740 1278 4798 bellorum
1348 4758 1415 4800 ac
1462 4745 1706 4800 czedium
1770 4746 2041 4816 plurima,

347 4827 667 4884 secundum
702 4828 988 4896 historias,
1024 4841 1390 4888 excrementa
1411 4834 1659 4888 saevisse.

419 4915 498 4971 De
533 4915 747 4972 visione
797 4925 853 4974 et
907 4919 1188 4991 propheta
1214 4920 1356 4990 quid
1385 4921 1635 4976 sentiant
1662 4921 1857 4990 miror,
1904 4923 2045 4994 quia

348 5001 492 5056 nihil
547 5004 680 5058 novi
733 5005 1053 5061 secundum
1106 5008 1265 5076 quod
1316 5007 1652 5076 opinantur,
1708 5015 1855 5065 ei!
1931 5011 2043 5067 illis

347 5089 551 5146 diebus
601 5091 891 5148 acciderit.
947 5094 1018 5150 Et
1071 5109 1204 5151 cum
1236 5109 1524 5151 annorum
1554 5097 1693 5153 adeo
1746 5093 2044 5156 evidenter

350 5177 622 5247 prietixus
647 5179 717 5236 sit
746 5181 1047 5250 terminus,
1099 5189 1162 5238 ut
1194 5188 1515 5253 temporum
1544 5185 1745 5242 notitia
1773 5188 2042 5244 vacillare

347 5280 462 5321 non
545 5268 739 5337 possit,
804 5277 861 5324 et
949 5268 1057 5339 ipsi
1141 5285 1258 5325 non
1329 5271 1549 5342 aliquid
1618 5275 2039 5345 propheticum,

345 5353 622 5410 visionive
659 5356 1030 5423 conveniens,
1080 5371 1146 5413 eo
1195 5357 1298 5414 loci
1352 5367 1490 5416 tunc
1531 5362 1788 5418 evenisse
1834 5372 2044 5420 testen-

343 5447 440 5498 tur
491 5457 505 5497 :
563 5457 697 5514 quze
749 5445 860 5499 erit
916 5443 1088 5513 illius,
1162 5460 1379 5517 quaeso,
1441 5449 1632 5506 Sancti
1705 5459 2042 5508 sanctorum

343 5530 582 5588 unctio?
659 5531 716 5588 Si
791 5530 1036 5588 Sanctus
1107 5542 1437 5592 sanctorum
1523 5545 1626 5606 est,
1705 5547 2036 5596 sanctorum

343 5617 604 5675 omnium
654 5618 982 5690 praecipuus
1027 5629 1140 5689 est;
1190 5639 1364 5694 quem
1419 5640 1522 5681 vos
1579 5627 1736 5683 hunc
1785 5628 2043 5685 sentiatis

2222 4485 2275 4537 ls
2307 4499 2404 4552 per
2424 4487 2600 4538 visum
2631 4485 2800 4538 noctis
2829 4485 2990 4552 quasi
3027 4483 3207 4538 Filius
3255 4484 3488 4540 hominis
3518 4485 3768 4540 veniebat
3797 4490 3856 4541 in

2151 4571 2385 4626 nubibus
2435 4575 2592 4641 (Dan.
2644 4587 2741 4638 vn,
2800 4574 2906 4640 13).
2951 4571 3097 4635 Quia
3135 4573 3378 4628 obscure
3435 4573 3668 4629 omnino
3718 4590 3856 4630 ven-

2154 4668 2322 4715 turus
2389 4660 2812 4729 praedicabatur
2894 4659 2951 4714 iu
3040 4661 3382 4730 propheticis
3464 4659 3853 4718 locationibus

2153 4747 2321 4818 quasi
2354 4748 2523 4804 homo
2556 4763 2778 4818 purus;
2814 4747 2900 4804 vel
2934 4749 3104 4819 quasi
3155 4747 3307 4804 ﬁlius
3333 4749 3601 4815 hominis,
3637 4750 3743 4806 hoc
3767 4761 3850 4807 est

2151 4850 2353 4892 revera
2410 4835 2566 4892 ﬁlius
2624 4835 2911 4906 hominis;
2957 4836 3113 4907 quod
3167 4852 3281 4892 non
3331 4847 3415 4893 est
3473 4838 3633 4894 aliud
3668 4853 3845 4908 quam

2153 4924 2426 4996 Virginis.
2494 4925 2566 4982 Ut
2632 4933 2716 4982 est
2791 4925 2971 4982 illud:
3029 4928 3202 4992 Quasi
3263 4927 3537 4993 Unigeniti
3597 4943 3631 4981 a
3685 4929 3848 4982 Patre

2151 5012 2333 5081 (Joan.
2391 5027 2425 5077 ι,
2507 5013 2612 5081 14).
2694 5013 3026 5084 Sequitur:
3094 5015 3334 5068 Potestas
3413 5014 3532 5082 ejus
3610 5019 3846 5084 potestas

2148 5107 2369 5168 zterna,
2404 5117 2524 5170 qua
2549 5117 2655 5155 non
2679 5104 2978 5170 auferetur,
3013 5105 3064 5155 et
3092 5117 3319 5170 regnum
3373 5102 3510 5172 ejus,
3558 5103 3704 5172 quod
3741 5119 3848 5158 non

2149 5195 2522 5259 corrumpetur
2568 5193 2728 5256 (Dan.
2788 5204 2888 5257 vn,
2944 5192 3048 5257 14).
3107 5190 3162 5246 Si
3223 5189 3378 5246 ﬁlius
3434 5190 3685 5248 hominis
3738 5202 3843 5260 est,

2147 5285 2204 5334 et
2241 5285 2488 5348 potestas
2531 5279 2659 5348 ejus
2705 5285 2952 5348 potestas
3010 5286 3247 5346 aeterna,
3290 5278 3617 5347 immobilis,
3651 5279 3845 5337 incor-

2149 5365 2559 5436 ruptibilisque
2587 5374 2688 5432 est,
2729 5379 2866 5436 ergo
2917 5366 3069 5422 Deus
3111 5374 3167 5423 et
3214 5366 3387 5424 homo
3429 5374 3530 5424 est.
3582 5367 3712 5438 Ipse
3761 5378 3843 5426 est

2148 5452 2317 5509 homo
2383 5454 2504 5509 sine
2576 5454 2862 5524 adjutorio
2921 5453 3070 5510 inter
3133 5462 3390 5518 mortuos
3454 5453 3602 5512 liber
3676 5458 3836 5527 (Psal.

2149 5555 2404 5607 Lxxxvu,
2438 5543 2510 5606 6).

2223 5629 2362 5694 Quis
2385 5636 2471 5684 est
2499 5627 2670 5683 etiam
2699 5629 2855 5699 apud
2885 5629 3045 5685 hunc
3093 5629 3282 5700 ipsum
3328 5629 3668 5700 prophetam
3701 5632 3840 5704 lapis
