3956 6414
122 416 225 468 513

869 409 1121 469 TRACT.
1164 412 1256 471 DE
1299 410 1821 468 INCARNATIONE
1860 409 2142 468 CONTRA
2182 410 2481 469 JUDIEOS.
2507 411 2726 467 —LIB.
2769 411 2864 466 III.

3535 412 3638 465 514

124 551 215 607 ille
280 549 539 606 abscisus
588 548 657 604 de
714 557 905 607 monte
955 549 1077 605 sine
1128 548 1420 615 manibus,
1488 548 1588 619 qui
1654 555 1822 605 terrae
1858 552 2047 618 Apies
2086 565 2188 613 me,
2241 549 2340 617 ait,
2391 549 2456 603 de
2505 549 3027 604 contradictionibus
3078 549 3291 619 populi,
3345 551 3637 604 constitues

121 639 319 694 omnia
359 653 540 710 regna
584 638 965 713 comminuit?
1003 637 1162 709 (Dan.
1206 655 1264 706 ιι,
1329 640 1416 705 34,
1470 638 1582 708 35.)
1633 652 1823 693 nonne

122 727 182 782 in
214 727 619 799 sequentibus
673 741 804 782 cum
858 726 1213 796 explanaret,
1284 726 1590 797 adjungit?
1641 727 1822 782 Susci-

123 815 263 869 tabit
338 816 483 869 Deus
551 816 670 869 caeli
735 831 963 883 regnum
1036 817 1183 887 quod
1257 819 1314 871 in
1395 821 1653 871 atomum
1716 830 1825 869 non

119 903 508 973 dissipabitur,
542 909 593 959 et
634 920 860 972 regnum
891 906 1007 974 ejus
1049 907 1251 975 populo
1299 906 1463 959 alteri
1500 920 1606 960 non
1640 904 1823 959 trade-

120 995 231 1045 tur.
284 992 615 1047 Comminuet
660 996 712 1045 et
752 993 1061 1060 confringet
1101 995 1357 1047 universa
1398 992 1506 1047 haec
1543 1005 1733 1062 regna,
1775 994 1826 1044 et

118 1081 303 1148 ipsum
331 1080 499 1135 stabit
530 1082 588 1134 in
618 1085 879 1135 zternum
910 1080 1111 1149 (Ibid,
1154 1082 1263 1149 44).
1309 1081 1364 1137 Si
1406 1094 1603 1136 omnes
1640 1077 1822 1135 homi-

118 1182 223 1223 nes
279 1168 548 1225 mortales
615 1183 731 1224 non
786 1183 985 1240 negas,
1044 1177 1098 1225 et
1157 1169 1350 1225 omnia
1418 1184 1550 1239 quae
1616 1182 1825 1237 corpus

117 1256 337 1313 habent
375 1256 703 1329 transitoria
747 1258 948 1324 credis,
989 1272 1122 1329 quae
1158 1258 1266 1314 erit
1307 1257 1409 1314 ulli
1449 1256 1613 1327 regni
1653 1263 1824 1312 aeter-

117 1343 310 1399 nitas?
368 1326 616 1400 {numne
684 1344 933 1414 lapidem
991 1326 1265 1400 stolidum
1334 1326 1556 1415 aliquid
1617 1340 1824 1412 putas?

115 1430 283 1498 Quod
315 1431 361 1488 si
403 1446 569 1488 mons
609 1446 860 1503 magnus
909 1432 1096 1488 factus
1134 1440 1237 1500 est,
1292 1432 1433 1488 adeo
1473 1440 1536 1488 ut
1567 1430 1824 1502 impleret

115 1519 457 1576 universam
505 1528 742 1587 terram,
790 1520 891 1577 ubi
937 1535 1076 1592 ergo
1133 1521 1583 1577 commanebunt
1644 1520 1824 1576 homi-

114 1608 261 1663 nes?
300 1610 461 1664 vides
507 1616 562 1664 et
599 1609 755 1679 rejici
806 1609 878 1665 ab
923 1609 1180 1677 historia,
1229 1618 1283 1665 et
1332 1617 1534 1680 typum
1575 1609 1822 1679 apertis-

113 1696 261 1752 sime
292 1696 589 1767 parturiri.
621 1698 828 1768 Accipe
857 1698 1051 1768 itaque
1091 1698 1230 1769 quia
1268 1696 1420 1754 lalias
1460 1712 1573 1753 non
1614 1697 1825 1767 poteris

114 1787 332 1843 Christi
407 1801 637 1851 nomen,
725 1786 866 1857 quia
929 1788 1118 1857 ipsum
1189 1796 1292 1855 est,
1370 1786 1526 1857 quod
1597 1787 1822 1855 penitus

114 1874 413 1931 obliterari
444 1889 558 1931 non
591 1875 804 1931 valebit
848 1890 950 1946 per
976 1883 1276 1934 externam
1308 1874 1664 1945 religionem.
1696 1874 1822 1944 Ipse

114 1964 242 2020 sine
300 1963 574 2019 manibus
640 1963 921 2027 abscisus,
987 1963 1165 2018 nullis
1231 1963 1491 2020 venereis
1554 1962 1825 2031 operibus

115 2059 477 2122 procreatus.
511 2052 713 2123 Regna
742 2051 1102 2119 comminuit,
1145 2050 1419 2121 quoniam
1461 2051 1579 2120 ipse
1606 2059 1689 2105 est
1721 2050 1825 2120 qui

113 2142 178 2195 in
246 2140 516 2197 omnibus
591 2140 861 2210 gentibus
935 2139 1311 2196 haereditavit.
1382 2140 1644 2209 Regnum
1708 2153 1824 2195 non

112 2229 455 2300 dissipatur,
487 2243 593 2285 nec
620 2228 784 2284 alteri
830 2229 1042 2299 populo
1086 2229 1356 2296 traditur,
1399 2228 1539 2299 quia
1576 2227 1819 2298 iustitia,

113 2332 253 2388 quae
306 2331 408 2388 per
455 2317 731 2373 Sanctum
773 2324 1106 2379 sanctorum
1150 2316 1418 2383 infertur,
1461 2316 1822 2387 sempiterni-

114 2412 235 2461 tate
287 2405 570 2461 ﬁrmatur.
615 2405 731 2461 Nec
781 2404 970 2461 aliena
1008 2404 1223 2460 scilicet
1264 2405 1540 2460 haereseos
1577 2404 1826 2475 alicujus

114 2493 428 2550 traditione
461 2492 875 2563 corrumpitur,
925 2492 1082 2563 quod
1113 2494 1273 2549 alteri
1322 2492 1532 2563 populo
1573 2494 1824 2548 tradere-

112 2590 233 2647 tur,
278 2583 378 2653 qui
420 2581 862 2652 superveniente
901 2581 1144 2652 perﬁdia
1192 2589 1537 2637 mutaretur.
1598 2584 1825 2636 Domum

112 2672 273 2727 enim
307 2673 525 2726 Domini
554 2671 701 2726 decet
740 2670 1052 2726 sanctitudo
1080 2672 1137 2724 in
1178 2670 1573 2739 longitudinem
1612 2670 1825 2725 dierum

115 2758 289 2830 (Psal.
321 2773 455 2828 xcu,
490 2759 563 2831 5).

190 2847 419 2917 Videtis,
461 2862 494 2903 o
536 2846 770 2918 ingenia
800 2846 959 2903 omni
1002 2847 1246 2903 tortiora
1282 2846 1443 2914 falce,
1482 2846 1571 2903 his
1624 2846 1824 2917 paucis

114 2936 459 2993 testimoniis
505 2936 855 2992 evidentiam
913 2934 1043 2991 ﬁdei
1092 2936 1451 3003 Christianae,
1519 2949 1650 3006 qua
1706 2950 1823 2991 non

116 3025 248 3081 ideo
282 3032 418 3081 sunt
461 3038 665 3094 pauca,
704 3032 769 3080 ut
817 3024 876 3081 in
919 3024 1122 3081 vestris
1152 3023 1548 3080 voluminibus
1578 3024 1826 3080 habean-

1935 654 2016 693 me
2044 641 2105 691 in
2137 644 2302 708 caput
2333 641 2592 707 gentium.
2647 638 2881 708 Populus
2912 654 3067 708 quem
3118 654 3223 692 non
3270 641 3496 705 cognovi
3521 653 3635 692 ser-

1931 726 2070 781 vivit
2095 729 2233 781 mihi
2259 736 2314 782 et
2346 727 2569 797 reliqua
2610 742 2795 796 usque
2825 730 2960 781 vivit
2992 728 3255 781 Dominus
3286 726 3461 796 (Psal.
3490 741 3632 794 xvu,

1934 816 2023 883 44,
2091 815 2223 887 46);
2287 823 2438 871 certe
2482 823 2536 871 et
2594 818 2636 870 si
2699 815 3178 871 contradictiones
3231 815 3454 881 habuit,
3516 828 3634 870 non

1934 905 2123 975 populi
2180 904 2275 961 sed
2327 904 2425 959 ﬁlii
2486 904 2734 960 Absalon
2792 918 2882 960 res
2931 918 3113 960 novas
3168 903 3472 960 molientis.
3526 902 3634 959 Sed

1932 1001 2050 1048 esto
2080 992 2177 1049 ubi
2225 993 2573 1049 constitutus
2602 999 2686 1049 est
2716 991 2775 1047 in
2818 999 2990 1061 caput
3022 991 3325 1063 gentium?
3371 992 3497 1048 Non
3548 991 3634 1047 di-

1933 1095 2060 1136 cam
2090 1094 2227 1136 sane
2268 1080 2545 1151 gentium.
2589 1079 2683 1135 sed
2717 1093 2820 1133 nec
2858 1078 3038 1137 unius
3076 1078 3280 1149 gentis.
3318 1080 3404 1133 An
3436 1078 3636 1135 dicetis

1932 1168 2091 1242 quod
2120 1182 2253 1223 cum
2284 1167 2355 1222 ad
2390 1167 2716 1223 Abimelech
2759 1165 3234 1221 Philisthinorum
3263 1179 3454 1236 regem
3483 1165 3633 1227 Sau-

1932 1257 2001 1312 lis
2052 1256 2290 1313 timidus
2333 1254 2718 1323 concessisset,
2774 1253 2846 1310 sit
2902 1260 3077 1323 caput
3106 1252 3367 1323 gentium
3410 1253 3635 1310 institu-

1933 1345 2064 1403 tus?
2095 1344 2198 1402 Sed
2232 1359 2336 1400 nec
2363 1358 2562 1401 eorum
2607 1343 2841 1399 decimae
2885 1341 3080 1412 partis.
3122 1338 3263 1407 Quis
3297 1340 3406 1397 fuit
3448 1354 3633 1412 popu-

1932 1435 2024 1491 lus
2047 1448 2219 1506 quem
2250 1447 2364 1490 non
2401 1431 2708 1505 cognovit?
2738 1431 2898 1489 Certe
2937 1429 3313 1497 Philisthazos,
3355 1437 3411 1486 et
3438 1433 3633 1486 omnia

1932 1536 2132 1579 eorum
2176 1521 2296 1592 ipse
2342 1528 2709 1593 cognoverat.
2754 1521 2818 1576 Et
2858 1519 3012 1575 unde
3052 1525 3215 1574 tanta
3257 1532 3459 1574 eorum
3504 1517 3636 1574 obe-

1934 1610 2148 1666 dientia
2188 1609 2647 1675 commendatur,
2690 1615 2754 1664 ut
2792 1607 2853 1663 in
2893 1606 3098 1662 auditu
3142 1606 3302 1662 auris
3349 1606 3635 1676 obtempe-

1935 1713 2089 1754 rasse
2132 1697 2437 1753 dicantur?
2490 1711 2682 1753 nonne
2731 1696 3063 1752 Abimelech
3115 1703 3316 1750 contra
3360 1695 3631 1751 Israelem

1938 1794 2268 1858 pugnaturo
2315 1785 2590 1841 dixerunt
2628 1793 2874 1855 satrapae
2926 1784 3051 1855 ejus
3102 1783 3174 1838 ad
3220 1784 3404 1852 ipsum
3443 1798 3456 1837 :
3507 1783 3633 1840 Non

1932 1874 2260 1945 egredietur
2299 1874 2480 1929 David
2520 1873 2843 1941 nobiscum,
2896 1887 3010 1928 non
3059 1872 3210 1927 enim
3251 1871 3458 1927 melius
3504 1871 3634 1940 pla-

1932 1978 2064 2020 care
2109 1967 2309 2034 poterit
2353 1967 2636 2019 Dominum
2686 1978 2864 2030 suum,
2911 1978 3076 2033 quam
3123 1965 3181 2015 in
3224 1962 3497 2032 capitibus
3542 1977 3635 2016 no-

1931 2053 2107 2109 stris?
2148 2056 2198 2121 (I
2242 2056 2369 2121 Reg.
2402 2068 2558 2118 χχιχ,
2606 2052 2679 2124 4).
2721 2051 2845 2108 Νοιι
2884 2056 3024 2107 sunt
3064 2051 3187 2107 haec
3221 2051 3400 2107 verba
3447 2064 3633 2106 mem-

1932 2142 2171 2197 brorum
2202 2141 2271 2197 de
2300 2142 2501 2211 capite.
2541 2138 2675 2194 Filii
2703 2141 2873 2194 alieni
2896 2141 3111 2193 mentiti
3130 2144 3257 2193 sunt
3284 2140 3424 2193 mihi
3460 2138 3630 2210 (Psal.

1930 2246 2071 2297 xvu,
2108 2230 2217 2302 46).
2269 2229 2546 2300 Nunquid
2591 2227 2693 2283 ﬁlii
2744 2228 2915 2283 alieni
2960 2227 3212 2283 secundo
3257 2227 3629 2297 replicantur,

1933 2317 2237 2373 inveterati
2266 2324 2320 2374 et
2352 2317 2745 2373 claudicantes
2765 2316 3157 2386 appellantur,
3181 2316 3321 2386 quia
3350 2330 3412 2372 os
3436 2330 3632 2383 suum,

1927 2413 1981 2462 et
2038 2419 2171 2462 caro
2220 2419 2327 2461 sua
2368 2413 2598 2461 mortuo
2649 2404 2917 2472 Absalon,
2974 2404 3045 2459 ab
3102 2405 3219 2473 ipso
3264 2404 3597 2460 vocantur?

2004 2495 2251 2559 Deﬁcite,
2309 2508 2525 2565 quaeso,
2587 2494 2729 2563 quia
2784 2493 2930 2549 ratio
2994 2492 3158 2548 vobis
3218 2492 3425 2548 deﬁcit.
3495 2492 3636 2557 Quis

1931 2597 2069 2654 ergo
2125 2590 2300 2653 caput
2350 2582 2649 2654 gentium?
2703 2581 2969 2638 Christus
3019 2582 3312 2651 profecto:
3358 2583 3475 2637 Non
3526 2596 3631 2634 au-

1930 2676 2139 2741 feretur
2188 2677 2457 2742 sceptrum
2514 2673 2581 2726 de
2638 2672 2806 2737 Juda,
2859 2676 2910 2726 et
2958 2671 3076 2725 dua:
3128 2670 3194 2724 de
3240 2673 3445 2738 femore
3492 2671 3631 2739 ejus,

1933 2762 2096 2816 donec
2122 2763 2306 2815 veniat
2333 2764 2430 2831 qui
2459 2761 2754 2815 mittendus
2788 2764 2888 2829 est,
2919 2763 2970 2814 et
2998 2762 3117 2830 ipse
3156 2762 3259 2814 erit
3298 2761 3632 2829 exspectatio

1934 2851 2183 2907 Gentium
2224 2849 2378 2920 (Gen.
2425 2864 2580 2918 xm,
2628 2851 2736 2917 lO).
2789 2850 2915 2918 Ispe
2951 2855 3030 2903 est
3061 2851 3160 2917 qui
3188 2852 3301 2903 stat
3326 2850 3387 2902 in
3417 2851 3636 2915 signum

1928 2940 2275 3009 populorum,
2323 2953 2479 3007 quem
2516 2944 2698 3006 gentes
2738 2937 3175 3006 deprecabuntur
3224 2939 3356 3007 (Isa.
3416 2953 3471 3000 ιι,
3524 2937 3632 3007 10).

1934 3028 2080 3097 Lege
2119 3027 2347 3093 Isaiam,
2394 3026 2575 3082 recole
2621 3026 2892 3093 Psalmos,
2923 3025 3066 3097 quid
3097 3025 3254 3081 aliud
3308 3039 3488 3096 quam
3539 3039 3638 3081 vo-

112 3121 219 3169 tur
278 3127 431 3182 rara,
504 3113 600 3169 sed
653 3119 772 3168 tam
821 3112 1186 3185 multiplicia,
1248 3120 1315 3169 ut
1370 3112 1439 3168 iis
1499 3112 1825 3182 retexendis
1863 3137 1903 3193 ρ
1932 3117 2211 3172 cationem
2251 3116 2509 3187 gentium
2553 3114 2798 3170 sonant?
2842 3114 2900 3170 in
2941 3115 3171 3177 nomine
3206 3114 3415 3170 Christi
3441 3121 3637 3186 gentes

113 3202 369 3258 sufﬁciat
418 3201 640 3259 nullius
678 3201 936 3268 scientia,
978 3201 1241 3257 omnium
1277 3201 1668 3257 retundantur
1704 3201 1817 3255 elo-

115 3291 277 3363 quia.
329 3290 384 3346 Si
425 3290 587 3346 illum
635 3290 735 3361 qui
777 3290 956 3346 bonos
1000 3290 1059 3346 in
1096 3297 1308 3346 terram
1348 3299 1563 3346 rectam
1591 3290 1826 3345 deducit

114 3380 400 3450 Spiritum
448 3379 753 3448 haberetis,
808 3386 961 3435 certe
1008 3392 1095 3446 ea,
1152 3393 1283 3450 quae
1328 3378 1475 3435 idem
1538 3393 1639 3449 per
1688 3393 1824 3435 suos

115 3469 427 3541 prophetas
471 3469 701 3524 locutus
736 3475 840 3535 est,
873 3467 1132 3539 ejusdem
1175 3467 1539 3523 condimento
1586 3466 1823 3524 indubie

115 3557 414 3627 saperetis.
465 3559 538 3613 At
568 3557 711 3628 quia
754 3555 898 3611 nihil
928 3556 1110 3626 fplane
1151 3556 1310 3612 aliud
1352 3570 1528 3627 quam
1561 3555 1734 3623 furta,
1768 3563 1824 3613 et

116 3646 341 3702 femora
383 3646 662 3717 cogitatis,
715 3644 859 3700 nihil
911 3644 1083 3715 plane
1122 3643 1190 3699 ad
1252 3644 1403 3714 piam
1448 3644 1821 3700 subtilitatem

120 3734 414 3805 pertinens
456 3733 752 3790 atl‘ectatis.
795 3733 850 3790 Si
884 3747 1088 3789 verum
1138 3741 1239 3801 est,
1290 3732 1431 3803 quia
1468 3733 1614 3802 quod
1651 3735 1822 3788 voluit

118 3826 379 3878 Dominus
409 3826 540 3891 fecit
577 3826 636 3877 in
685 3823 811 3879 caelo
856 3828 907 3877 et
947 3824 1006 3877 in
1047 3829 1197 3877 terra
1240 3822 1410 3893 (Psal.
1456 3836 1692 3889 cxxxxv,
1740 3823 1818 3892 6),

118 3920 177 3968 et
214 3913 452 3980 caeteris,
500 3912 601 3983 qui
647 3913 800 3967 Deus
838 3911 1213 3983 probabiliter
1245 3912 1499 3969 existens
1531 3912 1821 3968 hominem

119 4000 457 4070 assumpsit,
520 4000 663 4071 quid
717 3999 976 4070 scrupuli
1027 4000 1217 4068 habet,
1269 4015 1487 4071 quaeso,
1547 4008 1603 4056 et
1667 4000 1823 4071 quod

119 4090 409 4145 hominem
463 4104 575 4144 non
635 4088 855 4160 absque
907 4088 1129 4145 salubri
1190 4090 1461 4160 mysterio
1527 4089 1824 4146 humiliari

118 4178 340 4246 siverit,
365 4192 599 4249 quoque
627 4177 875 4234 voluerit
909 4178 1271 4248 postmodum
1305 4178 1672 4249 provexerit?

196 4267 478 4338 Exponite
529 4267 683 4338 quod
739 4266 1231 4339 contemporaneis
1286 4270 1452 4324 .lesus
1506 4273 1656 4324 πθ
1715 4270 1823 4325 Do-

117 4357 317 4413 minus
368 4358 484 4427 ipse
536 4358 844 4426 proposuit.
894 4360 1050 4412 Dixit
1101 4358 1367 4412 Dominus
1418 4361 1641 4413 Domino
1686 4374 1820 4426 meo,

117 4446 303 4501 sedea
338 4445 548 4501 dextris
596 4450 727 4501 meis
767 4447 936 4518 (Psal.
978 4461 1093 4513 CIX,
1144 4446 1215 4517 t),
1256 4455 1312 4504 et
1358 4455 1563 4503 caetera
1594 4447 1822 4518 psalmi,

120 4549 255 4606 quae
286 4535 450 4591 valde
492 4543 680 4591 vestro
716 4544 851 4593 sunt
893 4536 1075 4592 errori
1125 4537 1433 4592 contraria.
1471 4536 1819 4606 Perspicaci-

123 4632 211 4680 tas
239 4624 406 4680 etiam
438 4632 630 4681 vestra
663 4633 766 4681 aut
805 4625 977 4693 dicat,
1020 4632 1118 4681 aut
1155 4625 1336 4681 discat
1382 4625 1523 4695 quid
1569 4625 1678 4681 sibi
1716 4639 1822 4682 ve-

118 4713 187 4770 lit
235 4713 579 4770 Davidicum
634 4713 775 4770 illud
810 4730 822 4769 :
877 4716 1136 4769 Dominus
1179 4714 1328 4769 dixit
1366 4714 1444 4768 ad
1491 4730 1618 4769 me:
1650 4715 1823 4771 Filius

118 4815 267 4856 meus
322 4816 375 4856 es
426 4807 504 4870 tu,
564 4817 658 4874 ego
709 4803 867 4857 hodie
911 4804 1075 4870 genui
1112 4796 1179 4857 te’.
1237 4804 1457 4858 Postula
1510 4819 1544 4856 a
1611 4819 1713 4870 me,
1772 4808 1823 4858 et

118 4889 261 4944 dabo
314 4891 417 4944 tibi
470 4896 652 4959 gentes
705 4892 1076 4947 hereditatem
1115 4897 1286 4957 tuam,
1333 4897 1384 4946 et
1438 4895 1822 4960 possessionem

120 4983 271 5033 tuam
312 4980 565 5034 terminos
606 4986 762 5035 terrae
802 4980 968 5050 (Psal.
1014 4995 1073 5047 ιι,
1108 4984 1160 5047 7,
1212 4979 1290 5049 8).
1335 4981 1403 5035 Et
1444 4979 1492 5035 si
1521 4979 1673 5035 enim
1706 4979 1822 5034 Da-

118 5067 236 5136 vid,
272 5068 560 5138 quomodo
591 5068 772 5124 Filius
803 5068 942 5125 Dei?
977 5069 1098 5136 Ego
1129 5068 1286 5123 hodie
1328 5070 1493 5135 genui
1525 5072 1592 5135 te,
1646 5081 1821 5138 quem

118 5167 352 5210 sensum
391 5168 424 5209 a
462 5154 628 5210 vobis
663 5154 891 5222 habeat,
947 5169 1105 5227 rogo.
1152 5155 1357 5212 Gentes
1409 5169 1644 5226 quoque
1682 5169 1756 5210 an
1787 5169 1821 5209 a

119 5242 287 5298 Patre
326 5249 526 5299 utrum
571 5257 605 5299 a
654 5252 840 5301 matre
882 5243 1186 5300 haereditas
1223 5245 1351 5316 ejus
1391 5251 1575 5313 erant,
1604 5251 1659 5299 et
1688 5258 1818 5314 pos-

119 5331 295 5387 sessio
329 5331 561 5388 termini
599 5338 767 5388 terrte
812 5332 997 5389 multa
1043 5347 1077 5387 a
1117 5332 1283 5389 vobis
1312 5340 1501 5390 mente
1533 5333 1815 5404 disquiro.

120 5417 270 5475 Licet
312 5419 589 5489 contigua
637 5419 806 5489 plane
862 5417 971 5475 sibi
1041 5418 1164 5474 loca
1220 5418 1655 5476 Palwstinorum
1718 5425 1821 5475 aut

118 5507 583 5564 Ammonitarum
617 5508 926 5565 tributaria
974 5507 1187 5576 fecerit,
1236 5507 1507 5564 abhorret
1560 5515 1754 5564 tamen
1786 5522 1821 5564 a

118 5611 272 5664 vero,
320 5594 479 5667 quod
522 5594 844 5651 haereditari
882 5602 1080 5667 gentes
1115 5604 1170 5652 et
1205 5595 1518 5665 possessivo
1556 5608 1672 5650 non
1711 5594 1820 5651 tri-

118 5683 342 5741 butarie
373 5681 649 5739 terminos
679 5691 847 5740 terrae
875 5683 1143 5739 tenuerit.
1187 5683 1334 5739 illud
1365 5696 1602 5753 quoque
1638 5696 1650 5736 :
1685 5684 1822 5737 Eri-

1933 3204 2308 3274 speraturas?
2357 3203 2675 3259 Dicendum
2715 3203 2773 3258 in
2813 3202 3143 3259 nationibus
3186 3203 3327 3274 quia
3357 3202 3637 3259 Dominus

1931 3293 2240 3364 regnavit:
2293 3297 2339 3347 A
2388 3292 2520 3348 solis
2574 3299 2706 3348 ortu
2754 3305 2941 3362 usque
2989 3291 3058 3346 ad
3108 3304 3377 3347 occasum
3426 3304 3635 3347 nomen

1934 3381 2161 3436 Domini
2208 3380 2473 3436 futurum
2517 3379 2825 3446 laudabile,
2874 3379 3181 3449 ipsumque
3226 3392 3403 3448 super
3442 3385 3637 3450 gentes

1931 3468 2223 3525 excelsum
2273 3468 2442 3533 (Psal.
2501 3481 2639 3536 cxu,
2694 3469 2746 3534 3,
2808 3466 2882 3537 4).
2943 3467 3015 3522 Et
3073 3465 3472 3522 deﬁcientibus
3512 3466 3635 3538 jam

1931 3556 1992 3613 in
2062 3556 2269 3626 templo
2333 3563 2525 3612 vestro
2579 3556 2870 3613 sacerdote
2929 3563 2983 3612 et
3038 3555 3245 3624 hostia,
3323 3554 3638 3611 Malachias

1932 3646 2101 3701 infert
2134 3660 2146 3700 :
2185 3646 2271 3700 Ab
2310 3649 2435 3701 ortu
2474 3646 2605 3700 solis
2648 3659 2820 3714 usque
2858 3644 2933 3699 ad
2969 3659 3217 3699 occasum
3260 3658 3519 3712 magnum
3557 3649 3636 3699 est

1929 3751 2120 3790 nomen
2150 3750 2324 3789 meum
2366 3736 2423 3788 in
2459 3734 2731 3802 gentibus,
2768 3739 2819 3789 et
2860 3735 2922 3788 in
2960 3736 3109 3789 omni
3140 3733 3249 3788 loco
3292 3735 3637 3802 sacriﬁcatur

1931 3830 1981 3879 et
2029 3823 2260 3893 offertur
2314 3825 2521 3878 nomini
2554 3838 2667 3878 meo
2690 3822 2897 3878 oblatio
2944 3822 3169 3890 munda,
3204 3825 3338 3891 quia
3374 3838 3637 3891 magnum

1930 3917 2010 3967 est
2044 3927 2236 3967 nomen
2266 3928 2439 3967 meum
2479 3915 2538 3966 in
2579 3912 2827 3979 gentibus
2877 3911 3027 3981 (Mal.
3066 3928 3102 3978 ι,
3150 3911 3256 3980 Η).
3294 3910 3411 3967 Vos
3442 3919 3636 3967 autem

1931 4015 2063 4057 cum
2098 4015 2132 4056 a
2158 4001 2325 4057 nobis
2356 4000 2794 4072 interrogamini
2826 3992 3008 4071 quare
3042 4000 3271 4069 templo,
3317 3999 3633 4070 pontiﬁcio,

1931 4096 1987 4145 et
2030 4102 2133 4144 ara
2174 4090 2435 4157 careatis,
2483 4089 2636 4146 illico
2676 4089 2745 4145 de
2783 4096 2936 4145 terra
2976 4089 3035 4143 in
3067 4101 3185 4159 qua
3217 4087 3492 4144 habitatis
3521 4088 3637 4143 im-

1932 4177 2151 4233 munda
2195 4177 2537 4247 causamini,
2600 4177 2698 4234 sed
2739 4178 3048 4249 praedictus
3089 4174 3148 4233 in
3201 4177 3307 4233 hoc
3357 4176 3639 4248 propheta

1932 4280 2047 4322 non
2077 4265 2229 4323 favet
2253 4266 2432 4323 vobis.

2003 4354 2151 4422 Quid
2183 4362 2459 4425 praeterea
2492 4355 2723 4412 Balaam
2752 4354 2846 4411 ille
2876 4354 3126 4412 ariolus:
3153 4355 3391 4421 Orietur,
3422 4354 3632 4426 inquit,

1863 4452 1907 4506 Ι)
1934 4445 2092 4499 stella
2124 4460 2191 4497 em
2214 4443 2411 4511 Jacob,
2438 4449 2489 4499 et
2514 4450 2794 4513 consurget
2819 4445 2885 4499 de
2902 4447 3066 4514 virga
3092 4445 3279 4513 Israel,
3308 4449 3358 4498 et
3386 4446 3632 4511 confrin-

1930 4538 2018 4601 get
2047 4548 2225 4587 omnes
2253 4532 2412 4587 duces
2441 4531 2627 4600 Moab,
2658 4533 3006 4603 vastabitque
3037 4548 3214 4587 omnes
3245 4534 3385 4601 ﬁlios
3416 4534 3555 4598 Eth;
3585 4537 3636 4587 et

1931 4626 2037 4677 erit
2062 4621 2285 4676 Idumea
2302 4623 2568 4691 possessio
2589 4622 2724 4690 ejus.
2748 4621 3068 4677 Hereditas
3089 4623 3211 4678 Seir
3228 4621 3376 4676 cedet
3396 4623 3637 4677 inimicis

1932 4714 2067 4767 suis.
2101 4710 2276 4766 Israel
2304 4725 2428 4764 vero
2456 4710 2679 4777 fortiter
2706 4715 2831 4778 aget
2857 4710 3043 4779 (Num.
3068 4725 3224 4776 χχιιι,
3246 4710 3336 4778 17,
3366 4710 3471 4781 18).
3493 4710 3635 4776 Quae

1930 4808 2013 4855 est
2043 4798 2251 4856 stella?
2283 4797 2463 4855 Maria
2508 4810 2544 4853 a
2590 4811 2727 4853 vero
2767 4798 2883 4854 sole
2926 4799 3270 4867 illuminata,
3316 4806 3371 4855 et
3417 4799 3487 4855 de
3517 4814 3635 4870 qua

1930 4896 2132 4945 exorta
2161 4895 2245 4944 est
2276 4888 2334 4943 in
2361 4886 2612 4944 tenebris
2638 4886 2833 4943 lumen
2857 4888 3025 4943 rectis
3051 4889 3239 4956 corde,
3266 4888 3567 4944 miserator
3580 4895 3637 4945 et

1929 4975 2254 5032 misericors
2283 4983 2337 5032 et
2360 4976 2556 5047 justus
2592 4974 2768 5046 (Psal.
2802 4991 2883 5043 ιιι,
2914 4974 2993 5043 4).
3041 4976 3263 5032 Exinde
3291 4977 3458 5047 virga
3490 4990 3636 5032 con-

1929 5065 2139 5135 surgit,
2183 5064 2358 5120 totius
2399 5063 2664 5120 videlicet
2707 5062 3071 5119 rectitudinis
3102 5063 3476 5135 singularitas
3516 5062 3637 5133 ipse

1930 5153 2192 5210 Christus
2237 5152 2499 5225 emergit.
2533 5152 2677 5209 Vide
2706 5152 2765 5208 in
2798 5152 2888 5208 his
2925 5152 3203 5222 exemplis
3241 5167 3374 5224 quae
3420 5153 3489 5209 de
3520 5151 3636 5209 tuis

1932 5249 2230 5313 assumpta
2254 5249 2338 5298 est
2384 5241 2567 5310 libris,
2601 5255 2777 5313 quam
2824 5255 2968 5312 pure
3008 5241 3128 5297 sine
3164 5241 3284 5297 ullo
3320 5241 3501 5312 patris
3532 5248 3636 5297 aut

1928 5331 2159 5386 seminis
2222 5331 2497 5386 memoria
2547 5331 2884 5387 enuntietur
2949 5329 3130 5402 origo.
3193 5330 3342 5386 Audi
3409 5330 3635 5387 stellam

1929 5433 2062 5490 qua;
2107 5419 2230 5474 sine
2270 5419 2360 5475 sui
2404 5418 2745 5475 detrimento
2803 5419 2997 5476 lumen
3048 5418 3190 5475 illud
3236 5418 3508 5476 emiserit.
3559 5420 3635 5477 At

1929 5508 2071 5577 quia
2125 5506 2317 5562 lumen
2374 5507 2557 5564 oculis
2600 5521 2716 5563 non
2764 5507 3073 5564 videbatur
3120 5508 3383 5576 inﬁrmis,
3430 5514 3635 5578 partus

1929 5595 2104 5652 stella:
2148 5603 2413 5652 mutatur
2461 5596 2521 5652 in
2553 5598 2805 5666 virgam,
2852 5611 2985 5667 qua:
3021 5596 3218 5653 devios
3253 5596 3484 5668 dirigat,
3532 5608 3634 5651 su-

1928 5684 2134 5754 perbos
2183 5684 2484 5753 deprimat,
2542 5683 2923 5741 imbecillibus
2987 5683 3447 5742 sustentaculum
3509 5682 3630 5740 ﬂat.
