3956 6396
387 451 491 500 515

1267 445 1334 500 ν.
1382 443 1716 501 GUIBERTI
1757 443 2048 500 ABBATIS
2084 442 2139 498 S.
2182 442 2424 499 MARI/E
2456 444 2548 500 DE
2592 443 2988 500 NOVIGENTO

3807 449 3895 497 516

386 585 518 640 Haec
564 581 876 653 confringit
935 599 970 637 ιι
1025 583 1213 652 rigore
1264 583 1616 652 nequissimo
1663 581 1838 636 duces
1896 580 2076 646 Moab,
2115 581 2526 646 Avastitatem,
2579 594 2867 636 annorum
2908 579 3032 651 jam
3081 579 3236 637 mille
3286 581 3731 638 continuatione
3765 595 3895 651 pro-

383 671 687 743 gentilium
719 671 922 741 utique
949 671 1052 741 qui
1090 671 1212 726 sine
1252 671 1373 740 lege
1405 678 1559 736 sunt,
1603 677 1939 740 patremque
1971 669 2080 724 ha-
2186 667 2382 725 hastis.

383 761 519 816 bent
549 759 860 815 diabolum.
887 759 1049 815 Moab
1078 773 1328 829 namque
1357 775 1424 812 ea:
1457 766 1613 828 patre
1638 758 1724 813 vel
1755 760 1918 812 exlex
1946 757 2082 813 dici-

385 857 499 906 tur.
528 849 638 904 Eth
666 857 856 904 autem
900 848 1308 918 interpretatur
1341 854 1581 916 stupens.
1629 847 1736 911 Qui
1775 854 1910 903 sunt
1951 853 2080 901 stu-

385 945 601 1008 pentes,
635 937 742 992 nisi
764 936 942 992 Iudzei
970 936 1071 1005 qui
1094 937 1419 991 nescierunt
1443 950 1627 1005 neque
1653 935 2076 1000 intellexerunt,

385 1027 529 1082 etin
571 1026 819 1082 tenebris
856 1023 1202 1080 ambulant?
1235 1024 1299 1079 Hi
1345 1032 1483 1079 s:.nt
1531 1023 1650 1089 lilii,
1693 1023 1790 1077 sed
1836 1023 2078 1088 mentiti,

386 1113 483 1169 sed
515 1113 765 1168 alienati.
814 1113 921 1167 Hos
955 1111 1119 1181 virga
1156 1119 1361 1178 vastat,
1411 1113 1551 1181 quia
1591 1111 1730 1180 legis
1758 1110 2078 1176 scientiam,

386 1214 564 1272 quam
596 1201 734 1256 falso
777 1201 977 1256 Iudzea
1017 1207 1279 1269 usurpat,
1322 1198 1521 1268 gentili
1566 1196 1828 1254 Christus
1869 1198 2080 1268 popqu

385 1288 667 1344 veraciter
696 1288 812 1343 dat.
844 1290 1017 1341 Catia:
1054 1291 1195 1341 enim
1225 1289 1283 1340 in
1312 1303 1480 1341 manu
1524 1287 1745 1340 Domini
1780 1289 1898 1340 vini
1944 1289 2083 1340 meri

383 1379 573 1446 plenus
612 1381 789 1440 misto,
823 1381 873 1430 et
919 1377 1204 1430 inclinavit
1235 1392 1303 1429 ea:
1351 1376 1444 1429 hoc
1490 1376 1548 1430 in
1596 1376 1749 1431 hunc
1780 1375 2076 1446 populum.

391 1467 769 1520 Verumtamen
818 1469 932 1532 fma:
961 1464 1077 1534 ejus
1127 1479 1231 1517 non
1263 1469 1344 1518 est
1390 1466 1697 1530 exinanita,
1743 1465 1919 1518 bibent
1967 1480 2078 1518 om-

382 1571 474 1611 nes
540 1562 842 1625 peccatores
903 1561 1058 1608 terra?
1118 1553 1282 1620 (Psal.
1334 1567 1526 1620 LXXIV,
1594 1555 1645 1620 8,
1704 1555 1774 1619 9).
1833 1553 2080 1608 ldumzea

383 1644 512 1714 ejus
571 1645 845 1714 possessio
895 1650 996 1709 est,
1066 1643 1205 1711 quia
1249 1649 1406 1696 tanto
1453 1641 1788 1710 castigatius
1832 1655 2080 1711 qumque

384 1747 547 1789 mens
593 1733 664 1787 ad
722 1732 903 1786 Deum
949 1729 1324 1796 convertitur,
1378 1739 1596 1799 quanto
1653 1729 1932 1785 terrenior
1972 1737 2076 1784 est.

384 1821 540 1876 Sicut
598 1834 761 1876 mons
821 1819 975 1886 Sion,
1031 1818 1111 1874 ita
1175 1826 1230 1874 et
1286 1818 1466 1874 latera
1520 1818 1811 1888 aquilonis
1875 1817 2078 1873 civitas

384 1909 552 1980 Regis
604 1908 830 1979 magni;
888 1908 988 1964 ubi
1041 1907 1195 1962 enim
1238 1906 1499 1962 abundat
1543 1915 1839 1976 peccatum
1879 1920 2076 1976 super-

382 1998 642 2054 abundat
696 1996 903 2068 gratia.
963 1995 1088 2051 Seir
1134 1995 1348 2065 pilosus
1401 1995 1654 2050 dicitur:
1715 1994 1814 2064 pili
1866 2008 2074 2064 super-

381 2086 573 2143 ﬂuunt
619 2085 864 2155 corpori,
914 2084 1359 2154 signiﬁcantque
1412 2083 1794 2139 substantiam
1853 2082 2067 2138 smculi.

380 2174 518 2239 Quae
554 2183 637 2229 est
669 2173 972 2229 hmreditas
1002 2172 1142 2239 Seir,
1171 2173 1276 2227 nisi
1324 2172 1434 2237 lex,
1467 2179 1569 2227 aut
1601 2172 1784 2240 ipsum
1825 2185 2071 2239 regnum

379 2263 731 2329 Iudaeorum,
767 2276 899 2332 qua:
933 2259 1052 2330 jam
1087 2261 1334 2329 possidet
1373 2260 1530 2328 plebs
1582 2259 2070 2328 Christianorum;

380 2351 478 2406 sed
509 2349 601 2404 hic
647 2364 850 2405 sensus
877 2348 1029 2418 apud
1075 2362 1176 2402 vos
1211 2347 1500 2418 quomodo
1537 2361 1594 2402 se
1639 2347 1790 2416 capit
1822 2347 1892 2402 ad
1927 2347 2070 2403 litte-

380 2438 546 2494 ram?
587 2438 668 2493 nil
707 2438 859 2492 enim
910 2437 970 2491 in
1006 2435 1391 2491 Pentateucho
1433 2434 1880 2505 signiticativum
1921 2433 2070 2489 acci-

378 2526 564 2597 pietis.
614 2527 680 2581 In
735 2526 900 2581 terris
933 2538 1069 2578 sane
1117 2522 1228 2578 illis
1278 2523 1670 2591 Assyriorum,
1705 2522 2069 2582 Parthorum,

2117 1879 2156 1932 Β

2859 754 3095 812 CAPUT
3134 755 3226 813 IV.

2258 866 2338 919 De
2385 864 2592 920 Christi
2643 866 3049 918 resurrectione.
3106 893 3176 903 —
3237 865 3521 920 Habentes
3573 863 3760 934 igitur
3806 877 3900 919 ra-

2189 951 2368 1006 tiones
2423 965 2491 1007 ac
2562 951 2824 1020 exempla
2900 951 2970 1007 de
3047 951 3425 1008 humanitatis
3495 953 3901 1023 assumptione

2188 1038 2246 1095 in
2318 1040 2453 1106 Deo,
2529 1039 2599 1095 de
2689 1039 2971 1109 passione,
3043 1041 3479 1107 resurrectione,
3559 1049 3616 1096 et
3695 1055 3903 1096 ascen-

2186 1126 2364 1190 sione,
2437 1134 2594 1182 tanta
2668 1127 2917 1197 profecto
2983 1134 3047 1183 ut
3112 1142 3314 1184 eorum
3396 1128 3559 1198 copia
3629 1129 3896 1199 inopiam

2185 1216 2411 1272 dicendi
2483 1215 2669 1286 pariat
2747 1231 3000 1286 quorum
3089 1216 3591 1286 multiplicitatem,
3679 1225 3738 1272 et
3795 1218 3902 1272 mi-

2185 1319 2297 1361 nus
2344 1305 2552 1360 eruditi
2611 1304 2681 1359 ad
2715 1319 2952 1360 manum
3011 1304 3245 1371 habent,
3304 1313 3360 1361 et
3431 1305 3688 1361 Ecclesia
3746 1320 3899 1362 can-

2185 1394 2335 1456 titat,
2391 1407 2458 1449 ea
2510 1393 2630 1449 sola
2701 1393 3006 1464 protulisse
3064 1393 3325 1450 collibuit
3401 1408 3532 1464 quae
3581 1394 3775 1450 Deum
3837 1397 3901 1450 in

2186 1482 2420 1539 homine
2492 1482 2971 1538 demonstrarent.
3035 1481 3195 1546 Quod
3279 1482 3327 1537 si
3408 1483 3558 1538 Deus
3632 1492 3901 1538 aeternus

2186 1579 2382 1639 aperta
2427 1570 2858 1640 Scripturarum
2904 1578 3230 1627 vestrarum
3289 1571 3696 1640 astipulatione
3755 1587 3896 1642 pro-

2187 1659 2379 1720 batur,
2430 1660 2570 1728 quid
2622 1673 2898 1729 ntagnum
2946 1657 3095 1720 fecit,
3150 1659 3193 1713 si
3247 1673 3458 1728 corpus
3510 1673 3744 1728 passum
3802 1661 3899 1715 vi-

2189 1756 2258 1802 tae
2313 1749 2580 1814 restituit,
2633 1763 2765 1802 cum
2806 1755 2860 1802 et
2904 1746 3073 1802 Elisei
3120 1747 3369 1801 cadaver
3413 1747 3464 1802 id
3498 1749 3718 1817 egerit?
3767 1749 3897 1802 Au-

2187 1835 2276 1891 dis
2308 1835 2488 1890 David
2532 1849 2664 1890 cum
2712 1835 2780 1890 de
2829 1847 3226 1904 pressurarum
3275 1833 3563 1889 nimietate
3609 1849 3895 1904 querere-

2189 1931 2304 1985 tur,
2355 1937 2485 1993 qua;
2532 1923 2713 1979 solent
2741 1923 2896 1992 apud
2948 1922 3206 1978 homines
3255 1935 3561 1992 provocare
3603 1922 3888 1993 vigilias:

2185 2015 2450 2077 Dormivi,
2500 2011 2599 2078 ait,
2649 2016 2699 2065 et
2749 2018 3033 2080 soporatus
3076 2027 3214 2073 sum,
3268 2017 3318 2064 et
3377 2015 3666 2065 exsurrexi
3713 2014 3887 2081 (Psal.

2181 2115 2262 2167 ιιι,
2319 2099 2391 2160 6),
2445 2100 2622 2154 fossas
2667 2099 2800 2154 alibi
2851 2113 3059 2155 manus
3097 2106 3152 2154 et
3200 2099 3369 2169 pedes
3411 2114 3670 2154 asserens
3700 2101 3885 2171 (Psal.

2180 2202 2303 2253 ut,
2355 2189 2467 2255 l7);
2516 2188 2669 2258 apud
2712 2189 2870 2248 Osee,
2917 2197 3157 2244 mortem
3215 2203 3274 2243 se
3323 2189 3522 2244 mortis
3569 2189 3684 2244 Deo
3719 2189 3892 2244 exhi-

2182 2276 2347 2332 bente
2381 2278 2642 2332 futurunt
2695 2278 2828 2345 (Ose.
2859 2291 2978 2342 xm,
3020 2277 3130 2346 44).
3165 2277 3506 2347 Rursusque
3552 2278 3606 2332 in
3661 2279 3887 2347 psalmo

2178 2365 2498 2420 ascendisse
2549 2365 2604 2420 in
2652 2364 2996 2435 jubilatione
3054 2365 3224 2423 Deus.
3285 2373 3341 2421 et
3396 2366 3452 2420 in
3525 2379 3664 2421 voce
3725 2367 3884 2422 tubze

2179 2455 2345 2519 (Psal.
2379 2467 2532 2521 XLVI,
2585 2456 2679 2521 6):
2733 2453 3026 2523 Aliasque,
3073 2453 3396 2508 ascendisse
3447 2453 3506 2508 in
3563 2453 3775 2520 altum,
3833 2462 3886 2510 et

2177 2543 2466 2611 captivam
2515 2541 2752 2597 duxisse
2799 2542 3208 2610 captivitatem,
3241 2555 3310 2596 ac
3348 2541 3682 2597 hominibus
3728 2543 3890 2598 dona

378 2615 660 2680 Arabum,
695 2613 1162 2680 Francorumque
1197 2610 1526 2701 nuperrime
1556 2608 1873 2701 alternante
1906 2609 2072 2663 victo-
2177 2608 2398 2686 dedisse
2457 2630 2671 2686 dicitur
2727 2608 2944 2700 (εριιέε,
3003 2645 3078 2697 ιν,
3139 2633 3214 2700 8).
3283 2629 3427 2687 Cum
3485 2639 3658 2696 σει-ιο,
3706 2631 3887 2701 juxta

377 2703 484 2769 ria,
517 2701 776 2773 gentium
820 2701 1059 2755 istarum
1095 2713 1166 2753 ne
1210 2699 1332 2768 ipsa
1373 2698 1606 2768 quidem
1644 2697 1878 2753 nomina
1917 2711 2068 2752 rese-

375 2791 529 2848 dere.
563 2789 797 2846 Messias
825 2803 962 2858 ergo
994 2799 1179 2843 vester
1208 2787 1349 2856 quid
1374 2786 1575 2842 faciet?
1596 2787 1860 2856 sequitur
1891 2801 1904 2841 :

443 2881 614 2936 Israel
665 2894 788 2933 vero
833 2880 1054 2944 fortiter
1101 2881 1226 2944 aget
1275 2877 1460 2944 (Num.
1512 2889 1666 2937 xxw,
1727 2875 1832 2946 l8).
1894 2873 2068 2931 Israel

374 2967 586 3025 dicitur
614 2973 760 3022 1'4
793 2965 1028 3019 directus
1058 2981 1178 3018 cum
1213 2967 1337 3018 Dea.
1374 2963 1441 3018 Et
1462 2963 1594 3034 quis
1621 2978 1754 3018 cum
1788 2964 1897 3018 Deo
1927 2963 2066 3018 diri-

373 3057 550 3128 gitur,
586 3056 695 3112 nisi
721 3055 824 3125 qui
857 3055 980 3110 tidei
1007 3053 1266 3124 regulam
1289 3051 1594 3124 sequitur?
1616 3053 1668 3107 ls
1687 3053 1905 3109 fortiter
1923 3053 2062 3124 agit,

2177 2719 2513 2788 Apostolum
2560 2727 2798 2780 constet,
2853 2718 3138 2774 neminem
3193 2719 3497 2775 ascendere
3543 2719 3656 2774 nisi
3701 2733 3885 2788 quem

2177 2807 2535 2862 descendisse
2564 2807 2879 2862 constiterit
2913 2807 3113 2876 (Ibid.,
3147 2809 3226 2876 9).

2248 2897 2320 2949 De
2361 2898 2634 2950 vocatione
2683 2897 2944 2961 gentium.
2994 2926 3063 2935 —
3099 2895 3244 2951 Cum
3283 2894 3502 2965 ubique
3553 2893 3880 2966 Scriptura-

2176 2994 2306 3036 rum
2337 2989 2568 3036 tuarum
2609 2980 2931 3036 testimonia
2957 2979 3290 3051 hujusmodi
3339 2981 3395 3036 in
3437 2981 3673 3037 modum
3716 2984 3880 3038 scin-

2175 3069 2431 3125 tillarum
2457 3069 2720 3131 emicent,
2756 3069 2897 3126 illud
2925 3083 3288 3139 summopere
3318 3069 3495 3126 claret
3535 3071 3694 3140 quod
3737 3087 3877 3141 gen-

372 3146 474 3234 (lllii
503 3143 669 3234 ῧᾴβῐη
701 3142 1086 3234 βῧτίίεῐίλξλδῐη
1134 3141 1500 3234 etiamin“?
1537 3141 1753 3196 δίτυθίδ
1784 3148 2067 3234 ῑοτξηθηῑό
2104 3179 2144 3234 c
2175 3158 2320 3214 tium
2371 3159 2591 3214 vocatio
2651 3157 2812 3213 libris
2876 3157 3084 3227 passim
3140 3157 3426 3214 celebrata
3502 3159 3875 3229 propheticis,

371 3233 641 3290 defendit.
689 3233 768 3286 De
813 3231 975 3286 Iacob
1021 3233 1124 3285 erit
1171 3231 1268 3298 qui
1311 3229 1617 3283 dominetur
1661 3235 1711 3284 et
1753 3229 1952 3298 perdat
1981 3246 2066 3284 re-

370 3323 571 3390 liquias
601 3323 843 3375 civitatis
901 3319 1098 3390 (Ibid,
1153 3318 1262 3387 19).
1311 3317 1473 3383 Quod
1519 3325 1603 3374 est
1641 3318 1871 3374 dicere:
1916 3319 2068 3374 Licet

371 3409 520 3465 inter
556 3417 754 3480 gentes
793 3417 1113 3477 martyrum
1151 3405 1427 3461 fortitudo
1474 3405 1766 3473 laudetur,
1807 3406 1875 3461 de
1898 3406 2066 3462 Iacob

370 3505 583 3564 tamen,
631 3496 687 3552 id
735 3504 819 3552 est
868 3495 938 3551 de
985 3494 1221 3562 Iudaeis,
1269 3493 1370 3564 qui
1423 3494 1597 3561 Esau,
1637 3494 1693 3550 id
1732 3502 1817 3550 est
1848 3504 2064 3564 gentes,

369 3599 429 3642 se
481 3599 580 3655 per
625 3583 1013 3653 acceptionem
1066 3581 1209 3652 legis
1256 3580 1657 3651 supplantasse
1710 3583 2062 3654 gaudebant,

369 3673 630 3731 Christus
677 3669 954 3728 Dominus
997 3669 1200 3725 oritur.
1261 3669 1424 3726 Unde
1471 3669 1740 3739 superius
1785 3671 1947 3726 stella
1995 3686 2066 3726 ex

367 3761 562 3829 Iacob,
614 3761 780 3830 virga
825 3758 894 3814 de
942 3757 1110 3814 Israel
1154 3764 1258 3814 est.
1316 3757 1498 3814 Maria
1542 3757 1697 3813 enim
1747 3758 1816 3814 de
1852 3759 2066 3815 Iudaeis

369 3850 603 3922 quidem
644 3847 802 3905 ducit
838 3847 1140 3918 originem,
1191 3845 1290 3903 sed
1341 3845 1600 3916 gentium
1635 3847 1884 3916 populus
1930 3863 2061 3902 cum

369 3938 592 3997 Christo
622 3937 942 4008 specialiter
983 3936 1257 4001 directus,
1297 3933 1506 3992 Christi
1548 3935 1832 4004 praacipue
1879 3943 2064 3990 osten-

368 4028 452 4085 dit
506 4026 918 4083 fortitudinem.
979 4024 1171 4080 Perdit
1234 4031 1428 4080 autem
1476 4023 1752 4094 reliquias
1790 4024 2057 4088 civitatis,

367 4117 510 4188 quia
534 4116 663 4172 licet
711 4115 880 4170 homo
912 4127 986 4169 ex
1027 4112 1243 4169 femina
1283 4111 1590 4177 oriundus,
1620 4126 1694 4169 ex
1730 4113 1946 4170 virtute
1975 4121 2060 4170 ta-

367 4220 499 4262 men
529 4203 763 4260 Deitatis
797 4216 946 4272 quos
976 4215 1009 4256 a
1038 4201 1136 4256 Dei
1177 4200 1404 4257 civitate
1447 4199 1732 4270 judicabit
1782 4210 2058 4266 extorres,

369 4292 658 4366 perpetuis
684 4289 888 4362 poterit
917 4289 1126 4360 punire
1153 4289 1470 4358 suppliciis.

437 4380 598 4445 Quod
649 4387 829 4435 totum
858 4386 941 4434 est
983 4377 1214 4433 dicere?
1263 4377 1382 4439 Ille,
1435 4376 1539 4448 qui
1588 4377 1809 4434 Iudaici
1861 4379 2056 4436 induet

369 4469 595 4542 generis
631 4466 929 4528 vilitatem,
973 4472 1190 4522 tantam
1230 4465 1462 4522 habebit
1500 4467 1747 4533 Domini,
1789 4466 1943 4538 quod
1983 4467 2054 4522 ad
2096 4472 2138 4527 D

371 4557 571 4628 impios
623 4556 883 4627 pertinet,
960 4553 1341 4623 quantitatem
1387 4555 1724 4624 (paternitas
1777 4555 1930 4612 enim
1986 4555 2057 4610 ad

367 4645 508 4716 pios)
543 4657 606 4702 ut
652 4658 798 4716 quos
826 4657 946 4699 suae
986 4642 1194 4698 viderit
1237 4642 1586 4698 urbanitatis
1633 4642 1922 4714 indignos,
1963 4657 2059 4698 eos

365 4735 425 4791 in
490 4735 650 4806 ignes
713 4738 912 4804 potens
977 4733 1051 4788 sit
1122 4731 1360 4801 perdere
1424 4732 1816 4802 sempiternos.
1885 4733 2060 4787 Pater

364 4827 506 4878 enim
560 4840 666 4878 non
737 4821 960 4892 juvltcat
1019 4836 1363 4889 quemquam,
1425 4819 1522 4875 sed
1572 4819 1850 4890 judicium
1907 4837 2059 4876 omne

365 4912 515 4966 dedit
566 4912 707 4965 Filio
736 4911 918 4977 (Joan.
960 4924 1017 4977 v,
1054 4910 1158 4977 l2).
1201 4910 1298 4964 Est
1339 4916 1530 4965 autem
1573 4910 1888 4978 Jerusalem,
1939 4926 2059 4980 qua:

363 4999 671 5066 aediﬁcatur
705 5004 768 5052 ut
796 5000 990 5052 civitas
1029 4999 1196 5062 (Psal.
1231 5012 1380 5060 cxxr,
1420 4999 1500 5068 3).
1543 4997 1722 5055 Miror
1766 5013 1913 5068 quas
1967 4998 2059 5054 hic

363 5093 584 5143 vestras
636 5085 1018 5141 beatitudines
1065 5084 1396 5154 intelligatis
1449 5087 1520 5142 ad
1573 5085 1840 5143 litteram.
1893 5086 2055 5152 Quod

364 5175 410 5232 si
459 5176 537 5230 ita
575 5173 857 5237 fallimini,
903 5173 1176 5228 attendite
1222 5187 1353 5243 quae
1401 5182 1525 5244 post
1575 5188 1761 5244 pauca
1807 5188 2060 5246 sequun-

364 5271 480 5321 tur.
535 5264 832 5331 Assumpta
883 5263 1080 5315 iterum
1137 5261 1368 5317 Balaam
1409 5263 1677 5331 parabola
1729 5263 1848 5319 ait:
1909 5265 2056 5318 Heu!

363 5353 488 5423 quis
536 5353 782 5406 victurus
841 5354 940 5415 est,
992 5350 1208 5418 quando
1263 5353 1373 5405 ista
1408 5353 1576 5417 faciet
1630 5351 1822 5406 Deus?
1870 5352 2052 5417 (Num.

359 5453 527 5505 xxxv,
558 5440 648 5504 23)
683 5453 695 5492 :
726 5437 825 5493 ubi
859 5437 1131 5507 praemisit
1171 5439 1290 5506 heu,
1313 5439 1619 5509 spopondit
1637 5440 1840 5512 utique
1865 5454 1923 5496 se
1947 5439 2055 5495 do-

361 5527 530 5584 lenda
586 5527 897 5584 dicturum.
963 5529 1204 5592 Venient,
1259 5525 1472 5597 inquit,
1539 5529 1600 5580 in
1678 5528 1937 5583 trieribus
1992 5527 2058 5582 de

363 5601 558 5685 Italia,
619 5614 952 5685 superabunt
1009 5615 1291 5677 Assurios,
1349 5613 1749 5682 vastabuntque
1818 5615 2056 5670 Hebraeos

364 5703 562 5775 (Ibid.,
608 5705 716 5773 24).
763 5704 923 5759 Hanc
973 5717 1151 5773 quam
1199 5702 1302 5758 isto
1356 5710 1714 5772 praeconatus
1754 5710 1839 5759 est
1890 5703 2056 5759 vobis

2174 3246 2413 3304 indubie
2457 3247 2741 3317 completa
2790 3246 3043 3302 videtur.
3102 3247 3167 3302 ln
3215 3260 3439 3302 omnem
3485 3254 3696 3302 terram
3755 3248 3876 3319 jam

2174 3336 2355 3392 exivit
2383 3350 2558 3390 sonus
2606 3334 3070 3405 praedicatorum,
3111 3341 3166 3390 et
3205 3334 3262 3389 in
3310 3334 3449 3390 fines
3499 3335 3658 3390 orbis
3708 3343 3879 3392 terrae

2175 3424 2354 3480 verba
2382 3437 2580 3479 eorum
2620 3425 2784 3492 (Psal.
2834 3437 2996 3486 xvut,
3043 3423 3117 3493 4).
3169 3423 3230 3478 In
3261 3437 3378 3493 quo
3419 3421 3583 3477 nobis
3625 3422 3881 3493 objicere

2174 3526 2342 3568 nemo
2387 3520 2568 3582 potest
2598 3511 2984 3582 quarumdam
3020 3511 3280 3581 gentium
3311 3510 3676 3580 apostosiam,
3725 3512 3879 3568 sicut

2173 3613 2279 3655 nec
2309 3599 2470 3655 Isaiae
2502 3600 2602 3670 qui
2648 3599 2898 3663 Iudaeos,
2947 3607 3176 3669 gentem
3229 3597 3622 3668 peccatricem,
3675 3613 3877 3656 semen

2173 3701 2448 3759 nequam,
2505 3687 2650 3744 ﬁlios
2718 3688 3022 3743 sceleratos
3085 3695 3390 3742 vocaverat
3462 3689 3612 3752 (lsai.
3675 3703 3718 3754 ι,
3801 3688 3872 3759 4).

2173 3777 2541 3832 Postmodum
2568 3777 2683 3832 ait:
2747 3777 2922 3843 Audi,
2966 3777 3156 3842 Israel,
3197 3790 3344 3830 serve
3376 3791 3542 3836 meus,
3591 3781 3641 3830 et
3673 3781 3874 3832 rectis-

2170 3867 2322 3932 sime,
2375 3880 2531 3933 quem
2599 3863 2739 3933 elegi
2799 3865 2931 3932 (Isa.
2991 3878 3143 3927 xuv,
3210 3865 3282 3934 1).
3342 3863 3396 3919 Si
3450 3863 3604 3920 enim
3672 3878 3872 3921 semen

2169 3967 2443 4023 nequam,
2498 3966 2754 4024 gensque
2809 3952 3119 4023 peccatrix,
3173 3953 3462 4023 quomodo
3511 3951 3872 4010 rectissimus

2170 4056 2343 4112 quem
2394 4042 2684 4111 elegerat?
2741 4040 2847 4097 Sed
2893 4049 3073 4097 totum
3124 4055 3226 4110 pro
3280 4048 3458 4111 parte,
3520 4049 3866 4112 partemque

2167 4145 2274 4200 pro
2313 4137 2430 4186 toto
2477 4131 2535 4186 in
2577 4129 2885 4201 Scripturis
2915 4129 3120 4186 vestris
3165 4143 3233 4186 ac
3280 4130 3507 4192 nostris,
3549 4129 3730 4185 solere
3762 4145 3864 4186 ac-

2167 4218 2279 4288 cipi
2311 4233 2424 4274 non
2459 4218 2700 4274 dubium
2735 4219 2899 4274 vobis
2936 4226 3040 4285 est,
3076 4224 3139 4274 ut
3162 4224 3246 4274 est
3277 4217 3457 4273 illud:
3494 4217 3585 4272 Ad
3614 4223 3664 4271 te
3685 4222 3864 4273 omnis

2167 4324 2292 4364 caro
2333 4310 2506 4362 veniet
2535 4309 2713 4379 (Psal.
2763 4323 2915 4370 LXtv,
2967 4307 3040 4378 2),
3096 4307 3251 4377 quod
3307 4321 3423 4362 non
3454 4305 3618 4362 aliter
3645 4305 3863 4362 intelli-

2167 4399 2378 4469 gimus,
2409 4411 2586 4468 quam
2630 4397 2677 4452 si
2721 4396 2933 4452 diceret
2965 4411 2979 4451 :
3033 4396 3120 4452 Ad
3166 4404 3218 4451 te
3257 4395 3324 4450 de
3355 4393 3513 4451 omni
3554 4408 3730 4450 carne
3759 4409 3864 4450 ve-

2166 4485 2300 4540 niet.
2333 4484 2421 4541 Illi
2449 4485 2604 4540 enim
2651 4485 2720 4541 de
2759 4493 2940 4541 morte
2974 4491 3306 4540 surrecturo
3355 4483 3566 4539 dicitur
3614 4497 3628 4536 :
3663 4483 3862 4550 Surge,

2168 4577 2331 4641 Deus,
2382 4573 2584 4644 judice
2635 4579 2856 4638 terram,
2908 4576 3167 4644 quoniam
3208 4579 3269 4628 tu
3317 4573 3684 4640 hzreditabis,
3745 4587 3863 4627 non

2166 4676 2364 4717 omnes
2394 4670 2609 4731 gentes,
2642 4662 2736 4715 sed
2764 4663 2822 4714 in
2838 4659 3082 4715 omnibus
3102 4660 3349 4726 gentibus
3371 4661 3534 4729 (Psal.
3561 4673 3752 4719 Lxxn,
3783 4661 3859 4727 8).

2165 4751 2384 4806 Etcum
2419 4751 2570 4805 Elias
2599 4757 2940 4821 quereretur
2963 4749 3147 4804 solum
3186 4762 3247 4804 se
3275 4748 3535 4804 relictum
3568 4749 3666 4815 (Ill
3720 4748 3859 4814 Reg.

2164 4853 2282 4906 XIX,
2319 4842 2422 4907 l0),
2470 4839 2631 4894 audit
2678 4839 2747 4893 de
2773 4847 2988 4907 septem
3037 4835 3315 4903 millibus,
3353 4837 3456 4908 qui
3487 4850 3604 4890 non
3649 4849 3858 4890 curva-

2163 4935 2368 4982 verant
2395 4940 2587 4997 genua
2638 4925 2772 4981 Baal
2804 4926 2990 4995 (Ibid,
3038 4925 3145 4995 18).
3188 4924 3242 4980 Si
3281 4924 3434 4980 enim
3468 4922 3714 4993 populus
3761 4923 3856 4979 Dei

2165 5015 2460 5084 quondam
2510 5014 2871 5081 dicebamini,
2928 5013 3056 5069 licet
3107 5012 3364 5070 maxima
3409 5022 3666 5068 vestrum
3726 5026 3858 5082 pars

2164 5103 2478 5165 aberraret,
2536 5117 2652 5158 non
2711 5111 2900 5159 tamen
2954 5102 3116 5158 bonae
3187 5101 3368 5172 partis
3425 5100 3644 5156 intuitu
3700 5101 3854 5172 quod

2159 5191 2530 5259 vocabimini,
2563 5191 2902 5262 perdebatis.
2940 5193 3142 5261 Itaque
3166 5190 3271 5246 etsi
3303 5189 3504 5246 mundi
3538 5189 3856 5258 plurimum

2165 5287 2316 5335 retro
2345 5280 2505 5341 abiit,
2557 5279 2616 5335 in
2665 5279 2772 5336 hoc
2814 5287 3004 5335 tamen
3052 5277 3265 5336 Christi
3308 5277 3616 5350 potentiam
3649 5292 3723 5334 ex
3752 5291 3858 5336 sua

2163 5368 2654 5438 retrogradatione
2681 5381 2800 5424 non
2829 5367 3059 5424 minuit.

2837 5507 3072 5566 CAPUT
3111 5507 3182 5565 V.

2232 5615 2446 5671 Iudaeos
2516 5617 2834 5685 alloquitur.
2912 5645 2984 5656 --
3058 5615 3244 5686 Igitur
3299 5614 3579 5686 quoniam
3663 5616 3854 5688 aliqua

2165 5703 2226 5760 in
2299 5718 2402 5761 vos
2471 5703 2911 5762 auctoritatibus
2997 5711 3053 5762 et
3147 5701 3582 5760 ratiocinatione
3666 5713 3854 5763 contu-
