3956 6428
57 439 65 449 ’
110 475 208 526 5n

881 470 1129 527 TRAC'I‘.
1173 470 1262 525 DE
1302 468 1817 525 INCARNATIONE
1855 468 2137 523 CONTRA
2172 465 2565 523 JUDEOS.—-
2590 465 2720 521 LIB.
2762 465 2851 519 III.

3524 467 3626 518 518

111 603 302 671 limus,
367 603 487 673 jam
568 615 668 657 vos
743 601 1006 672 pauculis
1080 601 1478 673 rogationibus
1554 598 1807 670 compel-
1846 602 2057 654 Acum
2094 597 2155 651 in
2204 595 2584 666 sequentibus
2639 596 2710 650 ob
2762 595 2933 665 plura
2987 595 3280 651 connubia
3337 595 3626 652 diluvium

110 691 260 746 labo.

1921 685 2235 742 inundasse
2283 686 2562 755 legamus,
2616 692 2671 740 et
2723 691 2916 739 tamen
2964 683 3258 739 Abraham
3325 698 3399 740 ex
3453 684 3627 740 latere

185 780 388 850 Legem
436 778 594 834 illam
641 778 780 834 adeo
829 777 1137 834 carnaliter
1193 791 1312 848 qua
1357 776 1670 846 intentione
1721 784 1809 832 te-
1911 775 2065 831 Sara
2094 775 2272 845 Agar,
2332 774 2444 829 Deo
2495 774 2669 829 etiam
2716 771 3020 843 aliquoties
3066 786 3194 828 eam
3247 781 3618 842 procurante,

111 868 304 923 netis?
352 866 476 923 Scio
517 882 619 923 vos
664 867 963 923 dicturos:

112 955 225 1010 Deo
256 955 325 1011 de
358 955 513 1011 calis
537 954 858 1025 prabitam,
891 956 1004 1010 imo
1053 953 1231 1024 ipsius
1269 954 1448 1024 digito
1486 961 1806 1019 exaratam,

111 1057 320 1099 vocum
372 1044 706 1111 terroribus,
751 1043 1086 1113 lampadum
1132 1042 1456 1114 fulgoribus
1499 1050 1553 1097 et
1602 1041 1812 1097 montis

110 1131 581 1189 exhalationibus
617 1131 1065 1203 promulgatam,
1110 1130 1256 1187 nulli
1302 1131 1458 1202 genti
1514 1144 1548 1186 a
1602 1130 1811 1186 saculo

113 1219 305 1275 datam
361 1228 589 1275 mutare
645 1219 1014 1289 poterimus?
1075 1220 1145 1274 Et
1201 1219 1248 1273 si
1304 1219 1454 1289 leges
1510 1219 1811 1275 hominum

113 1316 400 1375 constant,
433 1308 567 1379 quis
597 1309 693 1363 Dei
726 1316 1011 1378 pracepta
1042 1307 1327 1362 destituet.

184 1397 489 1467 Respondet
550 1397 790 1465 Judais,
847 1397 1151 1466 probatque
1204 1398 1369 1450 Deum
1428 1397 1594 1463 legem
1645 1395 1814 1451 abro-

113 1501 293 1553 gasse,
324 1485 744 1540 auctoritatibus
783 1485 1101 1553 Scriptura.
1137 1514 1205 1523 —
1235 1483 1323 1538 Ad
1359 1483 1480 1539 hac
1524 1484 1765 1539 inferam
1794 1498 1809 1538 :

113 1574 408 1645 Quidquid
462 1574 738 1641 horroris,
773 1572 1061 1643 quidquid
1105 1572 1545 1643 magniﬁcentia
1586 1573 1816 1628 extrin-

113 1679 281 1719 secus
324 1663 464 1734 legis
522 1662 725 1718 danda
772 1670 997 1717 constat
1047 1661 1391 1725 adhibitum,
1453 1676 1567 1717 non
1617 1662 1816 1733 magni

115 1752 429 1823 penditur;
489 1752 610 1807 hac
664 1752 817 1807 enim
876 1750 934 1805 in
994 1751 1316 1806 minoribus
1368 1764 1515 1820 sape
1572 1752 1817 1821 negotiis

112 1846 266 1895 $75
312 1840 742 1909 expenduntur.
787 1839 961 1895 Plane
1000 1839 1228 1894 Samuel
1275 1853 1408 1893 cum
1478 1846 1819 1895 causaretur

1044 868 1113 921 Et
1168 866 1456 936 quomodo
1522 866 1701 936 legem
1774 876 1809 920 a
1912 864 2201 920 habuisse.
2230 863 2403 917 Iacob
2437 876 2690 931 quoque,
2725 871 2779 916 et
2822 862 3070 931 Moysen,
3124 861 3458 932 multosque
3506 862 3618 917 sub

1918 953 2040 1023 lege
2089 951 2536 1022 probatissimos,
2581 964 2891 1005 numerum
2945 951 3263 1021 conjugum
3312 950 3436 1006 sine
3487 951 3628 1022 legis

1917 1040 2364 1097 contradictione
2390 1039 2787 1110 cognovimus.
2819 1038 2955 1093 Ada
2985 1048 3175 1094 autem
3208 1040 3360 1096 dicta
3392 1041 3626 1096 indubie

1920 1144 2020 1200 pro
2052 1130 2147 1185 Dei
2186 1128 2378 1185 verbis
2424 1127 2735 1197 ponimus;
2799 1141 2971 1197 quem
3027 1127 3463 1196 paradisicolam
3525 1130 3625 1185 Dei

1916 1216 2091 1273 fuisse
2132 1226 2270 1273 tunc
2318 1216 2586 1272 intimum
2636 1215 2872 1269 scimus.
2926 1215 3089 1271 Jesus
3130 1216 3303 1271 etiam
3343 1217 3626 1274 Dominus

1919 1307 2040 1362 hac
2070 1306 2185 1361 Deo
2218 1306 2395 1361 verba
2427 1303 2686 1360 ascribit.

1991 1394 2216 1451 Mulieri
2244 1394 2469 1450 dixerat
2498 1393 2648 1448 Deus
2679 1406 2811 1463 qua
2840 1390 3034 1448 virum
3085 1392 3382 1449 inobedire
3428 1407 3627 1451 suase-

1920 1491 2009 1541 rat
2042 1484 2196 1541 :Sub
2224 1487 2333 1538 viri
2354 1488 2620 1553 potestate
2665 1484 2800 1548 eris,
2852 1485 2904 1535 et
2950 1484 3067 1550 ipse
3118 1482 3501 1536 dominabitur
3545 1486 3629 1538 tui

1924 1574 2078 1641 (Gen.
2112 1588 2191 1641 Ill,
2230 1572 2334 1645 l6).
2394 1573 2515 1642 Ipse
2576 1571 2722 1626 idem
2774 1570 3022 1626 Abraha
3074 1570 3378 1640 loquitur:
3431 1572 3628 1627 Omnia

1923 1678 2251 1733 quacunque
2297 1662 2505 1715 dixerit
2541 1661 2645 1714 tibi
2691 1662 2852 1719 Sara,
2901 1660 3037 1713 audi
3078 1675 3253 1714 vocem
3301 1662 3415 1730 ejus
3462 1659 3621 1731 (Gen.

1922 1765 2047 1819 xxi,
2083 1751 2190 1821 12).
2221 1752 2363 1806 Ecce
2392 1757 2700 1821 quantum,
2735 1762 3034 1819 quamque
3079 1749 3446 1818 spectabilem
3489 1764 3626 1807 mu-

1928 1840 2052 1897 lieri
2084 1840 2389 1907 addixerit,
2424 1853 2595 1909 quem
2630 1851 2728 1907 per
2758 1852 2816 1893 se
2847 1837 3049 1913 docere
3080 1845 3363 1906 potuerat.

111 1929 343 1985 Judaos
366 1903 591 1999 regium
622 1928 914 1998 fastigium
947 1926 1299 1983 affectantes.
1351 1929 1556 1996 Nonne,
1601 1928 1812 1998 inquit,
1854 1903 1896 1957 Β
1995 1930 2135 1984 Cain
2166 1935 2221 1983 et
2248 1903 2400 1993 Scthv,
2437 1903 2538 1982 filii
2590 1903 2740 1989 Ada,
2795 1906 2949 1981 unde
2996 1903 3269 1997 conjugis
3316 1926 3425 1983 sibi
3481 1941 3618 1983 con-

112 2018 303 2073 messis
334 2020 508 2072 triciti
537 2021 618 2071 est
671 2017 874 2071 hodie?
923 2017 1187 2072 Invocubo
1232 2019 1517 2071 Dominum
1569 2023 1618 2071 et
1661 2016 1817 2071 dabit

110 2122 265 2161 voces
295 2112 345 2161 et
372 2107 632 2175 pluvias;
669 2111 719 2159 et
756 2107 938 2159 scietis
987 2107 1122 2173 quia
1167 2105 1377 2172 grande
1424 2105 1627 2158 malum
1669 2107 1817 2170 fece-

109 2197 243 2249 ritis
271 2194 325 2265 (I
356 2197 484 2261 Reg.
517 2209 620 2260 xu,
658 2196 762 2256 t7).
795 2195 958 2249 Certe
985 2200 1040 2248 et
1086 2193 1248 2248 Osias
1297 2207 1400 2248 rex
1448 2192 1820 2248 sacerdotalis

111 2284 365 2339 amulus
396 2282 612 2349 infula,
645 2296 776 2337 cum
806 2289 1008 2337 sancta
1035 2281 1258 2352 ingredi
1291 2288 1643 2350 usurpasset,
1691 2295 1819 2337 mo-

112 2371 274 2427 tibus
309 2380 471 2427 terra
500 2370 830 2441 ingentibus
860 2369 1042 2437 factis,
1068 2384 1316 2440 quorum
1340 2373 1511 2425 Amos
1536 2369 1817 2435 meminit,

113 2468 287 2516 terra
319 2474 555 2530 quoque
585 2459 780 2515 hiatus
813 2458 1253 2528 praruptissimi
1283 2466 1616 2528 patuerunt.
1665 2458 1820 2514 Nihil

115 2564 260 2605 sane
289 2550 368 2605 ibi
395 2550 602 2605 accidit
634 2549 790 2618 quod
818 2563 934 2605 non
965 2549 1193 2618 uspiam
1226 2548 1454 2604 facilius
1499 2549 1816 2605 accidisset.

117 2638 175 2695 Si
208 2639 430 2708 Moyses
483 2636 873 2709 quadraginta
922 2637 1145 2693 distulit
1194 2638 1397 2693 diebus
1446 2638 1715 2705 inediam,
1766 2646 1821 2694 et

115 2728 318 2783 itidem
373 2727 572 2783 leviori
640 2741 714 2783 ex
767 2741 944 2783 causa
992 2725 1187 2782 fecisse
1242 2727 1458 2782 scimus
1505 2727 1711 2783 Eliam.
1764 2727 1821 2783 Si

114 2827 256 2869 cum
281 2813 523 2868 Domino
550 2812 769 2882 Moyses
795 2811 1141 2882 loquebatur
1187 2810 1328 2866 facie
1376 2812 1445 2866 ad
1494 2811 1716 2881 faciem,
1766 2820 1822 2869 et

116 2902 300 2958 Isaias
341 2902 645 2971 proﬁtetur
684 2901 993 2956 Dominum
1042 2899 1291 2956 Sabaoth
1342 2900 1462 2955 suis
1508 2915 1566 2956 se
1612 2902 1823 2958 vidisse

114 2992 324 3058 oculis,
393 3004 566 3060 quem
618 2990 843 3045 viderat
900 2989 1105 3045 solium
1164 2989 1455 3045 excelsum
1510 2989 1821 3054 sedentem,

112 3079 376 3150 idipsum
424 3086 479 3134 et
535 3076 634 3133 alii
684 3092 757 3134 ex
818 3078 1109 3148 prophetis
1156 3077 1413 3148 quidam.
1467 3078 1612 3142 Quid
1666 3076 1822 3147 quod

1927 2017 2214 2074 traxerint
2241 2016 2412 2081 nosti,
2445 2029 2518 2071 ex
2549 2028 2655 2070 sua
2689 2014 3070 2085 germanitate
3099 2014 3367 2083 profecto.
3403 2017 3629 2075 Poterat

1922 2122 2059 2164 vero
2085 2107 2163 2162 eis
2195 2107 2347 2161 Deus
2394 2105 2627 2159 aliunde
2682 2117 2877 2158 creare
2930 2116 3159 2168 uxores,
3211 2110 3268 2158 at
3323 2103 3443 2174 ipse
3498 2105 3628 2162 fecit

1924 2204 1989 2251 ut
2020 2195 2102 2251 sic
2133 2195 2456 2250 necessario
2489 2184 2664 2248 fieret.
2698 2191 2860 2258 Quod
2901 2192 3071 2247 etiam
3120 2192 3189 2247 de
3236 2192 3447 2260 amitis,
3499 2208 3629 2250 ma-

1923 2285 2147 2340 terteris
2172 2281 2401 2353 penitus
2443 2281 2593 2336 idem
2643 2288 2747 2337 est.
2804 2281 2875 2335 Et
2928 2280 3050 2335 hac
3097 2280 3380 2351 siquidem
3433 2284 3629 2339 omnia

1926 2371 2045 2439 Dei,
2080 2371 2180 2441 qui
2209 2384 2277 2426 ea
2310 2371 2494 2440 primo
2523 2371 2603 2426 sic
2638 2369 3047 2439 feceratjussu,
3071 2370 3324 2426 etedicto
3346 2371 3627 2442 Moysaico

1925 2458 2234 2528 asperrime
2260 2458 2621 2527 postmodum
2656 2458 2833 2512 vetita
2864 2464 3018 2512 sunt.
3061 2456 3207 2524 Quid
3248 2460 3402 2529 quod
3448 2474 3626 2515 unam

1926 2548 2082 2603 illam
2115 2561 2292 2618 quam
2323 2547 2447 2602 viro
2474 2554 2688 2601 costam
2719 2545 3068 2611 detraxerat,
3103 2546 3280 2617 inque
3330 2549 3627 2605 mulierem

1927 2636 2335 2703 adiﬁcaverat,
2369 2635 2429 2691 in
2466 2643 2543 2691 tot
2572 2634 2752 2690 dividi
2807 2635 2963 2691 brevi
3004 2642 3128 2706 post
3176 2636 3295 2706 ipse
3349 2639 3623 2708 permisit,

1926 2733 1993 2782 ut
2017 2726 2139 2796 jam
2168 2739 2285 2780 non
2314 2725 2429 2782 duo
2458 2724 2555 2779 sed
2584 2724 2777 2794 plures
2804 2724 3114 2779 admodum
3138 2725 3338 2781 tierent
3367 2726 3425 2782 in
3455 2741 3628 2784 carne

1926 2827 2046 2871 una
2067 2814 2095 2869 ?
2126 2817 2281 2885 Agar
2308 2813 2598 2880 ancillam,
2632 2827 2665 2867 a
2693 2813 2928 2868 domina
2959 2812 3099 2869 Sara
3146 2814 3391 2884 pulsam,
3446 2830 3626 2886 ange-

1928 2903 2021 2960 lus
2083 2906 2310 2973 reperit,
2372 2903 2558 2958 redire
2610 2915 2676 2957 ac
2735 2902 3025 2957 humiliari
3076 2903 3185 2959 sub
3233 2904 3371 2959 hera
3423 2905 3624 2960 suasit.

1931 2993 2188 3063 Denique
2262 2994 2423 3047 Isaac
2484 2991 2834 3061 jamdudum
2894 2999 3049 3059 nato,
3105 2999 3160 3047 et
3213 2992 3629 3063 grandiuscula

1930 3082 2186 3149 Ismaele,
2219 3096 2351 3137 cum
2385 3080 2525 3137 Sara
2554 3080 2719 3135 lusus
2743 3093 2943 3135 eorum
2975 3094 3128 3151 agre
3161 3080 3401 3149 tulisset,
3447 3081 3628 3137 invito

114 3169 296 3224 etiam
328 3167 563 3223 Balaam
594 3168 775 3223 ariolo
803 3175 859 3222 et
888 3167 1241 3237 apparuisse,
1275 3174 1329 3222 et
1376 3166 1588 3236 sapius
1619 3179 1822 3222 occur-
1862 3199 1904 3256 ο
1933 3171 2248 3238 Abraham,
2275 3169 2517 3240 jubctur
2548 3168 2891 3225 muliercula
2920 3183 3054 3224 cum
3084 3169 3241 3238 prole
3272 3170 3489 3239 repelli.
3522 3170 3627 3227 Cui

114 3257 263 3313 risse
322 3257 472 3312 Deus
523 3255 789 3312 dicitur?
842 3256 1120 3311 Tonitrua
1167 3255 1620 3327 hujusmodique
1674 3255 1827 3310 clan-

116 3359 287 3416 gores
312 3360 384 3401 ex
408 3359 608 3401 aerum
638 3344 1071 3415 importunitate
1101 3344 1462 3416 contingunt.
1486 3343 1629 3401 Cum
1652 3346 1823 3399 etiam

115 3449 223 3505 per
256 3433 584 3504 provincias
613 3432 754 3487 alias
794 3431 999 3499 hieme,
1042 3431 1185 3488 alias
1220 3441 1415 3489 astate
1456 3433 1821 3503 proveniant.

118 3523 219 3580 Sin
253 3522 440 3588 aliter,
472 3528 794 3576 monstrum
826 3520 1156 3576 exhibeant.

192 3613 257 3668 Id
290 3612 471 3683 igitur
494 3611 680 3666 solum
730 3610 788 3665 in
833 3623 1010 3666 causa
1056 3616 1337 3677 versetur,
1382 3611 1521 3681 quia
1562 3612 1711 3667 Deus
1758 3625 1826 3668 ea

118 3701 401 3757 mandata
431 3700 761 3770 praebuerit.
792 3698 929 3765 Qua
967 3699 1013 3755 si
1062 3699 1184 3755 ideo
1232 3698 1618 3757 immutaliilia
1660 3701 1825 3772 judi-

118 3799 351 3855 centur,
412 3789 711 3843 videamus
766 3788 838 3843 ab
906 3787 1044 3858 ipsis
1092 3787 1436 3843 saculorum
1498 3790 1826 3859 primordiis

120 3892 258 3948 qua
292 3877 623 3944 instituerit,
653 3890 785 3947 qua
814 3890 1050 3947 quoque
1081 3876 1345 3932 instituta
1393 3876 1549 3943 locis,
1601 3886 1826 3949 tempo-

121 3966 312 4032 ribus,
368 3964 743 4036 personisque
792 3964 1120 4021 mutaverit.
1169 3965 1330 4021 Certe
1384 3965 1440 4020 in
1507 3966 1824 4035 primorum

120 4054 432 4111 hominum
468 4054 697 4109 illorum
727 4053 1034 4120 creatione,
1077 4068 1209 4109 cum
1265 4054 1530 4124 pralatos
1574 4069 1673 4111 eos
1721 4061 1828 4110 ter-

120 4143 300 4209 renis,
321 4142 790 4213 aquatilibusque
814 4142 1109 4212 Scriptura
1128 4143 1384 4211 dixisset,
1409 4144 1587 4199 Deum
1616 4144 1830 4213 pariter

119 4231 342 4287 dixisse
378 4231 741 4287 subnexuit:
803 4232 947 4286 Ecce
1002 4231 1132 4286 dedi
1175 4246 1380 4287 omnem
1424 4232 1645 4286 herbam
1687 4233 1828 4302 affe-

116 4327 331 4377 rentem
355 4324 600 4388 fructum
633 4336 799 4391 super
842 4326 1065 4388 terram,
1120 4327 1171 4376 et
1207 4325 1464 4376 universa
1508 4324 1660 4389 tigna
1709 4337 1829 4392 qua

118 4412 328 4465 habent
356 4414 415 4464 in
443 4412 745 4480 semetipsis
773 4415 1061 4466 sementem
1089 4415 1299 4479 generis
1329 4413 1436 4477 sui,
1461 4417 1521 4465 ut
1541 4414 1654 4465 sint
1676 4411 1828 4465 vobis

1933 3260 2338 3317 controversia
2367 3273 2481 3315 vox
2511 3258 2730 3325 divina,
2765 3272 2896 3327 qua
2926 3259 3194 3327 superius
3223 3271 3350 3313 eam
3381 3258 3628 3314 domina

1932 3348 2289 3406 reconciliari
2353 3355 2716 3418 praceperat,
2776 3345 2990 3413 intulit,
3047 3355 3101 3402 et
3172 3346 3339 3417 quasi
3403 3347 3626 3417 pristini

1933 3438 2109 3494 oblita
2134 3436 2376 3496 consilii.
2407 3435 2716 3507 postposito
2746 3434 3062 3502 Abraham,
3098 3434 3252 3491 Sara
3289 3435 3526 3491 mandat
3568 3434 3628 3491 in

1931 3526 2202 3582 omnibus
2228 3524 2463 3581 obediri.

2007 3614 2278 3683 Pracepit
2310 3621 2583 3683 praterea
2612 3613 2761 3669 Deus
2788 3627 2859 3668 ne
2888 3612 3174 3683 sculptile,
3207 3628 3277 3670 ne
3317 3613 3629 3683 conﬂatile,

1933 3717 2006 3759 ne
2035 3716 2153 3773 qua
2183 3702 2516 3769 similitudo,
2544 3717 2617 3757 ne
2648 3701 2803 3772 quod
2842 3702 3072 3769 signum
3135 3702 3192 3758 in
3242 3710 3392 3758 terra
3439 3710 3632 3759 vestra

1933 3793 2272 3864 erigeretur,
2304 3799 2358 3848 et
2391 3800 2582 3847 tamen
2613 3791 2671 3846 in
2716 3791 3088 3847 tabernaculo
3136 3792 3471 3856 Cherubim,
3515 3794 3633 3849 Do-

1933 3883 2090 3937 mino
2137 3880 2397 3952 jubente,
2449 3888 2585 3936 sunt
2637 3879 2883 3949 sculpta.
2937 3878 3082 3946 Quid
3128 3880 3313 3936 dicam
3365 3881 3433 3937 de
3473 3895 3631 3937 aneo

1935 3976 2196 4040 serpente
2238 3968 2434 4041 ignitis
2474 3969 2697 4039 objecta
2744 3968 3127 4037 serpentibus,
3178 3968 3248 4024 ad
3298 3983 3470 4039 quem
3517 3976 3634 4025 toto

1934 4059 2210 4115 exercitui
2244 4057 2609 4125 eminentem,
2644 4057 2745 4127 qui
2791 4070 3102 4127 percussus
3152 4058 3478 4126 respiceret,
3523 4058 3631 4113 sal-

1935 4155 2174 4203 varetur
2192 4146 2220 4201 ‘2
2241 4147 2391 4203 Num
2419 4146 2673 4218 signum,
2696 4160 2839 4201 num
2866 4144 3178 4201 similitudo
3202 4144 3346 4201 fuit?
3371 4146 3442 4201 Et
3461 4153 3631 4215 certe,

1938 4235 2084 4291 libro
2112 4237 2333 4307 Regum
2368 4243 2524 4301 teste,
2557 4248 2743 4306 usque
2781 4234 2852 4290 ad
2895 4234 3149 4290 Ezechia
3198 4243 3457 4305 tempora
3500 4249 3634 4290 eum

1936 4324 2163 4381 coluere
2192 4325 2369 4381 thura
2394 4324 2703 4381 cremando
2731 4323 2913 4379 Judai
2939 4338 2954 4393 ;
2986 4331 3039 4379 ct
3065 4323 3232 4393 plane
3267 4338 3383 4379 non
3414 4324 3636 4380 nescie-

1938 4414 2036 4469 bat
2088 4412 2241 4469 Deus
2293 4413 2449 4470 illius
2497 4413 2792 4469 institutor
2837 4413 3062 4480 ostenti,
3116 4413 3267 4468 istud
3312 4427 3515 4470 eorum
3563 4413 3637 4469 ad

117 4503 179 4554 in
210 4514 391 4554 escam
417 4498 574 4569 (Gen.
622 4513 661 4567 ι,
694 4500 809 4568 29).
857 4498 931 4554 At
972 4498 1306 4569 cataclysmi
1345 4506 1550 4555 exacta
1600 4499 1819 4569 pluvia,
1860 4498 1907 4555 D
1939 4499 2089 4556 idola
2123 4500 2467 4571 proclivium
2500 4514 2711 4572 magno
2738 4500 3055 4556 valiturum
3101 4503 3301 4556 errori.
3359 4503 3491 4569 Hoc,
3542 4501 3638 4557 in-

118 4604 257 4646 cum
291 4588 412 4644 Noe
442 4595 495 4644 et
523 4588 655 4643 ﬁliis
695 4588 824 4659 ejus
868 4588 1121 4643 secundo
1168 4589 1424 4659 ejusdem
1477 4589 1828 4659 pralationis

118 4678 306 4734 verba
338 4676 595 4744 fudisset,
628 4676 896 4733 addidit:
948 4677 1138 4732 Omnes
1183 4680 1357 4747 pisces
1404 4681 1595 4732 manui
1638 4683 1828 4733 vestra

119 4767 329 4821 traditi
373 4771 519 4832 sunt,
566 4770 617 4820 et
643 4782 794 4820 omne
824 4766 971 4836 quod
1013 4773 1257 4821 movetur
1295 4773 1343 4821 et
1376 4769 1517 4821 vivit
1546 4770 1652 4821 erit
1678 4768 1828 4822 vobis

120 4858 179 4910 in
227 4856 432 4922 cibum,
487 4859 707 4925 excepto
770 4855 917 4924 quod
970 4870 1185 4909 carnem
1239 4871 1357 4910 eum
1406 4859 1674 4918 sanguine
1723 4872 1830 4911 non

119 4944 413 4999 comedetis
443 4944 595 5013 (Gen.
630 4957 709 5012 ix,
739 4945 793 5009 2,
830 4946 907 5010 3).
941 4944 1127 5000 Habes
1170 4944 1350 5000 Deum
1403 4956 1657 5001 mutasse
1698 4959 1828 5001 sen-

120 5033 389 5100 tentiam,
425 5042 491 5088 ut
521 5032 592 5088 de
637 5033 1001 5103 graminibus
1048 5034 1118 5089 ad
1170 5034 1435 5090 carnium
1488 5034 1682 5090 edulia
1725 5048 1829 5090 nos

119 5120 374 5177 laxaret.
410 5120 672 5191 Denique
697 5121 804 5178 sub
836 5122 1027 5193 Moyse
1056 5136 1191 5179 cum
1242 5123 1310 5179 de
1356 5136 1562 5179 esuum
1612 5123 1831 5179 discre-

118 5211 279 5267 tione
339 5218 631 5278 tractaret,
693 5212 861 5281 quasi
920 5210 1096 5268 oblito
1139 5212 1296 5283 quod
1355 5220 1641 5269 annuerat
1687 5212 1826 5280 istis,

119 5313 294 5357 omne
351 5298 563 5355 scilicet
611 5300 767 5369 quod
816 5307 1081 5357 movetur
1133 5308 1189 5358 et
1236 5301 1400 5371 vivit,
1463 5302 1521 5357 in
1562 5315 1825 5371 munera,

118 5385 348 5443 comedi
379 5386 582 5442 vetuit.

190 5475 384 5531 Adam
438 5487 674 5544 quoque
728 5488 914 5531 uxore
978 5474 1087 5530 sibi
1160 5474 1460 5531 exhibita:
1524 5477 1826 5546 Relinquet,

119 5561 341 5633 inquit,
373 5562 529 5616 homo
556 5565 788 5630 patrem,
831 5566 881 5617 et
928 5568 1179 5631 matrem,
1235 5569 1285 5617 et
1323 5564 1620 5619 adhaerebit
1664 5567 1831 5619 umori

118 5664 231 5705 sua
264 5651 430 5721 (Gen.
484 5664 543 5717 ιι,
593 5649 705 5719 24).
758 5649 883 5705 Non
922 5650 1114 5707 dixit:
1170 5651 1372 5718 Homo,
1421 5652 1534 5707 Deo
1582 5659 1723 5708 tunc
1775 5660 1832 5709 et

118 5740 413 5809 sapientia
475 5737 702 5808 plenus,
759 5738 1071 5795 adhanebit
1118 5739 1421 5807 uxoribus,
1472 5740 1571 5796 sed
1634 5740 1828 5807 uxori,

1938 4603 2139 4660 quam,
2199 4598 2403 4645 contra
2458 4603 2567 4645 sua
2617 4589 2663 4646 si
2713 4589 2901 4647 dicere
2953 4589 3219 4658 audeam,
3274 4589 3416 4646 scita
3465 4588 3640 4661 jussit

1938 4677 2108 4734 Deus.

2009 4766 2472 4823 Tabernaculum
2504 4780 2640 4823 vero
2674 4767 2884 4838 ipsum,
2918 4766 3071 4837 quod
3092 4767 3165 4823 ab
3196 4767 3324 4823 imis
3350 4767 3420 4823 ad
3441 4780 3641 4837 supre-

1940 4869 2033 4911 ma
2065 4856 2291 4925 proprio
2324 4855 2476 4911 Deus
2500 4856 2724 4912 orditus
2754 4863 2838 4912 est
2865 4872 2981 4923 ore,
3017 4855 3282 4912 Salomon
3314 4870 3467 4911 nova
3495 4855 3639 4911 adi-

1941 4944 2204 5000 ﬂcatione
2233 4944 2510 5011 destituit,
2543 4945 2602 5000 in
2639 4952 2864 5002 tantum
2895 4952 2959 5001 ut
2988 4944 3309 5017 sacrilegio,
3335 4947 3449 5001 imo
3476 4944 3643 5000 idolo-

1939 5034 2121 5090 latria
2161 5033 2467 5098 diceretur,
2509 5033 2555 5089 si
2607 5033 2742 5104 quis
2797 5041 2923 5104 post
2981 5033 3175 5104 templi
3224 5034 3639 5090 dedicationem

1937 5136 2006 5178 ea
2033 5122 2155 5177 loca
2196 5122 2360 5179 cultu
2389 5121 2588 5192 aliquo
2632 5130 3020 5193 respectasset.
3059 5122 3220 5178 Unde
3241 5130 3296 5178 et
3320 5122 3376 5178 in
3409 5121 3640 5178 calum—

1938 5212 2098 5267 niam
2131 5210 2273 5267 illud
2307 5210 2507 5266 crebro
2532 5209 2746 5266 dicitur
2776 5226 2789 5265 :
2822 5212 3019 5266 Adhuc
3060 5213 3298 5281 populus
3327 5212 3644 5268 immolabat

1938 5302 1999 5353 in
2029 5301 2253 5355 excelsis
2301 5299 2401 5371 (IV
2432 5300 2563 5367 Reg.
2619 5313 2740 5368 xiv,
2787 5298 2867 5369 4).
2914 5300 3018 5356 Cui
3069 5307 3260 5356 tamen
3307 5300 3541 5371 templo,
3587 5308 3644 5357 et

1940 5396 2092 5456 ante,
2126 5396 2180 5445 et
2210 5397 2334 5459 post
2362 5386 2797 5443 aditicationem
2836 5388 3001 5444 favor
3045 5388 3280 5444 divinus
3340 5388 3499 5445 haud
3542 5388 3642 5446 de-

1938 5475 2067 5533 fuit.

2010 5569 2258 5633 Aurum,
2305 5570 2634 5635 argentum,
2694 5576 2852 5631 vasa,
2911 5570 2966 5620 et
3010 5571 3196 5620 vestes
3237 5564 3642 5636 Egyptiorum

1940 5661 2147 5711 mutuo
2178 5653 2330 5709 Deus
2356 5652 2429 5707 ab
2458 5652 2540 5706 eis
2570 5650 2828 5721 accipere
2856 5664 2959 5706 vos
2991 5650 3265 5720 jusserat,
3319 5655 3469 5704 πο
3511 5663 3645 5719 qua

1941 5741 2199 5799 humane
2229 5740 2392 5798 vobis
2423 5739 2692 5810 prastita,
2749 5738 3088 5807 inhumane,
3121 5745 3187 5793 ut
3211 5737 3462 5806 videtur,
3503 5736 3646 5792 satis
