3956 6436
152 375 250 426 521

937 341 1194 427 ΤΒΑΟΤ.
1241 371 1332 426 DE
1373 371 1892 428 INCARNATIONE
1932 370 2202 428 CONTRA
2228 371 2764 429 JUDEOS.-—-LIB.
2799 375 2896 428 III.

3578 381 3682 432 522

145 503 375 573 aliquid
409 503 478 558 de
512 502 915 571 spiritualitate
945 510 1264 559 senserunt.
1310 502 1427 558 Etsi
1464 501 1616 558 enim
1659 503 1715 557 in
1747 502 1870 572 lege
1907 505 2104 569 Anus,
2144 504 2507 569 inclamatur,
2555 506 2648 561 hic
2696 521 2832 561 vero
2879 509 3041 561 Pater
3080 514 3261 562 noster
3301 510 3684 579 appellandus

144 599 257 647 tua
287 592 534 646 dicitur:
570 591 673 656 Qui
700 595 808 645 hac
849 594 1042 657 fecerit
1082 593 1170 646 vel
1223 591 1318 646 illa
1374 592 1664 658 mandata,
1720 595 1864 645 vivet

142 682 209 732 in
238 683 313 733 eis
343 680 533 749 (Levii.
559 695 716 746 xvui,
751 682 822 745 5),
855 694 1158 749 nunquam
1194 688 1381 735 tamen
1421 687 1521 746 est,
1574 687 1858 749 quantum

143 769 220 822 ad
254 771 531 832 animam,
584 771 896 838 quisquam
943 769 1156 824 vixisse
1195 769 1536 833 credendus,
1585 769 1688 839 qui
1743 783 1859 824 non

142 871 347 913 amore
372 867 426 913 et
451 859 559 912 tide
589 859 941 913 caaremoniis
976 858 1085 912 illis
1135 859 1440 913 inhzeserit.
1495 859 1655 914 Unde
1702 859 1856 927 apud

143 946 503 1002 Ezechielem
572 947 828 1016 legitur:
891 961 1024 1002 cum
1087 946 1238 1002 enim
1308 947 1718 1016 improperaret
1775 948 1858 1003 eis

141 1035 652 1102 praevaricationes
682 1035 752 1090 ab
783 1037 864 1090 eis
900 1035 957 1090 iu
998 1036 1219 1090 deserto
1245 1035 1458 1103 Efactas,
1501 1035 1857 1091 idololatria-

141 1137 286 1178 rum
337 1125 625 1188 incursus,
678 1124 1182 1193 Sabbatorumque
1218 1124 1492 1191 incurias,
1554 1125 1626 1179 ad
1666 1133 1854 1180 extre-

139 1225 314 1266 mum
365 1211 561 1266 intulit
618 1213 807 1266 Deus:
860 1215 1004 1280 Ergo
1051 1217 1101 1266 et
1137 1228 1231 1278 ego
1279 1212 1407 1266 dedi
1454 1215 1530 1267 eis
1584 1218 1857 1282 praecepta

134 1315 260 1354 non
308 1301 464 1357 bona.
527 1305 576 1354 et
621 1301 836 1369 judicia
877 1303 937 1354 in
991 1301 1187 1370 quibus
1225 1317 1330 1354 non
1359 1304 1560 1366 vivent,
1594 1307 1644 1354 et
1683 1303 1857 1372 pollui

134 1391 208 1442 in
261 1391 572 1451 muneribus
628 1393 765 1452 suis,
815 1405 934 1443 cum
977 1389 1232 1457 offerrent
1276 1405 1428 1443 omne
1471 1390 1617 1458 quod
1676 1393 1856 1459 aperit

130 1479 370 1532 vulvam
434 1483 657 1547 propter
722 1478 921 1532 delicta
983 1493 1084 1532 sua
1147 1478 1363 1549 (Ezech.
1423 1493 1522 1545 xx,
1579 1482 1666 1545 25,
1735 1482 1849 1546 26).

130 1565 337 1632 Quare
391 1581 506 1622 non
568 1565 740 1631 bona,
792 1581 923 1622 cum
966 1567 1140 1637 juxta
1188 1568 1508 1637 apsotolum
1567 1575 1848 1636 nostrum,

132 1655 239 1709 lex
282 1655 355 1710 sit
397 1663 616 1720 sancta,
649 1663 705 1710 et
745 1656 1085 1710 mandatum
1135 1663 1188 1710 et
1229 1657 1453 1725 justum
1494 1663 1547 1711 et
1596 1654 1851 1711 bonum?

127 1743 318 1813 (Rom.
377 1759 473 1810 νη,
533 1743 650 1813 12.)
697 1743 972 1799 Corticem
1049 1751 1104 1799 et
1155 1758 1282 1799 ossa
1340 1744 1676 1800 rodentibus
1734 1758 1850 1798 non

125 1828 326 1896 bona;
355 1827 627 1882 interiora
659 1828 1033 1896 carpentibus
1064 1828 1242 1894 utilis,
1294 1829 1708 1898 utentibusque
1741 1843 1851 1883 me-

124 1917 325 1972 dulla.
359 1915 425 1970 Hi
474 1924 609 1971 sunt
663 1917 881 1971 inimici
929 1917 986 1972 in
1039 1918 1276 1986 psalmo,
1343 1919 1443 1986 qui
1491 1925 1699 1972 terram
1746 1917 1851 1972 lin-

123 2013 290 2076 gunt
321 2005 484 2074 (Psal.
516 2019 671 2071 LxxI,
707 2007 780 2075 9).
822 2005 1001 2060 Pollui
1034 2021 1128 2061 eos
1175 2007 1231 2059 in
1275 2007 1635 2070 muneribus,
1677 2007 1845 2060 etiam

122 2108 274 2149 cum
334 2094 537 2164 legalia
591 2094 716 2163 ipsa
775 2101 1060 2162 praecepta
1125 2094 1494 2162 complerent,
1556 2093 1846 2149 offerendo

119 2181 405 2236 videlicet
455 2195 622 2236 omne
671 2181 826 2250 quod
879 2181 1063 2250 aperit
1107 2181 1364 2248 vulvam,
1415 2195 1547 2237 cum
1589 2181 1648 2236 in
1711 2182 1846 2250 ipsis

118 2285 231 2326 eos
272 2269 492 2324 ostendi
542 2269 792 2338 pollutos
838 2269 1198 2335 muneribus,
1233 2270 1374 2325 dum
1409 2270 1553 2325 nihil
1594 2269 1844 2327 oll‘erunt

119 2373 244 2428 pro
270 2357 528 2422 internis,
563 2359 658 2413 sed
692 2372 795 2427 pro
840 2358 1247 2414 exterioribus.
1281 2359 1442 2414 Unde
1486 2366 1570 2414 est
1610 2374 1622 2413 :
1658 2360 1846 2414 Oratio

117 2449 256 2516 ejus
285 2448 384 2509 [ἰαί
413 2450 471 2500 in
500 2451 777 2516 peccatum
824 2449 993 2513 (Psal.
1045 2462 1198 2514 CVIII,
1233 2447 1303 2517 8).
1342 2450 1591 2502 Lucrum
1641 2449 1845 2518 utique

116 2544 293 2606 petat
321 2550 354 2590 ο.
402 2536 515 2591 Deo
563 2535 891 2605 temporale,
947 2551 1062 2591 non
1110 2537 1312 2592 Deum.
1370 2537 1438 2592 In
1497 2536 1632 2606 ipsis
1675 2537 1844 2607 plane

115 2623 425 2680 mandatis
477 2625 596 2678 vita
641 2631 806 2689 esset,
855 2624 900 2679 si
965 2625 1144 2680 Deum
1193 2625 1324 2694 quis
1378 2639 1451 2680 ex
1507 2633 1622 2681 toto
1671 2627 1843 2682 corde

115 2713 439 2783 diligeret;
493 2712 574 2768 uti
635 2713 680 2768 si
732 2712 1060 2782 proximum
1111 2719 1360 2779 curaret,
1410 2712 1454 2768 si
1498 2713 1718 2770 furtum
1788 2722 1844 2770 et

115 2802 506 2857 mendacium
539 2809 858 2865 caveretur,
889 2801 1167 2871 frausque
1199 2816 1314 2857 non
1365 2801 1542 2857 ﬁeret.
1581 2803 1653 2859 At
1685 2819 1838 2872 cum,

116 2891 196 2945 iis
243 2889 600 2959 posthabitis,
656 2889 919 2945 inanium
966 2890 1193 2945 illorum
1244 2891 1462 2945 rituum
1511 2891 1842 2961 superstitio

113 2979 477 3044 celebratur,
511 2979 633 3033 sine
663 2978 856 3034 fructu
885 2979 1160 3033 mentium
1189 2992 1322 3034 caro
1355 2985 1620 3034 vexatur.

1973 593 2320 660 praedicatur
2351 594 2566 662 (Matth.
2602 610 2678 659 Vl,
2712 595 2784 664 9).
2839 596 2942 651 Hic
2983 595 3230 666 Spiritus
3275 607 3529 662 sanctus,
3578 600 3680 670 qui

1971 693 2133 735 amor
2161 688 2264 747 est,
2299 695 2398 750 pro
2431 683 2703 752 magistro
2733 682 3062 739 adhibetur.
3095 685 3199 740 Hic
3229 699 3344 741 non
3395 686 3452 742 in
3492 687 3681 757 lapide

1970 766 2079 833 lex,
2127 769 2225 823 sed
2269 770 2559 836 cordibus,
2603 770 3035 841 visceribusque
3092 773 3460 840 inscribitur;
3515 776 3675 845 quia,

1966 859 2030 910 ut
2062 856 2208 912 idem
2248 857 2389 911 alias
2439 859 2713 927 propheta
2762 867 3024 927 testatur,
3073 876 3170 916 cor
3209 863 3330 932 jam
3374 877 3672 931 carneum,

1963 943 2191 1000 sublato
2257 945 2498 1014 lapideo,
2578 946 2785 1016 spiritu
2859 962 3010 1003 novo
3094 949 3375 1006 imbuitur
3455 952 3672 1020 (Ezech.

1963 1045 2162 1088 xxxw.
2194 1034 2310 1091 26).
2343 1035 2526 1088 Tanta
2553 1048 2688 1090 vero
2730 1049 2830 1104 per
2863 1035 2959 1090 Dei
2993 1036 3239 1106 gratiam
3289 1038 3420 1093 fidei
3465 1048 3674 1096 nostra

1959 1121 2078 1190 jam
2110 1129 2192 1177 est
2224 1123 2532 1189 evidentia,
2566 1132 2632 1178 ut
2660 1137 2774 1179 non
2826 1125 2896 1180 sit
2945 1125 3318 1182 instruendus
3358 1127 3480 1197 jam
3525 1129 3676 1198 quis-

1964 1209 2116 1278 piam
2149 1211 2216 1265 de
2246 1210 2529 1266 incarnati
2572 1211 2671 1266 Dei
2707 1212 2830 1267 Filii
2874 1213 3096 1268 notitia.
3134 1215 3282 1282 (lam
3313 1214 3466 1270 enim
3497 1217 3672 1272 rudes

1963 1312 2129 1367 aeque
2154 1308 2218 1354 ut
2251 1299 2400 1354 docti
2431 1307 2649 1354 norunt
2675 1301 2816 1370 quia
2844 1301 2964 1370 ipse
3007 1309 3091 1357 est
3139 1303 3243 1372 qui
3289 1303 3362 1358 ad
3410 1305 3670 1361 omnium

1963 1389 2120 1442 venit
2145 1387 2435 1443 abluenda
2459 1389 2756 1458 crimina.)
2803 1389 2905 1444 Sed
2954 1391 3076 1460 jam
3121 1391 3333 1460 passim
3372 1392 3441 1447 de
3486 1396 3671 1449 corri-

1963 1475 2165 1545 gendis
2194 1476 2464 1545 operibus
2496 1483 2552 1532 et
2587 1477 2843 1532 moribus
2868 1477 2940 1533 sit
2969 1479 3252 1534 doctrina.

2616 1565 2849 1622 CAPUT
2892 1566 3014 1622 VII.

2032 1655 2119 1706 Ea:
2167 1653 2352 1705 Vetere
2402 1655 2526 1706 item
2571 1656 2906 1707 Testamento
2945 1655 3178 1710 ostendit
3223 1657 3430 1712 Christi
3463 1659 3668 1713 adven-

1961 1739 2092 1788 tum.
2128 1765 2195 1776 —-
2221 1736 2519 1792 Translata
2558 1737 2756 1806 igitur,
2783 1752 2898 1792 non
2925 1739 3152 1805 obruto,
3207 1741 3321 1796 tuis
3351 1742 3485 1796 olim
3533 1742 3667 1798 dato

1889 1802 1930 1856 Β
1960 1824 2218 1892 patribus
2260 1832 2618 1892 testamento,
2667 1825 2738 1880 ad
2783 1827 3028 1882 sanioris
3073 1829 3452 1884 observantiae
3497 1829 3668 1885 intel-

1959 1911 2156 1978 lectus,
2181 1913 2323 1982 quid
2374 1913 2510 1968 mihi
2541 1927 2798 1983 porcum,
2834 1915 3083 1984 leporem
3123 1923 3177 1971 et
3214 1925 3483 1983 ostream,
3528 1919 3668 1989 qui—

1958 1999 2067 2054 bus
2116 2002 2424 2066 vescimur,
2477 2015 2730 2072 nequam
2776 2003 2990 2070 Judzne,
3036 2004 3277 2073 objicis?
3325 2006 3544 2075 Templi
3577 2007 3661 2063 tui

1953 2088 2197 2156 vestigia
2257 2089 2419 2144 nulla
2473 2097 2806 2159 supersunt,
2873 2093 3166 2161 pontilicia
3221 2093 3548 2161 subsedere,
3600 2102 3664 2150 ut

1955 2175 2102 2230 idem
2126 2175 2238 2231 fere
2269 2191 2453 2246 genus
2478 2186 2696 2233 constet
2723 2179 3005 2234 abolitum
3053 2181 3238 2253 gentis
3271 2191 3404 2245 tua),
3437 2182 3660 2252 ubique

1954 2271 2242 2319 terrarum
2289 2265 2670 2334 dispersiones
2713 2267 3004 2323 oberrant.
3061 2269 3402 2325 Sanctuario
3443 2270 3658 2341 itaque,

1952 2352 2285 2420 sacerdotio,
2344 2367 2540 2423 regno,
2595 2353 2837 2424 ipsaque
2885 2370 3026 2425 pene
3071 2366 3240 2427 gente
3289 2359 3654 2425 vacantibus,

1955 2439 2068 2495 imo
2129 2441 2456 2506 destructis,
2512 2442 2646 2512 quis
2686 2452 2857 2499 restat
2907 2445 3045 2515 legis
3079 2453 3273 2501 tenor!
3319 2447 3457 2502 Tota
3506 2448 3659 2503 enim

1952 2527 2129 2584 ferme
2160 2530 2252 2584 lex
2298 2533 2355 2585 in
2403 2531 2699 2601 diligentia
2732 2533 2927 2603 templi
2971 2548 3038 2590 ac
3082 2534 3383 2592 sacerdotii
3432 2538 3658 2606 pendet.

1953 2616 2263 2686 Postquam
2291 2620 2438 2675 hanc
2487 2621 2770 2677 universae
2821 2622 2960 2692 legis
3002 2637 3312 2691 summam,
3357 2639 3471 2680 non
3511 2625 3657 2681 alter

1950 2718 2127 2776 quam
2159 2707 2312 2763 Deus
2346 2709 2460 2777 ipse
2490 2709 2743 2775 subruit,
2787 2711 2929 2781 quid
2961 2711 3030 2766 de
3087 2720 3427 2769 caeterorum
3457 2727 3661 2782 prince-

1950 2802 2180 2864 ptorum
2228 2797 2491 2853 minutiis
2537 2798 2730 2855 dices?
2779 2800 2960 2855 Audis
3008 2801 3143 2855 novi
3181 2802 3387 2857 sideris
3431 2802 3522 2872 [[2,
3558 2803 3658 2859 fae-

1949 2882 2124 2954 deris]
2160 2886 2501 2954 pactionem,
2532 2887 2704 2956 cujus
2751 2897 3104 2957 superventu
3145 2904 3310 2945 nemo
3345 2891 3657 2948 adnihilari

1948 2971 2175 3026 dubitat
2230 2981 2593 3030 vetustatem.
2645 2976 2826 3032 Cuine
2893 2978 3144 3047 imputas
3189 2980 3344 3048 quod
3394 2981 3651 3036 dicitur:

194 3066 487 3132 Quoniam
516 3081 653 3137 ergo
687 3066 1191 3136 prosequebamini
1229 3081 1426 3122 omnes
1456 3066 1838 3136 conspicabile
1876 3099 1919 3157 ο
1948 3065 2095 3157 ξθβ
2128 3063 2300 3157 Τιιήεε
2347 3063 2608 3157 ξαεενάοε
2656 3067 2716 3116 in
2766 3071 3024 3119 mentum
3064 3067 3356 3121 secundum
3409 3069 3654 3125 Ordinem

113 3169 341 3224 corpus
391 3162 446 3208 et
499 3155 643 3208 nihil
695 3154 1028 3223 pendebatis
1077 3153 1354 3221 animam,
1415 3169 1546 3224 quae
1606 3154 1835 3221 latebat,

114 3243 568 3299 voluittandem
610 3243 763 3298 Deus
802 3242 989 3309 nobis,
1025 3243 1138 3297 imo
1183 3242 1229 3297 si
1283 3242 1608 3298 voluissetis
1652 3244 1834 3310 vobis,

113 3347 245 3388 non
273 3332 397 3402 jam
439 3332 794 3402 exemplaria
836 3345 1129 3398 verorum,
1175 3332 1274 3387 sed
1316 3331 1437 3401 ipsa
1488 3347 1644 3401 vera,
1664 3342 1718 3388 et
1753 3348 1838 3389 sa-

113 3421 235 3477 luti
263 3421 542 3477 viciniora
579 3421 930 3493 producere;
971 3420 1089 3490 ipse
1139 3421 1293 3476 enim
1341 3434 1440 3490 per
1482 3422 1834 3490 praedictum

116 3511 470 3582 prophetam
518 3510 952 3582 przestillaverat
1003 3510 1184 3565 vobis.
1219 3511 1380 3578 Ecce,
1444 3509 1654 3581 inquit,
1722 3512 1836 3567 dies

115 3601 374 3665 veniunt,
431 3598 567 3654 dicit
618 3601 894 3664 Dominus,
945 3604 995 3653 et
1047 3600 1252 3665 feriam
1298 3598 1484 3653 domui
1535 3588 1737 3666 Israel,
1786 3607 1838 3656 et

117 3688 320 3743 domui
370 3688 518 3744 Iuda.
571 3688 748 3755 foedus
807 3703 1023 3755 novum,
1093 3703 1199 3741 non
1255 3688 1548 3743 secundum
1613 3695 1834 3759 pactum

120 3777 278 3846 quod
331 3779 520 3847 pepigi
556 3792 676 3832 cum
712 3777 968 3846 patribus
1009 3792 1210 3843 eorum,
1261 3779 1321 3831 in
1370 3779 1460 3832 die
1489 3793 1599 3846 qua
1629 3795 1835 3848 appre-

121 3865 303 3920 hendi
362 3881 582 3920 manum
648 3881 847 3933 eorum,
924 3871 984 3919 ut
1049 3865 1325 3919 educerem
1401 3881 1486 3920 eos
1551 3867 1617 3921 de
1689 3875 1836 3924 terra

119 3956 390 4024 ngypti.
433 3960 656 4024 pactum
701 3956 845 4023 quod
885 3957 1110 4008 irritum
1147 3957 1420 4021 fecerunt;
1450 3957 1544 4011 sed
1591 3958 1684 4012 hoc
1731 3962 1836 4013 erit

119 4049 354 4113 pactum
429 4045 574 4112 quod
627 4047 827 4111 feriam
892 4061 1012 4098 cum
1071 4043 1225 4098 domo
1275 4047 1482 4100 Israel:
1537 4048 1664 4101 Post
1719 4048 1834 4102 dies

120 4134 252 4188 illos
305 4133 444 4187 dabo
494 4135 661 4202 legem
707 4149 880 4188 meam
934 4136 995 4188 in
1049 4133 1345 4188 visceribus
1403 4150 1606 4204 eorum,
1668 4141 1718 4190 et
1777 4139 1835 4191 in

123 4222 292 4276 corde
321 4238 502 4276 eorum
540 4223 778 4277 scribam
827 4238 964 4290 eam,
1012 4227 1062 4277 et
1102 4239 1209 4277 non
1256 4223 1518 4278 docebunt
1562 4226 1711 4279 ultra
1746 4229 1834 4280 vir

118 4313 445 4380 proximum
505 4327 684 4381 suum,
732 4317 782 4365 et
849 4313 938 4366 vir
969 4314 1203 4378 fratrem
1255 4327 1414 4366 suum
1464 4313 1686 4368 dicens:
1724 4318 1830 4370 Co-

123 4415 323 4468 gnosce
369 4401 693 4467 Dominum;
746 4416 922 4456 omnes
975 4403 1116 4455 enim
1157 4407 1470 4468 cognoscent
1516 4418 1599 4456 me
1645 4419 1679 4456 a
1732 4406 1836 4458 mi-

123 4491 278 4542 nimo
321 4504 489 4559 usque
527 4489 602 4543 ad
637 4491 959 4557 maximum,
1005 4491 1138 4559 quia
1181 4491 1524 4558 propitiabor
1571 4494 1836 4560 iniquita-

127 4578 278 4631 tibus
305 4593 504 4644 eorum,
556 4589 604 4632 et
644 4581 856 4648 peccati
895 4593 1077 4633 eorum
1106 4594 1211 4633 non
1241 4594 1328 4633 ero
1354 4594 1554 4633 memor
1597 4582 1834 4649 amplius

128 4665 259 4733 (Jer.
315 4680 473 4734 xxxv,
535 4667 733 4736 31-35).
788 4667 896 4723 Ubi
950 4680 1169 4722 novum
1217 4666 1402 4722 fmdus
1444 4681 1477 4722 a
1537 4671 1642 4724 Deo
1700 4684 1833 4726 cum

125 4753 301 4809 domo
346 4755 517 4811 Israel
567 4755 786 4824 percuti
830 4755 1060 4820 dicitur,
1105 4755 1163 4810 in
1220 4757 1396 4812 veteri
1437 4757 1560 4826 jam
1590 4772 1624 4812 a
1674 4758 1836 4815 vobis

125 4839 340 4898 findere
373 4851 504 4899 noto
533 4844 780 4909 vivitur;
816 4851 881 4900 ut
923 4843 1078 4899 enim
1116 4844 1296 4900 nostri
1338 4845 1592 4914 Apostoli
1645 4848 1837 4904 verbis

126 4937 287 4999 utar,
316 4930 413 4985 ubi
439 4931 631 4987 dixit:
674 4933 882 4987 Novum
920 4934 1185 4987 veteravil
1236 4934 1416 5002 prius,
1468 4934 1613 5001 quod
1659 4940 1838 4990 autem

125 5021 456 5087 antiquatur
486 5025 536 5074 et
569 5023 795 5075 senescit
829 5036 996 5090 prope
1033 5020 1316 5076 interitum
1347 5027 1426 5076 cst
1479 5022 1662 5092 (Hebr.
1715 5039 1836 5094 VIII,

131 5108 246 5176 l3).
290 5107 396 5162 Sed
445 5115 652 5178 quatre
686 5115 854 5165 vetus
900 5109 1134 5174 dicitur,
1187 5109 1294 5164 nisi
1338 5109 1478 5178 quia
1527 5111 1749 5168 caduca
1783 5121 1840 5169 et

126 5202 359 5251 mature
391 5196 669 5266 peritura,
708 5197 957 5253 visibilia
986 5197 1270 5264 videlicet,
1311 5199 1698 5267 repromittit?

201 5284 334 5340 llud
381 5293 573 5340 autem
619 5287 752 5355 jure
797 5301 1034 5354 novum,
1077 5285 1219 5356 quia
1254 5287 1732 5357 incorruptibilia,
1786 5297 1842 5346 et

131 5370 268 5426 solis
317 5371 742 5429 immortalibus
780 5375 962 5430 oculis
1015 5374 1346 5444 conspicua,
1407 5377 1583 5432 nullis
1637 5378 1842 5434 usibus

131 5461 450 5528 atterenda,
481 5461 777 5531 promittit.
818 5463 934 5518 Nec
979 5463 1302 5519 secundum
1343 5462 1480 5519 illud
1531 5473 1634 5532 est,
1686 5467 1841 5536 quod

134 5560 270 5604 cum
298 5550 500 5606 vestris
530 5549 589 5604 in
619 5564 810 5607 eremo
833 5559 1065 5621 pactum
1104 5558 1189 5607 est
1237 5552 1521 5621 patribus,
1567 5555 1707 5624 quia
1764 5554 1841 5611 ibi

135 5635 313 5693 minis
339 5644 395 5695 et
421 5638 740 5695 terroribus
769 5639 838 5694 ad
881 5639 1114 5710 singula
1156 5645 1460 5708 praecepta,
1504 5643 1618 5706 Ego
1657 5643 1844 5696 Domi-

502 5737 775 5802 PATROL.
830 5737 1034 5806 CLVI.

1945 3149 2570 3220 Melchisedech?(Psal.
2623 3166 2737 3219 eix,
2787 3153 2868 3223 4.)
2917 3153 3100 3223 Cujus
3135 3155 3204 3208 ad
3258 3156 3441 3210 Deum
3490 3157 3648 3227 loqui

1945 3235 2006 3290 in
2067 3237 2284 3305 psalmo
2343 3252 2642 3307 personam
2705 3242 2919 3309 putas?
2971 3242 3336 3311 Sacriﬁcium,
3369 3245 3557 3313 inquit
3603 3251 3654 3300 et

1945 3323 2268 3379 oblationem
2343 3329 2588 3396 noluisti,
2657 3344 2815 3383 aures
2876 3334 3054 3383 autem
3127 3334 3407 3399 perfecisti
3488 3335 3644 3388 mihi.

1945 3414 2326 3468 Holocaustum
2363 3422 2414 3471 et
2446 3432 2545 3485 pro
2587 3423 2805 3486 peccato
2851 3433 2958 3472 non
2989 3421 3300 3488 postulasti,
3337 3425 3462 3475 tunc
3504 3421 3645 3484 disci,

1943 3501 2088 3557 Ecce
2131 3506 2328 3558 venio?
2358 3504 2521 3574 (Psal.
2548 3521 2742 3572 XXXIX,
2773 3510 2826 3573 7,
2892 3506 2967 3576 8.)
3019 3509 3072 3563 Si
3125 3509 3196 3563 ad
3247 3509 3428 3564 David
3471 3510 3650 3566 verba

1945 3590 2067 3647 hac
2099 3592 2330 3661 referas,
2377 3594 2470 3649 cui
2531 3595 2680 3650 Deus
2733 3595 2856 3651 ideo
2895 3610 3065 3652 aures
3121 3596 3388 3665 effecerit,
3459 3599 3513 3655 id
3564 3609 3648 3657 est

1943 3680 2324 3737 obedientiam
2403 3683 2639 3751 dederit,
2725 3686 2864 3754 quia
2943 3687 3226 3742 sacrificia
3305 3688 3642 3759 neglexerit,

1940 3771 2317 3840 tequipollens
2371 3771 2452 3827 illi
2509 3775 2805 3828 sententiae
2860 3774 2968 3830 erit
3005 3790 3017 3829 :
3049 3777 3242 3830 Melior
3295 3782 3372 3832 est
3436 3778 3648 3835 scilicet

1941 3859 2246 3914 obedientia
2266 3863 2678 3930 quamvictimz
2707 3863 2766 3927 (Ι
2802 3864 2934 3930 Reg.
2978 3877 3074 3928 xv,
3130 3867 3242 3934 22).
3277 3864 3331 3920 Si
3381 3867 3454 3922 ad
3504 3867 3644 3924 Mes-

1942 3947 2106 4014 siam,
2147 3962 2317 4016 quem
2367 3948 2614 4003 inaniter
2653 3950 3005 4018 prastolaris
3046 3959 3235 4019 tuum,
3283 3952 3489 4008 falsum
3539 3961 3643 4022 est,

1943 4035 2083 4106 quia
2109 4050 2240 4090 eum
2272 4036 2522 4092 aestimas
2563 4037 2983 4107 subjectissime
3015 4039 3083 4094 iis
3121 4043 3478 4097 caeremoniis
3522 4056 3647 4099 ser-

1940 4124 2227 4180 viturum.

2015 4211 2190 4268 Porro
2220 4212 2265 4268 si
2293 4213 2364 4268 ad
2401 4213 2714 4275 Christum,
2766 4213 2884 4284 ipse
2935 4216 3311 4287 singulariter
3369 4217 3538 4288 plane
3579 4235 3647 4273 ea:

1940 4302 2012 4356 iis
2065 4317 2183 4370 qua
2224 4317 2418 4370 passus
2467 4309 2546 4358 est
2594 4301 2793 4357 didicit
2835 4304 3194 4360 obedientiam
3226 4306 3409 4376 (Hebr.
3459 4323 3515 4377 ν,
3567 4309 3643 4378 8),

1875 4401 1918 4454 Ι)
1943 4390 2084 4459 quia
2114 4390 2484 4457 holocaustis,
2516 4399 2570 4447 et
2603 4406 2704 4461 pro
2753 4401 2982 4461 peccato
3034 4394 3368 4451 nullatenus
3426 4395 3644 4466 placari

1943 4477 2220 4534 didicerat
2281 4480 2526 4536 Patrem.
2588 4480 2731 4536 Cum
2791 4482 2958 4538 multi
3023 4483 3236 4539 fuerint
3302 4485 3646 4553 sacerdotes,

1944 4567 2077 4638 quis
2104 4582 2301 4623 eorum
2325 4568 2542 4623 exstitit
2570 4567 2628 4624 in
2677 4572 2996 4626 internum?
3033 4571 3171 4638 Quis
3219 4586 3354 4628 vero
3379 4581 3650 4640 aeternus,

1943 4655 2052 4712 nisi
2093 4657 2283 4712 Deus?
2319 4657 2495 4712 Deum
2533 4665 2725 4713 autem
2779 4659 3131 4715 sacerdotem
3166 4660 3275 4715 dici
3330 4676 3649 4731 nusquam,

1943 4759 2008 4809 ut
2039 4766 2167 4809 reor
2214 4753 2490 4821 invenies,
2535 4755 2646 4809 nisi
2687 4754 2979 4811 Christum
3031 4756 3335 4828 intelligas.
3383 4757 3650 4816 Christus

1943 4864 2081 4922 ergo
2141 4850 2200 4904 in
2253 4850 2360 4906 hoc
2405 4851 2522 4907 solo
2574 4852 2840 4908 sacerdos
2895 4853 2998 4922 qui
3058 4853 3241 4908 dixit:
3303 4857 3435 4908 Ecce
3496 4859 3651 4913 venio

1947 4939 2114 5008 (Psal.
2146 4953 2346 5005 xxx1x,
2379 4939 2452 5006 8),
2479 4939 2618 5010 quia
2659 4955 2718 4996 se
2763 4941 3056 4996 victimam
3102 4942 3254 4997 Patri
3297 4943 3500 4999 detulit
3547 4959 3652 5015 pro

1946 5033 2194 5098 peccato.
2235 5025 2400 5094 Quia,
2445 5028 2655 5098 inquit,
2715 5029 2784 5084 de
2843 5029 2989 5084 futili
3038 5031 3299 5087 causaris
3347 5033 3648 5103 sacrificio,

1939 5117 2063 5188 jam
2087 5115 2208 5180 tibi,
2255 5116 2440 5183 Pater,
2477 5131 2564 5171 me
2599 5117 2871 5174 litaturus
2904 5119 3091 5176 venio.
3141 5121 3260 5191 Ego
3301 5121 3453 5177 enim
3495 5138 3647 5192 sum,

1949 5205 2019 5261 de
2064 5218 2180 5273 quo
2224 5207 2281 5256 in
2330 5206 2508 5272 capite
2564 5205 2696 5259 libri
2729 5209 2993 5276 scriptum
3041 5213 3139 5273 est,
3193 5214 3251 5262 ut
3290 5211 3525 5276 facerem
3558 5228 3653 5266 vo-

1949 5296 2210 5350 luntatem
2247 5295 2396 5346 tuam
2441 5293 2620 5361 (ibid,
2655 5295 2729 5364 9).
2775 5295 2899 5350 Jam
2948 5309 2979 5350 a
3024 5311 3265 5365 persona
3313 5299 3492 5354 David
3546 5300 3650 5357 iste

1951 5393 2154 5436 sensus
2181 5378 2485 5434 exorbitat.
2515 5378 2663 5446 Quid
2696 5389 2779 5437 est
2809 5390 2982 5452 caput
3017 5383 3147 5439 libri
3188 5384 3404 5455 hujus?
3453 5388 3651 5442 Beatus

1950 5471 2037 5522 vir
2070 5470 2168 5537 qui
2192 5483 2298 5521 non
2327 5468 2483 5536 abiit,
2511 5477 2566 5524 et
2595 5471 2914 5539 sequentia,
2950 5486 3136 5542 usque
3165 5473 3238 5528 ad
3276 5477 3457 5528 omnia
3509 5491 3654 5543 qua-

1953 5572 2163 5625 cunque
2209 5559 2374 5623 faciet
2415 5559 2885 5626 prosperabuntur
2923 5558 3089 5629 (Psal.
3120 5575 3156 5615 l.
3197 5563 3334 5631 1-4).
3388 5562 3527 5630 Quis
3575 5572 3658 5620 est

1955 5644 2051 5701 cui
2075 5644 2339 5699 concinat
2366 5658 2618 5714 praesens
2638 5660 2855 5710 versus,
2887 5655 2952 5703 ut
2972 5649 3291 5705 secundum
3337 5651 3426 5706 sui
3457 5659 3656 5721 typum

3268 5755 3346 5812 l7
