3956 6422
322 367 424 419 523

1223 361 1282 414 V.
1325 361 1655 416 GUlBERTl
1698 359 1982 416 ABBATIS
2021 359 2078 414 S.
2126 359 2366 416 MARM'I
2410 359 2500 414 DE
2538 358 2936 416 NOVIGENTO

3730 365 3826 415 5'2}

320 510 436 551 non
496 493 720 560 abierit,
788 507 903 548 non
963 491 1198 558 steterit,
1245 505 1359 546 non
1428 490 1675 546 sederit?
1737 491 1897 556 Quod
1965 504 2011 544 si
2051 491 2387 560 Aprascepit
2415 504 2527 545 non
2558 489 2669 556 edi,
2699 489 2818 559 ipse
2859 489 3006 544 idem
3059 490 3211 545 Deus
3262 491 3562 546 mandavit
3609 497 3671 546 et
3717 490 3830 545 ﬁm-

319 583 482 639 tertio
514 581 623 637 hoc
647 581 930 651 quispiam
965 594 1146 648 purus
1185 580 1352 634 homo
1393 576 1630 633 fortasse
1670 592 1863 633 carere
1907 592 2014 647 po-

319 673 468 737 terit,
490 671 674 725 duum
723 669 1148 738 praemissornm
1197 667 1472 722 alterutro
1503 667 1814 736 quisquam
1845 667 2012 721 homo

319 761 521 814 vivens
546 757 820 813 immunis
865 771 983 810 esse
1017 769 1130 809 non
1167 753 1366 810 valuit.
1400 753 1539 820 Quis
1574 762 1658 809 est
1686 754 1788 824 qui
1830 754 1919 809 die
1945 767 2014 808 ac

318 855 504 914 nocte,
538 846 594 902 id
625 854 708 902 est
745 845 1146 910 indesinenter,
1179 843 1239 897 in
1271 843 1368 897 Dei
1409 842 1531 911 lege
1561 842 1869 898 meditatus
1910 843 2007 898 sit!

321 949 512 992 nonne
565 934 811 990 idithum
849 940 1064 988 cantat.
1099 933 1242 996 Quia
1281 933 1544 984 universa
1584 934 1803 984 vanitas
1840 934 2014 984 omnis

317 1027 531 1089 vivens;
575 1031 652 1090 et,
709 1025 776 1078 In
809 1024 1047 1089 imagine
1088 1022 1481 1089 pertransiens,
1535 1022 1752 1086 frustra
1801 1025 2014 1074 contur-

320 1114 523 1168 batur?
548 1112 715 1182 (Psal.
741 1124 981 1171 xxxvnt.
1014 1113 1062 1172 6.
1085 1111 1156 1176 7).

389 1201 586 1272 Ipsum
628 1199 940 1265 Christum,
989 1198 1131 1253 velis
1176 1196 1343 1262 nolis,
1391 1196 1666 1266 accipies;
1724 1194 2013 1266 quidquid

317 1290 445 1346 istic
471 1303 648 1359 supra
708 1287 996 1344 hominem
1052 1286 1244 1340 habes.
1309 1287 1428 1354 lpse
1481 1299 1596 1340 non
1650 1283 1710 1339 in
1763 1284 2012 1339 decursu

316 1389 625 1447 aquarum,
678 1375 774 1430 sed
823 1387 986 1430 secus
1038 1372 1493 1442 nascitur;quia
1541 1385 1655 1426 non
1715 1371 1772 1425 in
1803 1379 2014 1426 natura

318 1479 417 1536 per
442 1473 735 1534 peccatum
777 1463 958 1518 fluida
1001 1469 1374 1532 propagatur,
1425 1459 1520 1515 sed
1553 1459 1610 1513 in
1659 1460 1778 1514 sola
1822 1461 2015 1516 carnis

317 1553 530 1622 peccati
571 1550 947 1606 similitudine
991 1548 1362 1616 conspicitur.
1412 1547 1482 1602 Et
1535 1555 1683 1602 recte
1741 1562 1856 1602 non
1903 1555 2015 1602 sta-

316 1655 520 1712 gnum,
549 1640 646 1695 sed
670 1640 948 1694 decursus
992 1638 1154 1705 virgo
1185 1650 1466 1704 generans
1516 1644 1692 1705 potest
1750 1635 2009 1706 intelligi,

316 1729 414 1784 ubi
463 1727 722 1784 videlicet
761 1727 923 1782 nulla
976 1725 1233 1780 subsistit
1285 1724 1529 1790 illuvies,
1575 1724 1728 1794 quod
1788 1724 2013 1780 benedi-

2122 578 2278 633 brias
2317 578 2450 633 ferri
2503 580 2687 643 (Num.
2735 592 2829 644 xv,
2877 580 2988 642 38.)
3041 577 3232 649 Longe
3271 580 3384 634 alia
3431 580 3659 634 ratione
3703 593 3832 649 por-

2122 680 2252 721 cum
2285 666 2658 730 comedimus,
2709 680 2887 735 quam
2918 680 3018 721 vos
3051 666 3308 723 ﬁmbrias
3347 668 3686 738 abrupistis.

2193 755 2668 809 Praevaricatores
2739 769 2876 822 ergo
2933 756 3084 820 estis,
3140 756 3242 826 qui
3300 757 3464 812 vobis
3527 757 3837 812 evidenter

2115 843 2280 914 jussa
2311 843 2616 912 negligitis.
2662 841 2775 897 Nos
2800 842 2880 897 nil
2920 844 3300 912 praeterimus,
3345 844 3448 914 qui
3482 844 3650 900 nulla
3702 843 3836 898 inde

2121 930 2395 986 mandata
2436 929 2812 998 suscepimus.
2861 930 3054 986 Furtis
3102 931 3416 999 intenditis,
3464 933 3689 986 femora
3725 945 3835 985 cu-

2121 1016 2408 1072 mulantes
2467 1017 2794 1072 cervicibus
2860 1031 3197 1087 egenorum.
3273 1019 3451 1074 Deum
3513 1033 3590 1074 ex
3658 1019 3834 1073 corde

2119 1104 2375 1174 diligere.
2434 1112 2488 1159 et
2521 1106 2850 1173 proximum
2895 1113 2959 1160 ut
3002 1106 3272 1175 seipsum,
3322 1114 3377 1162 et
3423 1115 3633 1162 caetera
3661 1105 3836 1161 utilia

2119 1200 2472 1262 seponentcs,
2496 1193 2648 1247 circa
2670 1207 2858 1263 nugas
2879 1194 3167 1248 rotamini.
3194 1193 3472 1264 Nunquid
3499 1195 3642 1249 illud
3671 1193 3836 1263 quod

2120 1281 2331 1336 dicitur
2357 1295 2370 1334 :
2400 1282 2462 1335 Si
2489 1281 2772 1334 ambulans
2797 1297 2898 1350 per
2923 1284 3088 1345 tiam,
3119 1283 3178 1334 in
3203 1281 3415 1349 arbore,
3446 1283 3530 1336 vel
3564 1284 3624 1334 in
3681 1287 3840 1334 terra

2118 1369 2311 1423 nidum
2351 1371 2470 1423 avis
2507 1372 2798 1433 inveneris,
2851 1375 2901 1424 et
2934 1376 3162 1424 matrem
3203 1371 3373 1439 pullis
3403 1370 3487 1424 vel
3513 1374 3631 1424 ovis
3670 1373 3836 1424 incu-

2122 1459 2353 1520 bantem,
2387 1474 2494 1512 non
2516 1459 2714 1512 tenebis
2743 1475 2859 1512 eam
2897 1475 3016 1512 cum
3044 1459 3202 1525 ﬁliis,
3243 1461 3340 1513 sed
3367 1461 3520 1512 abire
3564 1461 3838 1529 patieris,

2119 1553 2304 1616 captos
2339 1552 2516 1601 tenens
2544 1547 2710 1616 filios,
2729 1553 2788 1601 ut
2811 1548 2937 1600 bene
2965 1550 3035 1601 sit
3067 1549 3186 1614 tibi,
3211 1554 3260 1600 et
3291 1550 3446 1614 longe
3477 1551 3634 1602 vivas
3691 1554 3838 1602 tem-

2115 1652 2246 1706 pore
2268 1636 2442 1705 (Deut.
2466 1650 2608 1696 χχιι,
2643 1638 2795 1705 6-7);
2829 1651 2895 1690 co
2927 1651 3042 1704 quo
3062 1637 3320 1692 exterius
3353 1651 3558 1692 sonare
3597 1637 3839 1692 videtur

2123 1724 2288 1779 modo
2319 1724 2614 1794 accipitis?
2645 1725 2918 1794 Nunquid
2948 1726 3094 1779 Deus
3119 1725 3274 1780 illius
3304 1725 3375 1780 ad
3405 1725 3520 1780 Noe
3563 1725 3836 1780 mandati

315 1817 520 1873 ctionis
548 1815 900 1885 plantarium
929 1813 1082 1868 dedit
1113 1812 1386 1879 fructum,
1416 1813 1510 1866 sed
1544 1790 1739 1879 suum,
1777 1812 1836 1867 in
1869 1820 2007 1868 tem-
2050 1790 2090 1845 Β
2119 1813 2332 1868 oblitus
2355 1790 2483 1868 esti:
2528 1817 2679 1866 πο
2716 1790 2882 1865 Omne
2919 1813 3064 1882 quod
3110 1819 3370 1880 movetur,
3421 1819 3471 1867 et
3525 1816 3690 1878 vivit,
3735 1816 3841 1866 erit

317 1920 470 1975 pore,
502 1905 596 1960 sed
622 1919 746 1959 suo.
791 1902 1046 1972 Quisque
1092 1902 1278 1957 bonus
1307 1901 1404 1956 dat
1452 1901 1725 1964 fructum,
1767 1901 1862 1955 sed
1895 1915 2010 1957 non

314 2008 510 2056 suum,
543 1992 664 2046 sine
694 1992 811 2045 Deo
861 1989 1012 2044 enim
1039 1989 1117 2044 nil
1150 1997 1327 2058 potest
1356 1989 1669 2059 quisquam
1706 1988 1909 2043 facere.
1961 1990 2010 2043 Is

313 2095 450 2136 vero
481 2078 971 2150 prmhnitproprie
1002 2091 1194 2143 suum,
1235 2075 1374 2146 quia
1420 2077 1575 2146 quod
1629 2075 1775 2143 fecit,
1828 2076 2011 2132 facere

313 2183 429 2224 non
457 2175 674 2238 poterat
721 2167 829 2221 nisi
863 2167 1122 2234 Deus;et
1159 2178 1231 2220 ex
1285 2179 1344 2219 se
1397 2165 1599 2221 habuit
1647 2166 1801 2235 quod
1858 2166 2006 2221 fecit.

312 2258 562 2326 Tempus
589 2269 821 2326 quoque
851 2268 1021 2309 suum
1059 2253 1185 2320 fuit,
1218 2254 1357 2322 quia
1410 2253 1512 2323 qui
1553 2255 1787 2322 quando
1828 2254 2012 2308 voluit

313 2353 486 2400 natus
523 2353 636 2410 est;
669 2343 904 2413 quando
934 2342 1113 2397 voluit
1163 2355 1396 2411 quoque
1426 2342 1715 2396 occubuit.
1765 2342 2013 2411 Tempus

312 2447 487 2489 suum
533 2432 660 2499 fuit,
712 2446 844 2486 cum
897 2430 1271 2500 plenitudinis
1298 2430 1554 2485 adventu
1602 2443 1750 2484 caeco
1799 2429 2012 2485 mundo

313 2536 434 2578 suae
464 2521 687 2576 notitiae
709 2520 904 2575 lumen
935 2519 1158 2575 tribuit.
1193 2518 1415 2572 Folium
1462 2518 1590 2588 ejus
1633 2533 1746 2573 non
1779 2518 2010 2586 deﬁnet,

314 2610 456 2681 quia
486 2610 615 2665 licet
639 2610 845 2664 caelum
875 2615 930 2663 et
963 2615 1116 2662 terra
1160 2613 1477 2670 transeant,
1533 2606 1774 2662 verbum
1825 2614 2011 2662 tamen

312 2699 438 2769 ejus
492 2713 609 2753 non
672 2697 940 2754 transibit
995 2696 1214 2763 (Matth.
1267 2709 1422 2762 xxiv,
1489 2697 1596 2762 35).
1664 2695 1833 2750 Facta
1887 2695 2014 2764 ejus

314 2786 808 2856 prosperabuntur
831 2784 1046 2850 omnia,
1096 2783 1339 2838 deducet
1376 2784 1529 2838 enim
1579 2797 1712 2838 eum
1773 2783 2016 2838 mirabi-

313 2875 442 2930 liter
466 2875 706 2930 dextera
736 2887 863 2928 sua.
907 2871 1004 2927 His
1046 2871 1372 2928 cxcurrisse
1422 2885 1524 2941 per
1567 2886 1865 2928 excessum
1901 2872 2016 2927 suf-

315 2963 490 3019 ﬁciat.

953 3031 1185 3087 CAPUT
1225 3031 1376 3088 VIII.

383 3138 526 3192 Ecce
579 3135 776 3202 habes,
860 3134 1264 3205 impurissime,
1313 3134 1615 3204 prophetas
1687 3141 1835 3201 tuos,
1898 3135 2011 3189 imo

314 3241 415 3296 per
448 3227 628 3281 Deum
669 3224 784 3279 tuis
819 3224 1201 3280 observantiis
1237 3223 1537 3279 obviantes
1564 3223 1621 3278 in
1661 3230 1908 3291 tantum,
1946 3231 2011 3279 ut

312 3313 660 3379 sacriﬁcans,
709 3320 764 3367 et
803 3326 1004 3367 canem
1051 3311 1434 3368 excerehrans
1464 3312 1679 3380 pariter
1717 3310 2012 3366 conferan-

313 3411 428 3458 tur.
460 3400 606 3467 Quid
639 3400 778 3456 mihi
816 3414 948 3455 sues
979 3400 1262 3468 grunnire
1310 3406 1464 3468 tuas,
1506 3402 1561 3453 et
1610 3398 1830 3467 lepores
1869 3399 2010 3452 stri-

312 3490 447 3546 dere
487 3487 662 3543 facis?
709 3486 856 3553 Quid
903 3499 1004 3541 ora
1041 3486 1417 3552 ruminantia,
1468 3493 1524 3541 et
1569 3486 1872 3542 divisiones
1919 3499 2008 3541 re-

312 3577 496 3646 plicas
522 3574 901 3644 ungularum,
953 3572 1054 3642 qui
1104 3573 1456 3642 pontificium
1493 3581 1548 3630 et
1596 3575 1896 3644 templum,
1941 3574 2010 3628 de

313 3663 529 3732 quibus
555 3669 686 3716 tota:
719 3668 832 3716 tute
865 3660 1006 3730 legis
1043 3660 1194 3716 vires
1241 3664 1564 3729 emergunt,
1608 3668 1662 3715 et
1693 3661 1750 3715 in
1796 3661 2012 3731 quibus

311 3751 440 3820 ejus
484 3755 748 3804 versatur
806 3748 1062 3814 intentio,
1127 3748 1270 3804 adeo
1324 3749 1745 3805 evidentissime
1814 3750 2012 3805 videas

312 3834 642 3893 adnullari?
661 3834 846 3902 Quam
887 3835 1002 3890 vim
1031 3843 1221 3906 putas,
1280 3837 1682 3904 infelicissime,
1738 3838 2010 3894 habitura

311 3932 448 3980 sunt
503 3923 703 3979 inﬁma
762 3923 1038 3986 membra.
1111 3925 1210 3980 ubt
1264 3933 1438 3994 caput
1512 3925 1815 3994 praecisum
1887 3924 2010 3980 est?

310 4012 562 4079 Exaudi,
597 4012 642 4066 si
676 4013 870 4068 minus
896 4012 1088 4067 adhuc
1130 4013 1340 4068 habeas
1378 4015 1511 4068 hinc
1547 4014 1798 4080 testium,
1853 4012 2008 4084 quod

310 4101 580 4172 superius
618 4101 790 4171 paulo
820 4099 1024 4156 libasse
1078 4100 1364 4156 videmur.
1415 4101 1699 4172 Loquitur
1738 4102 1888 4156 Dens
1949 4102 2008 4156 in

311 4190 462 4244 Isaia
514 4203 647 4244 cum
707 4187 1012 4257 rejectione
1079 4189 1401 4245 carnalium
1487 4190 1811 4258 spiritualia
1858 4191 2008 4245 bona

310 4276 702 4332 consciscens:
766 4276 858 4330 Ad
911 4291 1088 4343 quem,
1145 4277 1351 4348 inquit,
1410 4281 1714 4346 respiciam,
1772 4280 1886 4332 nisi
1933 4278 2010 4332 ad

312 4367 568 4420 humilem
611 4370 662 4418 et
696 4367 988 4418 contritum
1023 4368 1300 4433 spiritum,
1346 4372 1396 4421 et
1449 4373 1756 4422 trementem
1812 4383 2007 4422 sermo-

311 4469 405 4508 nes
447 4452 632 4508 meos?
681 4453 788 4517 Qui
834 4454 1079 4507 immolat
1121 4454 1320 4522 bovem,
1357 4458 1520 4524 quasi
1573 4459 1670 4525 qui
1711 4457 2008 4522 interﬁciat

311 4545 522 4611 virum;
549 4543 648 4610 qui
671 4545 876 4596 mactat
893 4557 1076 4610 pecus,
1109 4545 1270 4610 quasi
1315 4547 1412 4611 qui
1439 4544 1740 4598 emcerebret
1786 4558 2004 4609 canem;

313 4633 411 4700 qui
453 4629 613 4699 oﬂ’ert
661 4631 1000 4698 oblationem,
1051 4634 1214 4699 quasi
1266 4634 1365 4701 qui
1421 4635 1740 4699 sanguinem
1783 4633 2007 4686 suillum

310 4719 535 4789 oﬂ'erat;
584 4721 683 4790 qui
728 4719 1048 4774 recordatur
1096 4721 1293 4786 thuris,
1357 4723 1520 4790 quasi
1576 4724 1674 4790 qui
1731 4722 2008 4776 benedicat

309 4809 455 4864 idolo
483 4807 642 4880 (lsai.
677 4823 830 4874 LXVI,
857 4810 910 4875 2,
951 4811 1025 4875 3).
1069 4807 1174 4864 Sed
1226 4808 1414 4864 dicis:
1455 4809 1616 4866 Certe
1659 4810 1855 4879 negari
1891 4823 2006 4866 non

311 4904 493 4966 potest
536 4897 680 4966 quin
725 4899 874 4952 Deus
921 4911 1159 4966 porcum
1225 4897 1420 4952 mandi
1488 4899 1762 4967 vetuerit;
1814 4898 2003 4968 plane,

312 4986 571 5054 inquam,
607 4998 723 5039 non
772 4985 966 5040 minus
1002 4993 1226 5041 constat
1271 4986 1413 5056 quia
1465 4994 1660 5041 tauros
1697 4995 1752 5042 et
1801 4987 2007 5043 arietes

311 5079 368 5128 et
411 5078 645 5128 caeteros
689 5071 998 5128 sacriﬁcari
1055 5074 1404 5142 praeceperit.
1457 5074 1697 5145 haecque
1751 5087 2008 5145 postmo-

311 5159 452 5215 dum
478 5172 577 5214 ore
602 5158 852 5228 proprio,
913 5167 976 5215 nt
1027 5174 1102 5215 ex
1131 5161 1420 5230 prophetis
1460 5163 1646 5230 audis,
1689 5162 1852 5219 irrita
1889 5163 2008 5218 du-

309 5247 480 5303 xerit.
540 5245 647 5302 Sed
709 5246 946 5302 forsitan
1008 5248 1286 5304 sacriﬁcio
1343 5251 1672 5321 temploque
1740 5251 2002 5322 repulsis,

309 5348 618 5405 porcorum
638 5333 914 5390 carnibus
942 5334 1227 5391 abstinere
1256 5338 1673 5407 praeponderat.
1712 5340 1767 5395 Si
1817 5339 2008 5410 porci-

311 5410 818 5478 narum'carnium
849 5435 1013 5477 esum
1042 5423 1226 5490 nobis,
1255 5425 1471 5494 quibus
1502 5427 1580 5481 nil
1623 5427 1853 5496 jussum
1899 5436 2003 5494 est,

311 5508 669 5580 improbatis,
703 5508 956 5565 ﬁmbrias
980 5510 1386 5580 hyacinthinas
1417 5514 1474 5568 in
1519 5523 1772 5585 quatuor
1799 5517 2006 5586 pallio-

309 5611 443 5656 rum
469 5603 797 5656 vestrorum
830 5599 1062 5668 angulis
1102 5613 1285 5669 quare
1329 5617 1443 5658 non
1486 5603 1682 5660 fertis?
1708 5605 1814 5668 Qui
1843 5619 2005 5661 suem

2116 1902 2266 1956 vobis
2287 1903 2344 1954 in
2375 1901 2570 1967 cibum,
2601 1905 2763 1971 quasi
2781 1903 2926 1955 olera
2955 1904 3189 1956 virentia
3218 1903 3433 1956 tradidi
3455 1906 3607 1957 vobis
3646 1907 3842 1956 omnia

2119 1991 2272 2058 (Gen.
2311 2003 2386 2055 ιχ,
2426 1989 2503 2058 3).
2539 1991 2609 2046 Ut
2649 1990 2817 2044 modo
2850 1990 2992 2045 bene
3039 1990 3202 2046 nobis
3248 1999 3303 2046 et
3357 1991 3588 2061 longam
3646 1991 3840 2045 vitam

2119 2079 2410 2146 spondeat,
2457 2078 2501 2132 si
2560 2093 2766 2134 manus
2801 2087 2995 2134 nostra
3035 2079 3326 2148 pullorum
3375 2080 3664 2135 matribus
3709 2093 3843 2148 par-

2119 2165 2248 2219 cat?
2298 2165 2442 2231 Quid
2518 2167 2757 2220 rationis
2816 2167 2985 2221 habet
3040 2167 3194 2236 quod
3257 2167 3453 2236 palum
3520 2168 3581 2222 iu
3640 2167 3841 2222 balteo

2120 2261 2342 2322 gestare
2365 2253 2650 2323 jubemini
2688 2255 2862 2323 (Deut.
2909 2269 3065 2317 χχιιι,
3112 2255 3218 2324 t3),
3259 2255 3412 2325 quod
3453 2263 3650 2325 egesta
3702 2270 3842 2310 con-

2120 2349 2330 2409 tegere,
2363 2355 2432 2396 ne
2477 2343 2617 2412 quid
2653 2343 2906 2398 sordium
2959 2343 3055 2398 Dei
3104 2344 3291 2398 valeat
3346 2343 3529 2398 oculis
3576 2353 3844 2413 :appare-

2120 2429 2223 2484 re?
2254 2429 2309 2483 Si
2339 2444 2445 2496 ego
2473 2430 2773 2484 hominum
2808 2431 3084 2486 minimus
3115 2431 3172 2485 in
3199 2431 3429 2500 publico
3460 2431 3573 2487 tale
3603 2431 3843 2501 aliquid

2121 2517 2456 2586 proferrem,
2503 2518 2793 2573 auditores
2832 2518 3069 2575 forsitan
3121 2520 3228 2574 mei
3271 2534 3386 2574 non
3420 2519 3582 2574 facile
3626 2521 3840 2574 crede-

2121 2613 2249 2660 rent
2297 2607 2452 2675 quod
2512 2607 2783 2673 inaniter,
2840 2617 2941 2663 aut
2991 2608 3112 2663 sine
3173 2608 3552 2677 intelligentia
3625 2608 3844 2664 latenti

2124 2694 2230 2747 ista
2261 2702 2649 2750 contexerem.
2679 2695 2792 2749 Etsi
2837 2710 2943 2764 ego
2973 2697 3193 2751 nullius
3236 2704 3336 2751 aut
3381 2696 3692 2766 gravitatis
3736 2705 3848 2752 aut

2122 2782 2390 2836 momenti
2427 2783 2500 2836 ab
2545 2782 2841 2853 aliquibus
2885 2784 3024 2838 tanti
3073 2785 3310 2852 pendor,
3351 2791 3412 2839 ut
3464 2785 3644 2840 verba
3709 2799 3848 2840 mea

2120 2871 2377 2938 expertia
2403 2871 2667 2939 ponderis
2698 2885 2811 2926 non
2850 2887 2970 2926 esse
3029 2879 3322 2942 putentur,
3377 2873 3556 2928 Deum
3612 2874 3848 2942 poteri-

2120 2956 2192 3012 tis
2221 2959 2504 3014 zestimare
2541 2960 2898 3026 choraulam,
2961 2969 3025 3016 ut
3079 2962 3232 3016 dicta
3275 2961 3431 3016 illius
3478 2962 3846 3031 garrulitate

2051 3079 2091 3136 ε
2123 3054 2448 3102 vanescant.
2503 3049 2726 3111 Quanto
2787 3047 2965 3118 igitur
3018 3049 3288 3104 humanae
3351 3049 3547 3104 minus
3615 3051 3846 3106 rationi

2119 3133 2351 3204 eloquia
2402 3135 2600 3190 divina
2639 3137 3010 3205 concordant,
3061 3145 3218 3194 tanto
3265 3138 3449 3208 magis
3503 3139 3846 3195 subtilitate

2121 3219 2631 3279 intellectualitatis
2655 3224 3000 3281 exuberant.

2192 3312 2538 3382 Resipiscite,
2580 3312 2714 3368 victi
2757 3321 2913 3368 tanto
2958 3314 3415 3370 testimoniorum
3457 3329 3525 3370 ac
3585 3317 3836 3372 testium

2120 3415 2331 3471 aggere
2360 3401 2619 3468 tandem;
2642 3409 2697 3456 et
2734 3415 2907 3456 carne
2945 3402 3203 3458 discussa
3251 3411 3464 3459 sanctae
3523 3403 3841 3461 interiori-

2119 3491 2254 3544 tatis
2299 3497 2475 3544 estote
2522 3504 2776 3558 capaces.
2835 3491 3021 3544 Venite
3066 3506 3197 3546 eum
3229 3491 3368 3547 Osee
3412 3492 3733 3562 propheta,
3789 3499 3842 3548 et

2119 3583 2452 3631 revertamur
2474 3578 2544 3632 ad
2593 3593 2748 3645 eum,
2781 3593 2953 3649 quem
2987 3594 3089 3635 vos
3113 3581 3276 3650 sequi
3337 3588 3607 3650 putantes
3645 3582 3842 3638 diffu-

2122 3666 2254 3736 gitis
2284 3669 2587 3730 Dominum,
2617 3670 2749 3735 quia
2793 3671 2907 3737 ipse
2933 3683 2966 3723 a
3002 3669 3198 3724 saeculi
3238 3670 3480 3739 origine,
3527 3671 3840 3738 praedesti-

2121 3756 2369 3821 natione,
2404 3763 2459 3810 et
2485 3756 2962 3824 promissionibus
2990 3760 3129 3826 cepit
3157 3765 3214 3813 et
3244 3757 3302 3814 in
3345 3757 3456 3812 ﬁne
3499 3765 3838 3827 temporum

2121 3843 2402 3914 passionis
2442 3857 2562 3898 suae
2602 3843 2904 3900 efficientia
2949 3860 3050 3900 nos
3105 3846 3368 3912 salvabit,
3424 3850 3718 3916 percutiet,
3777 3848 3835 3902 id

2119 3940 2202 3988 est
2232 3932 2560 3986 animarum
2594 3940 2921 3988 nostrarum
2957 3934 3230 3989 doctrinis
3280 3935 3442 3991 nobis
3493 3937 3839 4005 potentibus

2118 4021 2362 4076 vulnera
2389 4021 2619 4090 pandet.
2653 4021 2954 4076 Percussos
2989 4022 3240 4092 denique
3277 4037 3500 4090 cruore,
3549 4032 3606 4078 et
3657 4023 3836 4079 latice

2117 4123 2321 4165 curare
2353 4123 2468 4164 non
2508 4108 2748 4164 differet.
2809 4111 3119 4178 Viviﬁcavit
3157 4125 3255 4164 nos
3297 4117 3422 4180 post
3467 4111 3605 4165 duos
3657 4112 3829 4166 dies:

2116 4201 2174 4252 in
2199 4197 2312 4252 dies
2351 4200 2514 4251 tertia
2549 4199 2834 4252 suscitabit
2861 4214 2994 4252 nos:
3035 4205 3088 4252 et
3129 4201 3367 4253 vivemus
3423 4203 3481 4254 in
3534 4209 3832 4270 conspectu

2118 4288 2271 4356 ejus:
2311 4289 2559 4352 sciemus,
2617 4302 3004 4356 sequemurque
3055 4293 3117 4341 ut
3169 4303 3550 4359 cognoscamus
3628 4291 3832 4345 Domi-

2112 4389 2260 4428 num.
2319 4373 2489 4438 Quasi
2543 4375 2840 4429 diluculum
2875 4383 3222 4446 praeparatus
3264 4383 3346 4431 est
3390 4392 3636 4446 egressus
3705 4380 3829 4448 ejus

2113 4463 2258 4531 (Ose.
2280 4477 2358 4529 vt,
2392 4464 2534 4530 1-3),
2569 4471 2678 4518 etc.
2718 4463 2822 4518 Sed
2875 4464 2963 4520 his
3002 4464 3372 4533 sufﬁcienter,
3415 4473 3479 4521 ut
3518 4473 3824 4536 putamus,

2114 4550 2338 4619 edictis,
2366 4550 2479 4606 alia
2503 4564 2940 4622 prosequamur.

2775 4641 3007 4697 CAPUT
3047 4642 3146 4697 1X.

2185 4730 2553 4796 Confutantur
2617 4731 2796 4784 Judwi
2863 4733 3242 4786 insimulantcs
3311 4731 3649 4786 Christianos
3711 4734 3828 4788 ido-

2113 4819 2360 4872 lolatria.
2394 4845 2464 4858 —
2519 4818 2795 4888 Impetitis
2828 4834 2931 4874 nos
2972 4821 3142 4875 etiam
3194 4821 3348 4889 quod
3387 4819 3655 4876 cruciﬁxi
3707 4823 3828 4879 Do-

2117 4905 2254 4962 mini
2287 4906 2420 4961 .lesu
2451 4906 2749 4976 imagines,
2779 4907 2866 4962 vel
2895 4907 3075 4976 ipsius
3101 4909 3292 4964 crucis
3339 4909 3563 4978 lignum
3608 4909 3829 4967 adore-

2117 5007 2267 5060 mus,
2316 5001 2382 5050 ut
2439 4995 2617 5050 veluti
2679 4997 2982 5066 cujusdam
3034 4997 3368 5052 idololatria;
3445 4998 3825 5067 insimulatis,

2115 5079 2281 5150 quasi
2332 5081 2486 5150 quod
2517 5094 2552 5135 a
2601 5090 2792 5135 vestra
2839 5089 3054 5138 constet
3110 5082 3233 5152 lege
3278 5083 3656 5152 prohibitum.
3711 5085 3830 5143 Nos

2097 5175 2346 5224 ‘econtra
2410 5168 2490 5223 nil
2519 5169 2628 5224 nisi
2663 5170 2840 5238 ipsam
2879 5170 2975 5226 Dei
3019 5170 3400 5226 substantiam
3459 5171 3828 5229 adorandam

2113 5255 2383 5311 ducimus
2417 5271 2431 5310 :
2465 5257 2568 5312 etsi
2620 5258 2819 5328 aliqua
2863 5258 3186 5314 extrinseea
3229 5261 3492 5316 venerari
3547 5264 3832 5331 perspici-

2116 5357 2268 5411 mur,
2303 5358 2417 5399 non
2451 5344 2506 5399 id
2533 5347 2690 5414 quod
2720 5346 2952 5403 videtur
2979 5347 3238 5414 colimus,
3275 5349 3370 5404 sed
3401 5363 3532 5419 qum
3561 5364 3638 5405 ex
3682 5354 3829 5407 visis

2115 5432 2460 5502 colligimus.
2524 5433 2686 5490 Certe
2744 5434 2972 5490 Nathan
3032 5437 3308 5506 propheta
3371 5437 3550 5493 David
3623 5453 3827 5511 regem

2116 5533 2219 5590 pro
2273 5521 2575 5577 Salomone
2639 5531 2835 5592 petens
2897 5524 3050 5594 apud
3103 5539 3204 5581 vos
3271 5526 3541 5582 adorasse
3608 5528 3830 5599 legitur

2117 5609 2386 5677 (111mg.
2418 5623 2456 5675 ι,
2487 5609 2600 5678 23),
2639 5611 2696 5665 in
2725 5626 2843 5680 quo
2872 5612 3094 5682 aliquid
3135 5627 3270 5669 eum
3320 5613 3647 5672 divinitatis
3692 5634 3830 5674 sen-
