3956 6418
162 418 266 469 525

850 432 857 440 ‘
913 414 1157 471 TRACT.
1199 414 1292 469 DE
1331 388 1865 469 INCARNATIONE
1907 410 2182 476 CONTRA
2211 410 2513 468 JUDEOS.
2549 441 2618 450 —
2647 410 2778 466 LIB.
2821 411 2921 466 ΙΙΙ.

3575 414 3678 466 5‘26

156 547 299 603 sisse
343 546 574 603 credere
622 546 782 602 nefas
816 546 1088 603 creditur.
1139 547 1310 621 Iosue
1340 559 1374 601 a
1419 545 1858 601 civitatensibus
1893 545 1938 599 A
1966 548 2121 598 $80
2151 543 2196 599 si
2226 544 2437 612 justus,
2471 543 2600 614 pius
2644 552 2699 600 et
2754 544 2986 614 sapiens
3036 543 3171 615 quis
3199 542 3273 601 sit
3307 558 3321 599 :
3363 543 3523 601 aliud
3550 544 3674 602 haec

156 637 266 692 Hai
316 636 584 692 Israelem
670 635 1028 705 conspiciens
1104 634 1440 705 fugientem,
1513 641 1569 689 et
1621 648 1855 700 caesum,

153 739 346 780 coram
378 738 513 779 arca
540 722 765 779 Domini
796 738 1014 794 pronus
1043 722 1440 779 decumbendo
1464 722 1609 793 (Jos.
1643 736 1742 789 vn,
1777 724 1856 791 6),

151 813 303 869 diem
338 812 550 869 dicitur
577 812 637 867 in
687 812 831 868 libro
871 812 1142 868 Iudicum
1200 812 1569 867 continuasse
1622 810 1851 882 vigiliis.

148 901 431 972 Nunquid
481 914 615 956 arca
663 901 780 957 Dea
835 908 980 963 erat,
1027 907 1129 956 aut
1175 900 1348 967 Deus,
1404 899 1524 954 sive
1568 898 1664 955 Dei
1725 912 1859 969 pars

148 990 423 1060 quaelibet
481 989 539 1045 in
591 1003 660 1045 ea
711 989 1063 1045 delituerat?
1096 988 1319 1053 Daniel,
1369 987 1656 1043 celebrato
1706 986 1859 1057 regis

145 1079 331 1134 edicto
374 1093 445 1135 ne
485 1079 618 1149 quis
670 1077 910 1134 deorum
955 1085 1244 1148 peteretur
1271 1090 1649 1148 aquoquam,
1694 1076 1856 1131 fene-

143 1165 281 1221 stris
344 1166 402 1221 in
458 1166 757 1222 caenaculo
813 1180 920 1221 suo
977 1164 1332 1236 patentibus,
1406 1164 1593 1220 tribus
1657 1170 1858 1219 contra

142 1254 555 1324 Jerosolymam
604 1253 978 1325 temporibus,
1039 1268 1231 1324 genua
1281 1252 1542 1308 ﬂectebat
1581 1251 1853 1317 interdiu,

141 1350 199 1398 et
229 1343 526 1411 adorabat,
573 1351 628 1399 et
669 1342 1052 1398 confitebatur
1099 1343 1212 1397 Deo
1266 1356 1370 1397 suo
1401 1340 1569 1411 (Dan.
1621 1356 1697 1407 vn,
1745 1340 1851 1410 Η).

137 1431 424 1503 Nunquid
475 1432 795 1488 Jerusalem
825 1438 927 1487 aut
960 1431 1261 1501 templum,
1294 1430 1465 1501 cujus
1488 1430 1730 1485 obtentu
1757 1428 1855 1484 illa

141 1520 315 1575 ﬁebat
366 1520 620 1586 inflexio,
676 1521 829 1576 Deus
881 1519 1089 1586 fuerat,
1145 1519 1283 1590 quia
1327 1519 1585 1574 illorsum
1632 1518 1714 1573 sic
1743 1518 1854 1573 ad—

137 1622 307 1664 orare
337 1608 670 1665 decreverat
689 1608 718 1663 ?
742 1608 1023 1680 Nunquid
1048 1607 1261 1675 omnia,
1286 1622 1419 1679 quae
1435 1608 1673 1663 adorata
1693 1606 1846 1676 apud

136 1711 245 1753 vos
298 1698 651 1765 referuntur,
709 1696 925 1752 divinis
974 1696 1231 1752 cultibus
1298 1695 1537 1766 dignata
1595 1695 1849 1751 credun-

142 1784 288 1841 tur?

216 1874 341 1940 Qua
394 1876 607 1928 ratione
652 1875 921 1942 imagines
963 1873 1201 1927 adorant
1253 1872 1575 1928 Christiani.
1621 1902 1681 1912 —
1733 1871 1849 1928 Ad-

137 1976 378 2018 oramus
400 1962 593 2032 itaque
615 1962 674 2017 in
700 1962 1025 2018 visibilibus
1044 1960 1240 2032 signis,
1265 1975 1397 2031 quae
1420 1960 1848 2031 significantur,

141 2047 477 2118 invisibilia,
542 2048 653 2103 imo
711 2048 1131 2118 vagabundum
1179 2046 1439 2102 animum
1490 2046 1850 2116 picturarum

144 2136 446 2206 repentino
477 2137 762 2204 contuitu,
808 2138 973 2206 quasi
1006 2136 1260 2207 quodam
1304 2135 1736 2192 commonitorio
1779 2134 1852 2191 ad

144 2225 377 2281 interna
417 2225 773 2281 cobibemus.
808 2224 996 2292 Quare
1052 2225 1214 2281 vobis
1269 2239 1467 2282 aeneus
1522 2224 1614 2281 ille
1644 2224 1853 2296 anguis

145 2314 478 2385 propositus
503 2321 607 2381 est,
640 2329 817 2385 quem
858 2322 1052 2384 postea
1100 2313 1376 2381 coluistis,
1431 2314 1540 2370 nisi
1595 2321 1659 2371 ut
1710 2315 1852 2385 quid

140 2399 257 2459 sibi
330 2404 500 2459 vellet
574 2403 857 2474 ejusmodi
915 2404 1243 2475 prodigium
1308 2403 1691 2474 qumreretis?
1739 2404 1855 2460 Nec

140 2490 459 2547 Cherubim
489 2491 671 2547 otiosa
729 2496 787 2546 in
820 2491 1050 2561 templo,
1092 2498 1147 2547 et
1175 2492 1232 2546 in
1287 2491 1659 2547 tabernaculo
1709 2492 1851 2547 emi-

138 2579 343 2635 nentia
373 2580 730 2635 claruerunt.
769 2581 947 2635 Boves
978 2594 1212 2651 quoque
1255 2587 1310 2636 et
1366 2580 1557 2636 leones
1585 2594 1701 2635 non
1730 2579 1854 2637 sine

138 2682 207 2723 re
236 2667 379 2723 inibi
405 2667 780 2739 singulariter
803 2668 1064 2739 exsculpi
1088 2676 1429 2724 meruerunt
1451 2683 1466 2738 ;
1488 2668 1585 2724 sed
1619 2668 1852 2725 idoneas

141 2756 596 2826 inquisitionum
649 2756 815 2812 vobis
867 2756 1191 2813 occasiones
1243 2757 1544 2813 dederunt.
1631 2757 1849 2825 Ridete,

135 2843 184 2898 si
220 2843 418 2913 placet,
454 2858 556 2899 nos
582 2844 926 2900 dissolutum
980 2852 1035 2900 et
1074 2858 1430 2916 exsanguem
1475 2845 1643 2916 quasi
1675 2844 1853 2900 homi-

136 2946 276 2987 nem
307 2932 501 2988 Jesum
559 2933 615 2987 in
674 2932 949 3003 patibulis
997 2934 1257 3001 adorare,
1310 2933 1569 2990 videlicet
1602 2934 1852 3005 quisque

138 3021 248 3092 qui
301 3021 469 3090 sapit,
517 3034 697 3092 quam
752 3022 937 3093 magis
998 3021 1108 3077 fide
1166 3021 1398 3078 ridiculi
1459 3022 1634 3078 vestri
1691 3022 1851 3078 fuere

1966 640 2121 699 sunt,
2157 631 2314 687 aliud
2348 632 2546 702 homo;
2577 640 2634 688 et
2679 632 2802 689 sine
2844 632 2914 687 iis
2969 631 3122 687 enim
3170 639 3254 687 est
3291 630 3462 687 homo
3495 646 3508 687 :
3551 632 3674 688 hinc

1964 733 2102 775 vero
2146 734 2280 775 cum
2336 720 2394 775 in
2449 720 2563 776 Deo
2613 734 2734 776 esse
2764 719 3060 787 dicuntur,
3095 734 3211 775 non
3258 719 3666 790 accidentaria,

1964 808 2060 863 sed
2091 807 2550 864 substantialiter
2584 810 2737 865 Deus
2761 808 3148 878 accipiuntur.

2046 896 2306 951 Voluntas
2337 898 2517 952 Putris
2555 898 2752 968 Filius,
2791 901 2970 952 virtus
3022 898 3264 967 Spiritus
3303 901 3547 955 sanctus.
3599 928 3670 940 —

1965 984 2021 1040 Si
2045 998 2182 1055 ergo
2217 984 2424 1041 Filium
2458 987 2736 1056 accipitis,
2768 1001 2882 1042 non
2941 987 3110 1057 quasi
3152 1001 3324 1057 quem
3382 994 3551 1043 extra
3579 1000 3672 1058 ge

1963 1074 2155 1128 nuerit
2188 1073 2509 1145 intelligite,
2550 1075 2649 1131 sed
2698 1075 2853 1145 quod
2881 1075 3145 1147 gignitur
3174 1074 3233 1131 in
3275 1076 3397 1146 ipso
3438 1078 3672 1146 conspi-

1961 1162 2090 1217 cite.
2122 1161 2377 1231 Accipite
2403 1164 2581 1233 igitur
2611 1163 2819 1219 Filium
2870 1178 2937 1219 ac
2966 1164 3012 1219 si
3048 1164 3407 1221 voluntatem
3437 1165 3663 1236 Patris;

1961 1264 2093 1320 quae
2119 1250 2390 1306 voluntas
2448 1252 2619 1323 quasi
2675 1252 2746 1308 ad
2803 1251 3039 1309 effectus
3094 1253 3443 1310 evidentiam
3487 1254 3665 1320 venit,

1960 1351 2093 1394 cum
2122 1338 2282 1394 carni
2342 1339 2435 1395 ille
2485 1354 2543 1395 se
2576 1340 2797 1397 indidit.
2835 1341 2939 1397 Sed
2977 1341 3097 1396 haec
3143 1340 3435 1407 voluntas,
3471 1356 3603 1412 quae
3634 1356 3669 1398 a

1961 1427 2074 1483 Deo
2104 1427 2174 1482 ad
2214 1443 2316 1483 nos
2362 1428 2705 1496 intenditur,
2738 1429 3013 1485 virtutem
3058 1444 3285 1486 necesse
3320 1439 3403 1486 est
3432 1430 3662 1499 habeat,

1960 1528 2064 1585 per
2087 1529 2264 1586 quam
2306 1530 2437 1585 quae
2468 1516 2603 1572 velit
2656 1526 2851 1588 queat,
2882 1525 2936 1573 et
2966 1517 3088 1573 hac
3142 1520 3212 1573 sit
3246 1517 3493 1588 Spiritus
3525 1531 3666 1573 san-

1959 1612 2104 1666 ctus,
2137 1604 2237 1674 qui
2297 1605 2481 1661 eidem
2535 1619 2746 1675 corpus
2805 1606 2861 1660 in
2894 1605 3129 1677 Virgine
3177 1614 3349 1662 creat.
3386 1606 3669 1662 Voluntas

1958 1692 2111 1748 enim
2140 1693 2439 1749 hominum
2470 1693 2647 1749 otiosa
2675 1701 2778 1760 est,
2840 1693 2948 1749 nisi
3002 1708 3166 1764 posse
3215 1695 3502 1750 succedat.
3550 1695 3663 1750 Vo-

1962 1780 2241 1837 luntatem
2262 1796 2399 1854 ergo
2436 1782 2621 1837 Patris
2661 1781 3008 1853 possibilitas
3045 1783 3373 1839 comitatur.
3419 1782 3483 1837 In
3521 1782 3667 1839 Scri-

1961 1869 2150 1939 pturis
2180 1885 2386 1941 nempe
2417 1871 2568 1927 sicut
2617 1884 2799 1938 amor,
2859 1870 2937 1927 ita
2977 1878 3032 1927 et
3061 1872 3249 1928 virtus
3308 1871 3460 1926 idem
3493 1870 3667 1941 Spiri-

1963 1965 2057 2014 tus
2085 1959 2429 2029 appellatur,
2461 1960 2538 2032 [ut
2592 1966 2677 2015 est
2708 1975 2721 2013 :
2777 1961 2961 2014 Virtus
2992 1960 3273 2014 Altissimi
3319 1959 3669 2014 obumbrabit

1960 2047 2066 2101 tibi
2096 2049 2240 2117 (Luc.
2273 2064 2313 2116 1,
2348 2048 2456 2118 32).
2491 2048 2561 2103 Et
2593 2064 2607 2102 ε
2671 2049 2859 2103 Virtus
2910 2051 3006 2103 Dei
3053 2054 3313 2118 operatur
3367 2050 3516 2102 omni
3552 2063 3665 2101 cre-

1961 2136 2112 2190 denti
2150 2139 2210 2190 in
2256 2138 2487 2191 salutem
2518 2138 2691 2206 (Rom.
2727 2151 2764 2203 ι,
2812 2135 2917 2205 i6).
2952 2135 3136 2191 Patris
3167 2135 3346 2207 igitur
3394 2134 3667 2191 voluntas

1962 2238 2064 2295 per
2092 2225 2363 2280 virtutem
2390 2224 2499 2280 hoc
2548 2225 2717 2280 modo
2760 2225 3129 2294 mancipatur
3157 2222 3406 2291 effectui,
3447 2231 3503 2280 et
3532 2223 3667 2280 inde

1962 2313 2065 2384 qui
2088 2312 2324 2369 effectus
2349 2320 2453 2380 est,
2487 2320 2696 2369 nostrae
2722 2312 2969 2368 traditus
2998 2319 3082 2369 est
3111 2312 3445 2383 cognitioni.

2033 2404 2110 2457 De
2143 2403 2251 2457 Deo
2284 2401 2559 2473 cuiquam
2612 2401 2908 2471 disputare
2967 2401 3052 2456 fas
3103 2415 3220 2456 non
3250 2408 3354 2457 est.
3385 2400 3492 2457 Sed
3523 2414 3656 2457 cum

1962 2491 2032 2547 de
2062 2490 2152 2546 his
2197 2506 2329 2561 quae
2369 2491 2523 2546 circa
2571 2504 2675 2546 nos
2727 2498 2864 2546 sunt
2910 2490 3174 2559 exempla
3201 2490 3555 2560 praebentur,
3590 2489 3664 2545 ad

1962 2579 2070 2636 hoc
2101 2579 2162 2635 fit
2191 2587 2255 2635 ut
2287 2579 2398 2635 tria
2426 2578 2627 2650 aliqua
2684 2578 3173 2648 indisparabiliter
3222 2579 3508 2635 cohaerere
3554 2578 3664 2634 sibi

1961 2682 2124 2738 posse
2157 2676 2568 2724 monstrantur.
2600 2666 2763 2734 Quod
2793 2682 2927 2724 cum
2962 2668 3041 2735 ﬁt,
3082 2690 3102 2717 ι
3139 2667 3296 2735 ﬁdes,
3340 2675 3405 2723 ut
3429 2667 3662 2738 legitur,

1954 2757 2077 2827 jam
2107 2771 2221 2812 non
2253 2756 2424 2812 habet
2448 2758 2739 2823 meritum,
2762 2757 2854 2812 cui
2879 2756 3138 2812 humana
3161 2755 3306 2811 ratio
3324 2755 3539 2825 praebet
3565 2770 3664 2811 ex-

1957 2845 2339 2917 perimentum
2400 2845 2479 2913 (S.
2516 2844 2764 2902 GREGOR.
2799 2846 2953 2901 hom.
2987 2845 3098 2915 26).
3137 2866 3158 2893 ιι
3192 2845 3337 2900 ‘Haac
3378 2845 3663 2915 siquidem

1959 2934 2211 2990 Trinitas
2246 2933 2503 2989 vocative
2533 2933 2724 3002 potius
2755 2947 2933 3004 quam
2980 2932 3439 2988 substantialiter
3467 2934 3521 2987 in
3555 2932 3665 2989 hoc

1959 3036 1993 3077 a
2023 3023 2188 3079 nobis
2216 3022 2427 3078 saeculo
2452 3021 2769 3087 dictitatur,
2803 3021 2865 3076 in
2921 3035 3040 3091 quo
3085 3020 3404 3077 necessario
3450 3020 3521 3076 ad
3553 3035 3660 3076 no-

135 3117 429 3180 parentes,
467 3110 567 3180 qui
599 3109 968 3180 Beelphegor,
1003 3110 1221 3167 idolum
1268 3111 1484 3166 scilicet
1532 3110 1847 3181 tentiginis,
1891 3127 1932 3185 c
1960 3119 2138 3168 stram
2185 3110 2623 3182 intelligentiam
2685 3110 2755 3166 de
2793 3111 3050 3180 personis
3102 3109 3501 3165 instruendam
3556 3122 3667 3183 per

136 3198 304 3269 quod
335 3207 421 3254 est
452 3198 719 3269 Priapus,
771 3199 1105 3254 adoravere.
1161 3199 1425 3267 Ridendi,
1458 3200 1570 3255 imo
1598 3200 1771 3255 flendi
1797 3206 1853 3254 et

134 3300 247 3341 vos
308 3286 465 3356 quod
521 3286 783 3357 plerique
839 3294 1099 3343 vestrum
1179 3287 1464 3359 dogmatis
1540 3286 1851 3344 Christiani

134 3374 445 3431 veritatem
498 3374 663 3445 plene
718 3374 1071 3446 intelligunt,
1114 3389 1219 3432 nec
1276 3383 1469 3432 tamen
1530 3376 1851 3441 aberrore

136 3463 447 3520 desistunt.
494 3462 695 3519 Sciatis
750 3471 943 3519 tamen
992 3463 1133 3534 quia
1193 3462 1379 3528 nobis,
1434 3463 1650 3535 quibus
1700 3464 1852 3519 Deus

138 3551 579 3622 Scripturarum
652 3551 917 3608 notitiam
979 3551 1206 3612 indidit,
1267 3559 1341 3619 et,
1403 3558 1625 3608 remota
1675 3552 1850 3609 etiam

140 3640 578 3711 imaginatione,
612 3640 741 3696 fidei
771 3648 826 3697 ct
855 3640 1353 3710 contemplationis
1397 3640 1641 3697 contulit
1676 3642 1846 3708 alam,

136 3729 357 3800 species
405 3728 841 3798 sculpturarum
893 3729 1221 3785 necessaria
1279 3742 1395 3785 non
1451 3729 1544 3797 sit,
1600 3729 1698 3785 sed
1761 3729 1851 3785 his

139 3819 279 3875 solis
312 3817 414 3888 qui
463 3817 652 3873 idiota:
680 3825 736 3873 et
767 3818 1016 3885 hebetes,
1063 3816 1219 3888 quod
1269 3817 1473 3873 litteris
1520 3832 1636 3873 non
1668 3818 1848 3873 attin-

138 3905 684 3978 gunt,juvamentis
714 3906 1050 3977 hujusmodi
1097 3906 1406 3963 addiscunt
1445 3907 1601 3978 quod
1654 3906 1849 3962 scien-

143 3996 286 4052 dum
319 3996 411 4053 sit.

821 4065 1057 4123 CAPUT
1096 4064 1173 4135 x.

213 4172 423 4227 Auctor
450 4174 557 4227 tres
611 4175 743 4228 Deos
771 4188 807 4227 a
864 4173 1194 4230 Christianis
1238 4172 1473 4228 ostendit
1517 4172 1668 4227 haud
1722 4172 1847 4228 coli.

140 4260 358 4315 Probat
387 4263 446 4315 in
499 4264 605 4316 Deo
637 4263 958 4317 trinitatem.
1018 4292 1064 4301 —
1094 4262 1286 4319 Restat
1335 4262 1542 4319 ultima
1580 4262 1846 4332 quiestio,

143 4362 280 4419 quae
313 4363 348 4404 a
375 4349 539 4405 vobis
593 4350 934 4420 proponitur
988 4350 1345 4406 ventilanda.
1406 4350 1544 4406 Tres
1582 4350 1716 4405 deos
1746 4363 1851 4405 nos

142 4437 329 4494 colere
357 4437 562 4505 dicitis,
614 4439 756 4509 quia
810 4438 1057 4506 Patrem,
1088 4447 1144 4495 et
1191 4437 1421 4506 Filium,
1475 4447 1531 4494 et
1571 4438 1849 4508 Spiritum

142 4535 432 4594 sanctum,
487 4526 596 4584 sub
627 4527 991 4584 distinctione
1039 4541 1143 4584 nos
1185 4527 1416 4597 triplici,
1470 4526 1849 4597 pronuntiare

142 4616 510 4686 cognoscitis.
574 4616 665 4672 Ex
725 4616 1009 4686 superiori
1071 4615 1525 4689 testimoniorum
1585 4615 1850 4687 congerie

142 4706 283 4761 satis
313 4705 621 4775 probatum
674 4712 759 4761 est
809 4706 966 4776 quod
1009 4707 1162 4762 Deus
1191 4705 1400 4761 Filium
1431 4705 1661 4772 habeat,
1694 4705 1851 4761 hunc

142 4794 533 4851 humanatum
566 4801 800 4850 constet
850 4793 1128 4864 Spiritum
1161 4808 1293 4850 vero
1319 4801 1584 4850 sanctum
1634 4793 1851 4863 ubique

144 4882 500 4953 paginarum
547 4890 875 4938 vestrarum
932 4881 1041 4937 dici
1103 4881 1162 4937 in
1218 4888 1490 4951 promptu
1533 4888 1638 4937 est.
1696 4880 1852 4951 Ergo

144 4971 314 5027 sicuti
350 4984 454 5025 nos
484 4977 601 5026 tres
654 4983 926 5040 personas
983 4969 1353 5040 proferimus,
1391 4971 1470 5026 ita
1498 4969 1567 5025 de
1621 4968 1853 5024 cultura

144 5058 327 5115 trium
355 5058 593 5114 deorum
621 5071 657 5113 a
710 5057 875 5115 vobis
928 5065 1190 5129 patenter
1219 5058 1545 5129 arguimur.
1593 5058 1852 5113 Deumne

145 5146 717 5217 incircumscriptum
768 5146 1524 5217 incomprehensibilemque
1578 5145 1853 5201 creditis?

146 5234 309 5303 Quod
336 5235 383 5291 si
416 5234 669 5299 forsitan,
701 5235 841 5306 quid
884 5236 1060 5292 trium
1109 5236 1411 5291 cathedras
1449 5248 1848 5306 personarum,

149 5324 294 5396 quid
348 5324 610 5381 membra
665 5323 1039 5395 imaginando
1095 5324 1491 5395 conpingitis?
1550 5324 1605 5380 Si
1668 5325 1853 5379 Deum

149 5414 419 5483 spiritum
477 5414 790 5483 pensitatis.
843 5420 900 5469 et
953 5411 1153 5481 Filius,
1211 5420 1276 5469 ut
1306 5412 1614 5481 credimus,
1661 5413 1715 5468 ei
1742 5419 1851 5483 est,

150 5500 308 5557 filius
334 5515 456 5557 esse
484 5516 600 5558 non
630 5510 830 5572 potest,
883 5500 993 5557 nisi
1045 5501 1202 5571 quod
1250 5509 1412 5571 pater
1438 5508 1556 5571 est;
1593 5500 1852 5572 alioquin

151 5590 307 5647 Deus
358 5605 477 5647 non
523 5599 626 5647 est.
679 5591 867 5647 Potest
908 5590 967 5645 in
1009 5590 1237 5646 homine
1281 5604 1401 5645 esse
1432 5590 1587 5660 quod
1628 5604 1743 5645 non
1771 5596 1855 5646 est

150 5678 347 5746 homo,
407 5680 466 5736 in
511 5680 625 5737 Deo
675 5693 813 5736 vero
864 5678 1012 5735 nihil
1041 5678 1197 5749 quod
1245 5691 1360 5734 non
1389 5677 1462 5733 sit
1500 5678 1674 5734 Deus.
1709 5678 1854 5734 Nam

1960 3207 2249 3256 momenta
2302 3206 2357 3255 et
2405 3198 2676 3269 syllabas,
2743 3199 2888 3269 quia
2948 3198 3114 3254 aliter
3166 3212 3282 3253 non
3334 3211 3661 3267 possumus,

1958 3302 2163 3344 earum
2218 3286 2501 3343 vocabula
2556 3286 2956 3356 conjugamus.
3010 3286 3083 3341 At
3111 3300 3242 3341 cum
3284 3285 3417 3340 vitze
3449 3285 3662 3342 fontem

1960 3375 2348 3443 hauserimus,
2381 3383 2437 3431 et
2464 3375 2524 3430 in
2555 3373 2773 3431 lumine
2803 3374 3019 3442 lumen,
3049 3375 3229 3429 Deum
3262 3373 3321 3429 in
3353 3373 3468 3429 Deo
3498 3374 3663 3430 vide-

1958 3465 2170 3532 bimus,
2199 3464 2360 3520 nulla
2390 3463 2449 3520 in
2495 3462 2584 3519 his
2633 3462 3003 3518 nominandis
3057 3462 3395 3533 gradatione
3437 3476 3662 3519 sermo-

1958 3552 2049 3609 nis
2074 3552 2392 3625 egebimus.
2421 3552 2478 3608 Si
2507 3566 2570 3607 os
2626 3558 2910 3619 nostrum,
2944 3550 3169 3621 lingua,
3220 3558 3275 3606 et
3314 3550 3549 3620 spiritus
3601 3550 3663 3607 in

1958 3655 2132 3699 usum
2162 3641 2466 3697 locutionis
2516 3640 2729 3711 pariter
2786 3640 2946 3696 nullo
2980 3640 3189 3695 horum
3242 3646 3508 3707 vacante,
3560 3648 3663 3697 aut

1962 3738 2287 3801 praestante,
2342 3737 2669 3798 moventur,
2724 3730 2997 3785 maxima:
3051 3729 3289 3784 insaniae
3317 3736 3403 3783 est
3432 3724 3663 3783 diffiteri

1957 3819 2187 3875 Patrem
2236 3827 2293 3875 et
2354 3818 2567 3875 Filium
2622 3826 2677 3875 et
2741 3818 3020 3888 Spiritum
3073 3824 3335 3873 sanctum
3403 3830 3547 3883 esse,
3608 3819 3664 3872 et

1959 3922 2138 3978 posse,
2193 3921 2261 3963 ac
2314 3907 2742 3963 indivisibiliter
2795 3907 3038 3976 operari.
3081 3905 3138 3961 Si
3188 3906 3343 3960 enim
3376 3912 3490 3960 tres
3522 3906 3664 3960 Deos

1958 3997 2302 4063 diceremus,
2351 4009 2554 4052 eorum
2612 3995 2783 4066 plane
2832 3995 3045 4064 cuique
3099 4001 3318 4063 partem
3379 3991 3689 4049 mundani-

1956 4084 2254 4156 regiminis
2304 4085 2686 4151 traderemus,
2742 4097 2847 4139 nec
2876 4096 3142 4139 summus
3170 4081 3421 4153 quisque
3457 4094 3662 4136 eorum

1956 4186 2079 4229 esse
2111 4180 2314 4243 posset,
2358 4173 2460 4243 qui
2501 4186 2668 4242 pares
2692 4180 2825 4227 actu
2855 4185 2923 4226 ac
2954 4169 3186 4226 nomine
3215 4184 3455 4240 quoquo
3498 4176 3661 4239 pacto

1954 4261 2214 4319 haberet.
2249 4262 2320 4318 Et
2352 4262 2492 4317 dum
2547 4260 2714 4317 modo
2745 4261 2900 4328 huic,
2950 4273 3109 4315 nunc
3160 4258 3242 4313 illi
3274 4272 3378 4328 pro
3411 4257 3662 4327 partium

1957 4350 2441 4406 alternationibus
2470 4349 2815 4415 faveremus,
2855 4347 3174 4419 quemlibet
3225 4345 3463 4402 forsitan
3493 4345 3663 4416 cujus

1891 4428 1933 4482 Ι)
1955 4450 2206 4509 regnum
2239 4438 2434 4493 minus
2491 4445 2796 4508 putaretur
2825 4436 3285 4501 accommodant,
3330 4442 3435 4490 aut
3469 4434 3662 4489 minus

1958 4527 2435 4597 appretiaremur,
2482 4534 2585 4583 aut
2642 4525 2855 4596 apertis
2902 4524 3371 4596 derogationibus
3419 4536 3662 4593 urgere-

1958 4630 2110 4672 mus.
2144 4616 2235 4672 Nil
2281 4623 2475 4671 tamen
2523 4614 2680 4685 apud
2734 4621 2932 4669 nostra
2978 4613 3250 4682 dogmata
3277 4611 3527 4681 experiri
3560 4624 3663 4665 vos

1958 4704 2217 4776 contigit,
2260 4718 2364 4759 nec
2403 4704 2507 4759 diu
2548 4702 2848 4759 vobiscum
2882 4714 3055 4770 super
3107 4700 3212 4754 isto
3260 4697 3659 4765 tractabimus,

1959 4795 2100 4865 quia
2152 4794 2293 4849 dum
2349 4793 2419 4848 de
2476 4790 2545 4847 iis
2596 4791 2843 4861 agimus,
2902 4787 3202 4843 obduratis
3248 4784 3458 4841 animis
3514 4785 3663 4841 risus

1957 4882 2259 4939 efficimus.
2293 4879 2754 4937 Deliberantibus
2790 4876 2944 4933 enim
2991 4875 3221 4931 credere
3248 4880 3512 4929 auctores
3544 4885 3661 4928 non

1958 4972 2201 5027 deerunt
2226 4970 2327 5041 qui
2347 4974 2658 5039 potuerunt
2683 4965 2935 5022 erudire.

2038 5062 2173 5116 Vere
2221 5060 2524 5113 resurrexit
2553 5058 2833 5111 Dominus.
2864 5084 2934 5093 —
2987 5051 3155 5119 Illud,
3189 5050 3396 5117 velitis,
3443 5048 3657 5116 nolitis,

1960 5147 2177 5214 audite,
2234 5146 2375 5217 quia
2436 5145 2778 5213 Redemptor
2852 5150 3064 5208 noster,
3124 5154 3298 5211 quem
3370 5137 3664 5208 putruisse

1963 5234 2304 5301 mentimini,
2336 5232 2498 5299 vivit,
2532 5240 2588 5288 et
2632 5232 2692 5286 in
2746 5230 3057 5286 novissimo
3106 5227 3215 5293 die,
3250 5227 3407 5298 quod
3462 5233 3518 5282 et
3560 5239 3665 5282 vos

1961 5324 2211 5390 creditis,
2245 5324 2315 5378 de
2366 5329 2519 5378 terra
2550 5319 2867 5376 surrecturi
2918 5331 3141 5374 sumus.
3191 5317 3257 5372 In
3311 5328 3485 5371 carne
3525 5328 3667 5386 quo-

1963 5427 2078 5485 que
2107 5419 2304 5467 nostra
2336 5411 2516 5466 Deum
2546 5407 2895 5475 videbimus,
2931 5408 3127 5462 .lesum
3170 5404 3451 5471 videlicet,
3488 5416 3663 5474 quem

1963 5499 2417 5571 interpretamini
2449 5497 2824 5553 Salvatorem.
2884 5496 2973 5551 An
3023 5495 3081 5550 in
3114 5508 3288 5550 carne
3318 5492 3667 5550 constitutus

1965 5589 2097 5660 quis
2152 5589 2333 5643 Deum
2391 5585 2586 5643 videre
2643 5584 2872 5655 poterit,
2916 5583 3045 5638 licet
3086 5583 3209 5651 jam
3238 5578 3664 5649 corruptionem

1964 5677 2294 5744 excesserit,
2324 5676 2479 5746 quod
2511 5674 2609 5731 vix
2638 5670 2916 5743 angelicis
2959 5669 3256 5741 spiritibus
3304 5665 3670 5726 scintillando
