3956 6400
326 375 426 428 527

325 585 683 643 Desiderium
739 593 933 641 autem
983 584 1348 641 efﬁcientiam
1409 584 1634 654 quarit.
1681 584 1805 648 Quo
1848 583 2018 640 modo

323 689 459 745 ergo
485 672 746 730 videbit?
793 673 860 728 In
912 687 1086 729 carne
1140 672 1342 742 utique
1373 673 1638 740 existens,
1693 672 1899 742 poterit
1937 671 2020 728 in-

323 761 471 816 tueri
503 759 815 823 carnalem,
865 759 970 815 Dei
1003 759 1216 830 quippe
1249 759 1479 826 Filium,
1531 759 1588 815 in
1618 774 1683 814 eo
1709 760 1830 830 jam
1861 757 2016 830 quod

325 847 836 918 incorruptibiliter
901 849 1302 915 resurrexerit,
1376 848 1775 904 immortalem.
1845 849 2017 904 Utra-

325 947 440 1002 que
467 935 700 1004 etenim,
733 943 787 992 et
807 936 975 992 homo
1007 950 1106 1006 per
1131 951 1189 992 se
1227 944 1282 991 et
1313 936 1605 1001 Deus,'Dei
1649 943 1785 992 sunt
1817 937 2013 992 Filius.

326 1021 470 1078 Cum
521 1023 627 1080 hoc
678 1033 870 1082 careat
919 1025 1169 1090 nomine,
1234 1040 1341 1081 nec
1420 1033 1689 1082 mortuus
1763 1039 1869 1081 nec
1923 1039 2018 1081 $8-

325 1111 542 1181 pullus.

395 1199 690 1259 Perlucide
718 1201 890 1259 etiam
923 1202 1074 1259 valet
1129 1203 1370 1273 intelligi
1403 1202 1558 1274 quod
1592 1203 1650 1259 in
1688 1215 1861 1259 carne
1890 1215 2016 1269 sua,

326 1289 432 1346 hoc
483 1297 567 1345 est
622 1291 682 1346 in
735 1293 956 1359 eadem,
1011 1306 1130 1362 qua
1189 1299 1271 1348 est
1301 1292 1420 1362 ipse
1473 1292 1733 1348 humana
1785 1299 2016 1359 natura,

325 1377 701 1435 constitutum
729 1380 833 1436 Job
864 1394 1036 1436 suum
1069 1379 1419 1435 Salvatorem
1461 1394 1520 1435 se
1548 1380 1814 1435 visurum
1841 1393 2019 1448 spon-

324 1466 472 1522 deat.
505 1466 760 1522 Mortalis
804 1480 1038 1536 quoque
1086 1480 1154 1522 ac
1206 1465 1502 1521 rationalis
1549 1472 1773 1521 natura
1817 1464 2023 1520 indivi-

323 1552 507 1609 duum
555 1555 814 1625 signans,
857 1554 1012 1624 quod
1060 1553 1207 1609 dixit
1241 1553 1532 1609 inculcat:
1588 1554 1751 1619 Quem
1801 1555 2021 1607 visurus

323 1657 462 1707 sum,
523 1641 729 1712 inquit,
772 1657 866 1710 ego
921 1645 1058 1711 ipse,
1122 1647 1172 1696 et
1227 1658 1332 1696 non
1376 1643 1520 1696 alius
1563 1643 1700 1709 (Job.
1753 1656 1874 1708 xm,
1909 1644 2015 1704 27).

323 1725 431 1789 Qui
469 1725 620 1781 alius
671 1725 870 1796 procul
919 1725 1094 1782 dubio
1145 1728 1398 1795 quodam
1429 1726 1596 1780 modo
1625 1733 1790 1792 esset,
1821 1727 1864 1780 si
1920 1726 2019 1780 ho-

325 1814 538 1869 minem
578 1827 818 1880 exuens,
858 1815 1095 1884 spiritus
1145 1822 1485 1870 remaneret.
1527 1814 1716 1869 Tertio
1769 1815 2018 1884 denique

324 1902 380 1958 id
437 1901 720 1972 replicat:
783 1903 858 1958 Et
915 1905 1058 1957 oculi
1109 1906 1214 1956 mei
1271 1906 1607 1971 censpecturi
1661 1903 1848 1972 (ibid).
1913 1902 2016 1959 Ubi

323 1989 518 2046 oculos
572 1990 713 2046 adeo
757 1990 1064 2061 vigilanter
1105 1992 1405 2060 expressit,
1465 2005 1676 2060 corpus
1719 1990 1888 2060 plane
1918 1990 2017 2046 Dei

324 2077 609 2146 futurum,
653 2079 806 2149 quod
858 2079 1094 2135 visurus
1137 2088 1300 2142 esset,
1353 2079 1626 2135 innotuit.
1681 2081 1724 2135 Α
1781 2093 2018 2149 corpore

323 2173 514 2221 autem
542 2166 901 2222 divinitatem
933 2166 1110 2222 videri
1141 2166 1223 2222 fas
1251 2181 1362 2222 non
1385 2175 1490 2222 est.

393 2253 538 2308 Ecce
576 2262 777 2310 contra
819 2254 919 2309 Dei
965 2254 1172 2319 hostes,
1233 2262 1435 2310 contra
1486 2253 1786 2310 inimicum
1839 2261 1894 2310 et
1931 2253 2020 2310 de-

325 2339 607 2397 fensorem
643 2355 808 2398 arma
829 2341 1332 2412 prasumpsimus;
1361 2342 1578 2412 quibus
1610 2342 1834 2413 egimus
1863 2342 2018 2413 quod

325 2431 636 2500 potuimus,
669 2446 783 2487 non
814 2431 971 2502 quod
997 2431 1322 2487 debuimus.
1359 2431 1535 2486 Multa
1565 2432 2013 2501 suppressimus,

323 2518 464 2588 quia
508 2519 782 2590 ambigua
823 2521 892 2576 de
937 2533 1138 2576 eorum
1165 2519 1579 2588 {voluminibus
1630 2533 1838 2589 ponere
1868 2519 2018 2576 testi-

322 2607 516 2662 monia
545 2608 993 2677 supersedimus.
1025 2607 1114 2664 Nil
1141 2607 1294 2663 enim
1329 2607 1450 2678 agit
1473 2607 1824 2678 exemplum,
1859 2607 2015 2678 quod

321 2693 476 2750 litem
504 2695 600 2751 lite
647 2695 896 2752 resolvit.
954 2697 1009 2752 Si
1039 2697 1270 2767 perﬁdis
1309 2710 1376 2752 ac
1405 2696 1755 2752 derisoribus
1786 2697 2016 2752 videtur

323 2782 495 2839 inane
529 2783 682 2853 quod
737 2783 984 2852 fecerim,
1043 2784 1326 2851 fidelibus,
1393 2785 1495 2854 qui
1545 2785 1683 2840 talia
1738 2785 2014 2841 ventilare

319 2883 438 2924 non
487 2871 722 2940 audent,
781 2878 883 2927 aut
935 2871 1218 2934 nesciunt,
1260 2887 1374 2928 non
1433 2873 1714 2928 immerito
1759 2873 2016 2928 fortassis

319 2958 656 3028 placuerim,
683 2960 822 3030 quia
864 2960 910 3016 si
964 2975 1078 3016 non
1108 2961 1276 3016 valde
1323 2961 1560 3027 utiliter,
1617 2961 1782 3017 valde
1821 2969 2013 3017 tamen

1213 373 1280 428 V.
1325 371 1653 430 GUIBERTI
1685 371 1975 428 ABBATIS
2011 373 2070 427 S.
2112 371 2352 430 IARLE
2392 371 2485 429 DE
2524 368 2922 427 NOVIGENTO

325 496 564 555 licebit?
594 496 652 553 in
699 510 831 554 eum
860 495 1012 553 enim
1059 495 1383 553 desiderant
1439 495 1626 566 angeli
1677 498 2015 566 prospicere.
2055 496 2102 550 Α

3729 365 3826 418 528

2790 543 3024 602 CAPUT
3063 543 3160 598 XI.

2197 673 2301 730 Sed
2333 679 2458 743 post
2516 672 2666 728 hanc
2725 667 3694 742 qualemcunquedisputationem,
3727 679 3828 721 eu-

2120 763 2354 834 jusdam
2405 761 2542 816 mihi
2606 759 2785 816 Judai
2846 757 3043 814 relatio
3102 772 3217 812 non
3274 755 3516 812 tacenda
3566 755 3821 816 videtur,

2126 866 2258 922 qua
2313 849 2469 906 omni
2529 849 2950 904 conﬂictatione
2996 850 3131 901 τε·
3183 845 3491 900 verborum
3544 843 3830 914 potentior

2123 940 2453 995 astimetur.
2491 939 2648 1002 Erat,
2673 945 2735 992 ut
2761 943 3021 1001 testatur,
3058 933 3346 1000 Lauduni,
3377 940 3433 988 et
3473 933 3530 988 in
3563 932 3820 1003 quadam

2126 1028 2313 1094 domo,
2381 1025 2689 1098 quemdam
2764 1038 2896 1081 cum
2985 1023 3184 1078 Judao
3267 1021 3464 1092 aliquo
3549 1020 3826 1076 clericum

2127 1115 2536 1185 disceptantem
2559 1113 2751 1168 adhuc
2775 1111 3057 1183 puerulus
3085 1109 3377 1166 audiebat.
3408 1108 3676 1178 Cumque
3716 1107 3826 1164 cle-

2126 1205 2282 1260 ricus
2312 1203 2513 1274 perﬁdi
2563 1201 2716 1257 illius
2771 1201 3029 1257 resistere
3083 1196 3406 1254 ventositati
3434 1211 3548 1252 non
3580 1202 3772 1267 posset
3809 1211 3822 1250 :

2130 1315 2158 1344 ‹‹
2203 1293 2268 1348 In
2322 1291 2573 1358 nomine,
2627 1290 2839 1360 inquit,
2893 1290 3027 1346 Jesu
3081 1286 3307 1342 Domini
3364 1285 3620 1341 titionem
3653 1284 3827 1339 ﬂam-

2128 1386 2377 1435 mantem
2429 1392 2497 1434 ea
2547 1385 2705 1447 parte
2767 1389 2885 1446 qua
2931 1375 3094 1431 ardet
3158 1372 3588 1444 apprehendam
3662 1372 3827 1428 nuda

2129 1482 2330 1534 manu,
2376 1475 2431 1523 et
2478 1474 2644 1522 extra
2691 1467 2902 1522 ostium
2963 1465 3169 1520 domus
3220 1460 3473 1518 eﬁ’eram.
3525 1482 3554 1506 ιδ
3617 1459 3829 1530 (Foeus

2131 1565 2320 1613 autem
2353 1563 2582 1626 propter
2611 1553 2709 1627 [f.,
2758 1553 2953 1624 prope]
3011 1549 3178 1618 erat.)
3221 1550 3333 1608 Nec
3381 1549 3620 1606 Judaus
3665 1547 3828 1604 obni-

2131 1645 2292 1712 titur,
2327 1646 2383 1699 in
2435 1645 2540 1699 fide
2571 1644 2705 1699 Jesu
2757 1643 2847 1698 sui
2882 1649 3074 1698 utrum
3109 1650 3378 1698 ureretur
3405 1638 3729 1709 opperiens.
3757 1640 3827 1692 At

2131 1731 2376 1786 clericus
2419 1729 2665 1786 mirabili
2723 1729 3059 1785 crudelitate
3119 1729 3439 1785 ferveseens
3485 1726 3826 1781 candentem

2058 1792 2100 1848 Β
2132 1819 2338 1888 accipit
2385 1818 2589 1874 dextra
2644 1826 2922 1879 reustum,
2953 1826 3008 1873 et
3062 1818 3307 1886 longius,
3337 1829 3456 1886 qua
3485 1813 3670 1869 voluit
3705 1827 3823 1866 mo-

2130 1906 2379 1966 rositate.
2439 1905 2718 1973 deportat,
2775 1912 2830 1959 et
2883 1903 3390 1973 projectoillasam
3443 1906 3724 1954 monstrat
3753 1897 3825 1952 ab

2129 1991 2261 2062 igne
2308 2005 2567 2047 manum.
2621 1991 2866 2046 Miratur
2925 1989 3018 2045 ille
3074 2003 3348 2060 nequam,
3404 1986 3500 2043 sed
3531 1985 3603 2040 ad
3652 1984 3824 2040 ﬁdem

2126 2079 2408 2137 miraculo
2464 2093 2577 2133 non
2639 2078 2920 2148 pulsatur.
2981 2077 3040 2132 Id
3078 2077 3261 2146 ipsum
3293 2076 3460 2131 etiam
3496 2073 3569 2128 ab
3613 2086 3681 2128 eo
3721 2071 3823 2142 qui

2127 2169 2267 2226 mihi
2303 2168 2498 2224 retulit
2530 2181 2644 2222 non
2672 2167 2781 2221 nisi
2813 2165 3114 2235 praestigiis
3135 2171 3525 2234 comparatur.

2199 2257 2395 2323 Dicite,
2430 2255 2756 2322 miserrimi,
2801 2268 2993 2309 nonne
3031 2267 3237 2308 nomen
3261 2259 3268 2265 '
3295 2250 3520 2306 deitatis
3556 2255 3666 2318 est,
3728 2246 3822 2302 cui

2124 2345 2405 2401 elementa
2422 2344 2859 2413 obtemperant?
2885 2343 2986 2397 Sed
3043 2357 3143 2396 vos
3173 2341 3359 2396 dicitis
3385 2340 3525 2410 quia
3557 2339 3616 2394 in
3668 2345 3822 2392 terra

2126 2434 2346 2504 positus
2395 2447 2453 2488 se
2507 2446 2811 2502 nunquam
2859 2431 3069 2487 dixerit
3118 2431 3320 2485 Deum.
3373 2427 3518 2484 Cum
3547 2426 3706 2482 enim
3748 2440 3823 2480 an

2124 2523 2277 2578 Deus
2304 2528 2448 2576 esset
2475 2519 2806 2587 sciscitanti,
2841 2519 3066 2576 intulit:
3104 2522 3185 2574 Tu
3215 2517 3353 2571 dicis
3381 2517 3601 2587 (Matth.
3637 2529 3823 2576 xxvn,

2122 2610 2234 2680 11).
2270 2610 2368 2666 Est
2399 2616 2462 2665 ut
2493 2609 2694 2675 dicitis,
2759 2623 2824 2664 ac
2855 2608 2900 2663 si
2954 2608 3165 2663 diceret
3192 2622 3204 2661 :
3236 2607 3322 2661 Tu
3377 2603 3612 2675 quidem
3654 2601 3821 2668 dicis,

2123 2698 2220 2754 sed
2273 2711 2378 2767 ego
2433 2712 2545 2753 non
2601 2697 2746 2752 dico.
2779 2696 3158 2752 Oveeordes!
3193 2693 3466 2750 attendite
3522 2691 3680 2762 quod
3734 2705 3822 2745 se-

2124 2787 2384 2857 quitur:
2441 2787 2650 2842 Amodo
2701 2787 2955 2840 videbitis
3007 2787 3206 2840 Filium
3259 2783 3491 2837 hominis
3547 2781 3824 2836 sedentem

2123 2891 2156 2929 α
2195 2875 2407 2929 dextris
2436 2877 2531 2929 Dei
2581 2879 2633 2928 et
2686 2877 2979 2929 venientem
3030 2876 3090 2927 in
3139 2872 3374 2926 nubibus
3431 2872 3548 2925 cali
3593 2869 3819 2940 (Matth.

2121 2978 2289 3030 xxvr,
2339 2962 2449 3028 64).
2511 2962 2726 3033 Nempe
2779 2971 2833 3018 et
2880 2961 3154 3033 proditori
3205 2958 3583 3030 signiﬁcando
3669 2957 3824 3011 idem

317 3045 560 3102 ﬁdeliter
587 3062 718 3117 qua
768 3047 1028 3119 injuncta
1079 3047 1239 3104 fuere
1286 3048 1715 3119 compleverim.
1777 3048 1829 3105 Si
1866 3049 2008 3120 quid
2048 3069 2090 3124 ο
2121 3051 2303 3108 dixit:
2338 3052 2558 3107 Dicenti
2592 3065 2862 3122 namque,
2907 3049 3162 3119 nunquid
3207 3053 3352 3116 ego?
3409 3047 3492 3102 ait
3549 3048 3630 3100 Tu
3681 3046 3824 3098 dicis

317 3134 566 3190 infamia
595 3149 692 3205 pro
725 3135 829 3191 hoc
859 3135 995 3206 ipso,
1044 3136 1162 3192 sive
1191 3136 1378 3192 laudis
1421 3136 1763 3206 acquiritur,
1810 3138 2010 3193 merito

315 3223 441 3288 tibi,
504 3225 684 3290 Pater,
740 3224 840 3294 qui
899 3224 957 3279 id
1017 3223 1327 3294 imperasti,
1363 3224 1688 3280 ascribitur.
1749 3223 1805 3280 Si
1855 3225 2009 3280 enim

318 3311 477 3377 bene,
513 3311 640 3366 ﬁdei
671 3318 727 3367 et
779 3326 1011 3382 precum
1044 3319 1280 3368 tuarum
1310 3311 1536 3368 fructus
1573 3318 1682 3380 est;
1716 3312 1803 3367 sin
1837 3312 2006 3378 male,

315 3398 771 3455 inconsideratus
828 3399 1138 3470 utrobique
1194 3413 1375 3455 ausus
1409 3409 1512 3455 est.
1563 3401 1735 3456 Nemo
1788 3415 1875 3456 me
1907 3415 2007 3456 ar-

315 3493 475 3558 guat,
529 3501 754 3543 errores
799 3487 1270 3556 improbissimos,
1342 3502 1476 3543 cum
1543 3487 1648 3543 sim
1709 3489 1898 3544 tenuis
1951 3495 2007 3544 et

314 3573 574 3641 stolidus,
607 3574 1030 3646 obiurgantem.
1087 3575 1406 3631 Meminerit
1459 3575 1677 3631 asinam
1719 3576 2006 3646 propheta

316 3661 700 3732 insipientiam
754 3661 1147 3732 castigantem.
1200 3663 1396 3720 Melior
1445 3663 1598 3720 enim
1663 3679 1813 3734 sum,
1877 3665 2006 3723 licet

313 3751 504 3806 malus
534 3750 725 3818 homo,
755 3764 934 3821 quam
964 3751 1117 3808 bona
1145 3751 1328 3808 asina.

2119 3141 2334 3210 (Matth.
2371 3155 2536 3207 xxw,
2571 3141 2676 3209 25).
2713 3139 3002 3196 Subaudis
3053 3152 3171 3193 rem
3205 3151 3336 3207 qua
3385 3143 3484 3191 est.
3515 3133 3703 3189 Taceo
3754 3132 3825 3188 de

2117 3228 2353 3294 cateris,
2388 3228 2489 3298 qui
2536 3227 2908 3296 corporaliter
2962 3216 3136 3296 gestis
3167 3223 3494 3280 intendunt.
3537 3221 3823 3277 Joannem

2117 3315 2285 3388 legite
2336 3316 2396 3371 in
2450 3329 2566 3385 quo
2626 3314 2769 3370 nihil
2820 3329 2962 3385 pene
3005 3313 3164 3369 aliud
3218 3325 3394 3383 quam
3429 3311 3498 3366 de
3527 3324 3637 3366 sua
3685 3322 3821 3366 cum

2117 3405 2282 3460 Patre
2311 3402 2907 3459 consubstantialitate
2954 3400 3339 3472 proloquitur.
3402 3399 3663 3464 Creditis,
3732 3399 3815 3452 in-

2117 3493 2264 3565 quit,
2298 3495 2356 3546 in
2387 3495 2570 3556 Deum,
2607 3497 2658 3546 et
2709 3495 2767 3545 in
2796 3507 2878 3545 me
2938 3489 3141 3544 credite
3181 3489 3370 3554 (Joan.
3412 3501 3528 3554 xrv,
3569 3489 3640 3555 l).
3707 3488 3819 3552 Ego

2114 3585 2175 3636 in
2216 3582 2400 3648 Patre,
2430 3587 2480 3635 et
2518 3583 2680 3635 Pater
2715 3582 2774 3633 in
2827 3595 2910 3633 me
2937 3583 3033 3633 est.
3077 3577 3182 3644 Qui
3212 3577 3386 3632 credit
3437 3577 3497 3629 in
3525 3591 3629 3642 me,
3671 3576 3821 3628 uidet

2113 3677 2166 3726 et
2193 3673 2408 3726 Patrem
2438 3670 2627 3738 (Joan.
2663 3682 2741 3734 IX,
2779 3668 2888 3735 t0),
2921 3675 2976 3723 et
3008 3666 3186 3722 millia
3212 3666 3419 3720 horum
3447 3663 3683 3719 similia.

1965 3903 2153 3950 FIle.

1277 4222 1565 4307 νεκ.
1627 4223 2223 4308 ουιεειιτι
2290 4221 2846 4306 ΔΒΒΔΤΙΒ

1659 4415 2485 4562 EPISTOLA

1998 4637 2106 4704 DE

422 4829 938 4922 BUCCELLA
999 4830 1276 4920 JUDJE
1344 4828 1612 4919 DATA
1677 4829 1806 4918 ET
1887 4829 2019 4918 DE
2085 4827 2593 4918 VERITATE
2661 4828 3104 4919 DOMINICI
3176 4827 3679 4920 CORPORIS.

375 5171 526 5222 28%
547 5164 702 5221 Patri
721 5171 776 5221 et
801 5164 1032 5223 domino
1048 5164 1239 5222 Sancti
1265 5163 1481 5220 Nieolai
1505 5164 1680 5235 priori
1708 5163 2004 5222 SIGEFBIDO
2041 5168 2087 5222 D
2114 5163 2304 5220 Primo
2332 5163 2503 5220 etiam
2545 5163 2773 5221 horrori
2828 5165 2971 5220 mihi
3026 5172 3130 5232 est,
3161 5165 3208 5222 si
3261 5165 3462 5236 aliqua
3511 5166 3724 5235 dicam,
3747 5167 3802 5223 in

305 5254 426 5324 [al.,
458 5253 722 5310 Vincenti
761 5253 957 5309 abbati
1013 5253 1329 5318 SIGEFRIDO,
1361 5251 1556 5320 frater,
1583 5252 1715 5322 etc.]
1757 5253 2004 5310 Gemen-

299 5358 402 5398 TUS
430 5341 530 5397 Dei
563 5340 813 5408 familia,
845 5355 978 5412 qua
1007 5349 1093 5397 est
1122 5339 1278 5410 apud
1306 5339 1695 5410 Novigentum
1719 5340 1997 5409 minister,

301 5444 434 5501 qua
464 5429 562 5484 Dei
601 5436 736 5486 sunt
757 5429 1094 5499 simpliciter
1123 5441 1382 5498 quarere
1411 5440 1478 5483 ac
1506 5427 1789 5497 amplecti.

371 5515 754 5582 Quastionem
809 5528 988 5586 quam
1054 5512 1194 5570 mihi
1257 5521 1358 5570 tua
1420 5513 1657 5584 ingessit
1725 5515 1996 5570 sanctitas

301 5613 502 5662 utrum
559 5603 808 5672 videam,
863 5601 1076 5658 nedum
1132 5601 1437 5658 enucleare
1492 5602 1739 5670 valeam,
1783 5603 1992 5658 nescio.

2111 5252 2328 5322 quibus
2379 5252 2582 5308 videar
2641 5253 2877 5310 Patrum
2938 5253 3234 5310 sententia
3285 5255 3585 5325 refragari.
3645 5255 3802 5313 Unde

2111 5348 2260 5410 peto,
2293 5348 2360 5396 ut
2387 5341 2431 5396 si
2484 5355 2616 5411 qua
2647 5355 2763 5396 non
2794 5349 2984 5398 tamen
3041 5350 3247 5412 prater
3277 5343 3538 5414 regulam
3580 5343 3798 5408 dixero,

2107 5442 2175 5484 ea
2205 5427 2410 5484 audias
2465 5427 2776 5485 intentione
2809 5442 2928 5499 qua
2978 5430 3187 5486 dicam.
3223 5431 3416 5486 Dicam
3473 5431 3630 5488 enim
3684 5433 3801 5490 sine

2107 5515 2442 5586 prajudicio
2498 5517 2748 5574 melioris
2797 5517 3094 5574 sententia
3141 5519 3426 5590 palpantis
3453 5521 3646 5590 potius
3680 5519 3796 5576 ani-

2106 5617 2200 5659 mo
2230 5617 2410 5675 quam
2449 5603 2700 5660 nitentis.
