3956 6434
157 416 263 466 5‘29

721 543 953 601 CAPUT
991 544 1292 601 PRIMUM.

848 648 1091 697 QUtﬁSTIO
1129 648 1166 689 I.

233 720 480 788 Quastio
521 728 607 778 est
656 722 963 793 magistros
1005 723 1270 779 Ecclesia
1318 722 1606 779 clariores.
1653 722 1866 794 Augu-

161 808 381 865 stinum
423 809 687 865 videlicet
729 810 932 881 (enarr.
981 813 1042 865 in
1076 812 1218 881 psat.
1256 827 1316 880 x,
1360 819 1493 868 tom.
1526 812 1676 880 VIII,
1722 820 1777 868 et
1806 815 1868 867 in

160 901 321 953 Joan.
366 906 532 955 tract.
576 902 665 966 26,
716 907 851 955 tom.
906 900 1028 970 IX),
1081 913 1148 956 ac
1185 899 1430 956 Leonem
1480 900 1669 972 (serm.
1722 903 1752 957 3
1801 901 1868 956 de

162 1003 287 1057 pas.
324 990 500 1057 Dom.)
532 989 871 1057 consentire,
902 989 1057 1059 quod
1086 989 1266 1045 Judas
1294 1004 1428 1045 cum
1467 990 1685 1045 cateris
1719 1004 1865 1060 apo-

165 1076 328 1132 stolis
389 1075 798 1131 eucharistiam
865 1077 934 1131 de
1002 1076 1228 1132 Domini
1289 1090 1469 1134 manu
1530 1077 1864 1149 susceperit.

167 1161 451 1219 Hilarium
506 1163 913 1219 Pictaviensem
974 1165 1127 1233 (com.
1181 1166 1240 1219 in
1289 1165 1513 1234 Matth.,
1563 1179 1690 1222 can.
1754 1166 1864 1236 30),

164 1251 631 1322 Capuanumque
682 1252 966 1310 Victorem
1012 1252 1085 1308 ab
1135 1253 1243 1309 hac
1284 1252 1659 1322 intelligentia
1711 1255 1868 1325 quod

164 1339 447 1409 acceperit
475 1340 796 1396 dissentire.
840 1340 1007 1407 Illud,
1053 1340 1161 1396 nisi
1192 1340 1377 1408 fallor,
1410 1342 1695 1398 dictorum
1727 1356 1867 1397 suo-

163 1442 297 1483 rum
338 1437 679 1500 argumento
717 1428 1011 1497 habentes,
1047 1430 1203 1500 quod
1249 1431 1468 1487 cateris
1506 1438 1866 1487 sacramento

162 1517 667 1587 participantibus,
737 1517 997 1574 buccella
1053 1517 1294 1588 prabita
1349 1518 1592 1589 simplici
1657 1519 1869 1575 scilicet

161 1618 333 1675 pane,
363 1620 536 1661 suum
565 1606 845 1662 Dominus
877 1606 1199 1679 insiguierit
1229 1608 1595 1678 proditorem.

841 1710 1084 1759 QUESTIO
1127 1711 1185 1751 ll.

235 1781 385 1838 Illud
431 1797 685 1853 quoque,
731 1783 805 1839 ad
851 1785 1033 1839 nostri
1072 1783 1571 1841 adumbrationem
1600 1783 1867 1839 sacriﬁcii

158 1883 196 1924 a
249 1847 600 1941 quibusdam
645 1847 919 1943 objectari
973 1871 1170 1940 solere,
1236 1872 1392 1943 quod
1439 1879 1867 1927 sacramentum
1908 1847 1947 1901 Β

159 1959 290 2026 hoc,
340 1959 574 2030 signum
635 1962 821 2031 magis
876 1974 1054 2031 quam
1117 1960 1331 2017 veritas
1386 1960 1577 2028 fuerit,
1637 1968 1692 2015 et
1746 1961 1869 2017 ideo

157 2047 345 2115 Juda,
379 2063 556 2119 quem
594 2057 725 2105 ante
772 2049 1071 2106 diabolum
1114 2049 1427 2121 vocaverit,
1459 2049 1707 2119 idipsum
1751 2050 1870 2107 Do-

159 2135 359 2191 minus
405 2136 897 2194 irretractabiliter
942 2138 1181 2193 dederit.
1235 2137 1356 2193 Hoc
1392 2137 1452 2194 in
1494 2137 1698 2194 litteris
1740 2152 1774 2194 a
1819 2146 1871 2195 te

158 2224 313 2280 datis
343 2224 422 2281 ita
452 2226 818 2296 proponitur.

234 2313 458 2379 Quibus
517 2330 624 2386 ego
681 2315 998 2383 subinfero,
1061 2314 1203 2386 quia
1268 2315 1388 2371 sive
1447 2324 1687 2384 veteres,
1754 2316 1873 2373 sive

158 2402 322 2469 novi,
356 2402 695 2472 quicunque
734 2416 907 2472 super
948 2401 1058 2457 hac
1102 2416 1164 2457 re
1203 2400 1556 2458 altercantur
1585 2418 1651 2459 ac
1675 2403 1871 2473 dispu-

160 2496 290 2545 tant
339 2490 830 2551 circumstantiam
883 2490 1193 2547 lectionum
1233 2490 1429 2546 minus
1474 2492 1640 2561 plene
1681 2492 1869 2548 consi-

160 2578 389 2635 derant.
458 2579 604 2635 Nam
678 2579 945 2649 apostolis
1016 2587 1185 2635 vetus
1260 2579 1474 2649 pascha
1551 2582 1872 2637 secundum

158 2666 417 2723 Matthai
464 2668 615 2723 dicta
672 2668 1056 2736 canantibus,
1104 2669 1264 2724 nullo
1310 2676 1545 2738 excepto
1591 2669 1804 2725 dicitur
1855 2691 1869 2732 :

155 2758 438 2825 Accipite,
491 2764 542 2811 et
586 2758 843 2812 comedite
892 2757 1105 2824 (Matth.
1158 2771 1316 2825 xxvr,
1364 2759 1470 2827 26;
1524 2760 1695 2813 Marc.
1752 2774 1871 2826 xlv,

157 2848 264 2903 23:
321 2847 450 2900 Luc.
506 2861 645 2913 xxu,
701 2846 805 2914 14).
858 2847 930 2902 Et
986 2854 1243 2916 porrecto
1288 2846 1462 2901 calice
1512 2848 1874 2915 postmodum

156 2935 460 3004 apertius:
501 2936 677 2990 Bibite
721 2951 790 2989 ea:
826 2936 923 2989 hoc
969 2951 1147 2989 omnes
1197 2934 1378 3005 (ibid.,
1415 2936 1526 3003 27).
1575 2937 1639 2991 In
1683 2938 1873 2993 Marco

155 3038 416 3094 quoque,
477 3024 759 3089 Biberunt,
818 3039 887 3077 ea:
943 3025 1040 3077 illo
1094 3038 1273 3078 omnes
1330 3023 1524 3094 (Marc.
1576 3040 1695 3092 xw,
1755 3026 1867 3095 23).

156 3113 337 3168 Porro
380 3112 564 3168 Lucas
612 3112 865 3182 primum
913 3126 1048 3168 eum
1097 3112 1170 3167 ad
1208 3127 1373 3167 esum
1414 3113 1640 3181 pascha
1666 3114 1864 3170 discu-
1902 3148 1943 3205 ο

157 3202 357 3257 buisse
400 3216 678 3268 asserens,
708 3209 763 3257 et
793 3200 1097 3256 duodecim
1129 3201 1411 3270 apostolos
1439 3216 1573 3257 cum
1606 3216 1671 3257 eo
1706 3202 1858 3269 (Luc.

156 3305 305 3358 χχιι,
351 3291 457 3361 14),
496 3290 651 3361 quod
695 3297 751 3345 et
794 3290 1100 3345 Matthaus
1138 3297 1192 3344 et
1223 3290 1452 3345 Marcus
1478 3290 1701 3357 dicunt,
1745 3299 1868 3359 post

156 3381 447 3436 dationem
480 3380 675 3436 calicis
705 3378 875 3434 infert
910 3393 922 3432 :
954 3380 1221 3447 Accipite,
1257 3386 1306 3433 et
1336 3379 1571 3433 dividite
1601 3382 1745 3433 inter
1772 3396 1866 3435 vos

158 3469 352 3538 (ibid.,
403 3469 512 3539 t8).
555 3468 659 3524 Sed
700 3476 755 3523 et
786 3481 991 3537 panem
1025 3466 1241 3538 gratias
1274 3480 1473 3538 agens,
1514 3475 1569 3523 et
1608 3468 1861 3539 fregisse,

154 3566 211 3616 et
244 3558 330 3614 eis
357 3558 579 3613 dedisse
605 3556 1009 3613 subscribitur.

229 3647 290 3703 Si
320 3661 457 3717 ergo
496 3647 564 3701 de
610 3647 784 3701 calice
823 3645 897 3700 ab
925 3644 1196 3700 omnibus
1239 3643 1385 3699 facta
1419 3644 1567 3700 inter
1588 3660 1683 3701 eos
1710 3644 1865 3700 divi-

156 3737 319 3793 sione
370 3735 738 3803 combibitur,
775 3735 953 3790 Judas
980 3734 1318 3789 nullatenus
1348 3733 1665 3805 excipitur;
1699 3733 1798 3805 qui
1830 3748 1865 3789 a

157 3825 374 3895 pedum
419 3824 706 3880 lavatione
754 3823 907 3892 apud
955 3823 1234 3878 Joannem
1278 3833 1675 3893 nequaquam,
1730 3837 1863 3879 cum

150 3914 275 3985 jam
307 3913 570 3969 conscius
593 3919 739 3969 esset
770 3911 1126 3982 proditionis,
1160 3912 1511 3967 excluditur.
1554 3912 1672 3968 Etsi
1709 3912 1863 3967 enim

156 4003 324 4059 nulla
387 4002 744 4057 adniteretur
810 4000 1146 4066 auctoritas,
1209 3999 1391 4055 multa
1455 4008 1646 4056 tamen
1715 4002 1862 4057 ratio

156 4098 507 4162 suppeteret,
566 4104 670 4161 pro
733 4089 855 4145 sola
910 4089 1278 4158 conceptione
1338 4089 1620 4156 criminis,
1689 4104 1863 4161 quem

156 4187 354 4249 aperta
383 4192 558 4248 opera
593 4192 708 4233 non
746 4178 1075 4248 probarent,
1123 4177 1411 4233 hominem
1446 4192 1481 4233 a
1511 4180 1632 4234 suis
1663 4179 1863 4251 gradi-

158 4270 289 4334 bus,
334 4276 390 4324 et
432 4266 891 4324 commilitonum
939 4267 1233 4322 communi
1295 4268 1484 4338 gratia
1528 4267 1864 4324 nullatenus

157 4357 497 4415 arcendum.
543 4356 668 4426 Ipse
710 4355 863 4411 enim
913 4355 1160 4422 dixerat,
1192 4363 1246 4411 et
1292 4355 1524 4411 difﬁteri
1560 4371 1672 4411 nou
1708 4363 1861 4425 pote-

1157 411 1380 470 EPIST.
1423 414 1513 468 DE
1553 412 1905 470 VERITATE
1949 412 2260 471 DOMINICI
2300 413 2665 471 CORPORIS.

3569 421 3673 472 530

1901 546 2055 616 Arx,
2121 548 2188 612 t),
2243 553 2347 602 ctc.
2399 544 2506 614 Qui
2561 545 2667 603 etsi
2720 560 2854 603 cum
2907 547 2979 603 sit
3038 546 3277 617 spiritus
3335 546 3668 618 disciplina,

1976 640 2263 706 quantum
2296 633 2368 689 ad
2409 647 2574 690 suam
2613 634 2869 705 ipsorum
2912 635 3155 690 salutem
3198 632 3363 691 ﬁctos
3402 634 3673 706 effugiat;

1978 722 2106 779 ﬁdei
2182 730 2376 778 tamen
2454 723 2698 779 aliorum
2775 724 3115 795 adjumenta
3176 724 3504 781 ministrat.
3566 725 3673 783 Cui

1974 826 2113 883 ergo
2150 811 2418 882 spiritum
2462 826 2636 883 quem
2678 815 2841 869 Petro
2878 813 3111 869 dederat
3142 813 3215 868 ad
3250 813 3532 869 miracula
3559 827 3677 869 non

1975 900 2228 973 negavit,
2284 901 2486 957 merito
2533 916 2639 957 nec
2690 901 2963 972 mysteria
3010 901 3139 957 aliis
3186 900 3520 957 communia
3569 900 3675 956 de-

1978 988 2259 1046 trectavit.

2047 1079 2121 1134 At
2154 1078 2201 1134 si
2227 1076 2300 1133 de
2347 1076 2603 1134 buccella
2633 1077 2847 1149 agitur,
2894 1093 3026 1150 qua
3064 1078 3116 1136 ei
3155 1078 3397 1134 intincta
3422 1076 3675 1149 porrigi-

1975 1173 2092 1233 tur,
2122 1166 2354 1237 signum
2389 1165 2515 1235 fuit,
2548 1174 2601 1223 et
2631 1181 2746 1223 non
2780 1168 3012 1238 signum
3043 1183 3056 1222 :
3089 1167 3322 1238 signum
3354 1165 3522 1236 plane
3552 1180 3679 1236 pro-

1976 1254 2195 1322 ditoris,
2228 1256 2324 1311 sed
2356 1270 2471 1311 non
2512 1255 2744 1326 signum
2776 1257 3153 1324 sacramenti;
3186 1269 3317 1325 qua
3345 1254 3517 1310 etiam
3545 1262 3679 1310 ante

1977 1344 2342 1400 traditionem
2382 1344 2516 1399 novi
2562 1344 2715 1400 illius
2753 1343 3038 1409 sacriﬁcii,
3088 1343 3354 1399 Matthao
3390 1349 3446 1399 et
3489 1342 3679 1399 Marco

1978 1432 2238 1501 testibus,
2272 1432 2412 1487 dum
2447 1437 2596 1487 εδδ
2635 1433 2768 1503 quis
2809 1439 2955 1488 esset
2999 1431 3253 1502 proditor
3294 1439 3674 1502 quareretur,

1976 1521 2111 1576 data
2149 1527 2232 1576 est
2273 1520 2489 1587 (Matth.
2521 1535 2681 1583 xxvr,
2726 1523 2831 1590 22;
2864 1523 3033 1575 Marc.
3071 1534 3187 1588 xrv,
3225 1519 3331 1590 t9),
3364 1533 3495 1589 qua
3531 1534 3678 1589 quo-

1977 1623 2091 1679 que
2128 1608 2174 1664 si
2219 1607 2360 1679 quid
2402 1608 2584 1664 sancti
2630 1609 2688 1663 in
2738 1623 2796 1664 se
2836 1608 3062 1677 habuit,
3109 1622 3226 1663 non
3255 1621 3328 1663 ex
3361 1608 3679 1663 mutatione

1976 1696 2068 1753 sui
2109 1697 2326 1767 aliqua.
2368 1697 2465 1753 sed
2503 1710 2576 1753 ex
2624 1703 2780 1754 tactu
2820 1697 3059 1753 forsitan
3098 1695 3407 1752 Salvatoris
3438 1696 3675 1765 accepit.

1976 1787 2047 1841 Et
2068 1785 2276 1841 diaboli
2309 1785 2400 1841 ille
2448 1786 2746 1842 introitum
2786 1800 2903 1842 non
2934 1793 3052 1842 tam
3084 1799 3186 1855 pro
3215 1784 3456 1856 indigna
3484 1798 3676 1840 susce-

1976 1875 2170 1945 ptione
2199 1873 2382 1945 ipsius
2428 1873 2620 1931 offula
2666 1888 2845 1945 quam
2896 1888 2999 1945 pro
3046 1887 3154 1930 sua
3200 1886 3339 1944 erga
3366 1872 3678 1943 corripien-

1976 1967 2089 2021 tem
2135 1964 2445 2021 Dominum
2495 1964 2854 2034 impudentia
2894 1971 2950 2019 et
2997 1961 3491 2034 incorrigibilitate
3527 1975 3680 2017 com-

1977 2052 2205 2110 meruit.

2651 2121 2877 2180 CAPUT
2917 2122 2990 2177 II.

2047 2229 2224 2285 Porro
2260 2228 2330 2284 de
2362 2228 2824 2285 inconvenientia
2867 2227 3318 2299 Evangeliorum
3364 2240 3540 2297 super
3578 2239 3673 2281 ca-

1979 2317 2161 2388 pitulo
2193 2312 2333 2373 illo:
2375 2319 2754 2373 Verumtamen
2793 2331 2987 2371 manus
3028 2317 3296 2370 tradentis
3342 2331 3444 2380 me,
3475 2330 3680 2369 mecum

1978 2412 2057 2462 est
2101 2410 2160 2461 in
2206 2422 2393 2461 mensa
2446 2408 2591 2476 (Luc.
2627 2421 2764 2472 xxu,
2815 2408 2926 2473 2i),
2973 2405 3130 2475 quod
3179 2404 3485 2461 Matthaus
3528 2404 3676 2459 Mar-

1979 2510 2198 2567 cusque
2249 2496 2632 2565 prascribunt
2684 2495 2903 2563 (Matth.
2964 2508 3120 2561 xxvx,
3180 2495 3279 2563 23;
3330 2495 3504 2548 Marc.
3562 2507 3678 2560 xvr,

1982 2584 2100 2650 19);
2149 2586 2331 2639 Lucas
2376 2597 2511 2638 vero
2563 2582 2815 2652 corporis
2865 2581 3144 2637 Dominici
3197 2580 3485 2636 traditioni
3536 2579 3681 2635 sub-

1979 2671 2196 2728 scribit.
2240 2670 2296 2727 Si
2334 2670 2438 2727 tibi
2479 2670 2874 2741 respondeam,
2912 2670 3065 2725 circa
3104 2670 3279 2725 vitem
3320 2675 3375 2725 et
3416 2662 3678 2737 patulum

1980 2760 2249 2817 morabor
2296 2760 2511 2827 orbem,
2565 2773 2698 2816 cum
2753 2773 2896 2829 pene
2955 2758 3229 2814 ridendus
3274 2759 3366 2823 sit,
3424 2758 3526 2827 qui
3572 2757 3682 2811 hoc

1978 2848 2206 2920 quasiit
2234 2850 2401 2920 quasi
2428 2849 2531 2919 qui
2561 2848 2620 2904 in
2652 2848 2838 2917 scirpo
2868 2847 3087 2904 nodum
3118 2846 3410 2917 repererit.
3444 2845 3500 2901 Si
3526 2845 3680 2901 enim

1979 2937 2235 2993 ordinem
2278 2937 2670 3007 capitulorum
2705 2936 2906 2998 eadem
2957 2936 3293 3002 dicentium,
3330 2934 3416 2989 vel
3449 2934 3598 2989 inter
3622 2948 3682 2988 se

1978 3025 2420 3091 dissonantium,
2455 3024 2513 3079 in
2558 3024 2890 3095 Evangeliis
2926 3038 3158 3094 quaras
3207 3031 3320 3079 tam
3372 3030 3678 3092 praposte-

1980 3122 2123 3181 rata,
2153 3114 2294 3169 adeo
2325 3114 2628 3169 immutata
2657 3111 2932 3179 invenies,
2976 3120 3039 3168 ut
3069 3111 3139 3167 de
3172 3110 3395 3167 tantillo
3430 3110 3536 3165 hoc
3576 3109 3680 3165 tibi

1972 3205 2243 3262 videatur
2281 3205 2588 3275 magistros
2628 3203 3016 3273 interpellasse
3065 3202 3319 3259 fatuitas.
3355 3201 3484 3257 Sive
3524 3203 3678 3257 enim

1976 3295 2275 3364 pracedat,
2304 3293 2424 3349 sive
2453 3299 2733 3364 sequatur
2775 3293 2881 3347 hoc
2920 3292 3187 3358 verbum,
3221 3291 3302 3346 nil
3344 3290 3539 3345 ofﬁcit.
3572 3290 3677 3346 Sed

1975 3384 2033 3438 in
2056 3383 2264 3438 barum
2290 3383 2540 3451 partium
2564 3381 2633 3436 de
2646 3380 2861 3452 quibus
2878 3380 3125 3450 agimus,
3146 3378 3534 3434 controversia
3547 3393 3678 3448 qua

1975 3472 2206 3528 videtur
2262 3470 2515 3541 plurima
2570 3484 2686 3525 non
2734 3469 2985 3538 epistola
3032 3468 3129 3523 sed
3181 3467 3313 3523 libri
3370 3466 3679 3523 necessarii

1974 3569 2130 3617 sunt.
2164 3562 2236 3617 Et
2271 3567 2421 3615 certe
2458 3558 2517 3614 in
2556 3557 2679 3629 ipso
2716 3558 2942 3628 pascha
2980 3557 3190 3613 veteris
3220 3556 3410 3626 epulo,
3451 3563 3508 3612 et
3552 3563 3680 3625 post

1973 3650 2110 3706 novi
2159 3648 2525 3705 traditionem
2574 3648 2848 3718 mysterii,
2902 3646 3242 3716 aliquantus
3294 3646 3363 3700 ad
3420 3657 3679 3700 mensam

1973 3738 2131 3794 illam
2166 3736 2440 3808 proditori
2473 3750 2776 3791 consessus
2808 3735 2933 3803 fuit,
2976 3744 3032 3790 et
3081 3733 3416 3790 temerarias
3445 3733 3680 3802 utrique

1970 3828 2162 3884 edulio
2203 3840 2413 3882 manus
2455 3825 2741 3895 apposuit.
2773 3825 2890 3879 Aut
2928 3823 3071 3893 quid
3111 3822 3326 3878 mirum
3372 3821 3418 3877 si
3454 3830 3682 3891 tempus

1973 3929 2078 3986 pro
2106 3923 2358 3983 tempore
2385 3913 2459 3969 ab
2492 3911 2848 3983 evangelista
2878 3911 3127 3980 positum
3160 3919 3263 3977 est,
3298 3917 3364 3966 ut
3393 3909 3681 3965 diceretur

1972 4009 2053 4059 est
2084 4017 2189 4074 pro
2229 4005 2381 4070 fuit?
2430 4001 2585 4057 Scias
2628 4001 2768 4071 quia
2812 3999 2936 4055 istic
2978 3998 3353 4056 dicendorum
3383 3999 3545 4069 copia
3588 4013 3679 4053 me

1973 4092 2201 4163 inopem
2232 4091 2386 4148 facit.

2636 4159 2863 4216 CAPUT
2903 4158 2999 4214 III.

2044 4270 2180 4337 Agit
2222 4272 2411 4323 contra
2456 4268 2918 4334 Berengarianam
2965 4266 3229 4320 haeresim.
3276 4293 3345 4303 —
3386 4261 3488 4319 Sed
3538 4277 3681 4334 quo—

1972 4356 2130 4413 niam
2160 4356 2229 4412 de
2275 4355 2503 4411 Domini
2542 4368 2778 4424 corpore
2814 4352 3274 4423 objectiunculas
3306 4351 3428 4407 ﬁeri
3460 4351 3677 4422 episto—

157 4453 289 4502 rat:
326 4445 501 4500 Nolite
530 4444 786 4511 judicare
821 4444 1042 4512 (Matth-
1089 4456 1188 4508 VII.
1228 4443 1299 4509 1)-
1342 4442 1501 4509 011οά
1545 4443 1602 4498 in
1632 4444 1860 4499 arcanis
1900 4450 1944 4505 D
1970 4446 2039 4502 la
2068 4452 2270 4501 auctor
2298 4444 2460 4512 dicit,
2490 4443 2643 4513 quod
2675 4445 2927 4513 signum,
2972 4448 3028 4497 et
3065 4455 3183 4496 non
3226 4440 3441 4496 veritas
3470 4447 3673 4507 exstet,

157 4542 458 4607 peccatum
502 4532 695 4588 adhuc
725 4531 921 4597 latens,
957 4531 1057 4601 qui
1090 4545 1289 4587 omnes
1322 4532 1393 4587 ad
1423 4532 1668 4587 salutem
1697 4547 1859 4588 com-

158 4622 374 4693 pellare
405 4627 660 4684 venerat,
695 4633 1069 4690 nequaquam
1113 4627 1253 4675 tunc
1286 4620 1554 4689 temporis
1584 4620 1862 4677 damnare

155 4712 457 4767 debuerat.
494 4708 654 4776 Quod
699 4716 893 4764 autem
938 4708 1006 4764 de
1042 4708 1218 4764 calice
1262 4708 1493 4775 dicitur,
1541 4722 1646 4778 par
1682 4715 1766 4763 est
1795 4721 1863 4763 ac

155 4800 203 4855 si
231 4798 434 4856 eadem
476 4797 767 4853 evidentia
794 4797 965 4852 etiam
1004 4796 1073 4852 de
1120 4811 1268 4866 pane
1297 4797 1604 4863 diceretur,
1638 4811 1771 4853 cum
1805 4796 1865 4852 in

157 4897 409 4958 utroque
436 4886 688 4958 dignitas
714 4900 839 4956 par,
868 4885 984 4941 imo
1010 4885 1294 4953 identitas,
1334 4887 1637 4942 habeatur.

224 4976 335 5043 Qui
366 4975 519 5031 enim
550 4974 603 5030 ei
639 4982 690 5030 et
723 4974 1070 5043 baptizandi,
1105 4973 1389 5029 damonia
1417 4973 1680 5045 ejiciendi
1711 4987 1864 5030 mor-

156 5066 379 5136 bosque
423 5064 671 5120 curandi
711 5076 844 5118 cum
879 5064 1098 5119 cateris
1122 5062 1221 5133 jus
1252 5063 1506 5131 dederat,
1536 5063 1584 5119 si
1614 5063 1687 5118 ad
1723 5063 1867 5118 ulti-

158 5170 320 5212 mum
378 5153 431 5210 ei
483 5151 740 5224 maligna
798 5151 1063 5207 tractanti
1112 5151 1377 5208 collatam
1426 5152 1552 5208 aliis
1614 5152 1862 5223 gratiam

158 5243 522 5303 detraxisset,
567 5254 775 5297 causas
812 5240 863 5296 ei
906 5240 1161 5297 forsitam
1204 5241 1547 5313 peragenda
1581 5241 1855 5311 proditio-

159 5333 250 5387 nis
278 5331 559 5388 auxisset.
591 5329 738 5397 Quid
769 5330 922 5385 enim
953 5329 1163 5395 virtus,
1205 5344 1336 5399 qua
1366 5338 1659 5399 operatur,
1689 5330 1864 5401 juxta

159 5419 521 5490 Apostolum,
546 5418 605 5473 in
636 5418 881 5474 salutem
899 5419 1057 5473 omni
1083 5417 1338 5473 credenti
1356 5421 1528 5484 (Rom.
1553 5433 1589 5485 ι,
1619 5418 1725 5488 16),
1751 5418 1858 5473 nisi

159 5508 408 5579 Spiritus
448 5514 684 5563 sanctus
711 5514 814 5573 est,
846 5520 919 5562 ex
947 5521 1064 5577 quo
1096 5513 1346 5575 potestas
1373 5521 1549 5578 super
1577 5508 1863 5563 damonia

160 5598 591 5668 languoresque
637 5595 931 5651 curandas
972 5593 1259 5665 emergit?
1308 5595 1491 5663 Dedit,
1536 5594 1748 5665 inquit,
1799 5598 1880 5664 eis

165 5688 433 5741 virtutem
493 5688 545 5738 et
592 5688 915 5753 potestatem
964 5698 1129 5753 super
1179 5684 1363 5738 omnia
1404 5683 1671 5738 damonia
1724 5684 1875 5753 (Luc.

1968 4547 2153 4605 pauca
2184 4532 2287 4589 etsi
2317 4531 2511 4596 exilia,
2554 4545 2728 4601 super
2767 4544 2833 4585 eo
2865 4528 3344 4599 contemplemur.
3382 4529 3440 4585 Si
3471 4529 3680 4584 umbra

1969 4630 2071 4690 est,
2104 4630 2159 4678 et
2189 4635 2304 4676 non
2331 4633 2562 4690 corpus,
2597 4620 2654 4675 in
2686 4619 2954 4675 umbram
2983 4617 3054 4673 de
3085 4616 3297 4673 umbra
3334 4617 3676 4682 decidimus,

1969 4712 2084 4767 imo
2128 4710 2188 4765 in
2227 4709 2510 4765 deteriora
2539 4708 2706 4764 valde
2735 4706 3095 4763 devenimus.
3134 4705 3189 4761 Si
3221 4705 3413 4773 boves,
3447 4707 3676 4774 arietes,

1971 4811 2179 4868 capra,
2221 4804 2500 4864 turtures,
2542 4796 2844 4862 columba,
2893 4803 2949 4851 et
2991 4808 3261 4866 passeres,
3304 4794 3438 4851 olim
3472 4809 3678 4864 pecca-

1976 4895 2096 4943 tum
2133 4886 2383 4953 fuerant,
2416 4886 2603 4941 hostia
2632 4885 2894 4942 videlicet
2925 4898 3028 4955 pro
3058 4891 3309 4955 peccato,
3343 4883 3424 4940 ita
3452 4890 3518 4940 ut
3545 4897 3679 4939 car-

1973 4975 2065 5031 nis
2103 4974 2343 5045 justitia
2390 4980 2756 5041 vocarentur,
2803 4981 2858 5029 et
2896 4972 3218 5029 secundum
3264 4971 3676 5028 conscientiam

1975 5064 2204 5121 salvum
2245 5077 2359 5119 non
2408 5071 2638 5133 possent
2680 5061 2867 5119 facere
2910 5063 3273 5128 servientem,
3317 5070 3536 5132 quanto
3564 5061 3680 5117 mi-

1978 5167 2091 5209 nus
2121 5152 2167 5207 si
2199 5151 2413 5222 species
2444 5150 2716 5218 creditur,
2758 5157 2813 5207 et
2850 5165 2967 5207 non
3005 5164 3114 5218 res,
3149 5150 3247 5206 illa
3278 5149 3483 5206 tantilli
3515 5150 3682 5220 panis

1979 5241 2120 5298 adeo
2151 5238 2493 5295 miserabilis
2523 5239 2840 5310 quantitas,
2875 5239 3032 5296 omni
3062 5239 3393 5296 animarum
3431 5239 3682 5296 remedio

1980 5329 2222 5400 indigna
2244 5329 2372 5398 erit,
2404 5328 2474 5384 de
2506 5342 2623 5398 quo
2653 5328 2701 5384 si
2737 5328 3303 5397 manducaverimus,
3346 5342 3463 5384 non
3492 5327 3680 5385 abun-

1981 5419 2271 5486 dabimus,
2326 5418 2371 5473 si
2426 5431 2543 5473 non
2596 5416 3064 5488 manducaveris,
3116 5430 3231 5473 non
3290 5416 3491 5487 utique
3547 5416 3682 5473 deﬁ-

1982 5507 2219 5564 ciemus.
3516 5556 3521 5561 .

2054 5595 2111 5652 Si
2157 5608 2296 5665 ergo
2346 5601 2662 5664 utrumque
2703 5593 2939 5663 species,
2984 5601 3040 5650 et
3086 5594 3146 5649 in
3188 5599 3396 5650 neutro
3442 5593 3678 5661 veritas,

1986 5697 2204 5742 novum
2236 5681 2564 5754 baptismati
2599 5682 2836 5739 Joannis
2876 5681 3226 5753 aquabitur,
3266 5681 3325 5737 in
3358 5682 3537 5738 veteri
3565 5697 3684 5739 non
