3956 6400
306 376 404 430 531

1183 367 1248 422 ν.
1287 365 1627 422 GUIBERTI
1665 364 1959 420 ABBATIS
1994 362 2054 420 S.
2105 362 2349 418 IARIE
2389 363 2479 418 DE
2519 361 2917 419 NOVIGENTO

3722 361 3827 414 532

307 506 562 580 proderit
591 505 820 562 interna
848 503 1085 566 utilitas,
1126 501 1223 558 sed
1269 501 1524 558 materiei
1557 499 1804 570 pretium
1851 513 2004 568 prae—
2041 501 2088 553 Α
2119 500 2256 552 vivit
2300 503 2521 568 propter
2562 513 2644 552 me
2691 500 2866 564 (Joan.
2899 511 2978 563 vt,
3024 498 3158 566 58.),
3205 504 3382 553 cesset
3414 497 3652 565 umbra,
3694 510 3825 553 ces-

307 596 583 653 eminebit
632 601 921 664 quantum
957 591 1232 647 animalia
1268 590 1349 646 rei
1381 589 1686 656 exanimae,
1719 596 2005 658 quantum

308 699 378 742 ea
425 699 558 754 quae
609 696 746 738 caro
799 689 1096 747 emuntur,
1157 679 1423 749 panibus.
1482 677 1644 733 obolo
1700 676 2004 744 similibus,

311 778 605 843 praestant.
649 771 719 826 Et
761 778 910 825 certe
951 776 1117 823 vetus
1157 767 1269 822 alio
1304 781 1541 836 quoque
1582 765 1749 822 modo
1785 778 2008 834 przeva-

311 861 427 917 lere
475 859 830 929 probabitur.
878 857 932 912 Si
982 869 1186 911 verum
1224 864 1305 910 est
1351 855 1506 925 quod
1553 853 1627 909 ab
1674 853 2010 908 auctoribus

311 948 583 1010 traditur,
626 960 745 1016 quo
788 945 1020 1016 quidem
1067 943 1150 998 nil
1205 943 1400 998 verius
1445 949 1576 998 ante
1614 940 2010 996 circumcisio-

311 1050 445 1093 nem
493 1033 778 1104 originale
813 1039 1109 1103 peccatum
1158 1030 1450 1087 sacriﬁciis
1483 1030 1831 1085 solvebatur.
1880 1029 2012 1084 Haec

311 1132 504 1180 autem
556 1122 740 1178 hostia
794 1128 990 1176 nostra
1047 1134 1210 1189 passo
1261 1119 1433 1174 semel
1486 1118 1746 1183 Domino,
1794 1116 1842 1170 si
1892 1115 2012 1170 sola

308 1213 460 1282 passi
493 1211 700 1281 ﬁgura,
739 1218 802 1266 ut
829 1209 1066 1276 dicitur,
1097 1210 1194 1276 sit,
1233 1209 1278 1262 si
1308 1208 1448 1279 quid
1483 1208 1601 1262 veri
1629 1206 1860 1271 efﬁciat,
1903 1220 2008 1260 ne-

309 1301 442 1356 scio.
489 1299 649 1364 Quod
687 1299 735 1354 si
773 1298 893 1353 sola
925 1297 1123 1353 mortis
1161 1297 1318 1352 illius
1363 1295 1640 1351 memoria
1686 1303 1790 1361 est,
1841 1293 2012 1364 quasi

309 1389 509 1458 aliqua
537 1395 640 1444 aut
677 1387 798 1452 Dei,
832 1393 935 1442 aut
961 1385 1145 1440 sancti
1175 1385 1526 1455 cujuspiam,
1560 1399 1690 1454 qua:
1723 1385 1782 1438 in
1814 1383 2010 1439 Eccle-

311 1478 396 1532 sia
440 1475 600 1547 pingi
643 1475 783 1530 solet
830 1475 1042 1543 imago,
1094 1472 1484 1543 perfunctoria
1523 1481 1626 1528 est.
1678 1472 1838 1538 Quod
1874 1485 2013 1542 ergo

309 1564 496 1620 solum
527 1563 754 1632 praefert
785 1562 1026 1618 rudium
1056 1561 1240 1617 oculis
1266 1561 1707 1626 monimentum,
1740 1574 2010 1630 parvum,

311 1661 414 1708 aut
447 1652 675 1708 nullum
707 1657 937 1720 praestat
962 1650 1322 1719 sapientibus
1348 1649 1772 1719 adjumeutum.

383 1739 490 1794 Sed
543 1740 688 1794 scire
738 1737 911 1793 velim
968 1751 1152 1806 quare
1196 1737 1348 1793 calix
1405 1735 1709 1807 sanguinis
1764 1735 1899 1791 novi
1955 1741 2012 1790 et

313 1827 515 1884 aeterni
573 1825 894 1882 testamenti
941 1825 1154 1880 dicitur
1202 1826 1417 1894 (Matth.
1467 1839 1621 1894 xxvi,
1681 1827 1778 1890 28;
1836 1825 2006 1878 Marc.

312 1931 429 1982 xiv,
461 1916 558 1984 24;
607 1915 737 1970 Luc.
787 1928 928 1980 xxn,
978 1916 1090 1980 20),
1132 1913 1234 1970 ubi
1273 1913 1416 1984 quid
1467 1913 1798 1978 innovatur,
1845 1919 2008 1968 vetu-

313 2010 430 2058 stas
480 2001 818 2071 abrogatur.
876 2001 1030 2067 Quod
1091 2001 1244 2055 enim
1303 2003 1631 2068 ontiquatur
1688 2004 1740 2052 et
1790 2001 2011 2052 senescit

309 2106 482 2161 prope
527 2091 808 2144 interitum
849 2094 929 2143 est
968 2089 1152 2155 (Hebr.
1181 2102 1304 2151 vni,
1339 2089 1447 2158 13).
1485 2088 1751 2145 Vetustas
1785 2087 1841 2142 in
1875 2101 2011 2158 pec-

315 2187 441 2235 cato
471 2177 519 2234 si
564 2185 668 2244 est,
707 2184 763 2233 et
805 2177 1032 2232 novitas
1081 2177 1138 2231 in
1186 2176 1404 2250 gratia;
1455 2177 1642 2246 gratia
1679 2176 1804 2245 ipsa
1852 2176 2014 2231 nulla

315 2275 418 2335 est,
485 2267 598 2322 nisi
657 2265 730 2321 ad
787 2265 1164 2321 aeternitatem
1221 2265 1414 2333 possit.
1465 2265 1765 2319 Eternum
1819 2271 2013 2320 autem

317 2354 596 2426 quiddam
624 2360 886 2422 testatur,
915 2360 971 2409 et
999 2352 1256 2422 spondet.
1282 2353 1474 2421 Magni
1502 2352 1683 2422 igitur
1709 2352 2013 2422 cujusdam

318 2442 454 2499 boni
513 2441 800 2508 effectiva,
856 2448 912 2496 et
957 2455 1074 2495 non
1121 2440 1329 2506 inanis,
1387 2447 1490 2495 aut
1539 2440 1864 2496 umbratica
1909 2448 2012 2496 est.

319 2530 482 2587 Unde
509 2536 566 2586 et
607 2529 667 2584 in
705 2527 1096 2584 consecrativo
1132 2541 1353 2584 canone
1389 2527 1541 2584 calix
1589 2529 1766 2584 isdem
1813 2536 2015 2596 myste-

315 2621 464 2672 rium
514 2617 646 2677 ﬁdei
698 2617 1049 2686 appellatur;
1100 2617 1437 2686 mysterium
1486 2617 1638 2672 enim
1692 2632 1806 2672 non
1850 2617 2018 2672 modo

317 2705 377 2762 in
425 2706 594 2772 bono,
650 2719 854 2760 verum
889 2713 945 2760 et
991 2705 1049 2760 in
1099 2705 1270 2768 malo,
1303 2713 1358 2760 et
1401 2706 1460 2760 in
1510 2706 1681 2776 nugis
1713 2705 2016 2776 accipitur.

317 2795 464 2851 Nam
503 2801 558 2849 et
588 2793 926 2863 mysterium
958 2792 1282 2863 iniquitatis
1307 2793 1546 2863 dicitur;
1578 2803 1632 2850 et
1665 2794 1814 2850 inter
1841 2808 2016 2865 agen-

319 2883 459 2938 dum
491 2882 852 2950 comoediam,
890 2882 934 2936 si
966 2881 1182 2949 videas,
1229 2882 1370 2952 quid
1409 2882 1690 2952 signiﬁcet
1732 2891 1896 2938 actus
1925 2881 2018 2937 ille

317 2969 660 3042 interrogas.
693 2970 793 3026 Est
829 2983 967 3041 ergo
1007 2978 1322 3040 utrumque
1365 2971 1723 3040 mysterium,
1757 2971 1854 3026 sed
1885 2970 2017 3026 nul-

2116 595 2199 643 set
2235 587 2469 657 species,
2511 586 2644 642 vitae
2684 600 2751 641 ac
2780 585 2982 641 salutis
3026 584 3289 640 eﬂectiva
3325 585 3595 655 quaedam
3639 585 3702 640 in
3736 585 3826 639 his

2117 675 2402 744 mysteriis
2448 675 2644 729 anima
2681 674 2979 730 sentiatur.
3011 673 3103 739 Et,
3148 688 3182 728 ο
3218 673 3502 739 vecordia,
3533 675 3825 728 elemento

2117 763 2475 833 baptismatis
2509 776 2608 833 per
2654 761 2952 818 Trinitatis
2991 762 3407 817 invocationem
3451 769 3680 817 tantum
3723 760 3824 815 de-

2118 853 2319 920 fertur,
2354 860 2416 908 ut
2445 851 2731 922 simplicis
2761 865 2930 918 aqme
2962 850 3034 905 ad
3082 857 3312 920 peccata
3339 849 3588 906 eluenda
3617 849 3824 904 fecun-

2117 941 2347 1006 dentur,
2401 954 2468 995 ac
2515 939 2903 1004 viviﬁceutur,
2951 947 3007 994 et
3055 938 3194 994 huic
3245 947 3603 994 sacramento
3657 938 3826 1008 quod

2119 1028 2346 1099 proprio
2378 1027 2474 1083 Dei
2518 1027 2692 1083 verbo
2737 1027 3060 1092 coniicitur,
3093 1026 3214 1082 sola
3256 1026 3462 1081 stolida
3503 1026 3702 1097 ﬁgura
3728 1025 3827 1081 tri-

2118 1116 2342 1174 buitur!
2379 1115 2575 1171 Dicant
2599 1115 2698 1186 qui
2732 1115 2838 1171 hoc
2862 1115 3096 1186 signum
3121 1115 3243 1171 sine
3271 1115 3508 1170 veritate
3531 1122 3822 1180 asserant,

2121 1207 2309 1276 ipsum
2355 1218 2561 1274 corpus
2602 1204 2966 1261 Dominicum
3014 1203 3074 1260 in
3126 1211 3279 1260 terra
3325 1204 3537 1275 degens
3579 1203 3824 1274 signum

2119 1295 2310 1360 tuisse,
2360 1294 2500 1350 dum
2545 1293 2702 1349 aliud
2742 1301 2914 1362 patet,
2954 1292 3112 1348 aliud
3151 1292 3305 1348 latet.
3350 1293 3638 1348 Latentem
3681 1305 3825 1360 ergo

2122 1383 2427 1439 Dominum
2460 1383 2518 1437 in
2571 1382 2800 1437 homine
2830 1381 3249 1437 difﬁtebimur?
3285 1383 3404 1451 Ipse
3444 1394 3762 1451 resurgens
3791 1394 3828 1434 a

2120 1472 2361 1528 mortuis
2389 1471 2727 1536 claritatem,
2757 1484 2936 1540 quam
2968 1470 3378 1526 resurrecturis
3408 1469 3826 1540 spoponderat,

2119 1559 2418 1628 discipulis
2445 1572 2560 1612 non
2591 1557 2857 1622 ostendit,
2884 1569 3062 1626 quam
3095 1565 3285 1612 tamen
3329 1563 3462 1612 ante
3492 1555 3828 1625 passionem

2121 1648 2180 1703 in
2211 1654 2400 1702 monte
2438 1660 2630 1702 coram
2677 1646 2862 1710 Petro,
2898 1646 3116 1700 Joanne
3157 1653 3213 1700 et
3253 1645 3460 1700 Iacobo
3500 1643 3828 1713 transﬁgu-

2050 1745 2284 1826 B’ratus
2311 1735 2652 1791 ostenderat.
2688 1734 2868 1802 Quem
2895 1733 3168 1789 humilem
3199 1733 3586 1802 dispensative
3606 1739 3830 1786 statum

2119 1825 2404 1892 exhibuit,
2435 1839 2507 1879 ne
2541 1823 2896 1894 incognitum
2937 1822 3158 1892 aliquid
3196 1822 3441 1878 rudibus
3477 1828 3580 1876 aut
3619 1819 3834 1875 insoli-

2119 1918 2245 1970 tum
2272 1920 2577 1979 ostentare,
2629 1909 2782 1967 unde
2824 1925 2971 1980 quos
3011 1910 3244 1967 erudire
3281 1910 3578 1976 debuerat,
3618 1921 3832 1963 eorum

2119 2016 2323 2058 sensus
2353 2001 2537 2071 magis
2560 1999 2924 2056 obtunderet.
2955 1999 3101 2066 Quid
3137 1999 3292 2069 quod
3321 1998 3379 2054 in
3417 1998 3558 2053 caelo
3603 1997 3837 2067 positus

2117 2103 2188 2144 ne
2231 2089 2477 2146 vulnera
2520 2089 2754 2160 quidem
2793 2101 2901 2144 sua
2937 2087 3226 2143 obducere
3268 2094 3371 2142 aut
3409 2086 3681 2142 servilem
3723 2085 3837 2140 tor-

2120 2191 2271 2232 mam
2305 2191 2482 2247 quam
2523 2175 2718 2232 futuro
2749 2175 3181 2246 reprzesentabit
3209 2174 3428 2246 judicio
3459 2188 3679 2229 exuere
3719 2187 3833 2228 vo-

2122 2265 2250 2333 luit,
2297 2266 2409 2322 imo
2472 2274 2597 2336 post
2638 2265 2924 2336 judicium
2986 2265 3274 2320 transiens
3325 2263 3394 2318 de
3451 2263 3718 2318 humano
3771 2263 3832 2316 in

2121 2354 2387 2410 divinum
2433 2362 2646 2409 statum
2693 2367 2813 2408 sese
2871 2366 3106 2408 rursum
3151 2349 3453 2407 alterabit?
3495 2350 3550 2406 Si
3604 2350 3664 2405 in
3731 2350 3834 2405 illa

2121 2457 2254 2513 quae
2291 2444 2443 2498 Deus
2491 2450 2545 2498 et
2593 2443 2760 2498 homo
2801 2448 2884 2496 est
2928 2440 3253 2497 substantia
3293 2447 3454 2496 tanta
3496 2439 3835 2509 specierum

2124 2531 2365 2587 mutatio
2411 2530 2537 2598 fuit,
2582 2539 2638 2586 et
2680 2538 2785 2597 est,
2834 2537 2888 2586 et
2935 2530 3129 2588 adhuc
3167 2529 3366 2585 futura
3412 2535 3518 2593 est,
3579 2528 3638 2583 in
3691 2527 3830 2595 ista,

2123 2635 2255 2690 quae
2284 2619 2510 2675 interim
2558 2620 2616 2675 in
2667 2619 2929 2690 praesenti
2977 2619 3049 2674 ad
3091 2626 3301 2673 nostra;
3346 2616 3588 2672 miseria:
3623 2617 3830 2672 muni-

2126 2717 2382 2764 mentum
2423 2716 2479 2763 et
2524 2707 2968 2763 consolationem
3012 2707 3263 2776 praestita
3303 2712 3406 2772 est,
3457 2718 3612 2760 nova
3653 2718 3834 2759 crea-

2125 2804 2257 2852 tura
2304 2804 2360 2851 et
2402 2795 2474 2850 ad
2525 2795 2619 2851 Dei
2667 2809 2735 2850 ac
2787 2795 3085 2850 hominum
3140 2794 3434 2861 unionem,
3481 2792 3696 2848 mirum
3751 2807 3832 2847 ne

2123 2893 2208 2941 est
2245 2886 2290 2939 si
2337 2885 2393 2940 in
2436 2884 2541 2939 hac
2583 2885 2704 2953 ipsa
2745 2883 2931 2952 specie
2970 2883 3138 2953 panis
3177 2896 3246 2937 ac
3287 2881 3410 2936 vini
3453 2881 3526 2937 ob
3575 2881 3833 2936 humani

2123 2988 2328 3028 sensus
2375 2973 2668 3030 horrorem
2715 2972 2798 3027 sic
2851 2971 3067 3039 relicta,
3129 2971 3300 3028 ﬁdem
3352 2978 3607 3026 nostram
3665 2971 3834 3026 Deus

318 3059 433 3115 lam
464 3058 695 3114 utilitati
738 3058 1123 3128 quaerentium
1152 3059 1391 3129 exigens
1423 3059 1612 3128 ﬁdem,
1647 3059 1788 3130 quid
1819 3060 2014 3130 itaque
2053 3063 2094 3118 C
2119 3061 2418 3118 exerceat?

317 3147 428 3204 sibi
459 3147 586 3203 vult
617 3147 987 3218 adjectivum,
1025 3146 1196 3208 ﬁdei?
1239 3148 1338 3203 Est
1379 3147 1546 3218 plane
1577 3162 1645 3204 ac
1672 3147 1718 3204 si
1749 3149 1962 3204 diceret
1996 3162 2010 3202 :

314 3241 607 3292 Arcanum
657 3235 831 3292 totius
874 3235 1028 3301 ﬁdei,
1079 3235 1136 3291 in
1181 3251 1298 3306 quo
1336 3236 1549 3293 scilicet
1595 3236 1882 3292 universa:
1917 3251 2015 3292 no-

315 3331 447 3380 stra:
489 3323 844 3380 credulitatis
881 3324 1150 3394 majestas
1198 3323 1362 3390 latet;
1412 3324 1568 3381 unde
1603 3332 1667 3381 ut
1713 3324 2015 3396 sequentia

317 3411 547 3481 dicunt;
598 3411 716 3481 ipse
756 3411 908 3467 calix
955 3411 1261 3481 sanguinis
1306 3411 1558 3467 fructum
1608 3412 1666 3468 in
1711 3427 1770 3468 se
1827 3419 2014 3483 portat

315 3500 544 3556 nonnisi
589 3500 875 3567 divinum,
925 3498 1274 3554 remissionis
1314 3499 1576 3556 videlicet
1623 3509 2009 3572 peccatorum.

386 3588 591 3644 Dicant
617 3601 756 3658 ergo
789 3601 1058 3658 quaenam
1084 3588 1294 3643 umbra
1321 3597 1424 3656 est,
1457 3605 1589 3660 quae
1615 3597 1835 3646 tantam
1873 3604 2013 3661 par-

316 3676 460 3732 turit
504 3675 824 3731 veritatem.
875 3675 1050 3731 Miror
1095 3690 1328 3747 quoque
1373 3678 1589 3748 quibus
1630 3679 1872 3734 auribus
1899 3693 2013 3735 au-

319 3763 484 3820 diant
522 3763 698 3833 ipsius
736 3764 914 3819 verba
951 3765 1228 3834 veritatis,
1260 3768 1396 3822 Caro
1428 3782 1546 3820 mea
1582 3783 1704 3821 vere
1731 3773 1809 3822 est
1839 3768 2008 3836 cibus,

315 3855 542 3920 sanguis
580 3868 726 3906 meus
762 3869 883 3906 vere
924 3858 1003 3908 est
1042 3859 1200 3923 potus
1240 3855 1419 3923 (Joan.
1469 3870 1546 3922 v1,
1577 3858 1687 3922 56),
1733 3855 1833 3911 ubi
1880 3871 2011 3913 vero

316 3940 615 4010 quidpiam
645 3947 727 3996 est
740 3957 756 4010 ;
795 3941 916 3997 sola
954 3942 1170 4012 species
1197 3951 1299 3998 aut
1335 3943 1458 3999 sola
1487 3943 1693 3998 umbra
1725 3945 2011 4014 quomodo

315 4028 442 4084 est?
494 4030 563 4084 Et
610 4037 760 4086 certe
807 4031 856 4085 si
913 4038 1033 4100 post
1077 4031 1394 4086 orationem
1437 4031 1749 4087 sacerdotis
1796 4033 2012 4102 species

316 4117 481 4186 panis
517 4118 934 4187 demutaretur,
982 4120 1042 4174 in
1081 4133 1335 4188 carnem,
1381 4120 1664 4176 contentio
1705 4121 2005 4189 sopiretur.

314 4206 448 4262 Ideo
499 4206 682 4278 igitur
736 4207 1048 4278 objectores
1115 4209 1266 4264 circa
1335 4209 1578 4278 speciem
1642 4219 2004 4267 exercentur.

311 4292 471 4360 Quod
491 4295 538 4349 si
566 4294 782 4362 species
809 4303 914 4362 est,
942 4303 997 4351 et
1021 4294 1100 4350 nil
1133 4295 1304 4352 habet
1335 4296 1587 4366 amplius
1617 4312 1796 4368 quam
1825 4307 2005 4368 petra,

2192 3151 2354 3208 Certe
2403 3151 2526 3220 ipsa
2566 3149 2833 3217 Trinitas,
2880 3164 3011 3220 quae
3058 3148 3115 3204 in
3171 3149 3280 3204 hac
3324 3146 3444 3203 vita
3496 3149 3833 3206 necessario

2121 3249 2354 3310 propter
2397 3254 2499 3293 nos
2545 3239 2773 3307 dicitur,
2820 3238 2880 3294 in
2924 3239 3039 3298 Deo
3080 3236 3533 3293 substantialiter
3580 3238 3833 3292 minime

2120 3328 2497 3398 praedicatur;
2530 3327 2670 3397 quia
2699 3341 2902 3382 sensus
2939 3333 3152 3392 noster,
3184 3325 3287 3396 qui
3327 3325 3418 3380 hic
3443 3325 3678 3380 nonnisi
3720 3341 3832 3396 per

2120 3417 2370 3486 syllabas
2392 3423 2446 3472 et
2479 3415 2661 3484 spatia
2695 3415 2766 3471 de
2796 3416 2910 3471 Deo
2941 3415 3245 3479 imbuitur,
3282 3413 3340 3468 in
3369 3413 3690 3469 aeternitate
3724 3415 3832 3470 illa

2119 3505 2242 3560 sine
2287 3505 2418 3561 ullis
2453 3503 2714 3567 merulis,
2749 3517 2817 3558 ac
2849 3503 3180 3559 nominibus
3223 3502 3282 3557 in
3316 3501 3534 3558 lumine
3567 3501 3828 3558 videndo

2120 3593 2316 3650 lumen
2344 3593 2636 3664 agnitione
2662 3593 2888 3648 deitatis
2918 3591 3199 3661 impletur.
3233 3590 3288 3646 Si
3320 3591 3438 3646 haec
3466 3598 3522 3646 et
3545 3589 3662 3646 alia
3684 3607 3826 3662 quae

2117 3697 2233 3738 non
2277 3683 2541 3738 videmus
2581 3681 2889 3747 credimus,
2931 3689 2995 3737 ut
3022 3689 3105 3736 est
3145 3680 3203 3736 in
3241 3679 3577 3748 baptismate
3605 3681 3826 3735 remis-

2117 3771 2218 3838 sio,
2270 3771 2554 3841 supplicia
2593 3770 2654 3825 in
2701 3770 2944 3837 inferno,
2992 3769 3229 3839 prtemia
3282 3769 3338 3824 in
3381 3782 3579 3838 regno,
3629 3783 3825 3838 quare

2119 3860 2212 3916 hic
2239 3859 2469 3930 appulsi
2514 3859 2778 3924 dicimus,
2823 3859 3112 3928 quomodo
3161 3856 3365 3928 poterit
3409 3857 3562 3912 Deus
3607 3870 3821 3926 parare

2117 3963 2375 4004 mensam
2409 3949 2464 4003 in
2496 3948 2761 4003 deserto?
2793 3949 2954 4017 (Psat.
2983 3961 3193 4013 Lxxvu,
3233 3945 3338 4016 t9.)
3365 3946 3432 4000 Et
3461 3945 3506 3999 si
3535 3945 3738 4002 multis
3763 3954 3822 4000 et

2116 4037 2280 4093 bonis
2303 4045 2359 4092 et
2384 4036 2550 4092 malis
2587 4050 2719 4106 qua;
2771 4051 2883 4091 non
2925 4035 3196 4094 vidimus.
3241 4034 3549 4099 credimus,
3580 4034 3821 4103 utquid

2116 4126 2176 4181 in
2217 4139 2334 4182 uno
2376 4124 2740 4191 oﬁ‘endimus,
2773 4129 2830 4180 et
2876 4123 3016 4178 alias
3059 4131 3363 4193 potentem,
3397 4122 3490 4177 hic
3523 4121 3821 4190 impoten-

2117 4222 2230 4270 tem
2282 4215 2464 4270 Deum
2519 4212 2800 4269 dicimus?
2844 4213 2926 4270 Ne
2976 4226 3113 4283 ergo
3168 4211 3540 4268 concidamus
3583 4226 3619 4266 a
3669 4211 3821 4268 facie

2115 4302 2261 4373 ejus,
2290 4303 2456 4372 quasi
2500 4301 2715 4358 inimici
2743 4302 2892 4372 ejus,
2927 4303 3068 4372 quia
3098 4302 3310 4357 veritas
3337 4309 3392 4356 et
3423 4299 3820 4356 misericordia

313 4395 448 4450 quae
475 4361 796 4438 secundum
826 4361 1161 4452 Apostolum
1190 4361 1452 4440 Christus
1475 4393 1558 4440 est
1602 4361 1651 4454 (ί
1675 4387 1794 4441 Cor.
1827 4361 1892 4453 x,
1923 4361 2003 4456 4),
2047 4361 2092 4415 θ
2118 4361 2214 4447 Dei
2245 4361 2346 4448 ’sit
2411 4391 2470 4447 in
2518 4391 2742 4448 Christo
2773 4361 3112 4458 'fateainur;
3163 4399 3218 4447 et
3275 4391 3416 4461 quia
3465 4389 3523 4444 in
3575 4391 3818 4444 nomine

312 4468 494 4524 miror
522 4483 706 4538 quare
751 4477 959 4539 petras,
993 4471 1169 4542 ligna,
1213 4480 1268 4528 et
1297 4481 1500 4528 caetera
1540 4488 1672 4544 quae
1714 4474 2006 4531 Christum

313 4556 370 4611 in
397 4556 707 4626 Scripturis
736 4558 1059 4631 signiﬁcare
1097 4561 1390 4629 dicuntur,
1423 4577 1538 4617 non
1567 4577 1634 4618 ea
1660 4563 2003 4633 aspectione,

307 4652 366 4700 et
391 4645 563 4702 laude
594 4648 1023 4718 prosequimur,
1056 4664 1175 4720 qua
1206 4649 1363 4706 illam
1392 4650 1690 4706 hostiolam
1722 4655 1906 4722 panis,
1939 4667 2009 4708 ac

309 4733 450 4801 vini,
484 4748 616 4804 quae
648 4735 706 4790 in
739 4735 906 4792 altari
939 4737 1261 4805 conﬁcitur,
1295 4751 1478 4816 quare
1516 4753 1630 4795 non
1659 4753 1727 4795 ea
1765 4762 1786 4790 ι
1832 4741 2007 4816 bene-

308 4821 480 4888 dicta,
524 4823 836 4896 adscripta,
878 4833 1030 4895 rata;
1065 4848 1094 4875 ››
1137 4833 1191 4882 et
1223 4814 1458 4882 rursum
1501 4849 1522 4875 ι
1573 4842 1741 4898 pura,
1785 4814 2003 4897 sancta,

307 4917 362 4964 et
395 4910 796 4982 immaculata;
836 4913 968 4969 vitae
1013 4928 1248 4984 quoque
1285 4921 1536 4981 aeternae,
1585 4936 1607 4963 -
1649 4922 1751 4971 aut
1783 4935 1811 4966 α
1841 4917 2006 4972 salu-

310 4995 380 5050 tis
405 5005 726 5065 perpetute;
753 5020 773 5048 ι
801 5007 858 5056 et
886 5001 1156 5058 ultimum
1179 5011 1485 5074 postquam
1513 5026 1533 5054 ι
1561 5004 1618 5059 in
1639 5004 1884 5061 sublime
1907 5005 2007 5062 Dei

307 5083 492 5140 altare
519 5098 620 5154 per
648 5100 858 5143 manus
887 5089 1078 5158 angeli
1113 5111 1134 5140 ι
1169 5097 1318 5146 Q84
1349 5093 1657 5149 sacerdotis
1681 5095 2007 5164 precatione

307 5171 656 5240 deferentur,
695 5176 848 5246 quod
882 5191 1000 5232 non
1027 5185 1112 5234 est
1153 5178 1308 5236 aliud
1341 5196 1517 5251 quam
1560 5182 1765 5240 Christi
1797 5198 2006 5255 corpus

304 5267 471 5316 extra
510 5263 667 5331 quod
713 5265 900 5320 omnis
946 5265 1132 5322 hostia
1173 5273 1339 5324 vacat
1373 5285 1385 5324 :
1419 5285 1601 5341 quare
1640 5286 1756 5328 non
1795 5273 2004 5330 iterum

303 5347 680 5418 sanctiﬁcata,
708 5352 1020 5422 viviﬁcata,
1052 5367 1120 5410 ac
1148 5355 1443 5416 benedicta
1471 5361 1790 5417 vocamus?

376 5435 432 5493 Si
475 5451 634 5508 ergo,
667 5446 731 5495 ut
776 5439 878 5496 illa
919 5443 1200 5512 omittam,
1241 5445 1426 5504 hostia
1463 5462 1566 5517 per
1606 5449 2006 5506 sanctiﬁcatio-

303 5538 436 5581 nem
479 5525 762 5584 viviﬁcari
805 5529 1037 5599 dicitur,
1067 5532 1160 5589 cui
1211 5534 1576 5592 Dominicum
1620 5539 1891 5609 congruit
1915 5538 2002 5593 di-

301 5619 458 5670 ctum
509 5628 524 5669 :
576 5615 684 5684 Qui
723 5617 1019 5675 manducet
1063 5634 1180 5676 non
1224 5621 1385 5679 aliud
1422 5623 1707 5695 quidlibet
1753 5625 1852 5683 sed
1897 5641 1999 5694 me,

2115 4481 2298 4536 Patris
2343 4481 2518 4547 venit,
2564 4493 2738 4549 super
2779 4479 3042 4536 carnales
3085 4479 3299 4535 hostias
3342 4477 3584 4534 exaltari
3622 4491 3816 4534 cornu

2112 4581 2266 4638 e’m'
2780 4637 3010 4694 CAPUT
3049 4637 3145 4695 1v.

2184 4744 2402 4801 Alludit
2432 4744 2520 4800 his
2547 4743 2812 4800 sensibus
2842 4743 2984 4800 illud
3020 4744 3176 4814 quod
3216 4744 3274 4799 in
3304 4743 3449 4800 libro
3484 4744 3708 4814 Regum
3741 4745 3814 4800 ad

2115 4833 2297 4891 Eliam
2348 4833 2562 4889 dicitur
2607 4847 2621 4887 :
2663 4833 2862 4888 Recede
2906 4833 3050 4896 hinc,
3095 4832 3304 4902 inquit,
3348 4838 3400 4886 et
3440 4832 3577 4886 vade
3620 4839 3816 4888 contra

2111 4925 2383 4986 orientem,
2437 4927 2489 4976 et
2543 4922 2868 4976 abscondere
2921 4923 2980 4974 in
3033 4927 3268 4975 torrente
3325 4922 3536 4988 Carith,
3591 4924 3691 4989 qui
3736 4927 3816 4976 est

2113 5018 2302 5067 contra
2341 5010 2650 5078 Iordanem,
2697 5016 2749 5065 et
2794 5010 2874 5064 ibi
2921 5010 2989 5066 de
3038 5015 3272 5064 torrente
3327 5009 3473 5064 bibes
3529 5011 3628 5075 (ιιι
3675 5012 3813 5079 Reg.

2112 5115 2248 5168 xvu,
2280 5103 2350 5166 3).
2384 5100 2559 5167 Elias,
2595 5097 2697 5170 qui
2727 5099 3142 5170 interpretatur
3171 5102 3312 5154 Deus
3338 5113 3485 5153 meus
3530 5101 3814 5168 Dominus,

2110 5187 2420 5244 Iudaicum
2466 5187 2744 5257 populum
2792 5187 3002 5258 signat,
3050 5188 3146 5244 cui
3201 5189 3261 5243 in
3301 5201 3410 5243 sua
3462 5187 3644 5257 ipsius
3687 5187 3818 5260 lege

2111 5276 2454 5332 creberrime
2500 5275 2850 5344 inculcatur,
2892 5278 3006 5345 Ego
3050 5278 3329 5345 Dominus,
3389 5276 3526 5332 huic
3571 5276 3819 5346 impera-

2110 5371 2208 5420 tur
2245 5371 2310 5420 ut
2355 5362 2509 5432 hinc,
2541 5363 2598 5422 id
2632 5373 2735 5433 est,
2771 5365 2846 5422 ab
2893 5364 3228 5421 inﬁdelitate
3269 5366 3515 5434 recedat,
3559 5366 3720 5436 quod
3754 5367 3818 5422 in

2111 5453 2405 5508 Abraham
2438 5453 2730 5522 primitivo
2757 5454 2975 5511 factum
3005 5461 3244 5510 constat.
3283 5453 3500 5511 Contra
3529 5454 3814 5512 orientem

2105 5538 2346 5610 jubetur
2378 5546 2442 5594 ut
2487 5540 2680 5608 vadat,
2715 5540 2768 5596 id
2802 5549 2891 5597 est
2931 5542 3004 5598 ad
3035 5541 3129 5597 Dei
3162 5542 3544 5613 cognitionem
3577 5557 3640 5599 se
3665 5544 3811 5600 diri-

2111 5634 2226 5700 gat.
2276 5629 2478 5685 Contra
2528 5641 2785 5702 namque
2829 5644 2947 5686 non
3005 5630 3192 5688 solum
3241 5645 3344 5703 pro
3393 5631 3659 5702 adverso,
3713 5635 3814 5692 sed
