  <div class='ocr_page' id='page_1' title='image "/cluster/home/n/w/nwhite01/storage/ocr_20150623/156-157/uc1.31175010662024/272.png"; bbox 0 0 3956 6442; ppageno 0'>
   <div class='ocr_carea' id='block_1_1' title="bbox 149 396 254 445">
    <p class='ocr_par' dir='ltr' id='par_1_1' title="bbox 149 396 254 445">
     <span class='ocr_line' id='line_1_1' title="bbox 149 396 254 445; baseline 0.019 -2"><span class='ocrx_word' id='word_1_1' title='bbox 149 396 254 445; x_wconf 75' lang='grc'><strong>533</strong></span> 
     </span>
    </p>
   </div>
   <div class='ocr_carea' id='block_1_2' title="bbox 1150 392 2671 451">
    <p class='ocr_par' dir='ltr' id='par_1_2' title="bbox 1150 392 2671 451">
     <span class='ocr_line' id='line_1_2' title="bbox 1150 392 2671 451; baseline 0.002 -7"><span class='ocrx_word' id='word_1_2' title='bbox 1150 392 1368 448; x_wconf 82' lang='lat' dir='ltr'><strong>EPIST.</strong></span> <span class='ocrx_word' id='word_1_3' title='bbox 1413 393 1502 448; x_wconf 87' lang='lat' dir='ltr'><strong>DE</strong></span> <span class='ocrx_word' id='word_1_4' title='bbox 1544 392 1901 449; x_wconf 78' lang='lat' dir='ltr'><strong>VERITATE</strong></span> <span class='ocrx_word' id='word_1_5' title='bbox 1944 393 2259 450; x_wconf 72' lang='lat' dir='ltr'><strong>DOMINICI</strong></span> <span class='ocrx_word' id='word_1_6' title='bbox 2303 394 2671 451; x_wconf 81' lang='lat' dir='ltr'><strong>CORPORIS.</strong></span> 
     </span>
    </p>
   </div>
   <div class='ocr_carea' id='block_1_3' title="bbox 3567 399 3670 453">
    <p class='ocr_par' dir='ltr' id='par_1_3' title="bbox 3567 399 3670 453">
     <span class='ocr_line' id='line_1_3' title="bbox 3567 399 3670 453; baseline 0 0"><span class='ocrx_word' id='word_1_7' title='bbox 3567 399 3670 453; x_wconf 71' lang='grc'><strong>534</strong></span> 
     </span>
    </p>
   </div>
   <div class='ocr_carea' id='block_1_4' title="bbox 144 528 3666 605">
    <p class='ocr_par' dir='ltr' id='par_1_4' title="bbox 144 528 3666 605">
     <span class='ocr_line' id='line_1_4' title="bbox 144 528 3666 605; baseline 0.001 -19"><span class='ocrx_word' id='word_1_8' title='bbox 144 538 205 586; x_wconf 92' lang='lat' dir='ltr'><strong>et</strong></span> <span class='ocrx_word' id='word_1_9' title='bbox 236 545 339 601; x_wconf 93' lang='lat' dir='ltr'><strong>pro</strong></span> <span class='ocrx_word' id='word_1_10' title='bbox 374 530 687 587; x_wconf 72' lang='lat' dir='ltr'><strong>directione</strong></span> <span class='ocrx_word' id='word_1_11' title='bbox 725 544 874 599; x_wconf 77' lang='lat' dir='ltr'><strong>szepe</strong></span> <span class='ocrx_word' id='word_1_12' title='bbox 912 528 1167 600; x_wconf 81' lang='lat' dir='ltr'><strong>ponitur.</strong></span> <span class='ocrx_word' id='word_1_13' title='bbox 1224 531 1285 585; x_wconf 82' lang='lat' dir='ltr'><strong>in</strong></span> <span class='ocrx_word' id='word_1_14' title='bbox 1326 538 1575 587; x_wconf 91' lang='lat' dir='ltr'><strong>torrente</strong></span> <span class='ocrx_word' id='word_1_15' title='bbox 1607 530 1851 587; x_wconf 88' lang='lat' dir='ltr'><strong>abscon-</strong></span> <span class='ocrx_word' id='word_1_16' title='bbox 1888 531 1938 586; x_wconf 79' lang='grc' dir='ltr'><strong>Α</strong></span> <span class='ocrx_word' id='word_1_17' title='bbox 1964 529 2193 586; x_wconf 76' lang='lat' dir='ltr'><strong>erudiat</strong></span> <span class='ocrx_word' id='word_1_18' title='bbox 2236 537 2307 586; x_wconf 92' lang='lat' dir='ltr'><strong>te.</strong></span> <span class='ocrx_word' id='word_1_19' title='bbox 2350 532 2588 601; x_wconf 83' lang='lat' dir='ltr'><strong>Cumque</strong></span> <span class='ocrx_word' id='word_1_20' title='bbox 2626 534 2859 589; x_wconf 87' lang='lat' dir='ltr'><strong>venisset</strong></span> <span class='ocrx_word' id='word_1_21' title='bbox 2898 534 2973 588; x_wconf 82' lang='lat' dir='ltr'><strong>ad</strong></span> <span class='ocrx_word' id='word_1_22' title='bbox 3005 538 3223 603; x_wconf 84' lang='lat' dir='ltr'><strong>portam</strong></span> <span class='ocrx_word' id='word_1_23' title='bbox 3261 536 3524 601; x_wconf 80' lang='lat' dir='ltr'><strong>civitatis,</strong></span> <span class='ocrx_word' id='word_1_24' title='bbox 3566 551 3666 605; x_wconf 89' lang='lat' dir='ltr'><strong>ap-</strong></span> 
     </span>
    </p>
   </div>
   <div class='ocr_carea' id='block_1_5' title="bbox 146 618 1858 690">
    <p class='ocr_par' dir='ltr' id='par_1_5' title="bbox 146 618 1858 690">
     <span class='ocr_line' id='line_1_5' title="bbox 146 618 1858 690; baseline 0.001 -17"><span class='ocrx_word' id='word_1_25' title='bbox 146 619 329 685; x_wconf 90' lang='lat' dir='ltr'><strong>ditur,</strong></span> <span class='ocrx_word' id='word_1_26' title='bbox 374 619 514 675; x_wconf 92' lang='lat' dir='ltr'><strong>dum</strong></span> <span class='ocrx_word' id='word_1_27' title='bbox 561 620 712 674; x_wconf 89' lang='lat' dir='ltr'><strong>intra</strong></span> <span class='ocrx_word' id='word_1_28' title='bbox 753 618 893 689; x_wconf 82' lang='lat' dir='ltr'><strong>legis</strong></span> <span class='ocrx_word' id='word_1_29' title='bbox 935 618 1229 674; x_wconf 90' lang='lat' dir='ltr'><strong>scientiam</strong></span> <span class='ocrx_word' id='word_1_30' title='bbox 1270 632 1303 674; x_wconf 93' lang='lat' dir='ltr'><strong>a</strong></span> <span class='ocrx_word' id='word_1_31' title='bbox 1342 618 1538 674; x_wconf 90' lang='lat' dir='ltr'><strong>multis</strong></span> <span class='ocrx_word' id='word_1_32' title='bbox 1569 634 1701 689; x_wconf 77' lang='lat' dir='ltr'><strong>quae</strong></span> <span class='ocrx_word' id='word_1_33' title='bbox 1736 619 1858 690; x_wconf 87' lang='lat' dir='ltr'><strong>lege</strong></span> 
     </span>
    </p>
   </div>
   <div class='ocr_carea' id='block_1_6' title="bbox 147 706 1860 777">
    <p class='ocr_par' dir='ltr' id='par_1_6' title="bbox 147 706 1860 777">
     <span class='ocr_line' id='line_1_6' title="bbox 147 706 1860 777; baseline 0.001 -15"><span class='ocrx_word' id='word_1_34' title='bbox 147 708 534 776; x_wconf 85' lang='lat' dir='ltr'><strong>prohibentur</strong></span> <span class='ocrx_word' id='word_1_35' title='bbox 579 706 735 762; x_wconf 90' lang='lat' dir='ltr'><strong>vitiis</strong></span> <span class='ocrx_word' id='word_1_36' title='bbox 782 713 1136 771; x_wconf 90' lang='lat' dir='ltr'><strong>contutatur,</strong></span> <span class='ocrx_word' id='word_1_37' title='bbox 1180 715 1235 763; x_wconf 91' lang='lat' dir='ltr'><strong>et</strong></span> <span class='ocrx_word' id='word_1_38' title='bbox 1278 715 1429 762; x_wconf 89' lang='lat' dir='ltr'><strong>recte</strong></span> <span class='ocrx_word' id='word_1_39' title='bbox 1465 707 1590 777; x_wconf 88' lang='lat' dir='ltr'><strong>ipsa</strong></span> <span class='ocrx_word' id='word_1_40' title='bbox 1636 715 1860 764; x_wconf 87' lang='lat' dir='ltr'><strong>torrens</strong></span> 
     </span>
    </p>
   </div>
   <div class='ocr_carea' id='block_1_7' title="bbox 145 795 1856 865">
    <p class='ocr_par' dir='ltr' id='par_1_7' title="bbox 145 795 1856 865">
     <span class='ocr_line' id='line_1_7' title="bbox 145 795 1856 865; baseline 0.001 -14"><span class='ocrx_word' id='word_1_41' title='bbox 145 796 385 862; x_wconf 91' lang='lat' dir='ltr'><strong>dicitur,</strong></span> <span class='ocrx_word' id='word_1_42' title='bbox 438 809 571 865; x_wconf 74' lang='lat' dir='ltr'><strong>quae</strong></span> <span class='ocrx_word' id='word_1_43' title='bbox 617 808 735 850; x_wconf 90' lang='lat' dir='ltr'><strong>non</strong></span> <span class='ocrx_word' id='word_1_44' title='bbox 786 795 1241 861; x_wconf 89' lang='lat' dir='ltr'><strong>immutabiliter,</strong></span> <span class='ocrx_word' id='word_1_45' title='bbox 1295 796 1393 851; x_wconf 90' lang='lat' dir='ltr'><strong>sed</strong></span> <span class='ocrx_word' id='word_1_46' title='bbox 1448 796 1856 865; x_wconf 81' lang='lat' dir='ltr'><strong>perfunctorie,</strong></span> 
     </span>
    </p>
   </div>
   <div class='ocr_carea' id='block_1_8' title="bbox 144 884 1860 954">
    <p class='ocr_par' dir='ltr' id='par_1_8' title="bbox 144 884 1860 954">
     <span class='ocr_line' id='line_1_8' title="bbox 144 884 1860 954; baseline 0 -14"><span class='ocrx_word' id='word_1_47' title='bbox 144 891 203 940; x_wconf 90' lang='lat' dir='ltr'><strong>et</strong></span> <span class='ocrx_word' id='word_1_48' title='bbox 252 886 418 954; x_wconf 89' lang='lat' dir='ltr'><strong>quasi</strong></span> <span class='ocrx_word' id='word_1_49' title='bbox 458 885 530 940; x_wconf 88' lang='lat' dir='ltr'><strong>ad</strong></span> <span class='ocrx_word' id='word_1_50' title='bbox 562 892 789 953; x_wconf 88' lang='lat' dir='ltr'><strong>tempus</strong></span> <span class='ocrx_word' id='word_1_51' title='bbox 817 884 1011 939; x_wconf 88' lang='lat' dir='ltr'><strong>datur.</strong></span> <span class='ocrx_word' id='word_1_52' title='bbox 1050 884 1208 940; x_wconf 84' lang='lat' dir='ltr'><strong>Unde</strong></span> <span class='ocrx_word' id='word_1_53' title='bbox 1239 892 1294 940; x_wconf 93' lang='lat' dir='ltr'><strong>et</strong></span> <span class='ocrx_word' id='word_1_54' title='bbox 1341 898 1375 939; x_wconf 93' lang='lat' dir='ltr'><strong>a</strong></span> <span class='ocrx_word' id='word_1_55' title='bbox 1406 885 1583 941; x_wconf 89' lang='lat' dir='ltr'><strong>Paulo</strong></span> <span class='ocrx_word' id='word_1_56' title='bbox 1612 891 1860 940; x_wconf 87' lang='lat' dir='ltr'><strong>sanctum</strong></span> 
     </span>
    </p>
   </div>
   <div class='ocr_carea' id='block_1_9' title="bbox 145 972 1861 1043">
    <p class='ocr_par' dir='ltr' id='par_1_9' title="bbox 145 972 1861 1043">
     <span class='ocr_line' id='line_1_9' title="bbox 145 972 1861 1043; baseline 0.002 -16"><span class='ocrx_word' id='word_1_57' title='bbox 145 976 408 1027; x_wconf 69' lang='lat' dir='ltr'><strong>saeculare</strong></span> <span class='ocrx_word' id='word_1_58' title='bbox 457 979 699 1028; x_wconf 88' lang='lat' dir='ltr'><strong>vocatur</strong></span> <span class='ocrx_word' id='word_1_59' title='bbox 736 973 924 1038; x_wconf 85' lang='lat' dir='ltr'><strong>(Hebr.</strong></span> <span class='ocrx_word' id='word_1_60' title='bbox 975 987 1054 1039; x_wconf 83' lang='lat' dir='ltr'><strong>ix,</strong></span> <span class='ocrx_word' id='word_1_61' title='bbox 1094 973 1170 1043; x_wconf 81' lang='grc'><strong>1).</strong></span> <span class='ocrx_word' id='word_1_62' title='bbox 1216 972 1412 1029; x_wconf 89' lang='lat' dir='ltr'><strong>Carith</strong></span> <span class='ocrx_word' id='word_1_63' title='bbox 1461 983 1655 1030; x_wconf 89' lang='lat' dir='ltr'><strong>autem</strong></span> <span class='ocrx_word' id='word_1_64' title='bbox 1695 989 1861 1030; x_wconf 89' lang='lat' dir='ltr'><strong>voca-</strong></span> 
     </span>
    </p>
   </div>
   <div class='ocr_carea' id='block_1_10' title="bbox 146 1061 1858 1133">
    <p class='ocr_par' dir='ltr' id='par_1_10' title="bbox 146 1061 1858 1133">
     <span class='ocr_line' id='line_1_10' title="bbox 146 1061 1858 1133; baseline 0.001 -17"><span class='ocrx_word' id='word_1_65' title='bbox 146 1061 344 1128; x_wconf 84' lang='lat' dir='ltr'><strong>batur,</strong></span> <span class='ocrx_word' id='word_1_66' title='bbox 396 1061 553 1132; x_wconf 90' lang='lat' dir='ltr'><strong>quod</strong></span> <span class='ocrx_word' id='word_1_67' title='bbox 598 1076 851 1116; x_wconf 83' lang='lat' dir='ltr'><strong>occursus</strong></span> <span class='ocrx_word' id='word_1_68' title='bbox 891 1064 1038 1128; x_wconf 86' lang='lat' dir='ltr'><strong>ignis</strong></span> <span class='ocrx_word' id='word_1_69' title='bbox 1083 1061 1514 1131; x_wconf 86' lang='lat' dir='ltr'><strong>interpretatur,</strong></span> <span class='ocrx_word' id='word_1_70' title='bbox 1562 1063 1703 1133; x_wconf 84' lang='lat' dir='ltr'><strong>quia</strong></span> <span class='ocrx_word' id='word_1_71' title='bbox 1740 1077 1858 1132; x_wconf 91' lang='lat' dir='ltr'><strong>quo</strong></span> 
     </span>
    </p>
   </div>
   <div class='ocr_carea' id='block_1_11' title="bbox 144 1150 1859 1221">
    <p class='ocr_par' dir='ltr' id='par_1_11' title="bbox 144 1150 1859 1221">
     <span class='ocr_line' id='line_1_11' title="bbox 144 1150 1859 1221; baseline 0.001 -15"><span class='ocrx_word' id='word_1_72' title='bbox 144 1150 339 1221; x_wconf 89' lang='lat' dir='ltr'><strong>magis</strong></span> <span class='ocrx_word' id='word_1_73' title='bbox 388 1150 509 1221; x_wconf 82' lang='lat' dir='ltr'><strong>lege</strong></span> <span class='ocrx_word' id='word_1_74' title='bbox 538 1150 810 1206; x_wconf 88' lang='lat' dir='ltr'><strong>mandato</strong></span> <span class='ocrx_word' id='word_1_75' title='bbox 856 1150 931 1206; x_wconf 91' lang='lat' dir='ltr'><strong>ab</strong></span> <span class='ocrx_word' id='word_1_76' title='bbox 980 1150 1193 1205; x_wconf 90' lang='lat' dir='ltr'><strong>illicitis</strong></span> <span class='ocrx_word' id='word_1_77' title='bbox 1239 1152 1567 1219; x_wconf 84' lang='lat' dir='ltr'><strong>arcebatur,</strong></span> <span class='ocrx_word' id='word_1_78' title='bbox 1617 1167 1683 1208; x_wconf 92' lang='lat' dir='ltr'><strong>eo</strong></span> <span class='ocrx_word' id='word_1_79' title='bbox 1729 1165 1859 1208; x_wconf 90' lang='lat' dir='ltr'><strong>am-</strong></span> 
     </span>
    </p>
   </div>
   <div class='ocr_carea' id='block_1_12' title="bbox 148 1239 1860 1311">
    <p class='ocr_par' dir='ltr' id='par_1_12' title="bbox 148 1239 1860 1311">
     <span class='ocr_line' id='line_1_12' title="bbox 148 1239 1860 1311; baseline 0.002 -17"><span class='ocrx_word' id='word_1_80' title='bbox 148 1239 308 1309; x_wconf 90' lang='lat' dir='ltr'><strong>plius</strong></span> <span class='ocrx_word' id='word_1_81' title='bbox 337 1239 937 1309; x_wconf 87' lang='lat' dir='ltr'><strong>concupiscentiarum</strong></span> <span class='ocrx_word' id='word_1_82' title='bbox 953 1240 1293 1295; x_wconf 86' lang='lat' dir='ltr'><strong>occursibus</strong></span> <span class='ocrx_word' id='word_1_83' title='bbox 1314 1240 1675 1309; x_wconf 87' lang='lat' dir='ltr'><strong>pulsabatur.</strong></span> <span class='ocrx_word' id='word_1_84' title='bbox 1702 1240 1860 1311; x_wconf 89' lang='lat' dir='ltr'><strong>Ignis</strong></span> 
     </span>
    </p>
   </div>
   <div class='ocr_carea' id='block_1_13' title="bbox 144 1328 1856 1398">
    <p class='ocr_par' dir='ltr' id='par_1_13' title="bbox 144 1328 1856 1398">
     <span class='ocr_line' id='line_1_13' title="bbox 144 1328 1856 1398; baseline 0 -15"><span class='ocrx_word' id='word_1_85' title='bbox 144 1329 303 1383; x_wconf 90' lang='lat' dir='ltr'><strong>enim</strong></span> <span class='ocrx_word' id='word_1_86' title='bbox 349 1328 816 1398; x_wconf 79' lang='lat' dir='ltr'><strong>concupiscentia</strong></span> <span class='ocrx_word' id='word_1_87' title='bbox 865 1336 970 1384; x_wconf 92' lang='lat' dir='ltr'><strong>est.</strong></span> <span class='ocrx_word' id='word_1_88' title='bbox 1018 1328 1182 1385; x_wconf 89' lang='lat' dir='ltr'><strong>Unde</strong></span> <span class='ocrx_word' id='word_1_89' title='bbox 1229 1329 1536 1398; x_wconf 83' lang='lat' dir='ltr'><strong>Apostolus</strong></span> <span class='ocrx_word' id='word_1_90' title='bbox 1586 1344 1599 1383; x_wconf 95' lang='lat'><strong>:</strong></span> <span class='ocrx_word' id='word_1_91' title='bbox 1654 1331 1856 1387; x_wconf 83' lang='lat' dir='ltr'><strong>Concu-</strong></span> 
     </span>
    </p>
   </div>
   <div class='ocr_carea' id='block_1_14' title="bbox 137 1416 1858 1486">
    <p class='ocr_par' dir='ltr' id='par_1_14' title="bbox 137 1416 1858 1486">
     <span class='ocr_line' id='line_1_14' title="bbox 137 1416 1858 1486; baseline 0.003 -17"><span class='ocrx_word' id='word_1_92' title='bbox 137 1419 492 1485; x_wconf 85' lang='lat' dir='ltr'><strong>piseentiam,</strong></span> <span class='ocrx_word' id='word_1_93' title='bbox 546 1416 759 1486; x_wconf 89' lang='lat' dir='ltr'><strong>inquit,</strong></span> <span class='ocrx_word' id='word_1_94' title='bbox 808 1417 1128 1484; x_wconf 80' lang='lat' dir='ltr'><strong>nesciebam,</strong></span> <span class='ocrx_word' id='word_1_95' title='bbox 1174 1420 1289 1472; x_wconf 88' lang='lat' dir='ltr'><strong>nisi</strong></span> <span class='ocrx_word' id='word_1_96' title='bbox 1329 1419 1416 1472; x_wconf 80' lang='lat' dir='ltr'><strong>lea:</strong></span> <span class='ocrx_word' id='word_1_97' title='bbox 1457 1419 1656 1473; x_wconf 86' lang='lat' dir='ltr'><strong>diceret</strong></span> <span class='ocrx_word' id='word_1_98' title='bbox 1690 1435 1704 1473; x_wconf 89' lang='lat'><strong>:</strong></span> <span class='ocrx_word' id='word_1_99' title='bbox 1739 1422 1858 1475; x_wconf 89' lang='lat' dir='ltr'><strong>Non</strong></span> 
     </span>
    </p>
   </div>
   <div class='ocr_carea' id='block_1_15' title="bbox 142 1506 1858 1578">
    <p class='ocr_par' dir='ltr' id='par_1_15' title="bbox 142 1506 1858 1578">
     <span class='ocr_line' id='line_1_15' title="bbox 142 1506 1858 1578; baseline 0.002 -19"><span class='ocrx_word' id='word_1_100' title='bbox 142 1509 491 1573; x_wconf 75' lang='lat' dir='ltr'><strong>concupisces</strong></span> <span class='ocrx_word' id='word_1_101' title='bbox 537 1507 713 1574; x_wconf 83' lang='lat' dir='ltr'><strong>(Rom.</strong></span> <span class='ocrx_word' id='word_1_102' title='bbox 748 1521 844 1570; x_wconf 89' lang='lat' dir='ltr'><strong>vu,</strong></span> <span class='ocrx_word' id='word_1_103' title='bbox 880 1511 953 1572; x_wconf 88' lang='lat'><strong>7).</strong></span> <span class='ocrx_word' id='word_1_104' title='bbox 991 1507 1205 1561; x_wconf 87' lang='lat' dir='ltr'><strong>Contra</strong></span> <span class='ocrx_word' id='word_1_105' title='bbox 1231 1506 1539 1562; x_wconf 75' lang='lat' dir='ltr'><strong>Iordanem</strong></span> <span class='ocrx_word' id='word_1_106' title='bbox 1582 1515 1683 1574; x_wconf 89' lang='lat' dir='ltr'><strong>est,</strong></span> <span class='ocrx_word' id='word_1_107' title='bbox 1717 1508 1858 1578; x_wconf 90' lang='lat' dir='ltr'><strong>quia</strong></span> 
     </span>
    </p>
   </div>
   <div class='ocr_carea' id='block_1_16' title="bbox 142 1594 1855 1664">
    <p class='ocr_par' dir='ltr' id='par_1_16' title="bbox 142 1594 1855 1664">
     <span class='ocr_line' id='line_1_16' title="bbox 142 1594 1855 1664; baseline 0.002 -17"><span class='ocrx_word' id='word_1_108' title='bbox 142 1608 265 1647; x_wconf 92' lang='lat' dir='ltr'><strong>non</strong></span> <span class='ocrx_word' id='word_1_109' title='bbox 306 1594 488 1659; x_wconf 87' lang='lat' dir='ltr'><strong>aliud,</strong></span> <span class='ocrx_word' id='word_1_110' title='bbox 520 1607 699 1663; x_wconf 89' lang='lat' dir='ltr'><strong>quam</strong></span> <span class='ocrx_word' id='word_1_111' title='bbox 729 1595 1049 1649; x_wconf 90' lang='lat' dir='ltr'><strong>secundum</strong></span> <span class='ocrx_word' id='word_1_112' title='bbox 1084 1597 1331 1664; x_wconf 81' lang='lat' dir='ltr'><strong>gratiam</strong></span> <span class='ocrx_word' id='word_1_113' title='bbox 1364 1596 1724 1664; x_wconf 88' lang='lat' dir='ltr'><strong>baptismatis</strong></span> <span class='ocrx_word' id='word_1_114' title='bbox 1762 1596 1855 1651; x_wconf 92' lang='lat' dir='ltr'><strong>vi-</strong></span> 
     </span>
    </p>
   </div>
   <div class='ocr_carea' id='block_1_17' title="bbox 140 1682 1855 1753">
    <p class='ocr_par' dir='ltr' id='par_1_17' title="bbox 140 1682 1855 1753">
     <span class='ocr_line' id='line_1_17' title="bbox 140 1682 1855 1753; baseline 0.002 -18"><span class='ocrx_word' id='word_1_115' title='bbox 140 1695 283 1736; x_wconf 83' lang='lat' dir='ltr'><strong>vere</strong></span> <span class='ocrx_word' id='word_1_116' title='bbox 327 1682 648 1737; x_wconf 88' lang='lat' dir='ltr'><strong>volentium</strong></span> <span class='ocrx_word' id='word_1_117' title='bbox 696 1684 1064 1753; x_wconf 71' lang='lat' dir='ltr'><strong>praesagium,</strong></span> <span class='ocrx_word' id='word_1_118' title='bbox 1099 1682 1214 1739; x_wconf 87' lang='lat' dir='ltr'><strong>imo</strong></span> <span class='ocrx_word' id='word_1_119' title='bbox 1244 1684 1563 1751; x_wconf 88' lang='lat' dir='ltr'><strong>auspicium</strong></span> <span class='ocrx_word' id='word_1_120' title='bbox 1597 1692 1699 1740; x_wconf 89' lang='lat' dir='ltr'><strong>est.</strong></span> <span class='ocrx_word' id='word_1_121' title='bbox 1743 1687 1855 1739; x_wconf 90' lang='lat' dir='ltr'><strong>Lex</strong></span> 
     </span>
    </p>
   </div>
   <div class='ocr_carea' id='block_1_18' title="bbox 139 1769 1854 1840">
    <p class='ocr_par' dir='ltr' id='par_1_18' title="bbox 139 1769 1854 1840">
     <span class='ocr_line' id='line_1_18' title="bbox 139 1769 1854 1840; baseline 0.002 -17"><span class='ocrx_word' id='word_1_122' title='bbox 139 1769 301 1824; x_wconf 90' lang='lat' dir='ltr'><strong>enim</strong></span> <span class='ocrx_word' id='word_1_123' title='bbox 356 1770 710 1840; x_wconf 65' lang='lat' dir='ltr'><strong>paedagogus</strong></span> <span class='ocrx_word' id='word_1_124' title='bbox 778 1779 973 1826; x_wconf 89' lang='lat' dir='ltr'><strong>noster</strong></span> <span class='ocrx_word' id='word_1_125' title='bbox 1029 1779 1114 1827; x_wconf 91' lang='lat' dir='ltr'><strong>est</strong></span> <span class='ocrx_word' id='word_1_126' title='bbox 1168 1771 1227 1825; x_wconf 89' lang='lat' dir='ltr'><strong>in</strong></span> <span class='ocrx_word' id='word_1_127' title='bbox 1287 1771 1532 1827; x_wconf 86' lang='lat' dir='ltr'><strong>Christo.</strong></span> <span class='ocrx_word' id='word_1_128' title='bbox 1597 1773 1677 1828; x_wconf 93' lang='lat' dir='ltr'><strong>De</strong></span> <span class='ocrx_word' id='word_1_129' title='bbox 1731 1781 1854 1827; x_wconf 93' lang='lat' dir='ltr'><strong>tor-</strong></span> 
     </span>
    </p>
   </div>
   <div class='ocr_carea' id='block_1_19' title="bbox 138 1858 1848 1930">
    <p class='ocr_par' dir='ltr' id='par_1_19' title="bbox 138 1858 1848 1930">
     <span class='ocr_line' id='line_1_19' title="bbox 138 1858 1848 1930; baseline 0.002 -17"><span class='ocrx_word' id='word_1_130' title='bbox 138 1866 326 1925; x_wconf 86' lang='lat' dir='ltr'><strong>rente,</strong></span> <span class='ocrx_word' id='word_1_131' title='bbox 380 1858 586 1928; x_wconf 87' lang='lat' dir='ltr'><strong>inquit,</strong></span> <span class='ocrx_word' id='word_1_132' title='bbox 636 1858 797 1925; x_wconf 86' lang='lat' dir='ltr'><strong>bibit,</strong></span> <span class='ocrx_word' id='word_1_133' title='bbox 842 1860 983 1915; x_wconf 90' lang='lat' dir='ltr'><strong>dum</strong></span> <span class='ocrx_word' id='word_1_134' title='bbox 1030 1860 1501 1930; x_wconf 87' lang='lat' dir='ltr'><strong>qualemcunque</strong></span> <span class='ocrx_word' id='word_1_135' title='bbox 1550 1861 1848 1930; x_wconf 87' lang='lat' dir='ltr'><strong>vapidum,</strong></span> 
     </span>
    </p>
   </div>
   <div class='ocr_carea' id='block_1_20' title="bbox 138 1946 1853 2020">
    <p class='ocr_par' dir='ltr' id='par_1_20' title="bbox 138 1946 1853 2020">
     <span class='ocr_line' id='line_1_20' title="bbox 138 1946 1853 2020; baseline 0.003 -20"><span class='ocrx_word' id='word_1_136' title='bbox 138 1946 360 2002; x_wconf 85' lang='lat' dir='ltr'><strong>scilicet</strong></span> <span class='ocrx_word' id='word_1_137' title='bbox 442 1946 830 2010; x_wconf 85' lang='lat' dir='ltr'><strong>intellectum,</strong></span> <span class='ocrx_word' id='word_1_138' title='bbox 903 1947 973 2002; x_wconf 91' lang='lat' dir='ltr'><strong>de</strong></span> <span class='ocrx_word' id='word_1_139' title='bbox 1054 1946 1200 2018; x_wconf 84' lang='lat' dir='ltr'><strong>legis</strong></span> <span class='ocrx_word' id='word_1_140' title='bbox 1282 1949 1522 2005; x_wconf 90' lang='lat' dir='ltr'><strong>scientia</strong></span> <span class='ocrx_word' id='word_1_141' title='bbox 1607 1951 1853 2020; x_wconf 92' lang='lat' dir='ltr'><strong>populus</strong></span> 
     </span>
    </p>
   </div>
   <div class='ocr_carea' id='block_1_21' title="bbox 142 2036 365 2091">
    <p class='ocr_par' dir='ltr' id='par_1_21' title="bbox 142 2036 365 2091">
     <span class='ocr_line' id='line_1_21' title="bbox 142 2036 365 2091; baseline 0.004 -1"><span class='ocrx_word' id='word_1_142' title='bbox 142 2036 365 2091; x_wconf 70' lang='lat' dir='ltr'><strong>hauru.</strong></span> 
     </span>
    </p>
   </div>
   <div class='ocr_carea' id='block_1_22' title="bbox 214 2124 1851 2196">
    <p class='ocr_par' dir='ltr' id='par_1_22' title="bbox 214 2124 1851 2196">
     <span class='ocr_line' id='line_1_22' title="bbox 214 2124 1851 2196; baseline 0.001 -15"><span class='ocrx_word' id='word_1_143' title='bbox 214 2124 417 2181; x_wconf 75' lang='lat' dir='ltr'><strong>Corvis</strong></span> <span class='ocrx_word' id='word_1_144' title='bbox 449 2124 705 2194; x_wconf 68' lang='lat' dir='ltr'><strong>praecipit</strong></span> <span class='ocrx_word' id='word_1_145' title='bbox 735 2124 886 2180; x_wconf 91' lang='lat' dir='ltr'><strong>Deus</strong></span> <span class='ocrx_word' id='word_1_146' title='bbox 916 2133 980 2181; x_wconf 91' lang='lat' dir='ltr'><strong>ut</strong></span> <span class='ocrx_word' id='word_1_147' title='bbox 1015 2125 1090 2181; x_wconf 90' lang='lat' dir='ltr'><strong>ibi</strong></span> <span class='ocrx_word' id='word_1_148' title='bbox 1121 2140 1255 2182; x_wconf 89' lang='lat' dir='ltr'><strong>eum</strong></span> <span class='ocrx_word' id='word_1_149' title='bbox 1288 2134 1547 2196; x_wconf 90' lang='lat' dir='ltr'><strong>pascant,</strong></span> <span class='ocrx_word' id='word_1_150' title='bbox 1582 2127 1720 2183; x_wconf 89' lang='lat' dir='ltr'><strong>dum</strong></span> <span class='ocrx_word' id='word_1_151' title='bbox 1752 2141 1851 2182; x_wconf 90' lang='lat' dir='ltr'><strong>sa-</strong></span> 
     </span>
    </p>
   </div>
   <div class='ocr_carea' id='block_1_23' title="bbox 137 2213 1850 2286">
    <p class='ocr_par' dir='ltr' id='par_1_23' title="bbox 137 2213 1850 2286">
     <span class='ocr_line' id='line_1_23' title="bbox 137 2213 1850 2286; baseline 0.003 -18"><span class='ocrx_word' id='word_1_152' title='bbox 137 2213 474 2269; x_wconf 83' lang='lat' dir='ltr'><strong>cerdotibus</strong></span> <span class='ocrx_word' id='word_1_153' title='bbox 512 2214 692 2268; x_wconf 91' lang='lat' dir='ltr'><strong>nimia</strong></span> <span class='ocrx_word' id='word_1_154' title='bbox 720 2213 1137 2270; x_wconf 90' lang='lat' dir='ltr'><strong>sacriﬁciorum</strong></span> <span class='ocrx_word' id='word_1_155' title='bbox 1180 2214 1493 2271; x_wconf 88' lang='lat' dir='ltr'><strong>ambitione</strong></span> <span class='ocrx_word' id='word_1_156' title='bbox 1542 2217 1850 2286; x_wconf 89' lang='lat' dir='ltr'><strong>rapacibus</strong></span> 
     </span>
    </p>
   </div>
   <div class='ocr_carea' id='block_1_24' title="bbox 138 2301 1846 2373">
    <p class='ocr_par' dir='ltr' id='par_1_24' title="bbox 138 2301 1846 2373">
     <span class='ocr_line' id='line_1_24' title="bbox 138 2301 1846 2373; baseline 0.003 -19"><span class='ocrx_word' id='word_1_157' title='bbox 138 2301 419 2371; x_wconf 90' lang='lat' dir='ltr'><strong>injungit,</strong></span> <span class='ocrx_word' id='word_1_158' title='bbox 469 2309 533 2357; x_wconf 94' lang='lat' dir='ltr'><strong>ut</strong></span> <span class='ocrx_word' id='word_1_159' title='bbox 584 2316 717 2356; x_wconf 92' lang='lat' dir='ltr'><strong>eum</strong></span> <span class='ocrx_word' id='word_1_160' title='bbox 765 2301 1036 2369; x_wconf 88' lang='lat' dir='ltr'><strong>doceant;</strong></span> <span class='ocrx_word' id='word_1_161' title='bbox 1086 2302 1302 2373; x_wconf 87' lang='lat' dir='ltr'><strong>quibus</strong></span> <span class='ocrx_word' id='word_1_162' title='bbox 1350 2304 1678 2359; x_wconf 90' lang='lat' dir='ltr'><strong>Dominus:</strong></span> <span class='ocrx_word' id='word_1_163' title='bbox 1720 2307 1846 2370; x_wconf 81' lang='lat' dir='ltr'><strong>Vos,</strong></span> 
     </span>
    </p>
   </div>
   <div class='ocr_carea' id='block_1_25' title="bbox 136 2389 1845 2460">
    <p class='ocr_par' dir='ltr' id='par_1_25' title="bbox 136 2389 1845 2460">
     <span class='ocr_line' id='line_1_25' title="bbox 136 2389 1845 2460; baseline 0.002 -16"><span class='ocrx_word' id='word_1_164' title='bbox 136 2389 242 2456; x_wconf 90' lang='lat' dir='ltr'><strong>ait,</strong></span> <span class='ocrx_word' id='word_1_165' title='bbox 284 2392 495 2456; x_wconf 74' lang='lat' dir='ltr'><strong>fecistis</strong></span> <span class='ocrx_word' id='word_1_166' title='bbox 536 2390 675 2443; x_wconf 83' lang='lat' dir='ltr'><strong>hanc</strong></span> <span class='ocrx_word' id='word_1_167' title='bbox 712 2389 929 2443; x_wconf 85' lang='lat' dir='ltr'><strong>domum</strong></span> <span class='ocrx_word' id='word_1_168' title='bbox 967 2393 1279 2460; x_wconf 85' lang='lat' dir='ltr'><strong>speluncam</strong></span> <span class='ocrx_word' id='word_1_169' title='bbox 1316 2393 1589 2446; x_wconf 75' lang='lat' dir='ltr'><strong>latronum</strong></span> <span class='ocrx_word' id='word_1_170' title='bbox 1626 2394 1845 2460; x_wconf 79' lang='lat' dir='ltr'><strong>(Matth.</strong></span> 
     </span>
    </p>
   </div>
   <div class='ocr_carea' id='block_1_26' title="bbox 136 2478 1850 2549">
    <p class='ocr_par' dir='ltr' id='par_1_26' title="bbox 136 2478 1850 2549">
     <span class='ocr_line' id='line_1_26' title="bbox 136 2478 1850 2549; baseline 0.002 -16"><span class='ocrx_word' id='word_1_171' title='bbox 136 2492 261 2544; x_wconf 72' lang='lat' dir='ltr'><strong>xxx,</strong></span> <span class='ocrx_word' id='word_1_172' title='bbox 316 2478 422 2547; x_wconf 84' lang='grc'>13).</span> <span class='ocrx_word' id='word_1_173' title='bbox 469 2478 575 2533; x_wconf 90' lang='lat' dir='ltr'><strong>Sed</strong></span> <span class='ocrx_word' id='word_1_174' title='bbox 630 2485 687 2533; x_wconf 92' lang='lat' dir='ltr'><strong>et</strong></span> <span class='ocrx_word' id='word_1_175' title='bbox 746 2478 901 2534; x_wconf 87' lang='lat' dir='ltr'><strong>Elias</strong></span> <span class='ocrx_word' id='word_1_176' title='bbox 960 2479 1017 2533; x_wconf 92' lang='lat' dir='ltr'><strong>in</strong></span> <span class='ocrx_word' id='word_1_177' title='bbox 1080 2487 1331 2535; x_wconf 88' lang='lat' dir='ltr'><strong>torrente</strong></span> <span class='ocrx_word' id='word_1_178' title='bbox 1378 2494 1509 2535; x_wconf 92' lang='lat' dir='ltr'><strong>cum</strong></span> <span class='ocrx_word' id='word_1_179' title='bbox 1561 2480 1740 2549; x_wconf 91' lang='lat' dir='ltr'><strong>plebs,</strong></span> <span class='ocrx_word' id='word_1_180' title='bbox 1785 2488 1850 2537; x_wconf 91' lang='lat' dir='ltr'><strong>ut</strong></span> 
     </span>
    </p>
   </div>
   <div class='ocr_carea' id='block_1_27' title="bbox 131 2566 1847 2639">
    <p class='ocr_par' dir='ltr' id='par_1_27' title="bbox 131 2566 1847 2639">
     <span class='ocr_line' id='line_1_27' title="bbox 131 2566 1847 2639; baseline 0.002 -17"><span class='ocrx_word' id='word_1_181' title='bbox 131 2567 313 2637; x_wconf 87' lang='lat' dir='ltr'><strong>juxta</strong></span> <span class='ocrx_word' id='word_1_182' title='bbox 368 2566 706 2636; x_wconf 86' lang='lat' dir='ltr'><strong>Apostolum</strong></span> <span class='ocrx_word' id='word_1_183' title='bbox 746 2566 972 2636; x_wconf 91' lang='lat' dir='ltr'><strong>loquar,</strong></span> <span class='ocrx_word' id='word_1_184' title='bbox 1024 2568 1333 2637; x_wconf 85' lang='lat' dir='ltr'><strong>requiescit</strong></span> <span class='ocrx_word' id='word_1_185' title='bbox 1378 2568 1436 2623; x_wconf 94' lang='lat' dir='ltr'><strong>in</strong></span> <span class='ocrx_word' id='word_1_186' title='bbox 1485 2568 1626 2639; x_wconf 86' lang='lat' dir='ltr'><strong>lege.</strong></span> <span class='ocrx_word' id='word_1_187' title='bbox 1679 2568 1847 2625; x_wconf 85' lang='lat' dir='ltr'><strong>Corvi</strong></span> 
     </span>
    </p>
   </div>
   <div class='ocr_carea' id='block_1_28' title="bbox 138 2654 1851 2727">
    <p class='ocr_par' dir='ltr' id='par_1_28' title="bbox 138 2654 1851 2727">
     <span class='ocr_line' id='line_1_28' title="bbox 138 2654 1851 2727; baseline 0.003 -17"><span class='ocrx_word' id='word_1_188' title='bbox 138 2654 409 2711; x_wconf 91' lang='lat' dir='ltr'><strong>deferunt</strong></span> <span class='ocrx_word' id='word_1_189' title='bbox 456 2670 660 2724; x_wconf 89' lang='lat' dir='ltr'><strong>panem</strong></span> <span class='ocrx_word' id='word_1_190' title='bbox 692 2663 748 2711; x_wconf 90' lang='lat' dir='ltr'><strong>et</strong></span> <span class='ocrx_word' id='word_1_191' title='bbox 791 2668 996 2711; x_wconf 88' lang='lat' dir='ltr'><strong>carnes</strong></span> <span class='ocrx_word' id='word_1_192' title='bbox 1037 2670 1227 2722; x_wconf 92' lang='lat' dir='ltr'><strong>mane,</strong></span> <span class='ocrx_word' id='word_1_193' title='bbox 1260 2656 1521 2713; x_wconf 91' lang='lat' dir='ltr'><strong>similiter</strong></span> <span class='ocrx_word' id='word_1_194' title='bbox 1557 2671 1757 2727; x_wconf 92' lang='lat' dir='ltr'><strong>panem</strong></span> <span class='ocrx_word' id='word_1_195' title='bbox 1793 2668 1851 2715; x_wconf 90' lang='lat' dir='ltr'><strong>et</strong></span> 
     </span>
    </p>
   </div>
   <div class='ocr_carea' id='block_1_29' title="bbox 135 2743 1851 2815">
    <p class='ocr_par' dir='ltr' id='par_1_29' title="bbox 135 2743 1851 2815">
     <span class='ocr_line' id='line_1_29' title="bbox 135 2743 1851 2815; baseline 0.002 -17"><span class='ocrx_word' id='word_1_196' title='bbox 135 2757 346 2798; x_wconf 89' lang='lat' dir='ltr'><strong>carnes</strong></span> <span class='ocrx_word' id='word_1_197' title='bbox 378 2757 611 2812; x_wconf 90' lang='lat' dir='ltr'><strong>vespere</strong></span> <span class='ocrx_word' id='word_1_198' title='bbox 657 2743 763 2815; x_wconf 86' lang='lat' dir='ltr'><strong>(Ill</strong></span> <span class='ocrx_word' id='word_1_199' title='bbox 805 2746 936 2811; x_wconf 85' lang='lat' dir='ltr'><strong>Reg.</strong></span> <span class='ocrx_word' id='word_1_200' title='bbox 978 2759 1115 2812; x_wconf 87' lang='lat' dir='ltr'><strong>xvu,</strong></span> <span class='ocrx_word' id='word_1_201' title='bbox 1158 2746 1238 2812; x_wconf 88' lang='lat'><strong>6),</strong></span> <span class='ocrx_word' id='word_1_202' title='bbox 1275 2745 1415 2801; x_wconf 91' lang='lat' dir='ltr'><strong>dum</strong></span> <span class='ocrx_word' id='word_1_203' title='bbox 1460 2745 1520 2800; x_wconf 92' lang='lat' dir='ltr'><strong>in</strong></span> <span class='ocrx_word' id='word_1_204' title='bbox 1560 2747 1851 2815; x_wconf 91' lang='lat' dir='ltr'><strong>prosperis</strong></span> 
     </span>
    </p>
   </div>
   <div class='ocr_carea' id='block_1_30' title="bbox 134 2831 1844 2904">
    <p class='ocr_par' dir='ltr' id='par_1_30' title="bbox 134 2831 1844 2904">
     <span class='ocr_line' id='line_1_30' title="bbox 134 2831 1844 2904; baseline 0.003 -18"><span class='ocrx_word' id='word_1_205' title='bbox 134 2839 191 2886; x_wconf 91' lang='lat' dir='ltr'><strong>et</strong></span> <span class='ocrx_word' id='word_1_206' title='bbox 226 2831 509 2897; x_wconf 86' lang='lat' dir='ltr'><strong>adversis,</strong></span> <span class='ocrx_word' id='word_1_207' title='bbox 544 2833 700 2902; x_wconf 91' lang='lat' dir='ltr'><strong>quod</strong></span> <span class='ocrx_word' id='word_1_208' title='bbox 744 2840 829 2888; x_wconf 90' lang='lat' dir='ltr'><strong>est</strong></span> <span class='ocrx_word' id='word_1_209' title='bbox 872 2847 1041 2889; x_wconf 89' lang='lat' dir='ltr'><strong>mane</strong></span> <span class='ocrx_word' id='word_1_210' title='bbox 1076 2842 1132 2889; x_wconf 91' lang='lat' dir='ltr'><strong>et</strong></span> <span class='ocrx_word' id='word_1_211' title='bbox 1178 2848 1429 2903; x_wconf 91' lang='lat' dir='ltr'><strong>vespere,</strong></span> <span class='ocrx_word' id='word_1_212' title='bbox 1476 2836 1844 2904; x_wconf 85' lang='lat' dir='ltr'><strong>temporalem</strong></span> 
     </span>
    </p>
   </div>
   <div class='ocr_carea' id='block_1_31' title="bbox 128 2919 1843 2993">
    <p class='ocr_par' dir='ltr' id='par_1_31' title="bbox 128 2919 1843 2993">
     <span class='ocr_line' id='line_1_31' title="bbox 128 2919 1843 2993; baseline 0.002 -18"><span class='ocrx_word' id='word_1_213' title='bbox 128 2919 588 2990; x_wconf 90' lang='lat' dir='ltr'><strong>jucunditatem,</strong></span> <span class='ocrx_word' id='word_1_214' title='bbox 632 2922 784 2990; x_wconf 92' lang='lat' dir='ltr'><strong>quod</strong></span> <span class='ocrx_word' id='word_1_215' title='bbox 836 2921 1001 2991; x_wconf 90' lang='lat' dir='ltr'><strong>panis</strong></span> <span class='ocrx_word' id='word_1_216' title='bbox 1043 2922 1349 2993; x_wconf 88' lang='lat' dir='ltr'><strong>signiﬁcat,</strong></span> <span class='ocrx_word' id='word_1_217' title='bbox 1401 2937 1500 2992; x_wconf 92' lang='lat' dir='ltr'><strong>per</strong></span> <span class='ocrx_word' id='word_1_218' title='bbox 1531 2923 1843 2979; x_wconf 88' lang='lat' dir='ltr'><strong>sacriﬁcio-</strong></span> 
     </span>
    </p>
   </div>
   <div class='ocr_carea' id='block_1_32' title="bbox 134 3008 1848 3082">
    <p class='ocr_par' dir='ltr' id='par_1_32' title="bbox 134 3008 1848 3082">
     <span class='ocr_line' id='line_1_32' title="bbox 134 3008 1848 3082; baseline 0.003 -19"><span class='ocrx_word' id='word_1_219' title='bbox 134 3021 270 3063; x_wconf 92' lang='lat' dir='ltr'><strong>rum</strong></span> <span class='ocrx_word' id='word_1_220' title='bbox 319 3008 736 3075; x_wconf 87' lang='lat' dir='ltr'><strong>assiduitatem,</strong></span> <span class='ocrx_word' id='word_1_221' title='bbox 779 3017 834 3066; x_wconf 92' lang='lat' dir='ltr'><strong>et</strong></span> <span class='ocrx_word' id='word_1_222' title='bbox 871 3011 1133 3067; x_wconf 90' lang='lat' dir='ltr'><strong>carnales</strong></span> <span class='ocrx_word' id='word_1_223' title='bbox 1177 3011 1574 3068; x_wconf 76' lang='lat' dir='ltr'><strong>observantius</strong></span> <span class='ocrx_word' id='word_1_224' title='bbox 1621 3012 1848 3082; x_wconf 89' lang='lat' dir='ltr'><strong>populis</strong></span> 
     </span>
    </p>
   </div>
   <div class='ocr_carea' id='block_1_33' title="bbox 133 3096 1925 3172">
    <p class='ocr_par' dir='ltr' id='par_1_33' title="bbox 133 3096 1925 3172">
     <span class='ocr_line' id='line_1_33' title="bbox 133 3096 1925 3172; baseline 0.002 -20"><span class='ocrx_word' id='word_1_225' title='bbox 133 3096 505 3167; x_wconf 83' lang='lat' dir='ltr'><strong>pollicentur.</strong></span> <span class='ocrx_word' id='word_1_226' title='bbox 546 3100 672 3153; x_wconf 88' lang='lat' dir='ltr'><strong>Post</strong></span> <span class='ocrx_word' id='word_1_227' title='bbox 700 3099 815 3153; x_wconf 83' lang='lat' dir='ltr'><strong>dies</strong></span> <span class='ocrx_word' id='word_1_228' title='bbox 847 3106 1026 3154; x_wconf 88' lang='lat' dir='ltr'><strong>autem</strong></span> <span class='ocrx_word' id='word_1_229' title='bbox 1054 3103 1286 3155; x_wconf 83' lang='lat' dir='ltr'><strong>siccatus</strong></span> <span class='ocrx_word' id='word_1_230' title='bbox 1316 3106 1395 3155; x_wconf 90' lang='lat' dir='ltr'><strong>est</strong></span> <span class='ocrx_word' id='word_1_231' title='bbox 1421 3106 1627 3156; x_wconf 81' lang='lat' dir='ltr'><strong>torrens</strong></span> <span class='ocrx_word' id='word_1_232' title='bbox 1658 3101 1843 3172; x_wconf 83' lang='lat' dir='ltr'><strong>(ibid.,</strong></span> <span class='ocrx_word' id='word_1_233' title='bbox 1883 3115 1925 3172; x_wconf 73' lang='grc' dir='ltr'><em>ε</em></span> 
     </span>
    </p>
   </div>
   <div class='ocr_carea' id='block_1_34' title="bbox 133 3186 1843 3260">
    <p class='ocr_par' dir='ltr' id='par_1_34' title="bbox 133 3186 1843 3260">
     <span class='ocr_line' id='line_1_34' title="bbox 133 3186 1843 3260; baseline 0.002 -20"><span class='ocrx_word' id='word_1_234' title='bbox 133 3187 211 3257; x_wconf 89' lang='lat'><strong>7),</strong></span> <span class='ocrx_word' id='word_1_235' title='bbox 262 3187 408 3256; x_wconf 88' lang='lat' dir='ltr'><strong>quia</strong></span> <span class='ocrx_word' id='word_1_236' title='bbox 460 3194 583 3257; x_wconf 90' lang='lat' dir='ltr'><strong>post</strong></span> <span class='ocrx_word' id='word_1_237' title='bbox 625 3186 1105 3244; x_wconf 89' lang='lat' dir='ltr'><strong>illuminationem</strong></span> <span class='ocrx_word' id='word_1_238' title='bbox 1148 3189 1471 3260; x_wconf 87' lang='lat' dir='ltr'><strong>Evangelii,</strong></span> <span class='ocrx_word' id='word_1_239' title='bbox 1523 3190 1843 3259; x_wconf 84' lang='lat' dir='ltr'><strong>gratiarum</strong></span> 
     </span>
    </p>
   </div>
   <div class='ocr_carea' id='block_1_35' title="bbox 133 3273 1846 3344">
    <p class='ocr_par' dir='ltr' id='par_1_35' title="bbox 133 3273 1846 3344">
     <span class='ocr_line' id='line_1_35' title="bbox 133 3273 1846 3344; baseline 0.002 -16"><span class='ocrx_word' id='word_1_240' title='bbox 133 3273 342 3344; x_wconf 88' lang='lat' dir='ltr'><strong>legalis</strong></span> <span class='ocrx_word' id='word_1_241' title='bbox 378 3274 656 3330; x_wconf 72' lang='lat' dir='ltr'><strong>doctrinae</strong></span> <span class='ocrx_word' id='word_1_242' title='bbox 697 3274 1091 3330; x_wconf 89' lang='lat' dir='ltr'><strong>rudimentum</strong></span> <span class='ocrx_word' id='word_1_243' title='bbox 1136 3276 1325 3330; x_wconf 90' lang='lat' dir='ltr'><strong>visum</strong></span> <span class='ocrx_word' id='word_1_244' title='bbox 1352 3282 1437 3330; x_wconf 92' lang='lat' dir='ltr'><strong>est</strong></span> <span class='ocrx_word' id='word_1_245' title='bbox 1478 3276 1846 3332; x_wconf 85' lang='lat' dir='ltr'><strong>credentibus</strong></span> 
     </span>
    </p>
   </div>
   <div class='ocr_carea' id='block_1_36' title="bbox 132 3362 1846 3433">
    <p class='ocr_par' dir='ltr' id='par_1_36' title="bbox 132 3362 1846 3433">
     <span class='ocr_line' id='line_1_36' title="bbox 132 3362 1846 3433; baseline 0.001 -16"><span class='ocrx_word' id='word_1_246' title='bbox 132 3363 206 3417; x_wconf 89' lang='lat' dir='ltr'><strong>ad</strong></span> <span class='ocrx_word' id='word_1_247' title='bbox 239 3362 486 3417; x_wconf 89' lang='lat' dir='ltr'><strong>salutem</strong></span> <span class='ocrx_word' id='word_1_248' title='bbox 522 3362 716 3418; x_wconf 91' lang='lat' dir='ltr'><strong>minus</strong></span> <span class='ocrx_word' id='word_1_249' title='bbox 742 3362 1036 3418; x_wconf 89' lang='lat' dir='ltr'><strong>sufﬁciens</strong></span> <span class='ocrx_word' id='word_1_250' title='bbox 1068 3378 1080 3417; x_wconf 91' lang='lat'>:</span> <span class='ocrx_word' id='word_1_251' title='bbox 1116 3366 1237 3421; x_wconf 91' lang='lat' dir='ltr'><strong>Non</strong></span> <span class='ocrx_word' id='word_1_252' title='bbox 1264 3366 1407 3417; x_wconf 90' lang='lat' dir='ltr'><strong>enim</strong></span> <span class='ocrx_word' id='word_1_253' title='bbox 1431 3366 1651 3433; x_wconf 78' lang='lat' dir='ltr'><strong>pluerat</strong></span> <span class='ocrx_word' id='word_1_254' title='bbox 1682 3380 1846 3433; x_wconf 83' lang='lat' dir='ltr'><strong>super</strong></span> 
     </span>
    </p>
   </div>
   <div class='ocr_carea' id='block_1_37' title="bbox 133 3451 1843 3521">
    <p class='ocr_par' dir='ltr' id='par_1_37' title="bbox 133 3451 1843 3521">
     <span class='ocr_line' id='line_1_37' title="bbox 133 3451 1843 3521; baseline 0.004 -17"><span class='ocrx_word' id='word_1_255' title='bbox 133 3456 343 3504; x_wconf 86' lang='lat' dir='ltr'><strong>terram</strong></span> <span class='ocrx_word' id='word_1_256' title='bbox 376 3451 527 3520; x_wconf 87' lang='lat' dir='ltr'><strong>(Gen.</strong></span> <span class='ocrx_word' id='word_1_257' title='bbox 567 3466 625 3515; x_wconf 93' lang='grc' dir='ltr'><strong>ιι,</strong></span> <span class='ocrx_word' id='word_1_258' title='bbox 662 3453 738 3519; x_wconf 84' lang='grc'><strong>5),</strong></span> <span class='ocrx_word' id='word_1_259' title='bbox 789 3451 930 3521; x_wconf 87' lang='lat' dir='ltr'><strong>quia</strong></span> <span class='ocrx_word' id='word_1_260' title='bbox 958 3452 1243 3508; x_wconf 89' lang='lat' dir='ltr'><strong>adventus</strong></span> <span class='ocrx_word' id='word_1_261' title='bbox 1279 3452 1590 3508; x_wconf 88' lang='lat' dir='ltr'><strong>Salvatoris</strong></span> <span class='ocrx_word' id='word_1_262' title='bbox 1620 3453 1843 3510; x_wconf 90' lang='lat' dir='ltr'><strong>nullam</strong></span> 
     </span>
    </p>
   </div>
   <div class='ocr_carea' id='block_1_38' title="bbox 135 3538 1843 3611">
    <p class='ocr_par' dir='ltr' id='par_1_38' title="bbox 135 3538 1843 3611">
     <span class='ocr_line' id='line_1_38' title="bbox 135 3538 1843 3611; baseline 0.002 -17"><span class='ocrx_word' id='word_1_263' title='bbox 135 3539 193 3594; x_wconf 90' lang='lat' dir='ltr'><strong>in</strong></span> <span class='ocrx_word' id='word_1_264' title='bbox 236 3538 401 3594; x_wconf 89' lang='lat' dir='ltr'><strong>libris</strong></span> <span class='ocrx_word' id='word_1_265' title='bbox 450 3539 761 3605; x_wconf 89' lang='lat' dir='ltr'><strong>veteribus,</strong></span> <span class='ocrx_word' id='word_1_266' title='bbox 810 3539 913 3609; x_wconf 92' lang='lat' dir='ltr'><strong>qui</strong></span> <span class='ocrx_word' id='word_1_267' title='bbox 957 3540 1184 3596; x_wconf 89' lang='lat' dir='ltr'><strong>nonnisi</strong></span> <span class='ocrx_word' id='word_1_268' title='bbox 1235 3548 1465 3596; x_wconf 91' lang='lat' dir='ltr'><strong>terrena</strong></span> <span class='ocrx_word' id='word_1_269' title='bbox 1517 3541 1843 3611; x_wconf 86' lang='lat' dir='ltr'><strong>promittere</strong></span> 
     </span>
    </p>
   </div>
   <div class='ocr_carea' id='block_1_39' title="bbox 131 3627 1843 3700">
    <p class='ocr_par' dir='ltr' id='par_1_39' title="bbox 131 3627 1843 3700">
     <span class='ocr_line' id='line_1_39' title="bbox 131 3627 1843 3700; baseline 0.001 -17"><span class='ocrx_word' id='word_1_270' title='bbox 131 3628 505 3691; x_wconf 90' lang='lat' dir='ltr'><strong>videbantur,</strong></span> <span class='ocrx_word' id='word_1_271' title='bbox 539 3627 830 3683; x_wconf 79' lang='lat' dir='ltr'><strong>infuderat</strong></span> <span class='ocrx_word' id='word_1_272' title='bbox 860 3629 1324 3700; x_wconf 91' lang='lat' dir='ltr'><strong>intelligentiam.</strong></span> <span class='ocrx_word' id='word_1_273' title='bbox 1356 3631 1517 3687; x_wconf 90' lang='lat' dir='ltr'><strong>Unde</strong></span> <span class='ocrx_word' id='word_1_274' title='bbox 1542 3639 1625 3687; x_wconf 89' lang='lat' dir='ltr'><strong>est</strong></span> <span class='ocrx_word' id='word_1_275' title='bbox 1654 3646 1668 3686; x_wconf 88' lang='lat'><strong>:</strong></span> <span class='ocrx_word' id='word_1_276' title='bbox 1712 3633 1843 3687; x_wconf 89' lang='lat' dir='ltr'><strong>Vir-</strong></span> 
     </span>
    </p>
   </div>
   <div class='ocr_carea' id='block_1_40' title="bbox 133 3719 1839 3789">
    <p class='ocr_par' dir='ltr' id='par_1_40' title="bbox 133 3719 1839 3789">
     <span class='ocr_line' id='line_1_40' title="bbox 133 3719 1839 3789; baseline 0.002 -19"><span class='ocrx_word' id='word_1_277' title='bbox 133 3722 305 3771; x_wconf 87' lang='lat' dir='ltr'><strong>tutem</strong></span> <span class='ocrx_word' id='word_1_278' title='bbox 353 3731 573 3785; x_wconf 82' lang='lat' dir='ltr'><strong>operum</strong></span> <span class='ocrx_word' id='word_1_279' title='bbox 614 3731 835 3771; x_wconf 87' lang='lat' dir='ltr'><strong>suorum</strong></span> <span class='ocrx_word' id='word_1_280' title='bbox 880 3719 1236 3772; x_wconf 87' lang='lat' dir='ltr'><strong>annuntiabit</strong></span> <span class='ocrx_word' id='word_1_281' title='bbox 1284 3724 1438 3774; x_wconf 65' lang='lat'><strong>285</strong></span> <span class='ocrx_word' id='word_1_282' title='bbox 1477 3721 1677 3789; x_wconf 86' lang='lat' dir='ltr'><strong>populo</strong></span> <span class='ocrx_word' id='word_1_283' title='bbox 1722 3736 1839 3788; x_wconf 87' lang='lat' dir='ltr'><strong>suo,</strong></span> 
     </span>
    </p>
   </div>
   <div class='ocr_carea' id='block_1_41' title="bbox 131 3805 1587 3873">
    <p class='ocr_par' dir='ltr' id='par_1_41' title="bbox 131 3805 1587 3873">
     <span class='ocr_line' id='line_1_41' title="bbox 131 3805 1587 3873; baseline 0.001 -14"><span class='ocrx_word' id='word_1_284' title='bbox 131 3810 193 3859; x_wconf 88' lang='lat' dir='ltr'><strong>ut</strong></span> <span class='ocrx_word' id='word_1_285' title='bbox 224 3805 319 3857; x_wconf 83' lang='lat' dir='ltr'><strong>det</strong></span> <span class='ocrx_word' id='word_1_286' title='bbox 345 3806 458 3859; x_wconf 84' lang='lat' dir='ltr'><strong>illis</strong></span> <span class='ocrx_word' id='word_1_287' title='bbox 488 3805 856 3859; x_wconf 62' lang='lat' dir='ltr'><strong>hereditatem</strong></span> <span class='ocrx_word' id='word_1_288' title='bbox 884 3808 1147 3872; x_wconf 87' lang='lat' dir='ltr'><strong>gentium.</strong></span> <span class='ocrx_word' id='word_1_289' title='bbox 1182 3808 1351 3873; x_wconf 78' lang='lat' dir='ltr'><strong>(Psal.</strong></span> <span class='ocrx_word' id='word_1_290' title='bbox 1386 3822 1481 3872; x_wconf 85' lang='lat' dir='ltr'><strong>cx,</strong></span> <span class='ocrx_word' id='word_1_291' title='bbox 1514 3810 1587 3872; x_wconf 84' lang='lat'><strong>6).</strong></span> 
     </span>
    </p>
   </div>
   <div class='ocr_carea' id='block_1_42' title="bbox 205 3893 1838 3966">
    <p class='ocr_par' dir='ltr' id='par_1_42' title="bbox 205 3893 1838 3966">
     <span class='ocr_line' id='line_1_42' title="bbox 205 3893 1838 3966; baseline 0.002 -20"><span class='ocrx_word' id='word_1_292' title='bbox 205 3893 412 3947; x_wconf 81' lang='lat' dir='ltr'><strong>Factus</strong></span> <span class='ocrx_word' id='word_1_293' title='bbox 441 3898 520 3947; x_wconf 89' lang='lat' dir='ltr'><strong>est</strong></span> <span class='ocrx_word' id='word_1_294' title='bbox 542 3895 719 3960; x_wconf 85' lang='lat' dir='ltr'><strong>igitur</strong></span> <span class='ocrx_word' id='word_1_295' title='bbox 745 3910 918 3949; x_wconf 84' lang='lat' dir='ltr'><strong>sermo</strong></span> <span class='ocrx_word' id='word_1_296' title='bbox 938 3897 1152 3949; x_wconf 85' lang='lat' dir='ltr'><strong>Domini</strong></span> <span class='ocrx_word' id='word_1_297' title='bbox 1168 3896 1243 3949; x_wconf 92' lang='lat' dir='ltr'><strong>ad</strong></span> <span class='ocrx_word' id='word_1_298' title='bbox 1262 3912 1382 3949; x_wconf 89' lang='lat' dir='ltr'><strong>eum</strong></span> <span class='ocrx_word' id='word_1_299' title='bbox 1402 3896 1585 3951; x_wconf 81' lang='lat' dir='ltr'><strong>dicens</strong></span> <span class='ocrx_word' id='word_1_300' title='bbox 1607 3912 1620 3951; x_wconf 91' lang='lat'>:</span> <span class='ocrx_word' id='word_1_301' title='bbox 1647 3897 1838 3966; x_wconf 84' lang='lat' dir='ltr'><strong>Surge,</strong></span> 
     </span>
    </p>
   </div>
   <div class='ocr_carea' id='block_1_43' title="bbox 132 3981 1838 4056">
    <p class='ocr_par' dir='ltr' id='par_1_43' title="bbox 132 3981 1838 4056">
     <span class='ocr_line' id='line_1_43' title="bbox 132 3981 1838 4056; baseline 0.002 -21"><span class='ocrx_word' id='word_1_302' title='bbox 132 3981 276 4035; x_wconf 84' lang='lat' dir='ltr'><strong>vade</strong></span> <span class='ocrx_word' id='word_1_303' title='bbox 304 3984 362 4034; x_wconf 88' lang='lat' dir='ltr'><strong>in</strong></span> <span class='ocrx_word' id='word_1_304' title='bbox 390 3982 662 4050; x_wconf 83' lang='lat' dir='ltr'><strong>Sarephta</strong></span> <span class='ocrx_word' id='word_1_305' title='bbox 710 3983 1061 4038; x_wconf 84' lang='lat' dir='ltr'><strong>Sidoniorum</strong></span> <span class='ocrx_word' id='word_1_306' title='bbox 1100 3990 1150 4038; x_wconf 88' lang='lat' dir='ltr'><strong>et</strong></span> <span class='ocrx_word' id='word_1_307' title='bbox 1181 3985 1422 4038; x_wconf 87' lang='lat' dir='ltr'><strong>manebis</strong></span> <span class='ocrx_word' id='word_1_308' title='bbox 1466 3985 1546 4038; x_wconf 86' lang='lat' dir='ltr'><strong>ibi</strong></span> <span class='ocrx_word' id='word_1_309' title='bbox 1582 3986 1686 4056; x_wconf 89' lang='grc' dir='ltr'><strong>(ιιι</strong></span> <span class='ocrx_word' id='word_1_310' title='bbox 1710 3986 1838 4051; x_wconf 84' lang='lat' dir='ltr'><strong>Reg.</strong></span> 
     </span>
    </p>
   </div>
   <div class='ocr_carea' id='block_1_44' title="bbox 135 4070 1842 4139">
    <p class='ocr_par' dir='ltr' id='par_1_44' title="bbox 135 4070 1842 4139">
     <span class='ocr_line' id='line_1_44' title="bbox 135 4070 1842 4139; baseline 0.003 -15"><span class='ocrx_word' id='word_1_311' title='bbox 135 4084 275 4137; x_wconf 83' lang='lat' dir='ltr'><strong>xvii,</strong></span> <span class='ocrx_word' id='word_1_312' title='bbox 309 4073 362 4137; x_wconf 90' lang='lat'><strong>8,</strong></span> <span class='ocrx_word' id='word_1_313' title='bbox 400 4072 476 4138; x_wconf 91' lang='lat'><strong>9).</strong></span> <span class='ocrx_word' id='word_1_314' title='bbox 502 4070 699 4127; x_wconf 91' lang='lat' dir='ltr'><strong>Sermo</strong></span> <span class='ocrx_word' id='word_1_315' title='bbox 729 4072 954 4127; x_wconf 89' lang='lat' dir='ltr'><strong>Domini</strong></span> <span class='ocrx_word' id='word_1_316' title='bbox 988 4072 1068 4139; x_wconf 89' lang='lat' dir='ltr'><strong>ﬁt,</strong></span> <span class='ocrx_word' id='word_1_317' title='bbox 1101 4087 1235 4129; x_wconf 91' lang='lat' dir='ltr'><strong>cum</strong></span> <span class='ocrx_word' id='word_1_318' title='bbox 1268 4073 1523 4129; x_wconf 86' lang='lat' dir='ltr'><strong>Verbum</strong></span> <span class='ocrx_word' id='word_1_319' title='bbox 1556 4074 1842 4131; x_wconf 88' lang='lat' dir='ltr'><strong>invisibile</strong></span> 
     </span>
    </p>
   </div>
   <div class='ocr_carea' id='block_1_45' title="bbox 136 4158 1844 4233">
    <p class='ocr_par' dir='ltr' id='par_1_45' title="bbox 136 4158 1844 4233">
     <span class='ocr_line' id='line_1_45' title="bbox 136 4158 1844 4233; baseline 0.002 -18"><span class='ocrx_word' id='word_1_320' title='bbox 136 4166 403 4215; x_wconf 89' lang='lat' dir='ltr'><strong>creatura</strong></span> <span class='ocrx_word' id='word_1_321' title='bbox 430 4158 644 4216; x_wconf 90' lang='lat' dir='ltr'><strong>factum</strong></span> <span class='ocrx_word' id='word_1_322' title='bbox 667 4160 955 4231; x_wconf 89' lang='lat' dir='ltr'><strong>apparuit.</strong></span> <span class='ocrx_word' id='word_1_323' title='bbox 982 4162 1052 4218; x_wconf 91' lang='lat' dir='ltr'><strong>Ut</strong></span> <span class='ocrx_word' id='word_1_324' title='bbox 1080 4170 1285 4233; x_wconf 90' lang='lat' dir='ltr'><strong>surgat</strong></span> <span class='ocrx_word' id='word_1_325' title='bbox 1307 4162 1588 4229; x_wconf 89' lang='lat' dir='ltr'><strong>hortatur,</strong></span> <span class='ocrx_word' id='word_1_326' title='bbox 1614 4163 1756 4233; x_wconf 92' lang='lat' dir='ltr'><strong>quia</strong></span> <span class='ocrx_word' id='word_1_327' title='bbox 1778 4170 1844 4220; x_wconf 92' lang='lat' dir='ltr'><strong>ut</strong></span> 
     </span>
    </p>
   </div>
   <div class='ocr_carea' id='block_1_46' title="bbox 137 4246 1846 4321">
    <p class='ocr_par' dir='ltr' id='par_1_46' title="bbox 137 4246 1846 4321">
     <span class='ocr_line' id='line_1_46' title="bbox 137 4246 1846 4321; baseline 0.003 -19"><span class='ocrx_word' id='word_1_328' title='bbox 137 4248 211 4303; x_wconf 92' lang='lat' dir='ltr'><strong>ab</strong></span> <span class='ocrx_word' id='word_1_329' title='bbox 242 4246 460 4303; x_wconf 85' lang='lat' dir='ltr'><strong>inﬁmis</strong></span> <span class='ocrx_word' id='word_1_330' title='bbox 492 4248 563 4303; x_wconf 90' lang='lat' dir='ltr'><strong>ad</strong></span> <span class='ocrx_word' id='word_1_331' title='bbox 589 4263 841 4318; x_wconf 90' lang='lat' dir='ltr'><strong>superna</strong></span> <span class='ocrx_word' id='word_1_332' title='bbox 869 4250 1081 4319; x_wconf 89' lang='lat' dir='ltr'><strong>aspiret</strong></span> <span class='ocrx_word' id='word_1_333' title='bbox 1110 4264 1213 4320; x_wconf 91' lang='lat' dir='ltr'><strong>per</strong></span> <span class='ocrx_word' id='word_1_334' title='bbox 1241 4265 1449 4307; x_wconf 87' lang='lat' dir='ltr'><strong>novam</strong></span> <span class='ocrx_word' id='word_1_335' title='bbox 1483 4252 1730 4321; x_wconf 88' lang='lat' dir='ltr'><strong>gratiam</strong></span> <span class='ocrx_word' id='word_1_336' title='bbox 1761 4251 1846 4307; x_wconf 91' lang='lat' dir='ltr'><strong>in-</strong></span> 
     </span>
    </p>
   </div>
   <div class='ocr_carea' id='block_1_47' title="bbox 138 4336 1842 4410">
    <p class='ocr_par' dir='ltr' id='par_1_47' title="bbox 138 4336 1842 4410">
     <span class='ocr_line' id='line_1_47' title="bbox 138 4336 1842 4410; baseline 0.004 -21"><span class='ocrx_word' id='word_1_337' title='bbox 138 4336 373 4391; x_wconf 90' lang='lat' dir='ltr'><strong>citatur.</strong></span> <span class='ocrx_word' id='word_1_338' title='bbox 411 4337 472 4390; x_wconf 88' lang='lat' dir='ltr'><strong>In</strong></span> <span class='ocrx_word' id='word_1_339' title='bbox 512 4336 849 4406; x_wconf 91' lang='lat' dir='ltr'><strong>Sarephtam</strong></span> <span class='ocrx_word' id='word_1_340' title='bbox 892 4338 973 4393; x_wconf 92' lang='lat' dir='ltr'><strong>ire</strong></span> <span class='ocrx_word' id='word_1_341' title='bbox 998 4338 1259 4409; x_wconf 90' lang='lat' dir='ltr'><strong>jubetur,</strong></span> <span class='ocrx_word' id='word_1_342' title='bbox 1305 4354 1558 4410; x_wconf 88' lang='lat' dir='ltr'><strong>cumque</strong></span> <span class='ocrx_word' id='word_1_343' title='bbox 1588 4341 1661 4397; x_wconf 91' lang='lat' dir='ltr'><strong>sit</strong></span> <span class='ocrx_word' id='word_1_344' title='bbox 1692 4340 1842 4396; x_wconf 87' lang='lat' dir='ltr'><strong>intra</strong></span> 
     </span>
    </p>
   </div>
   <div class='ocr_carea' id='block_1_48' title="bbox 138 4406 1923 4499">
    <p class='ocr_par' dir='ltr' id='par_1_48' title="bbox 138 4406 1923 4499">
     <span class='ocr_line' id='line_1_48' title="bbox 138 4406 1923 4499; baseline 0.003 -21"><span class='ocrx_word' id='word_1_345' title='bbox 138 4438 199 4478; x_wconf 90' lang='lat' dir='ltr'><strong>se</strong></span> <span class='ocrx_word' id='word_1_346' title='bbox 232 4423 531 4480; x_wconf 89' lang='lat' dir='ltr'><strong>tribulatio</strong></span> <span class='ocrx_word' id='word_1_347' title='bbox 576 4426 760 4494; x_wconf 89' lang='lat' dir='ltr'><strong>panis,</strong></span> <span class='ocrx_word' id='word_1_348' title='bbox 794 4425 849 4481; x_wconf 89' lang='lat' dir='ltr'><strong>id</strong></span> <span class='ocrx_word' id='word_1_349' title='bbox 880 4434 964 4481; x_wconf 93' lang='lat' dir='ltr'><strong>est</strong></span> <span class='ocrx_word' id='word_1_350' title='bbox 997 4406 1242 4495; x_wconf 85' lang='lat' dir='ltr'><strong>penuria</strong></span> <span class='ocrx_word' id='word_1_351' title='bbox 1270 4406 1483 4483; x_wconf 69' lang='lat' dir='ltr'><strong>divinae</strong></span> <span class='ocrx_word' id='word_1_352' title='bbox 1514 4427 1841 4499; x_wconf 90' lang='lat' dir='ltr'><strong>intelligen-</strong></span> <span class='ocrx_word' id='word_1_353' title='bbox 1879 4406 1923 4461; x_wconf 79' lang='lat' dir='ltr'><strong>D</strong></span> 
     </span>
    </p>
   </div>
   <div class='ocr_carea' id='block_1_49' title="bbox 139 4511 1842 4585">
    <p class='ocr_par' dir='ltr' id='par_1_49' title="bbox 139 4511 1842 4585">
     <span class='ocr_line' id='line_1_49' title="bbox 139 4511 1842 4585; baseline 0.002 -19"><span class='ocrx_word' id='word_1_354' title='bbox 139 4512 253 4580; x_wconf 63' lang='lat' dir='ltr'><strong>tiae,</strong></span> <span class='ocrx_word' id='word_1_355' title='bbox 302 4511 449 4568; x_wconf 91' lang='lat' dir='ltr'><strong>scire</strong></span> <span class='ocrx_word' id='word_1_356' title='bbox 496 4522 922 4584; x_wconf 88' lang='lat' dir='ltr'><strong>commonetnr;</strong></span> <span class='ocrx_word' id='word_1_357' title='bbox 968 4514 1249 4585; x_wconf 89' lang='lat' dir='ltr'><strong>Sarephta</strong></span> <span class='ocrx_word' id='word_1_358' title='bbox 1300 4515 1515 4585; x_wconf 91' lang='lat' dir='ltr'><strong>quippe</strong></span> <span class='ocrx_word' id='word_1_359' title='bbox 1559 4516 1842 4569; x_wconf 78' lang='lat' dir='ltr'><strong>tribulatio</strong></span> 
     </span>
    </p>
   </div>
   <div class='ocr_carea' id='block_1_50' title="bbox 132 4601 1843 4673">
    <p class='ocr_par' dir='ltr' id='par_1_50' title="bbox 132 4601 1843 4673">
     <span class='ocr_line' id='line_1_50' title="bbox 132 4601 1843 4673; baseline 0.003 -19"><span class='ocrx_word' id='word_1_360' title='bbox 132 4603 301 4670; x_wconf 88' lang='lat' dir='ltr'><strong>panis</strong></span> <span class='ocrx_word' id='word_1_361' title='bbox 348 4601 779 4670; x_wconf 90' lang='lat' dir='ltr'><strong>interpretatur.</strong></span> <span class='ocrx_word' id='word_1_362' title='bbox 832 4603 993 4669; x_wconf 89' lang='lat' dir='ltr'><strong>Quod</strong></span> <span class='ocrx_word' id='word_1_363' title='bbox 1045 4602 1198 4659; x_wconf 91' lang='lat' dir='ltr'><strong>enim</strong></span> <span class='ocrx_word' id='word_1_364' title='bbox 1252 4602 1309 4658; x_wconf 88' lang='lat' dir='ltr'><strong>in</strong></span> <span class='ocrx_word' id='word_1_365' title='bbox 1369 4602 1683 4673; x_wconf 88' lang='lat' dir='ltr'><strong>Evangelio</strong></span> <span class='ocrx_word' id='word_1_366' title='bbox 1729 4609 1843 4659; x_wconf 88' lang='lat' dir='ltr'><strong>tres</strong></span> 
     </span>
    </p>
   </div>
   <div class='ocr_carea' id='block_1_51' title="bbox 136 4691 1840 4762">
    <p class='ocr_par' dir='ltr' id='par_1_51' title="bbox 136 4691 1840 4762">
     <span class='ocr_line' id='line_1_51' title="bbox 136 4691 1840 4762; baseline 0.002 -18"><span class='ocrx_word' id='word_1_367' title='bbox 136 4703 316 4758; x_wconf 91' lang='lat' dir='ltr'><strong>panes</strong></span> <span class='ocrx_word' id='word_1_368' title='bbox 360 4698 590 4760; x_wconf 91' lang='lat' dir='ltr'><strong>propter</strong></span> <span class='ocrx_word' id='word_1_369' title='bbox 625 4691 964 4748; x_wconf 91' lang='lat' dir='ltr'><strong>Trinitatem</strong></span> <span class='ocrx_word' id='word_1_370' title='bbox 1008 4692 1159 4761; x_wconf 89' lang='lat' dir='ltr'><strong>(Luc.</strong></span> <span class='ocrx_word' id='word_1_371' title='bbox 1213 4707 1269 4758; x_wconf 88' lang='grc' dir='ltr'><strong>ιι,</strong></span> <span class='ocrx_word' id='word_1_372' title='bbox 1322 4692 1397 4762; x_wconf 84' lang='grc'>5),</span> <span class='ocrx_word' id='word_1_373' title='bbox 1440 4692 1546 4747; x_wconf 91' lang='lat' dir='ltr'><strong>hoc</strong></span> <span class='ocrx_word' id='word_1_374' title='bbox 1594 4691 1687 4747; x_wconf 90' lang='lat' dir='ltr'><strong>hic</strong></span> <span class='ocrx_word' id='word_1_375' title='bbox 1715 4692 1840 4747; x_wconf 89' lang='lat' dir='ltr'><strong>sin-</strong></span> 
     </span>
    </p>
   </div>
   <div class='ocr_carea' id='block_1_52' title="bbox 137 4778 1842 4850">
    <p class='ocr_par' dir='ltr' id='par_1_52' title="bbox 137 4778 1842 4850">
     <span class='ocr_line' id='line_1_52' title="bbox 137 4778 1842 4850; baseline 0.001 -17"><span class='ocrx_word' id='word_1_376' title='bbox 137 4778 421 4847; x_wconf 86' lang='lat' dir='ltr'><strong>gulariter</strong></span> <span class='ocrx_word' id='word_1_377' title='bbox 450 4778 790 4850; x_wconf 88' lang='lat' dir='ltr'><strong>intelligitur</strong></span> <span class='ocrx_word' id='word_1_378' title='bbox 814 4787 1048 4849; x_wconf 90' lang='lat' dir='ltr'><strong>propter</strong></span> <span class='ocrx_word' id='word_1_379' title='bbox 1075 4779 1376 4835; x_wconf 88' lang='lat' dir='ltr'><strong>unitatem.</strong></span> <span class='ocrx_word' id='word_1_380' title='bbox 1409 4780 1540 4835; x_wconf 64' lang='lat' dir='ltr'><strong>Haec</strong></span> <span class='ocrx_word' id='word_1_381' title='bbox 1565 4779 1842 4849; x_wconf 86' lang='lat' dir='ltr'><strong>Sarephta</strong></span> 
     </span>
    </p>
   </div>
   <div class='ocr_carea' id='block_1_53' title="bbox 136 4865 1843 4939">
    <p class='ocr_par' dir='ltr' id='par_1_53' title="bbox 136 4865 1843 4939">
     <span class='ocr_line' id='line_1_53' title="bbox 136 4865 1843 4939; baseline 0.002 -18"><span class='ocrx_word' id='word_1_382' title='bbox 136 4865 503 4923; x_wconf 91' lang='lat' dir='ltr'><strong>Sidoniorum</strong></span> <span class='ocrx_word' id='word_1_383' title='bbox 545 4875 649 4932; x_wconf 90' lang='lat' dir='ltr'><strong>est,</strong></span> <span class='ocrx_word' id='word_1_384' title='bbox 697 4868 838 4937; x_wconf 90' lang='lat' dir='ltr'><strong>quia</strong></span> <span class='ocrx_word' id='word_1_385' title='bbox 884 4868 1006 4924; x_wconf 66' lang='lat' dir='ltr'><strong>haec</strong></span> <span class='ocrx_word' id='word_1_386' title='bbox 1047 4876 1271 4938; x_wconf 89' lang='lat' dir='ltr'><strong>egestas</strong></span> <span class='ocrx_word' id='word_1_387' title='bbox 1318 4882 1437 4938; x_wconf 89' lang='lat' dir='ltr'><strong>qua</strong></span> <span class='ocrx_word' id='word_1_388' title='bbox 1484 4870 1617 4939; x_wconf 90' lang='lat' dir='ltr'><strong>quis</strong></span> <span class='ocrx_word' id='word_1_389' title='bbox 1668 4868 1843 4924; x_wconf 90' lang='lat' dir='ltr'><strong>tribu-</strong></span> 
     </span>
    </p>
   </div>
   <div class='ocr_carea' id='block_1_54' title="bbox 135 4953 1843 5026">
    <p class='ocr_par' dir='ltr' id='par_1_54' title="bbox 135 4953 1843 5026">
     <span class='ocr_line' id='line_1_54' title="bbox 135 4953 1843 5026; baseline 0.001 -16"><span class='ocrx_word' id='word_1_390' title='bbox 135 4953 293 5011; x_wconf 89' lang='lat' dir='ltr'><strong>latur</strong></span> <span class='ocrx_word' id='word_1_391' title='bbox 341 4954 401 5009; x_wconf 89' lang='lat' dir='ltr'><strong>in</strong></span> <span class='ocrx_word' id='word_1_392' title='bbox 447 4954 528 5010; x_wconf 91' lang='lat' dir='ltr'><strong>eis</strong></span> <span class='ocrx_word' id='word_1_393' title='bbox 578 4955 939 5024; x_wconf 90' lang='lat' dir='ltr'><strong>potissimum</strong></span> <span class='ocrx_word' id='word_1_394' title='bbox 982 4963 1067 5012; x_wconf 93' lang='lat' dir='ltr'><strong>est</strong></span> <span class='ocrx_word' id='word_1_395' title='bbox 1105 4957 1206 5026; x_wconf 91' lang='lat' dir='ltr'><strong>qui</strong></span> <span class='ocrx_word' id='word_1_396' title='bbox 1256 4955 1514 5011; x_wconf 90' lang='lat' dir='ltr'><strong>carnalia</strong></span> <span class='ocrx_word' id='word_1_397' title='bbox 1564 4956 1843 5013; x_wconf 87' lang='lat' dir='ltr'><strong>inutiliter</strong></span> 
     </span>
    </p>
   </div>
   <div class='ocr_carea' id='block_1_55' title="bbox 135 5042 1843 5115">
    <p class='ocr_par' dir='ltr' id='par_1_55' title="bbox 135 5042 1843 5115">
     <span class='ocr_line' id='line_1_55' title="bbox 135 5042 1843 5115; baseline 0.003 -20"><span class='ocrx_word' id='word_1_398' title='bbox 135 5050 442 5099; x_wconf 90' lang='lat' dir='ltr'><strong>venantur.</strong></span> <span class='ocrx_word' id='word_1_399' title='bbox 494 5042 729 5100; x_wconf 89' lang='lat' dir='ltr'><strong>Sidonia</strong></span> <span class='ocrx_word' id='word_1_400' title='bbox 770 5046 924 5100; x_wconf 88' lang='lat' dir='ltr'><strong>enim</strong></span> <span class='ocrx_word' id='word_1_401' title='bbox 971 5046 1447 5099; x_wconf 11' lang='lat' dir='ltr'><strong>venatioiinutilis</strong></span> <span class='ocrx_word' id='word_1_402' title='bbox 1496 5044 1843 5115; x_wconf 90' lang='lat' dir='ltr'><strong>interpreta-</strong></span> 
     </span>
    </p>
   </div>
   <div class='ocr_carea' id='block_1_56' title="bbox 133 5131 1844 5203">
    <p class='ocr_par' dir='ltr' id='par_1_56' title="bbox 133 5131 1844 5203">
     <span class='ocr_line' id='line_1_56' title="bbox 133 5131 1844 5203; baseline 0.002 -17"><span class='ocrx_word' id='word_1_403' title='bbox 133 5137 251 5187; x_wconf 92' lang='lat' dir='ltr'><strong>tur.</strong></span> <span class='ocrx_word' id='word_1_404' title='bbox 311 5131 395 5188; x_wconf 85' lang='lat' dir='ltr'><strong>lbi</strong></span> <span class='ocrx_word' id='word_1_405' title='bbox 456 5146 692 5202; x_wconf 90' lang='lat' dir='ltr'><strong>quoque</strong></span> <span class='ocrx_word' id='word_1_406' title='bbox 741 5146 976 5189; x_wconf 90' lang='lat' dir='ltr'><strong>manere</strong></span> <span class='ocrx_word' id='word_1_407' title='bbox 1033 5132 1388 5203; x_wconf 68' lang='lat' dir='ltr'><strong>praecipitur,</strong></span> <span class='ocrx_word' id='word_1_408' title='bbox 1434 5132 1576 5189; x_wconf 92' lang='lat' dir='ltr'><strong>dum</strong></span> <span class='ocrx_word' id='word_1_409' title='bbox 1624 5132 1685 5188; x_wconf 90' lang='lat' dir='ltr'><strong>in</strong></span> <span class='ocrx_word' id='word_1_410' title='bbox 1735 5133 1844 5189; x_wconf 88' lang='lat' dir='ltr'><strong>hac</strong></span> 
     </span>
    </p>
   </div>
   <div class='ocr_carea' id='block_1_57' title="bbox 133 5220 1843 5292">
    <p class='ocr_par' dir='ltr' id='par_1_57' title="bbox 133 5220 1843 5292">
     <span class='ocr_line' id='line_1_57' title="bbox 133 5220 1843 5292; baseline 0.002 -17"><span class='ocrx_word' id='word_1_411' title='bbox 133 5220 591 5277; x_wconf 89' lang='lat' dir='ltr'><strong>consideratione</strong></span> <span class='ocrx_word' id='word_1_412' title='bbox 641 5234 758 5277; x_wconf 91' lang='lat' dir='ltr'><strong>non</strong></span> <span class='ocrx_word' id='word_1_413' title='bbox 817 5221 1064 5289; x_wconf 89' lang='lat' dir='ltr'><strong>horarie,</strong></span> <span class='ocrx_word' id='word_1_414' title='bbox 1126 5221 1227 5277; x_wconf 90' lang='lat' dir='ltr'><strong>sed</strong></span> <span class='ocrx_word' id='word_1_415' title='bbox 1282 5222 1662 5278; x_wconf 88' lang='lat' dir='ltr'><strong>stationaliter</strong></span> <span class='ocrx_word' id='word_1_416' title='bbox 1708 5236 1843 5292; x_wconf 89' lang='lat' dir='ltr'><strong>per-</strong></span> 
     </span>
    </p>
   </div>
   <div class='ocr_carea' id='block_1_58' title="bbox 135 5308 656 5365">
    <p class='ocr_par' dir='ltr' id='par_1_58' title="bbox 135 5308 656 5365">
     <span class='ocr_line' id='line_1_58' title="bbox 135 5308 656 5365; baseline 0.002 -3"><span class='ocrx_word' id='word_1_417' title='bbox 135 5308 335 5365; x_wconf 90' lang='lat' dir='ltr'><strong>sistere</strong></span> <span class='ocrx_word' id='word_1_418' title='bbox 363 5309 656 5365; x_wconf 89' lang='lat' dir='ltr'><strong>edocetur.</strong></span> 
     </span>
    </p>
   </div>
   <div class='ocr_carea' id='block_1_59' title="bbox 203 5398 1837 5469">
    <p class='ocr_par' dir='ltr' id='par_1_59' title="bbox 203 5398 1837 5469">
     <span class='ocr_line' id='line_1_59' title="bbox 203 5398 1837 5469; baseline 0.002 -16"><span class='ocrx_word' id='word_1_419' title='bbox 203 5399 444 5466; x_wconf 76' lang='lat' dir='ltr'><strong>Praecepi</strong></span> <span class='ocrx_word' id='word_1_420' title='bbox 489 5400 571 5452; x_wconf 84' lang='lat' dir='ltr'><strong>ibi</strong></span> <span class='ocrx_word' id='word_1_421' title='bbox 620 5399 838 5452; x_wconf 87' lang='lat' dir='ltr'><strong>mulieri</strong></span> <span class='ocrx_word' id='word_1_422' title='bbox 876 5398 1057 5454; x_wconf 68' lang='lat' dir='ltr'><strong>vidua:</strong></span> <span class='ocrx_word' id='word_1_423' title='bbox 1111 5404 1171 5454; x_wconf 90' lang='lat' dir='ltr'><strong>ut</strong></span> <span class='ocrx_word' id='word_1_424' title='bbox 1209 5405 1406 5469; x_wconf 87' lang='lat' dir='ltr'><strong>pascat</strong></span> <span class='ocrx_word' id='word_1_425' title='bbox 1456 5404 1506 5454; x_wconf 85' lang='lat' dir='ltr'><strong>te</strong></span> <span class='ocrx_word' id='word_1_426' title='bbox 1551 5399 1655 5469; x_wconf 85' lang='lat' dir='ltr'><strong>(III</strong></span> <span class='ocrx_word' id='word_1_427' title='bbox 1707 5401 1837 5468; x_wconf 85' lang='lat' dir='ltr'><strong>Reg.</strong></span> 
     </span>
    </p>
   </div>
   <div class='ocr_carea' id='block_1_60' title="bbox 134 5487 1841 5556">
    <p class='ocr_par' dir='ltr' id='par_1_60' title="bbox 134 5487 1841 5556">
     <span class='ocr_line' id='line_1_60' title="bbox 134 5487 1841 5556; baseline 0.001 -15"><span class='ocrx_word' id='word_1_428' title='bbox 134 5499 275 5553; x_wconf 83' lang='lat' dir='ltr'><strong>xvu,</strong></span> <span class='ocrx_word' id='word_1_429' title='bbox 308 5488 390 5556; x_wconf 92' lang='lat'><strong>9),</strong></span> <span class='ocrx_word' id='word_1_430' title='bbox 445 5487 499 5542; x_wconf 91' lang='lat' dir='ltr'><strong>id</strong></span> <span class='ocrx_word' id='word_1_431' title='bbox 544 5493 629 5541; x_wconf 90' lang='lat' dir='ltr'><strong>est</strong></span> <span class='ocrx_word' id='word_1_432' title='bbox 675 5487 949 5543; x_wconf 86' lang='lat' dir='ltr'><strong>mandavi</strong></span> <span class='ocrx_word' id='word_1_433' title='bbox 998 5487 1261 5543; x_wconf 60' lang='lat' dir='ltr'><strong>Ecclesia</strong></span> <span class='ocrx_word' id='word_1_434' title='bbox 1304 5487 1568 5543; x_wconf 84' lang='lat' dir='ltr'><strong>cruciﬁxi</strong></span> <span class='ocrx_word' id='word_1_435' title='bbox 1614 5487 1841 5543; x_wconf 88' lang='lat' dir='ltr'><strong>Domini</strong></span> 
     </span>
    </p>
   </div>
   <div class='ocr_carea' id='block_1_61' title="bbox 135 5574 1838 5647">
    <p class='ocr_par' dir='ltr' id='par_1_61' title="bbox 135 5574 1838 5647">
     <span class='ocr_line' id='line_1_61' title="bbox 135 5574 1838 5647; baseline 0.001 -18"><span class='ocrx_word' id='word_1_436' title='bbox 135 5583 314 5632; x_wconf 88' lang='lat' dir='ltr'><strong>morte</strong></span> <span class='ocrx_word' id='word_1_437' title='bbox 347 5574 624 5641; x_wconf 77' lang='lat' dir='ltr'><strong>viduatae,</strong></span> <span class='ocrx_word' id='word_1_438' title='bbox 664 5574 785 5631; x_wconf 90' lang='lat' dir='ltr'><strong>sine</strong></span> <span class='ocrx_word' id='word_1_439' title='bbox 831 5576 951 5631; x_wconf 88' lang='lat' dir='ltr'><strong>ulla</strong></span> <span class='ocrx_word' id='word_1_440' title='bbox 992 5577 1157 5647; x_wconf 91' lang='lat' dir='ltr'><strong>panis</strong></span> <span class='ocrx_word' id='word_1_441' title='bbox 1184 5584 1239 5631; x_wconf 94' lang='lat' dir='ltr'><strong>et</strong></span> <span class='ocrx_word' id='word_1_442' title='bbox 1268 5576 1533 5632; x_wconf 89' lang='lat' dir='ltr'><strong>carnium</strong></span> <span class='ocrx_word' id='word_1_443' title='bbox 1568 5576 1838 5631; x_wconf 87' lang='lat' dir='ltr'><strong>matutini</strong></span> 
     </span>
    </p>
   </div>
   <div class='ocr_carea' id='block_1_62' title="bbox 135 5664 1839 5737">
    <p class='ocr_par' dir='ltr' id='par_1_62' title="bbox 135 5664 1839 5737">
     <span class='ocr_line' id='line_1_62' title="bbox 135 5664 1839 5737; baseline 0 -16"><span class='ocrx_word' id='word_1_444' title='bbox 135 5672 236 5721; x_wconf 90' lang='lat' dir='ltr'><strong>aut</strong></span> <span class='ocrx_word' id='word_1_445' title='bbox 277 5678 517 5736; x_wconf 89' lang='lat' dir='ltr'><strong>vespere</strong></span> <span class='ocrx_word' id='word_1_446' title='bbox 562 5665 856 5733; x_wconf 87' lang='lat' dir='ltr'><strong>memoria,</strong></span> <span class='ocrx_word' id='word_1_447' title='bbox 899 5673 965 5722; x_wconf 92' lang='lat' dir='ltr'><strong>ut</strong></span> <span class='ocrx_word' id='word_1_448' title='bbox 1012 5664 1286 5737; x_wconf 88' lang='lat' dir='ltr'><strong>simplicis</strong></span> <span class='ocrx_word' id='word_1_449' title='bbox 1324 5664 1670 5721; x_wconf 89' lang='lat' dir='ltr'><strong>documento</strong></span> <span class='ocrx_word' id='word_1_450' title='bbox 1709 5664 1839 5721; x_wconf 86' lang='lat' dir='ltr'><strong>ﬁdei</strong></span> 
     </span>
    </p>
   </div>
   <div class='ocr_carea' id='block_1_63' title="bbox 1892 1824 3009 1896">
    <p class='ocr_par' dir='ltr' id='par_1_63' title="bbox 1892 1824 3009 1896">
     <span class='ocr_line' id='line_1_63' title="bbox 1892 1824 3009 1896; baseline 0.003 -19"><span class='ocrx_word' id='word_1_451' title='bbox 1892 1834 1933 1887; x_wconf 84' lang='grc' dir='ltr'><strong>Β</strong></span> <span class='ocrx_word' id='word_1_452' title='bbox 2033 1825 2103 1878; x_wconf 86' lang='lat' dir='ltr'><strong>Et</strong></span> <span class='ocrx_word' id='word_1_453' title='bbox 2152 1826 2361 1878; x_wconf 78' lang='lat' dir='ltr'><strong>vocavit</strong></span> <span class='ocrx_word' id='word_1_454' title='bbox 2411 1841 2548 1893; x_wconf 89' lang='lat' dir='ltr'><strong>eam,</strong></span> <span class='ocrx_word' id='word_1_455' title='bbox 2608 1824 2862 1896; x_wconf 68' lang='lat' dir='ltr'><strong>dixitque</strong></span> <span class='ocrx_word' id='word_1_456' title='bbox 2904 1827 2954 1879; x_wconf 87' lang='lat' dir='ltr'><strong>ei</strong></span> <span class='ocrx_word' id='word_1_457' title='bbox 2995 1842 3009 1881; x_wconf 90' lang='lat'><strong>:</strong></span> 
     </span>
    </p>
   </div>
   <div class='ocr_carea' id='block_1_64' title="bbox 1963 621 3664 694">
    <p class='ocr_par' dir='ltr' id='par_1_64' title="bbox 1963 621 3664 694">
     <span class='ocr_line' id='line_1_64' title="bbox 1963 621 3664 694; baseline 0.004 -22"><span class='ocrx_word' id='word_1_458' title='bbox 1963 621 2157 687; x_wconf 86' lang='lat' dir='ltr'><strong>paruit</strong></span> <span class='ocrx_word' id='word_1_459' title='bbox 2215 623 2265 673; x_wconf 80' lang='lat' dir='ltr'><strong>ei</strong></span> <span class='ocrx_word' id='word_1_460' title='bbox 2321 622 2519 675; x_wconf 83' lang='lat' dir='ltr'><strong>mulier</strong></span> <span class='ocrx_word' id='word_1_461' title='bbox 2572 621 2740 676; x_wconf 83' lang='lat' dir='ltr'><strong>vidua</strong></span> <span class='ocrx_word' id='word_1_462' title='bbox 2797 624 3052 690; x_wconf 84' lang='lat' dir='ltr'><strong>colligens</strong></span> <span class='ocrx_word' id='word_1_463' title='bbox 3104 625 3255 690; x_wconf 86' lang='lat' dir='ltr'><strong>ligna</strong></span> <span class='ocrx_word' id='word_1_464' title='bbox 3308 623 3494 694; x_wconf 86' lang='lat' dir='ltr'><strong>(ibid.,</strong></span> <span class='ocrx_word' id='word_1_465' title='bbox 3552 626 3664 692; x_wconf 84' lang='lat' dir='ltr'><strong>l0).</strong></span> 
     </span>
    </p>
   </div>
   <div class='ocr_carea' id='block_1_65' title="bbox 1966 707 3669 781">
    <p class='ocr_par' dir='ltr' id='par_1_65' title="bbox 1966 707 3669 781">
     <span class='ocr_line' id='line_1_65' title="bbox 1966 707 3669 781; baseline 0.001 -18"><span class='ocrx_word' id='word_1_466' title='bbox 1966 707 2132 763; x_wconf 88' lang='lat' dir='ltr'><strong>Porta</strong></span> <span class='ocrx_word' id='word_1_467' title='bbox 2176 708 2425 764; x_wconf 90' lang='lat' dir='ltr'><strong>civitatis</strong></span> <span class='ocrx_word' id='word_1_468' title='bbox 2474 709 2592 779; x_wconf 86' lang='lat' dir='ltr'><strong>ipse</strong></span> <span class='ocrx_word' id='word_1_469' title='bbox 2642 718 2727 765; x_wconf 91' lang='lat' dir='ltr'><strong>est</strong></span> <span class='ocrx_word' id='word_1_470' title='bbox 2764 712 2867 781; x_wconf 90' lang='lat' dir='ltr'><strong>qui</strong></span> <span class='ocrx_word' id='word_1_471' title='bbox 2904 711 3092 766; x_wconf 88' lang='lat' dir='ltr'><strong>dicit:</strong></span> <span class='ocrx_word' id='word_1_472' title='bbox 3144 713 3258 778; x_wconf 81' lang='lat' dir='ltr'><strong>Ego</strong></span> <span class='ocrx_word' id='word_1_473' title='bbox 3303 726 3424 765; x_wconf 85' lang='lat' dir='ltr'><strong>sum</strong></span> <span class='ocrx_word' id='word_1_474' title='bbox 3472 713 3669 765; x_wconf 87' lang='lat' dir='ltr'><strong>ostium</strong></span> 
     </span>
    </p>
   </div>
   <div class='ocr_carea' id='block_1_66' title="bbox 1965 795 3669 869">
    <p class='ocr_par' dir='ltr' id='par_1_66' title="bbox 1965 795 3669 869">
     <span class='ocr_line' id='line_1_66' title="bbox 1965 795 3669 869; baseline 0.002 -19"><span class='ocrx_word' id='word_1_475' title='bbox 1965 795 2142 867; x_wconf 83' lang='lat' dir='ltr'><strong>(Joan.</strong></span> <span class='ocrx_word' id='word_1_476' title='bbox 2194 811 2252 863; x_wconf 75' lang='grc' dir='ltr'><strong>χ,</strong></span> <span class='ocrx_word' id='word_1_477' title='bbox 2302 796 2379 865; x_wconf 85' lang='grc'><strong>9).</strong></span> <span class='ocrx_word' id='word_1_478' title='bbox 2430 798 2529 852; x_wconf 88' lang='lat' dir='ltr'><strong>Est</strong></span> <span class='ocrx_word' id='word_1_479' title='bbox 2578 808 2772 854; x_wconf 84' lang='lat' dir='ltr'><strong>autem</strong></span> <span class='ocrx_word' id='word_1_480' title='bbox 2824 798 3078 854; x_wconf 90' lang='lat' dir='ltr'><strong>Ecclesia</strong></span> <span class='ocrx_word' id='word_1_481' title='bbox 3122 799 3343 867; x_wconf 89' lang='lat' dir='ltr'><strong>civitas,</strong></span> <span class='ocrx_word' id='word_1_482' title='bbox 3399 800 3541 869; x_wconf 91' lang='lat' dir='ltr'><strong>quia</strong></span> <span class='ocrx_word' id='word_1_483' title='bbox 3589 799 3669 854; x_wconf 90' lang='lat' dir='ltr'><strong>ibi</strong></span> 
     </span>
    </p>
   </div>
   <div class='ocr_carea' id='block_1_67' title="bbox 1965 886 3668 944">
    <p class='ocr_par' dir='ltr' id='par_1_67' title="bbox 1965 886 3668 944">
     <span class='ocr_line' id='line_1_67' title="bbox 1965 886 3668 944; baseline 0.001 -2"><span class='ocrx_word' id='word_1_484' title='bbox 1965 900 2151 942; x_wconf 91' lang='lat' dir='ltr'><strong>unum</strong></span> <span class='ocrx_word' id='word_1_485' title='bbox 2190 900 2289 942; x_wconf 91' lang='lat' dir='ltr'><strong>cor</strong></span> <span class='ocrx_word' id='word_1_486' title='bbox 2327 886 2603 942; x_wconf 88' lang='lat' dir='ltr'><strong>habentes</strong></span> <span class='ocrx_word' id='word_1_487' title='bbox 2641 888 3024 943; x_wconf 85' lang='lat' dir='ltr'><strong>communiter</strong></span> <span class='ocrx_word' id='word_1_488' title='bbox 3061 888 3286 944; x_wconf 86' lang='lat' dir='ltr'><strong>ducunt</strong></span> <span class='ocrx_word' id='word_1_489' title='bbox 3332 888 3498 943; x_wconf 82' lang='lat' dir='ltr'><strong>vitas.</strong></span> <span class='ocrx_word' id='word_1_490' title='bbox 3530 888 3668 943; x_wconf 81' lang='lat' dir='ltr'><strong>lure</strong></span> 
     </span>
    </p>
   </div>
   <div class='ocr_carea' id='block_1_68' title="bbox 1964 975 3669 1047">
    <p class='ocr_par' dir='ltr' id='par_1_68' title="bbox 1964 975 3669 1047">
     <span class='ocr_line' id='line_1_68' title="bbox 1964 975 3669 1047; baseline 0.001 -16"><span class='ocrx_word' id='word_1_491' title='bbox 1964 989 2103 1045; x_wconf 90' lang='lat' dir='ltr'><strong>ergo</strong></span> <span class='ocrx_word' id='word_1_492' title='bbox 2146 975 2399 1044; x_wconf 89' lang='lat' dir='ltr'><strong>primum</strong></span> <span class='ocrx_word' id='word_1_493' title='bbox 2440 976 2513 1031; x_wconf 90' lang='lat' dir='ltr'><strong>ad</strong></span> <span class='ocrx_word' id='word_1_494' title='bbox 2558 984 2783 1046; x_wconf 89' lang='lat' dir='ltr'><strong>portam</strong></span> <span class='ocrx_word' id='word_1_495' title='bbox 2826 976 3060 1033; x_wconf 89' lang='lat' dir='ltr'><strong>venitur</strong></span> <span class='ocrx_word' id='word_1_496' title='bbox 3100 992 3114 1031; x_wconf 90' lang='lat'>:</span> <span class='ocrx_word' id='word_1_497' title='bbox 3159 986 3415 1047; x_wconf 88' lang='lat' dir='ltr'><strong>tuncque</strong></span> <span class='ocrx_word' id='word_1_498' title='bbox 3461 977 3669 1033; x_wconf 89' lang='lat' dir='ltr'><strong>mulier</strong></span> 
     </span>
    </p>
   </div>
   <div class='ocr_carea' id='block_1_69' title="bbox 1962 1063 3665 1135">
    <p class='ocr_par' dir='ltr' id='par_1_69' title="bbox 1962 1063 3665 1135">
     <span class='ocr_line' id='line_1_69' title="bbox 1962 1063 3665 1135; baseline 0.001 -17"><span class='ocrx_word' id='word_1_499' title='bbox 1962 1063 2143 1119; x_wconf 89' lang='lat' dir='ltr'><strong>vidua</strong></span> <span class='ocrx_word' id='word_1_500' title='bbox 2195 1072 2438 1134; x_wconf 89' lang='lat' dir='ltr'><strong>apparet</strong></span> <span class='ocrx_word' id='word_1_501' title='bbox 2491 1064 2632 1135; x_wconf 88' lang='lat' dir='ltr'><strong>quia</strong></span> <span class='ocrx_word' id='word_1_502' title='bbox 2689 1066 2942 1134; x_wconf 88' lang='lat' dir='ltr'><strong>primum</strong></span> <span class='ocrx_word' id='word_1_503' title='bbox 3000 1066 3264 1122; x_wconf 89' lang='lat' dir='ltr'><strong>Christus</strong></span> <span class='ocrx_word' id='word_1_504' title='bbox 3311 1064 3665 1135; x_wconf 88' lang='lat' dir='ltr'><strong>agnoscitur,</strong></span> 
     </span>
    </p>
   </div>
   <div class='ocr_carea' id='block_1_70' title="bbox 1965 1153 3668 1224">
    <p class='ocr_par' dir='ltr' id='par_1_70' title="bbox 1965 1153 3668 1224">
     <span class='ocr_line' id='line_1_70' title="bbox 1965 1153 3668 1224; baseline 0.001 -16"><span class='ocrx_word' id='word_1_505' title='bbox 1965 1159 2223 1223; x_wconf 91' lang='lat' dir='ltr'><strong>tuncque</strong></span> <span class='ocrx_word' id='word_1_506' title='bbox 2255 1153 2489 1209; x_wconf 89' lang='lat' dir='ltr'><strong>demum</strong></span> <span class='ocrx_word' id='word_1_507' title='bbox 2522 1154 2664 1224; x_wconf 89' lang='lat' dir='ltr'><strong>quid</strong></span> <span class='ocrx_word' id='word_1_508' title='bbox 2706 1154 2778 1209; x_wconf 94' lang='lat' dir='ltr'><strong>sit</strong></span> <span class='ocrx_word' id='word_1_509' title='bbox 2817 1154 3071 1209; x_wconf 90' lang='lat' dir='ltr'><strong>Ecclesia</strong></span> <span class='ocrx_word' id='word_1_510' title='bbox 3119 1162 3291 1224; x_wconf 86' lang='lat' dir='ltr'><strong>patet.</strong></span> <span class='ocrx_word' id='word_1_511' title='bbox 3342 1155 3473 1209; x_wconf 67' lang='lat' dir='ltr'><strong>Haec</strong></span> <span class='ocrx_word' id='word_1_512' title='bbox 3510 1154 3668 1224; x_wconf 88' lang='lat' dir='ltr'><strong>ligna</strong></span> 
     </span>
    </p>
   </div>
   <div class='ocr_carea' id='block_1_71' title="bbox 1964 1241 3667 1312">
    <p class='ocr_par' dir='ltr' id='par_1_71' title="bbox 1964 1241 3667 1312">
     <span class='ocr_line' id='line_1_71' title="bbox 1964 1241 3667 1312; baseline 0 -15"><span class='ocrx_word' id='word_1_513' title='bbox 1964 1241 2199 1311; x_wconf 90' lang='lat' dir='ltr'><strong>colligit,</strong></span> <span class='ocrx_word' id='word_1_514' title='bbox 2233 1241 2373 1311; x_wconf 87' lang='lat' dir='ltr'><strong>quia</strong></span> <span class='ocrx_word' id='word_1_515' title='bbox 2403 1250 2721 1312; x_wconf 90' lang='lat' dir='ltr'><strong>utrumque</strong></span> <span class='ocrx_word' id='word_1_516' title='bbox 2752 1242 3028 1312; x_wconf 91' lang='lat' dir='ltr'><strong>populum</strong></span> <span class='ocrx_word' id='word_1_517' title='bbox 3057 1242 3114 1297; x_wconf 93' lang='lat' dir='ltr'><strong>in</strong></span> <span class='ocrx_word' id='word_1_518' title='bbox 3144 1257 3202 1297; x_wconf 89' lang='lat' dir='ltr'><strong>se</strong></span> <span class='ocrx_word' id='word_1_519' title='bbox 3235 1241 3430 1298; x_wconf 90' lang='lat' dir='ltr'><strong>counit</strong></span> <span class='ocrx_word' id='word_1_520' title='bbox 3463 1256 3476 1295; x_wconf 89' lang='lat'>:</span> <span class='ocrx_word' id='word_1_521' title='bbox 3509 1241 3667 1311; x_wconf 86' lang='lat' dir='ltr'><strong>quod</strong></span> 
     </span>
    </p>
   </div>
   <div class='ocr_carea' id='block_1_72' title="bbox 1963 1328 3668 1401">
    <p class='ocr_par' dir='ltr' id='par_1_72' title="bbox 1963 1328 3668 1401">
     <span class='ocr_line' id='line_1_72' title="bbox 1963 1328 3668 1401; baseline -0.001 -16"><span class='ocrx_word' id='word_1_522' title='bbox 1963 1329 2116 1385; x_wconf 92' lang='lat' dir='ltr'><strong>enim</strong></span> <span class='ocrx_word' id='word_1_523' title='bbox 2150 1331 2340 1400; x_wconf 89' lang='lat' dir='ltr'><strong>paries</strong></span> <span class='ocrx_word' id='word_1_524' title='bbox 2360 1329 2495 1385; x_wconf 90' lang='lat' dir='ltr'><strong>alibi</strong></span> <span class='ocrx_word' id='word_1_525' title='bbox 2527 1330 2738 1401; x_wconf 86' lang='lat' dir='ltr'><strong>signat,</strong></span> <span class='ocrx_word' id='word_1_526' title='bbox 2772 1330 2880 1386; x_wconf 93' lang='lat' dir='ltr'><strong>hoc</strong></span> <span class='ocrx_word' id='word_1_527' title='bbox 2913 1330 3038 1386; x_wconf 91' lang='lat' dir='ltr'><strong>istic</strong></span> <span class='ocrx_word' id='word_1_528' title='bbox 3068 1330 3290 1400; x_wconf 86' lang='lat' dir='ltr'><strong>lignum</strong></span> <span class='ocrx_word' id='word_1_529' title='bbox 3320 1344 3431 1384; x_wconf 92' lang='lat' dir='ltr'><strong>non</strong></span> <span class='ocrx_word' id='word_1_530' title='bbox 3455 1328 3668 1384; x_wconf 88' lang='lat' dir='ltr'><strong>incom-</strong></span> 
     </span>
    </p>
   </div>
   <div class='ocr_carea' id='block_1_73' title="bbox 1962 1418 3668 1489">
    <p class='ocr_par' dir='ltr' id='par_1_73' title="bbox 1962 1418 3668 1489">
     <span class='ocr_line' id='line_1_73' title="bbox 1962 1418 3668 1489; baseline 0.002 -16"><span class='ocrx_word' id='word_1_531' title='bbox 1962 1418 2262 1474; x_wconf 91' lang='lat' dir='ltr'><strong>venienter</strong></span> <span class='ocrx_word' id='word_1_532' title='bbox 2311 1426 2576 1486; x_wconf 89' lang='lat' dir='ltr'><strong>ostentat,</strong></span> <span class='ocrx_word' id='word_1_533' title='bbox 2628 1433 2763 1474; x_wconf 90' lang='lat' dir='ltr'><strong>nam</strong></span> <span class='ocrx_word' id='word_1_534' title='bbox 2815 1420 2934 1475; x_wconf 88' lang='lat' dir='ltr'><strong>duo</strong></span> <span class='ocrx_word' id='word_1_535' title='bbox 2983 1420 3141 1489; x_wconf 87' lang='lat' dir='ltr'><strong>ligna</strong></span> <span class='ocrx_word' id='word_1_536' title='bbox 3186 1419 3378 1475; x_wconf 91' lang='lat' dir='ltr'><strong>crucis</strong></span> <span class='ocrx_word' id='word_1_537' title='bbox 3430 1421 3512 1474; x_wconf 91' lang='lat' dir='ltr'><strong>sic</strong></span> <span class='ocrx_word' id='word_1_538' title='bbox 3560 1420 3668 1476; x_wconf 83' lang='lat' dir='ltr'><strong>ista</strong></span> 
     </span>
    </p>
   </div>
   <div class='ocr_carea' id='block_1_74' title="bbox 1967 1507 3663 1577">
    <p class='ocr_par' dir='ltr' id='par_1_74' title="bbox 1967 1507 3663 1577">
     <span class='ocr_line' id='line_1_74' title="bbox 1967 1507 3663 1577; baseline 0 -15"><span class='ocrx_word' id='word_1_539' title='bbox 1967 1507 2337 1576; x_wconf 90' lang='lat' dir='ltr'><strong>portendunt,</strong></span> <span class='ocrx_word' id='word_1_540' title='bbox 2370 1515 2434 1563; x_wconf 90' lang='lat' dir='ltr'><strong>ut</strong></span> <span class='ocrx_word' id='word_1_541' title='bbox 2463 1508 2711 1563; x_wconf 88' lang='lat' dir='ltr'><strong>alterum</strong></span> <span class='ocrx_word' id='word_1_542' title='bbox 2745 1515 3068 1577; x_wconf 89' lang='lat' dir='ltr'><strong>porrectum</strong></span> <span class='ocrx_word' id='word_1_543' title='bbox 3095 1508 3324 1564; x_wconf 65' lang='lat' dir='ltr'><strong>Judmos</strong></span> <span class='ocrx_word' id='word_1_544' title='bbox 3350 1522 3418 1563; x_wconf 89' lang='lat' dir='ltr'><strong>ac</strong></span> <span class='ocrx_word' id='word_1_545' title='bbox 3447 1507 3495 1563; x_wconf 93' lang='lat' dir='ltr'><strong>si</strong></span> <span class='ocrx_word' id='word_1_546' title='bbox 3527 1507 3663 1564; x_wconf 88' lang='lat' dir='ltr'><strong>uni-</strong></span> 
     </span>
    </p>
   </div>
   <div class='ocr_carea' id='block_1_75' title="bbox 1964 1595 3665 1666">
    <p class='ocr_par' dir='ltr' id='par_1_75' title="bbox 1964 1595 3665 1666">
     <span class='ocr_line' id='line_1_75' title="bbox 1964 1595 3665 1666; baseline 0.001 -17"><span class='ocrx_word' id='word_1_547' title='bbox 1964 1608 2166 1650; x_wconf 89' lang='lat' dir='ltr'><strong>cornes</strong></span> <span class='ocrx_word' id='word_1_548' title='bbox 2200 1596 2428 1659; x_wconf 88' lang='lat' dir='ltr'><strong>innuat,</strong></span> <span class='ocrx_word' id='word_1_549' title='bbox 2476 1596 2722 1651; x_wconf 90' lang='lat' dir='ltr'><strong>alterum</strong></span> <span class='ocrx_word' id='word_1_550' title='bbox 2766 1603 3162 1651; x_wconf 87' lang='lat' dir='ltr'><strong>transversum</strong></span> <span class='ocrx_word' id='word_1_551' title='bbox 3208 1596 3468 1666; x_wconf 88' lang='lat' dir='ltr'><strong>gentiles,</strong></span> <span class='ocrx_word' id='word_1_552' title='bbox 3502 1610 3571 1652; x_wconf 89' lang='lat' dir='ltr'><strong>ac</strong></span> <span class='ocrx_word' id='word_1_553' title='bbox 3616 1595 3665 1651; x_wconf 89' lang='lat' dir='ltr'><strong>si</strong></span> 
     </span>
    </p>
   </div>
   <div class='ocr_carea' id='block_1_76' title="bbox 1962 1682 3056 1740">
    <p class='ocr_par' dir='ltr' id='par_1_76' title="bbox 1962 1682 3056 1740">
     <span class='ocr_line' id='line_1_76' title="bbox 1962 1682 3056 1740; baseline 0.001 -4"><span class='ocrx_word' id='word_1_554' title='bbox 1962 1699 1993 1736; x_wconf 86' lang='lat' dir='ltr'><strong>e</strong></span> <span class='ocrx_word' id='word_1_555' title='bbox 2018 1682 2245 1738; x_wconf 89' lang='lat' dir='ltr'><strong>diverso</strong></span> <span class='ocrx_word' id='word_1_556' title='bbox 2274 1683 2745 1739; x_wconf 88' lang='lat' dir='ltr'><strong>subintroductos</strong></span> <span class='ocrx_word' id='word_1_557' title='bbox 2774 1683 3056 1740; x_wconf 85' lang='lat' dir='ltr'><strong>ostendat.</strong></span> 
     </span>
    </p>
   </div>
   <div class='ocr_carea' id='block_1_77' title="bbox 3060 1814 3664 1896">
    <p class='ocr_par' dir='ltr' id='par_1_77' title="bbox 3060 1814 3664 1896">
     <span class='ocr_line' id='line_1_77' title="bbox 3060 1814 3664 1896; baseline -0.003 -15"><span class='ocrx_word' id='word_1_558' title='bbox 3060 1829 3141 1881; x_wconf 90' lang='lat' dir='ltr'><strong>Da</strong></span> <span class='ocrx_word' id='word_1_559' title='bbox 3193 1828 3333 1881; x_wconf 85' lang='lat' dir='ltr'><strong>mihi</strong></span> <span class='ocrx_word' id='word_1_560' title='bbox 3378 1814 3664 1896; x_wconf 84' lang='lat' dir='ltr'><strong>paululum</strong></span> 
     </span>
    </p>
   </div>
   <div class='ocr_carea' id='block_1_78' title="bbox 1961 1913 3665 1985">
    <p class='ocr_par' dir='ltr' id='par_1_78' title="bbox 1961 1913 3665 1985">
     <span class='ocr_line' id='line_1_78' title="bbox 1961 1913 3665 1985; baseline 0.004 -20"><span class='ocrx_word' id='word_1_561' title='bbox 1961 1928 2119 1982; x_wconf 76' lang='lat' dir='ltr'><strong>aqua:</strong></span> <span class='ocrx_word' id='word_1_562' title='bbox 2159 1915 2218 1966; x_wconf 89' lang='lat' dir='ltr'><strong>in</strong></span> <span class='ocrx_word' id='word_1_563' title='bbox 2263 1928 2389 1967; x_wconf 89' lang='lat' dir='ltr'><strong>vase</strong></span> <span class='ocrx_word' id='word_1_564' title='bbox 2436 1918 2498 1968; x_wconf 92' lang='lat' dir='ltr'><strong>ut</strong></span> <span class='ocrx_word' id='word_1_565' title='bbox 2555 1913 2734 1968; x_wconf 76' lang='lat' dir='ltr'><strong>bibam</strong></span> <span class='ocrx_word' id='word_1_566' title='bbox 2784 1915 2884 1985; x_wconf 85' lang='lat' dir='ltr'><strong>(Ill</strong></span> <span class='ocrx_word' id='word_1_567' title='bbox 2944 1917 3071 1982; x_wconf 85' lang='lat' dir='ltr'><strong>Reg.</strong></span> <span class='ocrx_word' id='word_1_568' title='bbox 3129 1930 3272 1983; x_wconf 83' lang='lat' dir='ltr'><strong>xvu,</strong></span> <span class='ocrx_word' id='word_1_569' title='bbox 3333 1918 3438 1983; x_wconf 87' lang='lat' dir='ltr'><strong>l0).</strong></span> <span class='ocrx_word' id='word_1_570' title='bbox 3484 1915 3665 1972; x_wconf 85' lang='lat' dir='ltr'><strong>Vocat</strong></span> 
     </span>
    </p>
   </div>
   <div class='ocr_carea' id='block_1_79' title="bbox 1959 2002 3665 2072">
    <p class='ocr_par' dir='ltr' id='par_1_79' title="bbox 1959 2002 3665 2072">
     <span class='ocr_line' id='line_1_79' title="bbox 1959 2002 3665 2072; baseline 0.001 -16"><span class='ocrx_word' id='word_1_571' title='bbox 1959 2015 2085 2056; x_wconf 91' lang='lat' dir='ltr'><strong>eam</strong></span> <span class='ocrx_word' id='word_1_572' title='bbox 2130 2016 2262 2057; x_wconf 93' lang='lat' dir='ltr'><strong>cum</strong></span> <span class='ocrx_word' id='word_1_573' title='bbox 2304 2010 2565 2072; x_wconf 88' lang='lat' dir='ltr'><strong>patenter</strong></span> <span class='ocrx_word' id='word_1_574' title='bbox 2602 2002 2843 2058; x_wconf 90' lang='lat' dir='ltr'><strong>addiscit</strong></span> <span class='ocrx_word' id='word_1_575' title='bbox 2885 2003 3201 2059; x_wconf 89' lang='lat' dir='ltr'><strong>vocationis</strong></span> <span class='ocrx_word' id='word_1_576' title='bbox 3231 2005 3493 2060; x_wconf 89' lang='lat' dir='ltr'><strong>omnium</strong></span> <span class='ocrx_word' id='word_1_577' title='bbox 3526 2004 3665 2058; x_wconf 85' lang='lat' dir='ltr'><strong>ﬁde—</strong></span> 
     </span>
    </p>
   </div>
   <div class='ocr_carea' id='block_1_80' title="bbox 1959 2088 3665 2161">
    <p class='ocr_par' dir='ltr' id='par_1_80' title="bbox 1959 2088 3665 2161">
     <span class='ocr_line' id='line_1_80' title="bbox 1959 2088 3665 2161; baseline 0.002 -16"><span class='ocrx_word' id='word_1_578' title='bbox 1959 2088 2104 2145; x_wconf 91' lang='lat' dir='ltr'><strong>lium</strong></span> <span class='ocrx_word' id='word_1_579' title='bbox 2136 2104 2390 2146; x_wconf 88' lang='lat' dir='ltr'><strong>causam.</strong></span> <span class='ocrx_word' id='word_1_580' title='bbox 2426 2093 2653 2161; x_wconf 86' lang='lat' dir='ltr'><strong>Aquam</strong></span> <span class='ocrx_word' id='word_1_581' title='bbox 2690 2093 2747 2146; x_wconf 91' lang='lat' dir='ltr'><strong>in</strong></span> <span class='ocrx_word' id='word_1_582' title='bbox 2778 2106 2913 2147; x_wconf 89' lang='lat' dir='ltr'><strong>vase</strong></span> <span class='ocrx_word' id='word_1_583' title='bbox 2944 2092 3066 2147; x_wconf 90' lang='lat' dir='ltr'><strong>dari</strong></span> <span class='ocrx_word' id='word_1_584' title='bbox 3098 2092 3206 2147; x_wconf 90' lang='lat' dir='ltr'><strong>sibi</strong></span> <span class='ocrx_word' id='word_1_585' title='bbox 3237 2092 3568 2161; x_wconf 86' lang='lat' dir='ltr'><strong>expostulat</strong></span> <span class='ocrx_word' id='word_1_586' title='bbox 3599 2099 3665 2148; x_wconf 90' lang='lat' dir='ltr'><strong>ut</strong></span> 
     </span>
    </p>
   </div>
   <div class='ocr_carea' id='block_1_81' title="bbox 1961 2178 3663 2249">
    <p class='ocr_par' dir='ltr' id='par_1_81' title="bbox 1961 2178 3663 2249">
     <span class='ocr_line' id='line_1_81' title="bbox 1961 2178 3663 2249; baseline 0.001 -14"><span class='ocrx_word' id='word_1_587' title='bbox 1961 2178 2137 2245; x_wconf 92' lang='lat' dir='ltr'><strong>bibat,</strong></span> <span class='ocrx_word' id='word_1_588' title='bbox 2166 2194 2300 2235; x_wconf 91' lang='lat' dir='ltr'><strong>cum</strong></span> <span class='ocrx_word' id='word_1_589' title='bbox 2345 2180 2663 2236; x_wconf 87' lang='lat' dir='ltr'><strong>doctrinam</strong></span> <span class='ocrx_word' id='word_1_590' title='bbox 2712 2195 2828 2234; x_wconf 87' lang='lat' dir='ltr'><strong>non</strong></span> <span class='ocrx_word' id='word_1_591' title='bbox 2879 2194 2981 2249; x_wconf 92' lang='lat' dir='ltr'><strong>per</strong></span> <span class='ocrx_word' id='word_1_592' title='bbox 3028 2181 3371 2249; x_wconf 88' lang='lat' dir='ltr'><strong>deutereses,</strong></span> <span class='ocrx_word' id='word_1_593' title='bbox 3405 2188 3470 2236; x_wconf 94' lang='lat' dir='ltr'><strong>ut</strong></span> <span class='ocrx_word' id='word_1_594' title='bbox 3512 2178 3663 2236; x_wconf 92' lang='lat' dir='ltr'><strong>sole-</strong></span> 
     </span>
    </p>
   </div>
   <div class='ocr_carea' id='block_1_82' title="bbox 1958 2267 3662 2338">
    <p class='ocr_par' dir='ltr' id='par_1_82' title="bbox 1958 2267 3662 2338">
     <span class='ocr_line' id='line_1_82' title="bbox 1958 2267 3662 2338; baseline 0 -15"><span class='ocrx_word' id='word_1_595' title='bbox 1958 2267 2055 2323; x_wconf 91' lang='lat' dir='ltr'><strong>bat</strong></span> <span class='ocrx_word' id='word_1_596' title='bbox 2086 2267 2429 2335; x_wconf 86' lang='lat' dir='ltr'><strong>ﬂuitantem,</strong></span> <span class='ocrx_word' id='word_1_597' title='bbox 2476 2269 2572 2323; x_wconf 90' lang='lat' dir='ltr'><strong>sed</strong></span> <span class='ocrx_word' id='word_1_598' title='bbox 2606 2268 2663 2324; x_wconf 91' lang='lat' dir='ltr'><strong>in</strong></span> <span class='ocrx_word' id='word_1_599' title='bbox 2717 2268 2965 2329; x_wconf 87' lang='lat' dir='ltr'><strong>Christo.</strong></span> <span class='ocrx_word' id='word_1_600' title='bbox 3014 2269 3113 2338; x_wconf 87' lang='lat' dir='ltr'><strong>qui</strong></span> <span class='ocrx_word' id='word_1_601' title='bbox 3159 2277 3242 2324; x_wconf 90' lang='lat' dir='ltr'><strong>est</strong></span> <span class='ocrx_word' id='word_1_602' title='bbox 3271 2282 3372 2322; x_wconf 90' lang='lat' dir='ltr'><strong>vas</strong></span> <span class='ocrx_word' id='word_1_603' title='bbox 3414 2268 3662 2323; x_wconf 87' lang='lat' dir='ltr'><strong>electum</strong></span> 
     </span>
    </p>
   </div>
   <div class='ocr_carea' id='block_1_83' title="bbox 1956 2356 3663 2427">
    <p class='ocr_par' dir='ltr' id='par_1_83' title="bbox 1956 2356 3663 2427">
     <span class='ocr_line' id='line_1_83' title="bbox 1956 2356 3663 2427; baseline 0.001 -17"><span class='ocrx_word' id='word_1_604' title='bbox 1956 2364 2012 2411; x_wconf 90' lang='lat' dir='ltr'><strong>et</strong></span> <span class='ocrx_word' id='word_1_605' title='bbox 2043 2356 2427 2425; x_wconf 62' lang='lat' dir='ltr'><strong>praeelectum,</strong></span> <span class='ocrx_word' id='word_1_606' title='bbox 2461 2359 2656 2427; x_wconf 88' lang='lat' dir='ltr'><strong>inquo</strong></span> <span class='ocrx_word' id='word_1_607' title='bbox 2700 2363 2825 2411; x_wconf 88' lang='lat' dir='ltr'><strong>sunt</strong></span> <span class='ocrx_word' id='word_1_608' title='bbox 2867 2373 3044 2411; x_wconf 84' lang='lat' dir='ltr'><strong>omnes</strong></span> <span class='ocrx_word' id='word_1_609' title='bbox 3088 2358 3336 2411; x_wconf 84' lang='lat' dir='ltr'><strong>thesauri</strong></span> <span class='ocrx_word' id='word_1_610' title='bbox 3376 2359 3663 2425; x_wconf 61' lang='lat' dir='ltr'><strong>sapientia</strong></span> 
     </span>
    </p>
   </div>
   <div class='ocr_carea' id='block_1_84' title="bbox 1956 2444 3663 2516">
    <p class='ocr_par' dir='ltr' id='par_1_84' title="bbox 1956 2444 3663 2516">
     <span class='ocr_line' id='line_1_84' title="bbox 1956 2444 3663 2516; baseline 0.001 -18"><span class='ocrx_word' id='word_1_611' title='bbox 1956 2444 2269 2499; x_wconf 86' lang='lat' dir='ltr'><strong>absconditi</strong></span> <span class='ocrx_word' id='word_1_612' title='bbox 2337 2444 2467 2516; x_wconf 89' lang='lat' dir='ltr'><strong>(Col.</strong></span> <span class='ocrx_word' id='word_1_613' title='bbox 2525 2460 2586 2514; x_wconf 88' lang='grc' dir='ltr'><strong>ιι,</strong></span> <span class='ocrx_word' id='word_1_614' title='bbox 2642 2446 2719 2515; x_wconf 90' lang='grc'>3),</span> <span class='ocrx_word' id='word_1_615' title='bbox 2777 2446 3168 2515; x_wconf 89' lang='lat' dir='ltr'><strong>undecunque</strong></span> <span class='ocrx_word' id='word_1_616' title='bbox 3233 2445 3540 2502; x_wconf 86' lang='lat' dir='ltr'><strong>cohibitam</strong></span> <span class='ocrx_word' id='word_1_617' title='bbox 3607 2454 3663 2500; x_wconf 89' lang='lat' dir='ltr'><strong>et</strong></span> 
     </span>
    </p>
   </div>
   <div class='ocr_carea' id='block_1_85' title="bbox 1956 2532 3658 2604">
    <p class='ocr_par' dir='ltr' id='par_1_85' title="bbox 1956 2532 3658 2604">
     <span class='ocr_line' id='line_1_85' title="bbox 1956 2532 3658 2604; baseline 0 -16"><span class='ocrx_word' id='word_1_618' title='bbox 1956 2540 2334 2601; x_wconf 89' lang='lat' dir='ltr'><strong>constantem,</strong></span> <span class='ocrx_word' id='word_1_619' title='bbox 2366 2532 2627 2590; x_wconf 81' lang='lat' dir='ltr'><strong>exhiberi</strong></span> <span class='ocrx_word' id='word_1_620' title='bbox 2668 2534 2777 2590; x_wconf 90' lang='lat' dir='ltr'><strong>sibi</strong></span> <span class='ocrx_word' id='word_1_621' title='bbox 2819 2534 2891 2589; x_wconf 91' lang='lat' dir='ltr'><strong>ab</strong></span> <span class='ocrx_word' id='word_1_622' title='bbox 2926 2533 3179 2590; x_wconf 87' lang='lat' dir='ltr'><strong>Ecclesia</strong></span> <span class='ocrx_word' id='word_1_623' title='bbox 3208 2534 3502 2604; x_wconf 91' lang='lat' dir='ltr'><strong>primitiva</strong></span> <span class='ocrx_word' id='word_1_624' title='bbox 3530 2547 3658 2589; x_wconf 88' lang='lat' dir='ltr'><strong>cor-</strong></span> 
     </span>
    </p>
   </div>
   <div class='ocr_carea' id='block_1_86' title="bbox 1957 2612 3663 2692">
    <p class='ocr_par' dir='ltr' id='par_1_86' title="bbox 1957 2612 3663 2692">
     <span class='ocr_line' id='line_1_86' title="bbox 1957 2612 3663 2692; baseline 0 -15"><span class='ocrx_word' id='word_1_625' title='bbox 1957 2622 2186 2691; x_wconf 86' lang='lat' dir='ltr'><strong>rogitat.</strong></span> <span class='ocrx_word' id='word_1_626' title='bbox 2221 2612 2457 2692; x_wconf 77' lang='lat' dir='ltr'><strong>cumque</strong></span> <span class='ocrx_word' id='word_1_627' title='bbox 2478 2624 2578 2677; x_wconf 90' lang='lat' dir='ltr'><strong>illa</strong></span> <span class='ocrx_word' id='word_1_628' title='bbox 2600 2628 2845 2692; x_wconf 80' lang='lat' dir='ltr'><strong>pergeret</strong></span> <span class='ocrx_word' id='word_1_629' title='bbox 2866 2627 2926 2676; x_wconf 87' lang='lat' dir='ltr'><strong>ut</strong></span> <span class='ocrx_word' id='word_1_630' title='bbox 2952 2622 3171 2691; x_wconf 70' lang='lat' dir='ltr'><strong>afferret</strong></span> <span class='ocrx_word' id='word_1_631' title='bbox 3192 2625 3373 2692; x_wconf 87' lang='lat' dir='ltr'><strong>panis,</strong></span> <span class='ocrx_word' id='word_1_632' title='bbox 3403 2623 3663 2677; x_wconf 86' lang='lat' dir='ltr'><strong>clamavit</strong></span> 
     </span>
    </p>
   </div>
   <div class='ocr_carea' id='block_1_87' title="bbox 1952 2709 3660 2781">
    <p class='ocr_par' dir='ltr' id='par_1_87' title="bbox 1952 2709 3660 2781">
     <span class='ocr_line' id='line_1_87' title="bbox 1952 2709 3660 2781; baseline -0.002 -16"><span class='ocrx_word' id='word_1_633' title='bbox 1952 2716 2076 2779; x_wconf 86' lang='lat' dir='ltr'><strong>post</strong></span> <span class='ocrx_word' id='word_1_634' title='bbox 2102 2715 2312 2780; x_wconf 86' lang='lat' dir='ltr'><strong>tergum</strong></span> <span class='ocrx_word' id='word_1_635' title='bbox 2337 2711 2453 2781; x_wconf 87' lang='lat' dir='ltr'><strong>ejus</strong></span> <span class='ocrx_word' id='word_1_636' title='bbox 2486 2711 2667 2765; x_wconf 85' lang='lat' dir='ltr'><strong>dicens</strong></span> <span class='ocrx_word' id='word_1_637' title='bbox 2697 2727 2710 2765; x_wconf 90' lang='lat'>:</span> <span class='ocrx_word' id='word_1_638' title='bbox 2744 2712 2901 2780; x_wconf 76' lang='lat' dir='ltr'><strong>Affer</strong></span> <span class='ocrx_word' id='word_1_639' title='bbox 2928 2712 3085 2777; x_wconf 85' lang='lat' dir='ltr'><strong>mihi,</strong></span> <span class='ocrx_word' id='word_1_640' title='bbox 3115 2712 3345 2777; x_wconf 91' lang='lat' dir='ltr'><strong>obsecro,</strong></span> <span class='ocrx_word' id='word_1_641' title='bbox 3377 2716 3429 2764; x_wconf 92' lang='lat' dir='ltr'><strong>et</strong></span> <span class='ocrx_word' id='word_1_642' title='bbox 3458 2709 3660 2764; x_wconf 84' lang='lat' dir='ltr'><strong>buccel-</strong></span> 
     </span>
    </p>
   </div>
   <div class='ocr_carea' id='block_1_88' title="bbox 1956 2798 3659 2871">
    <p class='ocr_par' dir='ltr' id='par_1_88' title="bbox 1956 2798 3659 2871">
     <span class='ocr_line' id='line_1_88' title="bbox 1956 2798 3659 2871; baseline -0.001 -17"><span class='ocrx_word' id='word_1_643' title='bbox 1956 2800 2065 2854; x_wconf 88' lang='lat' dir='ltr'><strong>lam</strong></span> <span class='ocrx_word' id='word_1_644' title='bbox 2094 2802 2153 2854; x_wconf 90' lang='lat' dir='ltr'><strong>in</strong></span> <span class='ocrx_word' id='word_1_645' title='bbox 2183 2816 2350 2854; x_wconf 87' lang='lat' dir='ltr'><strong>manu</strong></span> <span class='ocrx_word' id='word_1_646' title='bbox 2383 2806 2477 2854; x_wconf 88' lang='lat' dir='ltr'><strong>tua</strong></span> <span class='ocrx_word' id='word_1_647' title='bbox 2504 2799 2616 2871; x_wconf 85' lang='lat' dir='ltr'><strong>(III</strong></span> <span class='ocrx_word' id='word_1_648' title='bbox 2636 2803 2766 2868; x_wconf 84' lang='lat' dir='ltr'><strong>Reg.</strong></span> <span class='ocrx_word' id='word_1_649' title='bbox 2798 2814 2937 2867; x_wconf 83' lang='lat' dir='ltr'><strong>xvu,</strong></span> <span class='ocrx_word' id='word_1_650' title='bbox 2983 2798 3089 2870; x_wconf 81' lang='lat' dir='ltr'><strong>ll).</strong></span> <span class='ocrx_word' id='word_1_651' title='bbox 3124 2799 3314 2871; x_wconf 83' lang='lat' dir='ltr'><strong>Pergit</strong></span> <span class='ocrx_word' id='word_1_652' title='bbox 3344 2806 3409 2856; x_wconf 85' lang='lat' dir='ltr'><strong>ut</strong></span> <span class='ocrx_word' id='word_1_653' title='bbox 3435 2798 3659 2865; x_wconf 66' lang='lat' dir='ltr'><strong>afferat,</strong></span> 
     </span>
    </p>
   </div>
   <div class='ocr_carea' id='block_1_89' title="bbox 1955 2888 3658 2959">
    <p class='ocr_par' dir='ltr' id='par_1_89' title="bbox 1955 2888 3658 2959">
     <span class='ocr_line' id='line_1_89' title="bbox 1955 2888 3658 2959; baseline -0.001 -15"><span class='ocrx_word' id='word_1_654' title='bbox 1955 2904 2111 2956; x_wconf 92' lang='lat' dir='ltr'><strong>cum,</strong></span> <span class='ocrx_word' id='word_1_655' title='bbox 2160 2889 2334 2959; x_wconf 88' lang='lat' dir='ltr'><strong>juxta</strong></span> <span class='ocrx_word' id='word_1_656' title='bbox 2381 2890 2740 2959; x_wconf 88' lang='lat' dir='ltr'><strong>Apostolum,</strong></span> <span class='ocrx_word' id='word_1_657' title='bbox 2782 2888 3007 2945; x_wconf 91' lang='lat' dir='ltr'><strong>lectioni</strong></span> <span class='ocrx_word' id='word_1_658' title='bbox 3050 2888 3294 2945; x_wconf 91' lang='lat' dir='ltr'><strong>intendit</strong></span> <span class='ocrx_word' id='word_1_659' title='bbox 3336 2896 3402 2945; x_wconf 90' lang='lat' dir='ltr'><strong>ut</strong></span> <span class='ocrx_word' id='word_1_660' title='bbox 3440 2889 3658 2943; x_wconf 87' lang='lat' dir='ltr'><strong>doceat.</strong></span> 
     </span>
    </p>
   </div>
   <div class='ocr_carea' id='block_1_90' title="bbox 1956 2973 3659 3046">
    <p class='ocr_par' dir='ltr' id='par_1_90' title="bbox 1956 2973 3659 3046">
     <span class='ocr_line' id='line_1_90' title="bbox 1956 2973 3659 3046; baseline 0 -17"><span class='ocrx_word' id='word_1_661' title='bbox 1956 2973 2085 3030; x_wconf 91' lang='lat' dir='ltr'><strong>Post</strong></span> <span class='ocrx_word' id='word_1_662' title='bbox 2127 2983 2356 3046; x_wconf 91' lang='lat' dir='ltr'><strong>tergum</strong></span> <span class='ocrx_word' id='word_1_663' title='bbox 2408 2975 2638 3044; x_wconf 85' lang='lat' dir='ltr'><strong>clamat,</strong></span> <span class='ocrx_word' id='word_1_664' title='bbox 2696 2990 2832 3032; x_wconf 88' lang='lat' dir='ltr'><strong>cum</strong></span> <span class='ocrx_word' id='word_1_665' title='bbox 2889 2974 3089 3046; x_wconf 87' lang='lat' dir='ltr'><strong>aliqua</strong></span> <span class='ocrx_word' id='word_1_666' title='bbox 3143 2975 3478 3031; x_wconf 72' lang='lat' dir='ltr'><strong>Iudaeorum</strong></span> <span class='ocrx_word' id='word_1_667' title='bbox 3527 2987 3659 3044; x_wconf 88' lang='lat' dir='ltr'><strong>pars</strong></span> 
     </span>
    </p>
   </div>
   <div class='ocr_carea' id='block_1_91' title="bbox 1955 3064 3661 3133">
    <p class='ocr_par' dir='ltr' id='par_1_91' title="bbox 1955 3064 3661 3133">
     <span class='ocr_line' id='line_1_91' title="bbox 1955 3064 3661 3133; baseline 0 -15"><span class='ocrx_word' id='word_1_668' title='bbox 1955 3076 2186 3118; x_wconf 90' lang='lat' dir='ltr'><strong>aversos</strong></span> <span class='ocrx_word' id='word_1_669' title='bbox 2239 3064 2526 3133; x_wconf 91' lang='lat' dir='ltr'><strong>apostolos</strong></span> <span class='ocrx_word' id='word_1_670' title='bbox 2587 3071 2642 3119; x_wconf 94' lang='lat' dir='ltr'><strong>et</strong></span> <span class='ocrx_word' id='word_1_671' title='bbox 2688 3064 2941 3120; x_wconf 92' lang='lat' dir='ltr'><strong>dicentes</strong></span> <span class='ocrx_word' id='word_1_672' title='bbox 2986 3080 3000 3118; x_wconf 90' lang='lat'><strong>:</strong></span> <span class='ocrx_word' id='word_1_673' title='bbox 3061 3065 3332 3130; x_wconf 86' lang='lat' dir='ltr'><strong>Quoniam</strong></span> <span class='ocrx_word' id='word_1_674' title='bbox 3381 3064 3661 3132; x_wconf 84' lang='lat' dir='ltr'><strong>repulistis</strong></span> 
     </span>
    </p>
   </div>
   <div class='ocr_carea' id='block_1_92' title="bbox 1953 3151 3656 3221">
    <p class='ocr_par' dir='ltr' id='par_1_92' title="bbox 1953 3151 3656 3221">
     <span class='ocr_line' id='line_1_92' title="bbox 1953 3151 3656 3221; baseline 0 -16"><span class='ocrx_word' id='word_1_675' title='bbox 1953 3151 2177 3206; x_wconf 86' lang='lat' dir='ltr'><strong>verbum</strong></span> <span class='ocrx_word' id='word_1_676' title='bbox 2228 3155 2343 3218; x_wconf 83' lang='lat' dir='ltr'><strong>Dei,</strong></span> <span class='ocrx_word' id='word_1_677' title='bbox 2402 3167 2516 3206; x_wconf 91' lang='lat' dir='ltr'><strong>ecce</strong></span> <span class='ocrx_word' id='word_1_678' title='bbox 2566 3154 2928 3208; x_wconf 85' lang='lat' dir='ltr'><strong>convertimur</strong></span> <span class='ocrx_word' id='word_1_679' title='bbox 2978 3153 3054 3206; x_wconf 81' lang='lat' dir='ltr'><strong>ad</strong></span> <span class='ocrx_word' id='word_1_680' title='bbox 3096 3157 3283 3221; x_wconf 85' lang='lat' dir='ltr'><strong>gentes</strong></span> <span class='ocrx_word' id='word_1_681' title='bbox 3334 3151 3483 3221; x_wconf 86' lang='lat' dir='ltr'><strong>(Act.</strong></span> <span class='ocrx_word' id='word_1_682' title='bbox 3534 3166 3656 3219; x_wconf 83' lang='lat' dir='ltr'><strong>xm,</strong></span> 
     </span>
    </p>
   </div>
   <div class='ocr_carea' id='block_1_93' title="bbox 1954 3239 3661 3311">
    <p class='ocr_par' dir='ltr' id='par_1_93' title="bbox 1954 3239 3661 3311">
     <span class='ocr_line' id='line_1_93' title="bbox 1954 3239 3661 3311; baseline 0.001 -17"><span class='ocrx_word' id='word_1_683' title='bbox 1954 3240 2069 3311; x_wconf 66' lang='lat'><strong>46),</strong></span> <span class='ocrx_word' id='word_1_684' title='bbox 2099 3239 2170 3295; x_wconf 93' lang='lat' dir='ltr'><strong>ad</strong></span> <span class='ocrx_word' id='word_1_685' title='bbox 2204 3255 2262 3296; x_wconf 91' lang='lat' dir='ltr'><strong>se</strong></span> <span class='ocrx_word' id='word_1_686' title='bbox 2311 3240 2626 3297; x_wconf 91' lang='lat' dir='ltr'><strong>docendam</strong></span> <span class='ocrx_word' id='word_1_687' title='bbox 2675 3240 2846 3297; x_wconf 88' lang='lat' dir='ltr'><strong>etiam</strong></span> <span class='ocrx_word' id='word_1_688' title='bbox 2895 3242 3152 3310; x_wconf 90' lang='lat' dir='ltr'><strong>precario</strong></span> <span class='ocrx_word' id='word_1_689' title='bbox 3202 3240 3541 3309; x_wconf 90' lang='lat' dir='ltr'><strong>interpellat.</strong></span> <span class='ocrx_word' id='word_1_690' title='bbox 3578 3242 3661 3296; x_wconf 83' lang='lat' dir='ltr'><strong>Ac</strong></span> 
     </span>
    </p>
   </div>
   <div class='ocr_carea' id='block_1_94' title="bbox 1955 3328 3659 3386">
    <p class='ocr_par' dir='ltr' id='par_1_94' title="bbox 1955 3328 3659 3386">
     <span class='ocr_line' id='line_1_94' title="bbox 1955 3328 3659 3386; baseline 0 -1"><span class='ocrx_word' id='word_1_691' title='bbox 1955 3329 2002 3385; x_wconf 91' lang='lat' dir='ltr'><strong>si</strong></span> <span class='ocrx_word' id='word_1_692' title='bbox 2050 3329 2306 3386; x_wconf 88' lang='lat' dir='ltr'><strong>diceret:</strong></span> <span class='ocrx_word' id='word_1_693' title='bbox 2342 3330 2633 3386; x_wconf 83' lang='lat' dir='ltr'><strong>Hactenus</strong></span> <span class='ocrx_word' id='word_1_694' title='bbox 2677 3344 2768 3385; x_wconf 92' lang='lat' dir='ltr'><strong>me</strong></span> <span class='ocrx_word' id='word_1_695' title='bbox 2816 3330 2973 3384; x_wconf 91' lang='lat' dir='ltr'><strong>corvi</strong></span> <span class='ocrx_word' id='word_1_696' title='bbox 3023 3328 3438 3385; x_wconf 89' lang='lat' dir='ltr'><strong>sacriﬁciorum</strong></span> <span class='ocrx_word' id='word_1_697' title='bbox 3486 3342 3659 3385; x_wconf 90' lang='lat' dir='ltr'><strong>carne</strong></span> 
     </span>
    </p>
   </div>
   <div class='ocr_carea' id='block_1_95' title="bbox 1956 3416 3653 3488">
    <p class='ocr_par' dir='ltr' id='par_1_95' title="bbox 1956 3416 3653 3488">
     <span class='ocr_line' id='line_1_95' title="bbox 1956 3416 3653 3488; baseline -0.001 -15"><span class='ocrx_word' id='word_1_698' title='bbox 1956 3425 2263 3488; x_wconf 89' lang='lat' dir='ltr'><strong>paverunt,</strong></span> <span class='ocrx_word' id='word_1_699' title='bbox 2308 3418 2511 3473; x_wconf 90' lang='lat' dir='ltr'><strong>amodo</strong></span> <span class='ocrx_word' id='word_1_700' title='bbox 2546 3432 2660 3473; x_wconf 91' lang='lat' dir='ltr'><strong>non</strong></span> <span class='ocrx_word' id='word_1_701' title='bbox 2706 3432 2935 3488; x_wconf 90' lang='lat' dir='ltr'><strong>panem,</strong></span> <span class='ocrx_word' id='word_1_702' title='bbox 2983 3419 3079 3474; x_wconf 93' lang='lat' dir='ltr'><strong>sed</strong></span> <span class='ocrx_word' id='word_1_703' title='bbox 3110 3416 3426 3473; x_wconf 91' lang='lat' dir='ltr'><strong>buccellam</strong></span> <span class='ocrx_word' id='word_1_704' title='bbox 3470 3416 3653 3486; x_wconf 89' lang='lat' dir='ltr'><strong>panis,</strong></span> 
     </span>
    </p>
   </div>
   <div class='ocr_carea' id='block_1_96' title="bbox 1955 3504 3659 3578">
    <p class='ocr_par' dir='ltr' id='par_1_96' title="bbox 1955 3504 3659 3578">
     <span class='ocr_line' id='line_1_96' title="bbox 1955 3504 3659 3578; baseline -0.002 -15"><span class='ocrx_word' id='word_1_705' title='bbox 1955 3506 2109 3578; x_wconf 90' lang='lat' dir='ltr'><strong>quod</strong></span> <span class='ocrx_word' id='word_1_706' title='bbox 2143 3506 2485 3577; x_wconf 66' lang='lat' dir='ltr'><strong>praegustari</strong></span> <span class='ocrx_word' id='word_1_707' title='bbox 2526 3506 2717 3576; x_wconf 87' lang='lat' dir='ltr'><strong>potius</strong></span> <span class='ocrx_word' id='word_1_708' title='bbox 2763 3521 2942 3577; x_wconf 91' lang='lat' dir='ltr'><strong>quam</strong></span> <span class='ocrx_word' id='word_1_709' title='bbox 2981 3506 3268 3562; x_wconf 85' lang='lat' dir='ltr'><strong>exsatiare</strong></span> <span class='ocrx_word' id='word_1_710' title='bbox 3312 3504 3522 3570; x_wconf 89' lang='lat' dir='ltr'><strong>valeat,</strong></span> <span class='ocrx_word' id='word_1_711' title='bbox 3557 3511 3659 3560; x_wconf 92' lang='lat' dir='ltr'><strong>tua</strong></span> 
     </span>
    </p>
   </div>
   <div class='ocr_carea' id='block_1_97' title="bbox 1954 3591 3655 3666">
    <p class='ocr_par' dir='ltr' id='par_1_97' title="bbox 1954 3591 3655 3666">
     <span class='ocr_line' id='line_1_97' title="bbox 1954 3591 3655 3666; baseline -0.001 -17"><span class='ocrx_word' id='word_1_712' title='bbox 1954 3594 2096 3650; x_wconf 90' lang='lat' dir='ltr'><strong>mihi</strong></span> <span class='ocrx_word' id='word_1_713' title='bbox 2126 3594 2385 3650; x_wconf 89' lang='lat' dir='ltr'><strong>doctrina</strong></span> <span class='ocrx_word' id='word_1_714' title='bbox 2413 3601 2709 3666; x_wconf 88' lang='lat' dir='ltr'><strong>suggerat.</strong></span> <span class='ocrx_word' id='word_1_715' title='bbox 2744 3595 2804 3650; x_wconf 91' lang='lat' dir='ltr'><strong>In</strong></span> <span class='ocrx_word' id='word_1_716' title='bbox 2854 3608 3088 3663; x_wconf 90' lang='lat' dir='ltr'><strong>corpore</strong></span> <span class='ocrx_word' id='word_1_717' title='bbox 3138 3594 3292 3650; x_wconf 90' lang='lat' dir='ltr'><strong>enim</strong></span> <span class='ocrx_word' id='word_1_718' title='bbox 3337 3591 3655 3658; x_wconf 86' lang='lat' dir='ltr'><strong>Dominico,</strong></span> 
     </span>
    </p>
   </div>
   <div class='ocr_carea' id='block_1_98' title="bbox 1953 3679 3658 3753">
    <p class='ocr_par' dir='ltr' id='par_1_98' title="bbox 1953 3679 3658 3753">
     <span class='ocr_line' id='line_1_98' title="bbox 1953 3679 3658 3753; baseline -0.003 -14"><span class='ocrx_word' id='word_1_719' title='bbox 1953 3683 2109 3753; x_wconf 92' lang='lat' dir='ltr'><strong>quod</strong></span> <span class='ocrx_word' id='word_1_720' title='bbox 2152 3696 2225 3738; x_wconf 84' lang='lat' dir='ltr'><strong>ex</strong></span> <span class='ocrx_word' id='word_1_721' title='bbox 2270 3682 2396 3753; x_wconf 90' lang='lat' dir='ltr'><strong>ejus</strong></span> <span class='ocrx_word' id='word_1_722' title='bbox 2448 3696 2647 3738; x_wconf 90' lang='lat' dir='ltr'><strong>mensa</strong></span> <span class='ocrx_word' id='word_1_723' title='bbox 2698 3690 3076 3753; x_wconf 63' lang='lat' dir='ltr'><strong>prierogatur,</strong></span> <span class='ocrx_word' id='word_1_724' title='bbox 3139 3681 3423 3738; x_wconf 89' lang='lat' dir='ltr'><strong>nefarium</strong></span> <span class='ocrx_word' id='word_1_725' title='bbox 3471 3686 3555 3735; x_wconf 88' lang='lat' dir='ltr'><strong>est</strong></span> <span class='ocrx_word' id='word_1_726' title='bbox 3610 3679 3658 3735; x_wconf 89' lang='lat' dir='ltr'><strong>si</strong></span> 
     </span>
    </p>
   </div>
   <div class='ocr_carea' id='block_1_99' title="bbox 1952 3769 3657 3843">
    <p class='ocr_par' dir='ltr' id='par_1_99' title="bbox 1952 3769 3657 3843">
     <span class='ocr_line' id='line_1_99' title="bbox 1952 3769 3657 3843; baseline -0.002 -16"><span class='ocrx_word' id='word_1_727' title='bbox 1952 3771 2255 3843; x_wconf 91' lang='lat' dir='ltr'><strong>quidpiam</strong></span> <span class='ocrx_word' id='word_1_728' title='bbox 2283 3778 2386 3826; x_wconf 91' lang='lat' dir='ltr'><strong>aut</strong></span> <span class='ocrx_word' id='word_1_729' title='bbox 2417 3770 2788 3841; x_wconf 90' lang='lat' dir='ltr'><strong>corporaliter</strong></span> <span class='ocrx_word' id='word_1_730' title='bbox 2817 3785 3149 3841; x_wconf 91' lang='lat' dir='ltr'><strong>saporosum</strong></span> <span class='ocrx_word' id='word_1_731' title='bbox 3189 3778 3292 3826; x_wconf 89' lang='lat' dir='ltr'><strong>aut</strong></span> <span class='ocrx_word' id='word_1_732' title='bbox 3320 3769 3519 3839; x_wconf 90' lang='lat' dir='ltr'><strong>aliqua</strong></span> <span class='ocrx_word' id='word_1_733' title='bbox 3548 3782 3657 3824; x_wconf 84' lang='lat' dir='ltr'><strong>ex-</strong></span> 
     </span>
    </p>
   </div>
   <div class='ocr_carea' id='block_1_100' title="bbox 1951 3858 3659 3932">
    <p class='ocr_par' dir='ltr' id='par_1_100' title="bbox 1951 3858 3659 3932">
     <span class='ocr_line' id='line_1_100' title="bbox 1951 3858 3659 3932; baseline -0.002 -16"><span class='ocrx_word' id='word_1_734' title='bbox 1951 3860 2146 3917; x_wconf 89' lang='lat' dir='ltr'><strong>teriori</strong></span> <span class='ocrx_word' id='word_1_735' title='bbox 2192 3860 2492 3915; x_wconf 89' lang='lat' dir='ltr'><strong>sanctitate</strong></span> <span class='ocrx_word' id='word_1_736' title='bbox 2542 3859 2656 3929; x_wconf 90' lang='lat' dir='ltr'><strong>[al.,</strong></span> <span class='ocrx_word' id='word_1_737' title='bbox 2699 3859 3021 3932; x_wconf 89' lang='lat' dir='ltr'><strong>saturitate]</strong></span> <span class='ocrx_word' id='word_1_738' title='bbox 3066 3858 3396 3915; x_wconf 88' lang='lat' dir='ltr'><strong>distendens</strong></span> <span class='ocrx_word' id='word_1_739' title='bbox 3446 3872 3659 3928; x_wconf 67' lang='lat' dir='ltr'><strong>praesu-</strong></span> 
     </span>
    </p>
   </div>
   <div class='ocr_carea' id='block_1_101' title="bbox 1952 3947 3657 4019">
    <p class='ocr_par' dir='ltr' id='par_1_101' title="bbox 1952 3947 3657 4019">
     <span class='ocr_line' id='line_1_101' title="bbox 1952 3947 3657 4019; baseline -0.002 -14"><span class='ocrx_word' id='word_1_740' title='bbox 1952 3956 2166 4016; x_wconf 89' lang='lat' dir='ltr'><strong>matur,</strong></span> <span class='ocrx_word' id='word_1_741' title='bbox 2209 3949 2351 4019; x_wconf 90' lang='lat' dir='ltr'><strong>quia</strong></span> <span class='ocrx_word' id='word_1_742' title='bbox 2393 3948 2546 4019; x_wconf 91' lang='lat' dir='ltr'><strong>quod</strong></span> <span class='ocrx_word' id='word_1_743' title='bbox 2579 3948 2807 4018; x_wconf 90' lang='lat' dir='ltr'><strong>spiritui</strong></span> <span class='ocrx_word' id='word_1_744' title='bbox 2840 3947 2941 4003; x_wconf 90' lang='lat' dir='ltr'><strong>soli</strong></span> <span class='ocrx_word' id='word_1_745' title='bbox 2972 3956 3056 4003; x_wconf 91' lang='lat' dir='ltr'><strong>est</strong></span> <span class='ocrx_word' id='word_1_746' title='bbox 3083 3947 3426 4016; x_wconf 73' lang='lat' dir='ltr'><strong>praestitum,</strong></span> <span class='ocrx_word' id='word_1_747' title='bbox 3462 3960 3496 4001; x_wconf 95' lang='lat' dir='ltr'><strong>a</strong></span> <span class='ocrx_word' id='word_1_748' title='bbox 3524 3959 3657 4002; x_wconf 89' lang='lat' dir='ltr'><strong>cor-</strong></span> 
     </span>
    </p>
   </div>
   <div class='ocr_carea' id='block_1_102' title="bbox 1952 4036 3390 4108">
    <p class='ocr_par' dir='ltr' id='par_1_102' title="bbox 1952 4036 3390 4108">
     <span class='ocr_line' id='line_1_102' title="bbox 1952 4036 3390 4108; baseline -0.003 -14"><span class='ocrx_word' id='word_1_749' title='bbox 1952 4038 2108 4108; x_wconf 92' lang='lat' dir='ltr'><strong>poris</strong></span> <span class='ocrx_word' id='word_1_750' title='bbox 2135 4052 2257 4094; x_wconf 89' lang='lat' dir='ltr'><strong>esse</strong></span> <span class='ocrx_word' id='word_1_751' title='bbox 2287 4037 2452 4093; x_wconf 91' lang='lat' dir='ltr'><strong>debet</strong></span> <span class='ocrx_word' id='word_1_752' title='bbox 2484 4051 2717 4107; x_wconf 92' lang='lat' dir='ltr'><strong>prorsus</strong></span> <span class='ocrx_word' id='word_1_753' title='bbox 2748 4036 3043 4106; x_wconf 90' lang='lat' dir='ltr'><strong>voluptate</strong></span> <span class='ocrx_word' id='word_1_754' title='bbox 3074 4036 3390 4091; x_wconf 90' lang='lat' dir='ltr'><strong>diversum.</strong></span> 
     </span>
    </p>
   </div>
   <div class='ocr_carea' id='block_1_103' title="bbox 2025 4157 3657 4232">
    <p class='ocr_par' dir='ltr' id='par_1_103' title="bbox 2025 4157 3657 4232">
     <span class='ocr_line' id='line_1_103' title="bbox 2025 4157 3657 4232; baseline -0.002 -14"><span class='ocrx_word' id='word_1_755' title='bbox 2025 4161 2292 4218; x_wconf 90' lang='lat' dir='ltr'><strong>Buccella</strong></span> <span class='ocrx_word' id='word_1_756' title='bbox 2328 4176 2485 4232; x_wconf 90' lang='lat' dir='ltr'><strong>ergo,</strong></span> <span class='ocrx_word' id='word_1_757' title='bbox 2533 4175 2665 4231; x_wconf 63' lang='lat' dir='ltr'><strong>qua;</strong></span> <span class='ocrx_word' id='word_1_758' title='bbox 2704 4160 2879 4232; x_wconf 86' lang='lat' dir='ltr'><strong>vulgo</strong></span> <span class='ocrx_word' id='word_1_759' title='bbox 2923 4161 3106 4217; x_wconf 90' lang='lat' dir='ltr'><strong>bucca</strong></span> <span class='ocrx_word' id='word_1_760' title='bbox 3147 4160 3381 4226; x_wconf 90' lang='lat' dir='ltr'><strong>dicitur,</strong></span> <span class='ocrx_word' id='word_1_761' title='bbox 3414 4172 3449 4214; x_wconf 91' lang='lat' dir='ltr'><strong>a</strong></span> <span class='ocrx_word' id='word_1_762' title='bbox 3479 4157 3657 4215; x_wconf 92' lang='lat' dir='ltr'><strong>vidua</strong></span> 
     </span>
    </p>
   </div>
   <div class='ocr_carea' id='block_1_104' title="bbox 1954 4247 3656 4321">
    <p class='ocr_par' dir='ltr' id='par_1_104' title="bbox 1954 4247 3656 4321">
     <span class='ocr_line' id='line_1_104' title="bbox 1954 4247 3656 4321; baseline -0.001 -15"><span class='ocrx_word' id='word_1_763' title='bbox 1954 4250 2187 4321; x_wconf 88' lang='lat' dir='ltr'><strong>petitur,</strong></span> <span class='ocrx_word' id='word_1_764' title='bbox 2218 4251 2357 4307; x_wconf 91' lang='lat' dir='ltr'><strong>dum</strong></span> <span class='ocrx_word' id='word_1_765' title='bbox 2390 4265 2503 4305; x_wconf 90' lang='lat' dir='ltr'><strong>non</strong></span> <span class='ocrx_word' id='word_1_766' title='bbox 2553 4250 2700 4306; x_wconf 89' lang='lat' dir='ltr'><strong>armi</strong></span> <span class='ocrx_word' id='word_1_767' title='bbox 2745 4258 2848 4306; x_wconf 90' lang='lat' dir='ltr'><strong>aut</strong></span> <span class='ocrx_word' id='word_1_768' title='bbox 2894 4249 3117 4320; x_wconf 66' lang='lat' dir='ltr'><strong>qumvis</strong></span> <span class='ocrx_word' id='word_1_769' title='bbox 3165 4248 3351 4305; x_wconf 88' lang='lat' dir='ltr'><strong>frusta</strong></span> <span class='ocrx_word' id='word_1_770' title='bbox 3389 4247 3656 4304; x_wconf 90' lang='lat' dir='ltr'><strong>carnium</strong></span> 
     </span>
    </p>
   </div>
   <div class='ocr_carea' id='block_1_105' title="bbox 1952 4335 3655 4411">
    <p class='ocr_par' dir='ltr' id='par_1_105' title="bbox 1952 4335 3655 4411">
     <span class='ocr_line' id='line_1_105' title="bbox 1952 4335 3655 4411; baseline -0.001 -17"><span class='ocrx_word' id='word_1_771' title='bbox 1952 4338 2103 4411; x_wconf 74' lang='lat' dir='ltr'><strong>gulae</strong></span> <span class='ocrx_word' id='word_1_772' title='bbox 2128 4339 2342 4409; x_wconf 89' lang='lat' dir='ltr'><strong>juvant</strong></span> <span class='ocrx_word' id='word_1_773' title='bbox 2370 4340 2711 4408; x_wconf 88' lang='lat' dir='ltr'><strong>appetitum,</strong></span> <span class='ocrx_word' id='word_1_774' title='bbox 2743 4338 2841 4393; x_wconf 91' lang='lat' dir='ltr'><strong>sed</strong></span> <span class='ocrx_word' id='word_1_775' title='bbox 2872 4338 3037 4408; x_wconf 89' lang='lat' dir='ltr'><strong>panis</strong></span> <span class='ocrx_word' id='word_1_776' title='bbox 3066 4352 3133 4393; x_wconf 91' lang='lat' dir='ltr'><strong>ac</strong></span> <span class='ocrx_word' id='word_1_777' title='bbox 3156 4335 3280 4394; x_wconf 91' lang='lat' dir='ltr'><strong>vini</strong></span> <span class='ocrx_word' id='word_1_778' title='bbox 3309 4336 3368 4392; x_wconf 91' lang='lat' dir='ltr'><strong>in</strong></span> <span class='ocrx_word' id='word_1_779' title='bbox 3394 4335 3655 4393; x_wconf 89' lang='lat' dir='ltr'><strong>divinam</strong></span> 
     </span>
    </p>
   </div>
   <div class='ocr_carea' id='block_1_106' title="bbox 1951 4424 3655 4496">
    <p class='ocr_par' dir='ltr' id='par_1_106' title="bbox 1951 4424 3655 4496">
     <span class='ocr_line' id='line_1_106' title="bbox 1951 4424 3655 4496; baseline -0.002 -13"><span class='ocrx_word' id='word_1_780' title='bbox 1951 4441 2184 4483; x_wconf 90' lang='lat' dir='ltr'><strong>carnem</strong></span> <span class='ocrx_word' id='word_1_781' title='bbox 2238 4426 2692 4483; x_wconf 89' lang='lat' dir='ltr'><strong>substantialiter</strong></span> <span class='ocrx_word' id='word_1_782' title='bbox 2730 4439 2831 4496; x_wconf 90' lang='lat' dir='ltr'><strong>per</strong></span> <span class='ocrx_word' id='word_1_783' title='bbox 2878 4426 3056 4482; x_wconf 90' lang='lat' dir='ltr'><strong>verba</strong></span> <span class='ocrx_word' id='word_1_784' title='bbox 3103 4425 3402 4481; x_wconf 89' lang='lat' dir='ltr'><strong>Dominica</strong></span> <span class='ocrx_word' id='word_1_785' title='bbox 3434 4424 3655 4480; x_wconf 89' lang='lat' dir='ltr'><strong>immu-</strong></span> 
     </span>
    </p>
   </div>
   <div class='ocr_carea' id='block_1_107' title="bbox 1949 4513 3656 4591">
    <p class='ocr_par' dir='ltr' id='par_1_107' title="bbox 1949 4513 3656 4591">
     <span class='ocr_line' id='line_1_107' title="bbox 1949 4513 3656 4591; baseline -0.002 -19"><span class='ocrx_word' id='word_1_786' title='bbox 1949 4516 2075 4583; x_wconf 89' lang='lat' dir='ltr'><strong>tati,</strong></span> <span class='ocrx_word' id='word_1_787' title='bbox 2122 4515 2424 4572; x_wconf 89' lang='lat' dir='ltr'><strong>minoritas</strong></span> <span class='ocrx_word' id='word_1_788' title='bbox 2459 4530 2626 4585; x_wconf 70' lang='lat' dir='ltr'><strong>aeque</strong></span> <span class='ocrx_word' id='word_1_789' title='bbox 2662 4528 2730 4569; x_wconf 90' lang='lat' dir='ltr'><strong>ac</strong></span> <span class='ocrx_word' id='word_1_790' title='bbox 2765 4514 3061 4591; x_wconf 86' lang='lat' dir='ltr'><strong>majoritas</strong></span> <span class='ocrx_word' id='word_1_791' title='bbox 3094 4514 3406 4571; x_wconf 88' lang='lat' dir='ltr'><strong>salubriter</strong></span> <span class='ocrx_word' id='word_1_792' title='bbox 3449 4513 3656 4569; x_wconf 90' lang='lat' dir='ltr'><strong>transit</strong></span> 
     </span>
    </p>
   </div>
   <div class='ocr_carea' id='block_1_108' title="bbox 1951 4601 3655 4674">
    <p class='ocr_par' dir='ltr' id='par_1_108' title="bbox 1951 4601 3655 4674">
     <span class='ocr_line' id='line_1_108' title="bbox 1951 4601 3655 4674; baseline -0.002 -13"><span class='ocrx_word' id='word_1_793' title='bbox 1951 4604 2024 4661; x_wconf 90' lang='lat' dir='ltr'><strong>ad</strong></span> <span class='ocrx_word' id='word_1_794' title='bbox 2055 4604 2337 4660; x_wconf 91' lang='lat' dir='ltr'><strong>animum.</strong></span> <span class='ocrx_word' id='word_1_795' title='bbox 2372 4603 2519 4670; x_wconf 87' lang='lat' dir='ltr'><strong>Quid</strong></span> <span class='ocrx_word' id='word_1_796' title='bbox 2551 4603 2704 4659; x_wconf 88' lang='lat' dir='ltr'><strong>enim</strong></span> <span class='ocrx_word' id='word_1_797' title='bbox 2737 4603 2814 4659; x_wconf 90' lang='lat' dir='ltr'><strong>ibi</strong></span> <span class='ocrx_word' id='word_1_798' title='bbox 2845 4604 3164 4674; x_wconf 83' lang='lat' dir='ltr'><strong>quantitas,</strong></span> <span class='ocrx_word' id='word_1_799' title='bbox 3194 4603 3253 4658; x_wconf 90' lang='lat' dir='ltr'><strong>in</strong></span> <span class='ocrx_word' id='word_1_800' title='bbox 3283 4602 3454 4673; x_wconf 92' lang='lat' dir='ltr'><strong>cujus</strong></span> <span class='ocrx_word' id='word_1_801' title='bbox 3482 4601 3655 4658; x_wconf 89' lang='lat' dir='ltr'><strong>etiam</strong></span> 
     </span>
    </p>
   </div>
   <div class='ocr_carea' id='block_1_109' title="bbox 1951 4690 3653 4749">
    <p class='ocr_par' dir='ltr' id='par_1_109' title="bbox 1951 4690 3653 4749">
     <span class='ocr_line' id='line_1_109' title="bbox 1951 4690 3653 4749; baseline -0.002 0"><span class='ocrx_word' id='word_1_802' title='bbox 1951 4701 2143 4749; x_wconf 88' lang='lat' dir='ltr'><strong>atomo</strong></span> <span class='ocrx_word' id='word_1_803' title='bbox 2200 4699 2421 4749; x_wconf 87' lang='lat' dir='ltr'><strong>constat</strong></span> <span class='ocrx_word' id='word_1_804' title='bbox 2466 4692 2669 4748; x_wconf 88' lang='lat' dir='ltr'><strong>salutis</strong></span> <span class='ocrx_word' id='word_1_805' title='bbox 2731 4690 3130 4747; x_wconf 80' lang='lat' dir='ltr'><strong>universitas?</strong></span> <span class='ocrx_word' id='word_1_806' title='bbox 3178 4691 3283 4747; x_wconf 92' lang='lat' dir='ltr'><strong>Ubi</strong></span> <span class='ocrx_word' id='word_1_807' title='bbox 3335 4690 3653 4746; x_wconf 87' lang='lat' dir='ltr'><strong>notandum</strong></span> 
     </span>
    </p>
   </div>
   <div class='ocr_carea' id='block_1_110' title="bbox 1952 4777 3653 4852">
    <p class='ocr_par' dir='ltr' id='par_1_110' title="bbox 1952 4777 3653 4852">
     <span class='ocr_line' id='line_1_110' title="bbox 1952 4777 3653 4852; baseline -0.003 -14"><span class='ocrx_word' id='word_1_808' title='bbox 1952 4781 2106 4852; x_wconf 93' lang='lat' dir='ltr'><strong>quod</strong></span> <span class='ocrx_word' id='word_1_809' title='bbox 2137 4796 2262 4838; x_wconf 90' lang='lat' dir='ltr'><strong>eam</strong></span> <span class='ocrx_word' id='word_1_810' title='bbox 2293 4788 2359 4837; x_wconf 93' lang='lat' dir='ltr'><strong>ut</strong></span> <span class='ocrx_word' id='word_1_811' title='bbox 2387 4780 2447 4837; x_wconf 91' lang='lat' dir='ltr'><strong>in</strong></span> <span class='ocrx_word' id='word_1_812' title='bbox 2477 4794 2657 4837; x_wconf 86' lang='lat' dir='ltr'><strong>manu</strong></span> <span class='ocrx_word' id='word_1_813' title='bbox 2679 4793 2786 4836; x_wconf 84' lang='lat' dir='ltr'><strong>sua</strong></span> <span class='ocrx_word' id='word_1_814' title='bbox 2814 4777 3019 4835; x_wconf 70' lang='lat' dir='ltr'><strong>afferat</strong></span> <span class='ocrx_word' id='word_1_815' title='bbox 3044 4779 3391 4849; x_wconf 80' lang='lat' dir='ltr'><strong>postulatur,</strong></span> <span class='ocrx_word' id='word_1_816' title='bbox 3424 4779 3565 4847; x_wconf 89' lang='lat' dir='ltr'><strong>quia</strong></span> <span class='ocrx_word' id='word_1_817' title='bbox 3595 4777 3653 4832; x_wconf 92' lang='lat' dir='ltr'><strong>in</strong></span> 
     </span>
    </p>
   </div>
   <div class='ocr_carea' id='block_1_111' title="bbox 1951 4866 3652 4941">
    <p class='ocr_par' dir='ltr' id='par_1_111' title="bbox 1951 4866 3652 4941">
     <span class='ocr_line' id='line_1_111' title="bbox 1951 4866 3652 4941; baseline -0.004 -15"><span class='ocrx_word' id='word_1_818' title='bbox 1951 4877 2228 4941; x_wconf 91' lang='lat' dir='ltr'><strong>potestate</strong></span> <span class='ocrx_word' id='word_1_819' title='bbox 2263 4870 2551 4926; x_wconf 89' lang='lat' dir='ltr'><strong>utentium</strong></span> <span class='ocrx_word' id='word_1_820' title='bbox 2595 4877 2679 4924; x_wconf 91' lang='lat' dir='ltr'><strong>est</strong></span> <span class='ocrx_word' id='word_1_821' title='bbox 2725 4868 3013 4939; x_wconf 89' lang='lat' dir='ltr'><strong>quidquid</strong></span> <span class='ocrx_word' id='word_1_822' title='bbox 3054 4867 3185 4923; x_wconf 91' lang='lat' dir='ltr'><strong>inde</strong></span> <span class='ocrx_word' id='word_1_823' title='bbox 3224 4866 3554 4936; x_wconf 90' lang='lat' dir='ltr'><strong>suscipitur.</strong></span> <span class='ocrx_word' id='word_1_824' title='bbox 3598 4866 3652 4921; x_wconf 91' lang='lat' dir='ltr'><strong>Si</strong></span> 
     </span>
    </p>
   </div>
   <div class='ocr_carea' id='block_1_112' title="bbox 1950 4954 3653 5029">
    <p class='ocr_par' dir='ltr' id='par_1_112' title="bbox 1950 4954 3653 5029">
     <span class='ocr_line' id='line_1_112' title="bbox 1950 4954 3653 5029; baseline -0.002 -15"><span class='ocrx_word' id='word_1_825' title='bbox 1950 4959 2105 5014; x_wconf 90' lang='lat' dir='ltr'><strong>enim</strong></span> <span class='ocrx_word' id='word_1_826' title='bbox 2162 4958 2221 5014; x_wconf 90' lang='lat' dir='ltr'><strong>in</strong></span> <span class='ocrx_word' id='word_1_827' title='bbox 2271 4966 2548 5029; x_wconf 89' lang='lat' dir='ltr'><strong>potestate</strong></span> <span class='ocrx_word' id='word_1_828' title='bbox 2596 4965 2792 5014; x_wconf 89' lang='lat' dir='ltr'><strong>nostra</strong></span> <span class='ocrx_word' id='word_1_829' title='bbox 2844 4966 2929 5013; x_wconf 91' lang='lat' dir='ltr'><strong>est</strong></span> <span class='ocrx_word' id='word_1_830' title='bbox 2986 4956 3131 5012; x_wconf 87' lang='lat' dir='ltr'><strong>ﬁlios</strong></span> <span class='ocrx_word' id='word_1_831' title='bbox 3192 4955 3290 5012; x_wconf 92' lang='lat' dir='ltr'><strong>Dei</strong></span> <span class='ocrx_word' id='word_1_832' title='bbox 3345 4954 3489 5022; x_wconf 91' lang='lat' dir='ltr'><strong>ﬁeri,</strong></span> <span class='ocrx_word' id='word_1_833' title='bbox 3539 4969 3653 5011; x_wconf 90' lang='lat' dir='ltr'><strong>non</strong></span> 
     </span>
    </p>
   </div>
   <div class='ocr_carea' id='block_1_113' title="bbox 1952 5043 3654 5114">
    <p class='ocr_par' dir='ltr' id='par_1_113' title="bbox 1952 5043 3654 5114">
     <span class='ocr_line' id='line_1_113' title="bbox 1952 5043 3654 5114; baseline -0.002 -11"><span class='ocrx_word' id='word_1_834' title='bbox 1952 5046 2147 5103; x_wconf 90' lang='lat' dir='ltr'><strong>minus</strong></span> <span class='ocrx_word' id='word_1_835' title='bbox 2192 5048 2252 5102; x_wconf 93' lang='lat' dir='ltr'><strong>in</strong></span> <span class='ocrx_word' id='word_1_836' title='bbox 2301 5054 2494 5103; x_wconf 90' lang='lat' dir='ltr'><strong>nostro</strong></span> <span class='ocrx_word' id='word_1_837' title='bbox 2548 5046 2705 5102; x_wconf 89' lang='lat' dir='ltr'><strong>sedet</strong></span> <span class='ocrx_word' id='word_1_838' title='bbox 2760 5044 2998 5101; x_wconf 87' lang='lat' dir='ltr'><strong>arbitrio</strong></span> <span class='ocrx_word' id='word_1_839' title='bbox 3057 5058 3159 5114; x_wconf 90' lang='lat' dir='ltr'><strong>per</strong></span> <span class='ocrx_word' id='word_1_840' title='bbox 3218 5043 3347 5100; x_wconf 91' lang='lat' dir='ltr'><strong>ﬁdei</strong></span> <span class='ocrx_word' id='word_1_841' title='bbox 3399 5057 3654 5100; x_wconf 89' lang='lat' dir='ltr'><strong>amorem</strong></span> 
     </span>
    </p>
   </div>
   <div class='ocr_carea' id='block_1_114' title="bbox 1952 5132 3657 5206">
    <p class='ocr_par' dir='ltr' id='par_1_114' title="bbox 1952 5132 3657 5206">
     <span class='ocr_line' id='line_1_114' title="bbox 1952 5132 3657 5206; baseline -0.003 -13"><span class='ocrx_word' id='word_1_842' title='bbox 1952 5144 2110 5193; x_wconf 91' lang='lat' dir='ltr'><strong>tanto</strong></span> <span class='ocrx_word' id='word_1_843' title='bbox 2144 5136 2411 5206; x_wconf 84' lang='lat' dir='ltr'><strong>mysterio</strong></span> <span class='ocrx_word' id='word_1_844' title='bbox 2448 5134 2811 5192; x_wconf 91' lang='lat' dir='ltr'><strong>inviscerari.</strong></span> <span class='ocrx_word' id='word_1_845' title='bbox 2849 5133 2958 5201; x_wconf 88' lang='lat' dir='ltr'><strong>Qui</strong></span> <span class='ocrx_word' id='word_1_846' title='bbox 2992 5141 3186 5190; x_wconf 88' lang='lat' dir='ltr'><strong>autem</strong></span> <span class='ocrx_word' id='word_1_847' title='bbox 3230 5147 3405 5203; x_wconf 89' lang='lat' dir='ltr'><strong>super</strong></span> <span class='ocrx_word' id='word_1_848' title='bbox 3448 5132 3557 5189; x_wconf 86' lang='lat' dir='ltr'><strong>hac</strong></span> <span class='ocrx_word' id='word_1_849' title='bbox 3596 5147 3657 5189; x_wconf 91' lang='lat' dir='ltr'><strong>re</strong></span> 
     </span>
    </p>
   </div>
   <div class='ocr_carea' id='block_1_115' title="bbox 1948 5220 3651 5293">
    <p class='ocr_par' dir='ltr' id='par_1_115' title="bbox 1948 5220 3651 5293">
     <span class='ocr_line' id='line_1_115' title="bbox 1948 5220 3651 5293; baseline -0.005 -13"><span class='ocrx_word' id='word_1_850' title='bbox 1948 5225 2224 5293; x_wconf 86' lang='lat' dir='ltr'><strong>disputat,</strong></span> <span class='ocrx_word' id='word_1_851' title='bbox 2253 5236 2558 5293; x_wconf 89' lang='lat' dir='ltr'><strong>nunquam</strong></span> <span class='ocrx_word' id='word_1_852' title='bbox 2593 5236 2651 5278; x_wconf 91' lang='lat' dir='ltr'><strong>se</strong></span> <span class='ocrx_word' id='word_1_853' title='bbox 2684 5222 2775 5278; x_wconf 91' lang='lat' dir='ltr'><strong>isti</strong></span> <span class='ocrx_word' id='word_1_854' title='bbox 2821 5221 3048 5278; x_wconf 90' lang='lat' dir='ltr'><strong>interno</strong></span> <span class='ocrx_word' id='word_1_855' title='bbox 3080 5220 3309 5277; x_wconf 90' lang='lat' dir='ltr'><strong>muneri</strong></span> <span class='ocrx_word' id='word_1_856' title='bbox 3333 5226 3651 5289; x_wconf 87' lang='lat' dir='ltr'><strong>computat.</strong></span> 
     </span>
    </p>
   </div>
   <div class='ocr_carea' id='block_1_116' title="bbox 1950 5308 3653 5383">
    <p class='ocr_par' dir='ltr' id='par_1_116' title="bbox 1950 5308 3653 5383">
     <span class='ocr_line' id='line_1_116' title="bbox 1950 5308 3653 5383; baseline -0.004 -15"><span class='ocrx_word' id='word_1_857' title='bbox 1950 5312 2130 5383; x_wconf 84' lang='lat' dir='ltr'><strong>Cujus</strong></span> <span class='ocrx_word' id='word_1_858' title='bbox 2180 5311 2481 5380; x_wconf 75' lang='lat' dir='ltr'><strong>edulium,</strong></span> <span class='ocrx_word' id='word_1_859' title='bbox 2514 5324 2694 5381; x_wconf 87' lang='lat' dir='ltr'><strong>quam</strong></span> <span class='ocrx_word' id='word_1_860' title='bbox 2748 5310 2960 5367; x_wconf 91' lang='lat' dir='ltr'><strong>idcirco</strong></span> <span class='ocrx_word' id='word_1_861' title='bbox 3016 5308 3332 5366; x_wconf 90' lang='lat' dir='ltr'><strong>buccellam</strong></span> <span class='ocrx_word' id='word_1_862' title='bbox 3385 5308 3653 5373; x_wconf 88' lang='lat' dir='ltr'><strong>dicimus,</strong></span> 
     </span>
    </p>
   </div>
   <div class='ocr_carea' id='block_1_117' title="bbox 1950 5396 3657 5471">
    <p class='ocr_par' dir='ltr' id='par_1_117' title="bbox 1950 5396 3657 5471">
     <span class='ocr_line' id='line_1_117' title="bbox 1950 5396 3657 5471; baseline -0.004 -14"><span class='ocrx_word' id='word_1_863' title='bbox 1950 5400 1999 5457; x_wconf 89' lang='lat' dir='ltr'><strong>si</strong></span> <span class='ocrx_word' id='word_1_864' title='bbox 2048 5400 2183 5471; x_wconf 88' lang='lat' dir='ltr'><strong>quis</strong></span> <span class='ocrx_word' id='word_1_865' title='bbox 2227 5399 2419 5457; x_wconf 89' lang='lat' dir='ltr'><strong>debita</strong></span> <span class='ocrx_word' id='word_1_866' title='bbox 2461 5400 2737 5470; x_wconf 89' lang='lat' dir='ltr'><strong>parcitate</strong></span> <span class='ocrx_word' id='word_1_867' title='bbox 2784 5413 2901 5455; x_wconf 93' lang='lat' dir='ltr'><strong>non</strong></span> <span class='ocrx_word' id='word_1_868' title='bbox 2952 5405 3168 5463; x_wconf 87' lang='lat' dir='ltr'><strong>sumat,</strong></span> <span class='ocrx_word' id='word_1_869' title='bbox 3222 5397 3337 5455; x_wconf 90' lang='lat' dir='ltr'><strong>imo</strong></span> <span class='ocrx_word' id='word_1_870' title='bbox 3387 5396 3657 5468; x_wconf 88' lang='lat' dir='ltr'><strong>pestifera</strong></span> 
     </span>
    </p>
   </div>
   <div class='ocr_carea' id='block_1_118' title="bbox 1948 5486 3654 5559">
    <p class='ocr_par' dir='ltr' id='par_1_118' title="bbox 1948 5486 3654 5559">
     <span class='ocr_line' id='line_1_118' title="bbox 1948 5486 3654 5559; baseline -0.003 -14"><span class='ocrx_word' id='word_1_871' title='bbox 1948 5488 2216 5559; x_wconf 89' lang='lat' dir='ltr'><strong>largitate</strong></span> <span class='ocrx_word' id='word_1_872' title='bbox 2246 5503 2379 5559; x_wconf 74' lang='lat' dir='ltr'><strong>quae</strong></span> <span class='ocrx_word' id='word_1_873' title='bbox 2421 5496 2625 5544; x_wconf 58' lang='lat' dir='ltr'><strong>caetera</strong></span> <span class='ocrx_word' id='word_1_874' title='bbox 2670 5502 2922 5558; x_wconf 67' lang='lat' dir='ltr'><strong>quaeque</strong></span> <span class='ocrx_word' id='word_1_875' title='bbox 2961 5494 3295 5557; x_wconf 66' lang='lat' dir='ltr'><strong>prazsumat,</strong></span> <span class='ocrx_word' id='word_1_876' title='bbox 3328 5486 3388 5542; x_wconf 89' lang='lat' dir='ltr'><strong>in</strong></span> <span class='ocrx_word' id='word_1_877' title='bbox 3425 5500 3493 5543; x_wconf 90' lang='lat' dir='ltr'><strong>eo</strong></span> <span class='ocrx_word' id='word_1_878' title='bbox 3528 5499 3654 5541; x_wconf 91' lang='lat' dir='ltr'><strong>cor-</strong></span> 
     </span>
    </p>
   </div>
   <div class='ocr_carea' id='block_1_119' title="bbox 1949 5575 3654 5649">
    <p class='ocr_par' dir='ltr' id='par_1_119' title="bbox 1949 5575 3654 5649">
     <span class='ocr_line' id='line_1_119' title="bbox 1949 5575 3654 5649; baseline -0.004 -15"><span class='ocrx_word' id='word_1_879' title='bbox 1949 5593 2060 5649; x_wconf 90' lang='lat' dir='ltr'><strong>pus</strong></span> <span class='ocrx_word' id='word_1_880' title='bbox 2104 5578 2476 5646; x_wconf 88' lang='lat' dir='ltr'><strong>animamque</strong></span> <span class='ocrx_word' id='word_1_881' title='bbox 2533 5578 2864 5642; x_wconf 85' lang='lat' dir='ltr'><strong>addemnat,</strong></span> <span class='ocrx_word' id='word_1_882' title='bbox 2909 5591 3028 5646; x_wconf 89' lang='lat' dir='ltr'><strong>quo</strong></span> <span class='ocrx_word' id='word_1_883' title='bbox 3077 5576 3286 5633; x_wconf 72' lang='lat' dir='ltr'><strong>animle</strong></span> <span class='ocrx_word' id='word_1_884' title='bbox 3331 5575 3654 5631; x_wconf 85' lang='lat' dir='ltr'><strong>antidotum</strong></span> 
     </span>
    </p>
   </div>
   <div class='ocr_carea' id='block_1_120' title="bbox 1950 5664 3654 5739">
    <p class='ocr_par' dir='ltr' id='par_1_120' title="bbox 1950 5664 3654 5739">
     <span class='ocr_line' id='line_1_120' title="bbox 1950 5664 3654 5739; baseline -0.004 -16"><span class='ocrx_word' id='word_1_885' title='bbox 1950 5666 2103 5739; x_wconf 79' lang='lat' dir='ltr'><strong>gulae</strong></span> <span class='ocrx_word' id='word_1_886' title='bbox 2133 5667 2322 5737; x_wconf 90' lang='lat' dir='ltr'><strong>sapori</strong></span> <span class='ocrx_word' id='word_1_887' title='bbox 2374 5667 2660 5736; x_wconf 89' lang='lat' dir='ltr'><strong>importat,</strong></span> <span class='ocrx_word' id='word_1_888' title='bbox 2706 5673 2762 5721; x_wconf 94' lang='lat' dir='ltr'><strong>et</strong></span> <span class='ocrx_word' id='word_1_889' title='bbox 2796 5665 2869 5721; x_wconf 89' lang='lat' dir='ltr'><strong>ab</strong></span> <span class='ocrx_word' id='word_1_890' title='bbox 2906 5665 3051 5720; x_wconf 91' lang='lat' dir='ltr'><strong>escis</strong></span> <span class='ocrx_word' id='word_1_891' title='bbox 3091 5664 3501 5722; x_wconf 80' lang='lat' dir='ltr'><strong>communibus</strong></span> <span class='ocrx_word' id='word_1_892' title='bbox 3528 5677 3654 5720; x_wconf 84' lang='lat' dir='ltr'><strong>cor-</strong></span> 
     </span>
    </p>
   </div>
  </div>
