3956 6426
319 392 423 446 535

1255 387 1319 441 V.
1361 386 1686 444 GUIBERTI
1723 386 2014 443 ABBATIS

2205 385 2394 465 ama:
2435 386 2524 441 ns
2560 385 2959 443 NOVIGENTO
3038 390 3045 395 ·
3725 392 3823 443 536

319 531 429 588 pus
459 515 713 585 Domini,
759 515 932 587 juxta
965 515 1318 586 Apostolum,
1352 529 1467 572 non
1514 516 1793 587 dijudicat
1822 518 1869 587 (Ι
1890 517 2011 573 Cor.
2051 518 2099 571 Α
2122 530 2254 572 nem
2282 530 2356 573 ex
2390 515 2578 572 farina
2607 516 2799 583 facias,
2845 516 3057 573 scilicet
3088 516 3502 575 nutabundum
3542 524 3602 574 et
3640 518 3828 574 mobi-

318 621 396 674 xi,
428 606 541 676 29).

394 697 566 760 Vivit,
628 692 836 763 inquit,
897 696 1177 759 Dominus,
1235 696 1369 761 quia
1420 709 1528 747 non
1586 694 1752 747 habeo
1794 709 2011 763 panem,

317 785 427 838 nisi
460 787 726 851 quantum
757 783 1006 852 pugillus
1041 786 1215 851 potest
1253 797 1444 850 capere
1479 784 1680 847 farina
1716 787 1775 837 in
1814 784 2018 851 hydria

318 877 370 926 et
407 872 695 941 paululum
738 872 840 924 olei
888 872 948 923 in
991 872 1198 938 lecytho
1239 870 1342 938 (ιιι
1388 872 1520 936 Reg.
1568 885 1705 938 xvu,
1755 874 1865 940 i2).
1917 871 2017 927 Vi-

319 974 453 1016 vere
482 960 790 1015 Dominum
818 959 976 1025 dicit,
1009 958 1149 1014 dum
1190 972 1325 1014 eum
1364 958 1653 1014 efﬁcacem
1696 961 1767 1015 ad
1797 968 2017 1016 tantam

319 1049 389 1105 de
413 1049 736 1104 substantia
778 1048 836 1102 in
876 1046 1262 1102 substantiam
1293 1046 1748 1103 immutationem
1781 1048 2020 1104 ﬁdeliter

319 1137 517 1203 sentit;
548 1151 651 1192 nec
692 1135 901 1191 habere
948 1150 1008 1190 se
1037 1149 1243 1204 panem
1274 1135 1552 1204 perhibet,
1589 1137 1698 1190 nisi
1729 1144 2017 1205 quantum

320 1224 520 1280 farinae
567 1222 822 1293 pugillus
869 1235 1069 1290 capere
1118 1223 1411 1291 praevalet,
1464 1222 1606 1292 quia
1653 1223 1735 1279 nil
1782 1224 1851 1279 de
1900 1223 2019 1293 ipsa

321 1320 528 1383 praeter
573 1310 817 1380 speciem
866 1309 1032 1379 panis
1077 1311 1323 1365 essentia
1372 1310 1429 1365 in
1481 1311 1589 1365 hoc
1633 1311 1913 1368 sacriﬁcio
1959 1326 2020 1368 se

319 1401 528 1456 habere
579 1399 691 1454 ﬁda
741 1403 930 1455 mente
982 1399 1310 1466 conﬁrmat,
1370 1399 1477 1455 nisi
1526 1401 1683 1469 quod
1734 1401 2017 1458 invocatio

318 1487 614 1543 Trinitatis
665 1486 790 1542 sine
837 1486 955 1542 ullo
1003 1486 1279 1557 scrupulo
1323 1487 1589 1543 ﬁdelibus
1631 1488 2013 1557 administrat,

318 1575 475 1647 quod
533 1574 720 1630 farina
775 1574 1095 1645 signiﬁcat;
1156 1575 1323 1645 quasi
1377 1575 1528 1631 enim
1585 1576 1843 1642 molitur,
1901 1592 2017 1647 quo

318 1678 530 1719 manus
590 1662 809 1733 ingenii
861 1662 1023 1717 nulla
1078 1663 1421 1719 retractione
1483 1663 1809 1719 offenditur.
1878 1665 2019 1721 Inde

319 1760 405 1807 est
441 1751 599 1823 quod
647 1751 866 1806 crebrae
908 1764 1149 1807 crucum
1187 1751 1469 1807 trinitates
1504 1752 1563 1807 in
1605 1752 1887 1809 sacrativo
1915 1767 2016 1809 ca-

322 1853 471 1895 none
503 1839 679 1908 ﬁunt;
711 1839 850 1908 quia
880 1839 1029 1895 sicut
1074 1838 1131 1893 in
1161 1838 1342 1895 Maria
1368 1854 1620 1908 carnem,
1662 1840 1744 1895 sic
1769 1840 1827 1896 in
1853 1840 2021 1897 altari

321 1927 431 1983 hoc
475 1928 811 1997 mysterium
856 1927 1104 1982 Trinitas
1147 1935 1438 1997 operatur.
1488 1928 1781 1999 Pugillum
1827 1937 2020 1985 autem

322 2022 437 2072 tres
468 2015 753 2085 primores
785 2014 997 2086 digitos
1026 2015 1407 2086 appellamus.

391 2103 580 2158 Potest
628 2111 682 2157 et
737 2116 837 2172 per
891 2102 1177 2173 pugillum
1230 2102 1563 2172 Scriptura,
1632 2103 1772 2173 quia
1823 2117 1896 2159 ex
1955 2104 2021 2159 iis

321 2190 629 2245 scribimus
680 2190 953 2259 intelligi;
999 2198 1055 2245 et
1104 2198 1188 2245 est
1232 2204 1299 2245 ac
1341 2190 1389 2245 si
1438 2190 1687 2247 diceret:
1723 2192 1841 2247 Hoc
1865 2193 2021 2262 quod

323 2275 382 2330 in
428 2275 593 2331 altari
637 2277 870 2333 videtur
911 2278 1269 2334 substantive
1320 2293 1526 2348 panem
1560 2293 1674 2334 non
1716 2279 1919 2346 habeo,
1964 2280 2020 2335 id

321 2371 405 2419 est
438 2379 552 2420 non
586 2364 863 2435 intelligo,
902 2366 1009 2422 nisi
1044 2375 1333 2436 quantum
1362 2367 1491 2437 capi
1527 2375 1705 2437 potest
1745 2382 1818 2422 ex
1847 2382 2021 2423 sacrae

323 2451 549 2522 paginae
575 2453 937 2509 documento.
962 2453 1241 2525 Hydriam
1262 2469 1365 2510 vas
1384 2455 1696 2525 aquarium
1718 2456 1829 2511 dici
1855 2469 2021 2511 nemo

324 2540 625 2596 hominum
664 2542 912 2598 disertus
941 2543 1189 2613 ignorat.
1235 2544 1301 2598 In
1332 2543 1539 2613 hydria
1580 2544 1769 2600 farina
1796 2553 1880 2601 est
1907 2545 2021 2614 spi-

323 2627 553 2684 ritualis
596 2629 656 2685 in
687 2630 796 2686 hac
842 2630 1033 2701 fragili
1080 2632 1509 2687 conversatione
1552 2630 1818 2701 scientia;
1866 2646 2024 2701 aqua

323 2731 577 2787 namque
605 2732 707 2788 pro
738 2719 976 2775 scientia
1003 2719 1135 2789 poni
1167 2719 1325 2775 solet.
1377 2720 1523 2775 Huic
1550 2719 1799 2775 scientiae
1830 2720 2021 2775 oleum

322 2805 572 2873 additur,
635 2807 775 2876 quia
831 2821 901 2861 ne
961 2811 1112 2861 που
1162 2805 1321 2862 inﬂet
1374 2822 1447 2862 ex
1496 2807 1695 2862 divina
1742 2808 2022 2863 charitate

322 2892 610 2949 conditur.
681 2894 966 2964 Lecythus
1029 2908 1133 2949 vas
1193 2893 1473 2950 olearium
1538 2896 1685 2951 idem
1738 2896 2023 2966 signiﬁcat

323 2980 482 3050 quod
524 2982 582 3036 in
629 2982 947 3052 Evangelio
977 2996 1186 3038 nomen
1218 2997 1510 3052 vasorum,
1542 2992 1598 3040 et
1630 2984 1837 3054 hydria
1866 2984 2022 3054 quod

323 3066 682 3138 lampadum.

392 3159 477 3211 En
520 3159 712 3225 colligo
754 3158 861 3213 duo
901 3160 1054 3227 ligna
1112 3164 1174 3215 ut
1220 3160 1504 3228 ingrediar
1536 3164 1586 3214 et
1627 3162 1833 3227 faciam
1882 3163 2022 3216 mihi

323 3246 463 3300 illud
491 3251 542 3300 et
583 3249 698 3316 ﬁlio
734 3264 846 3302 meo
880 3264 894 3303 :
925 3253 987 3303 ut
1015 3250 1351 3304 comedamus
1396 3254 1447 3303 et
1472 3253 1778 3304 moriamur
1807 3250 2018 3320 (ibid.).

323 3333 483 3400 Quod
532 3344 616 3391 est
664 3335 851 3392 dicere
886 3352 899 3392 :
934 3338 1079 3393 Ecce
1127 3338 1484 3393 dilectionem
1525 3352 1657 3407 quae
1704 3338 1775 3393 ad
1838 3339 2022 3395 Deum

325 3422 664 3492 porrigitur,
690 3432 744 3479 et
771 3438 895 3480 eam
929 3440 1061 3495 quae
1097 3425 1155 3479 in
1183 3424 1432 3480 amicum
1468 3425 1880 3495 inimicumque
1898 3426 2023 3481 dis-

324 3511 600 3577 tenditur,
636 3512 851 3581 quibus
892 3513 966 3568 ab
1006 3513 1161 3569 omni
1197 3512 1434 3568 lascivia
1471 3513 1839 3585 restringitur
1879 3528 1946 3570 ac
1975 3514 2024 3570 si

324 3598 704 3668 cruciﬁgatur
733 3600 984 3666 animus,
1027 3602 1193 3671 quasi
1225 3601 1340 3657 duo
1379 3601 1535 3672 ligna
1574 3603 1916 3673 complector
1957 3609 2024 3659 ut

325 3699 425 3754 per
455 3687 577 3742 haec
609 3700 644 3742 a
687 3702 812 3743 mea
854 3688 1191 3759 evagatione
1226 3689 1476 3745 cohibita
1508 3691 1579 3746 ad
1611 3706 1701 3746 me
1730 3690 2025 3761 regrediar

326 3782 381 3829 et
423 3775 650 3845 faciam,
698 3777 750 3831 id
782 3785 867 3833 est
901 3777 1223 3848 ﬁguraliter
1252 3780 1597 3849 insculpam,
1634 3794 1748 3835 non
1792 3794 2021 3849 panem,

325 3863 422 3918 sed
459 3863 600 3919 illud
630 3867 786 3934 quod
814 3866 867 3921 in
901 3880 1044 3935 pane
1072 3867 1357 3938 signatur,
1385 3882 1499 3923 non
1532 3875 1650 3923 tam
1676 3868 1814 3923 mihi
1845 3882 2023 3938 quam

326 3950 395 4007 iis
420 3965 565 4022 quos
615 3953 673 4007 in
722 3954 829 4009 ﬁde
874 3969 1150 4026 genuere,
1184 3964 1248 4011 ut
1293 3956 1662 4011 comedamus
1707 3956 1864 4026 quod
1908 3970 2025 4011 non

325 4054 441 4109 ore,
474 4042 571 4096 sed
602 4042 695 4112 pio
738 4043 926 4099 solum
957 4043 1167 4099 aﬁectu
1210 4044 1526 4099 manditur.
1572 4046 1642 4100 Et
1684 4046 2021 4113 moriamur,

326 4130 496 4185 morti
528 4131 807 4199 videlicet,
836 4147 970 4201 quae
1001 4146 1107 4201 per
1141 4133 1329 4201 ipsum
1362 4133 1628 4203 signatur
1652 4132 2023 4200 sacriﬁcium,

324 4216 771 4273 conformemur.
816 4218 911 4273 Ad
948 4233 1210 4284 mensam,
1251 4219 1461 4288 inquit,
1503 4235 1760 4287 magnam
1801 4221 2026 4276 sedisti?

326 4303 520 4373 (Eccli.
552 4319 709 4367 xxxi.
744 4306 856 4376 12,)
887 4314 1110 4376 oportet
1135 4315 1187 4363 te
1215 4308 1424 4364 similia
1455 4323 1801 4378 praeparare.

1002 4395 1234 4452 CAPUT
1275 4396 1342 4453 ν.

395 4482 538 4547 Noli,
584 4482 794 4553 inquit,
838 4485 1016 4551 Elias,
1068 4488 1275 4550 timere,
1318 4486 1413 4540 sed
1458 4487 1598 4541 vade
1642 4491 1693 4541 et
1737 4488 1832 4554 fac
1882 4489 2026 4541 sicut

324 4570 542 4624 dixisti.
594 4573 977 4628 Verumtamen
1013 4576 1153 4628 mihi
1188 4578 1429 4643 primum
1470 4577 1565 4641 fac
1597 4575 1663 4629 de
1707 4577 1832 4645 ipsa
1876 4577 2022 4641 fari-

324 4659 457 4712 nula
482 4658 897 4714 subcinericium
935 4676 1137 4731 panem
1175 4663 1491 4731 parvulum,
1524 4667 1575 4716 et
1621 4662 1764 4731 affer
1803 4663 1879 4717 ad
1905 4679 2026 4731 me;

325 4751 428 4804 tibi
475 4755 655 4805 autem
699 4756 750 4804 et
796 4751 911 4818 ﬁlio
960 4756 1051 4805 tuo
1096 4752 1267 4817 facies
1309 4756 1501 4819 postea
1553 4750 1657 4813 (ιιι
1701 4752 1830 4819 Reg.
1882 4766 2021 4819 xvu,

327 4840 434 4909 13).
468 4839 551 4895 Ac
575 4839 626 4894 si
653 4838 869 4894 diceret
908 4853 921 4893 :
949 4839 1080 4895 Noli
1125 4838 1306 4895 vereri
1337 4839 1793 4895 immutationem
1824 4840 2027 4896 vultus

323 4927 506 4982 David
544 4941 738 4983 coram
776 4927 1130 4995 Abimelech,
1164 4928 1221 4984 id
1250 4936 1337 4984 est
1368 4929 1803 4985 translationem
1833 4943 2028 4984 sacer-

324 5014 465 5071 dotii
512 5014 693 5070 nostri
722 5015 794 5069 ad
843 5016 1105 5072 ordinem
1146 5017 1583 5084 Melchisedech,
1626 5018 1723 5073 sed
1770 5018 1935 5085 vade,
1970 5017 2027 5073 id

323 5110 406 5159 est
458 5116 726 5172 processu
785 5103 917 5160 ﬁdei
972 5118 1329 5174 promovere,
1387 5113 1452 5162 ut
1510 5106 1758 5175 passioni
1813 5105 2028 5164 Christi

323 5191 586 5247 moribus
631 5191 1033 5263 conﬁgureris,
1078 5192 1173 5248 cui
1220 5192 1535 5250 conformia
1577 5194 1793 5263 cmpisti
1839 5208 2029 5250 sacra-

325 5286 519 5335 menta
548 5278 768 5335 docere.
818 5281 1229 5337 Verumtamen
1271 5281 1411 5337 mihi
1452 5297 1527 5339 ex
1563 5282 1782 5338 carnali
1823 5283 2028 5339 obser-

320 5368 521 5425 vantia
578 5369 932 5439 resipiscenti
955 5409 971 5435 ,
1040 5370 1097 5425 in
1160 5370 1282 5439 ipsa
1346 5371 1482 5427 novi
1533 5371 1711 5442 hujus
1769 5371 2025 5442 mysterii

324 5455 619 5513 scientiola
665 5471 733 5513 ac
771 5458 820 5513 si
863 5455 1063 5513 subtili
1101 5457 1371 5525 farinula,
1405 5473 1582 5529 quam
1611 5475 1685 5515 ex
1718 5460 2028 5516 inutilitate

319 5551 584 5601 veterum
628 5544 1104 5602 caeremoniarum
1149 5547 1531 5604 salubriorem
1573 5549 1715 5618 quia
1742 5548 2027 5604 veriorem

319 5632 442 5703 jam
483 5630 757 5702 comperi,
801 5630 1048 5688 solidum
1089 5634 1232 5705 quid
1273 5642 1330 5690 et
1379 5634 1679 5690 continens
1725 5648 1792 5690 ac
1833 5634 1883 5690 si
1932 5647 2029 5704 pa-

2125 604 2236 660 lem
2284 605 2453 675 quasi
2498 604 2772 674 pulverea
2815 605 3043 660 levitate
3070 606 3355 674 animum,
3402 608 3649 663 rationis
3687 621 3757 662 ac
3786 606 3829 661 si

2124 705 2294 763 aqum
2341 694 2690 762 respersione
2737 694 3116 764 constringas.
3162 695 3235 749 Et
3282 694 3440 751 hunc
3489 695 3830 765 parvulum,

2124 782 2407 836 servando
2437 782 2698 837 videlicet
2739 782 2794 836 in
2837 782 3113 837 doctrinae
3146 789 3262 838 tua:
3296 784 3655 839 exhibitione
3688 797 3833 838 meae

2124 869 2455 938 capacitatis
2512 870 2758 924 necdum
2827 870 3039 925 adulta:
3096 871 3352 938 modum,
3419 872 3575 926 hunc
3632 880 3833 927 tamen

2125 957 2296 1013 facies
2327 958 2800 1023 subcinericium,
2831 971 3134 1027 nunquam
3165 959 3309 1014 mihi
3337 959 3666 1025 adimendo,
3701 960 3835 1015 licet

2126 1045 2185 1101 in
2211 1045 2552 1115 baptismate
2587 1046 2700 1101 lota
2730 1046 2864 1112 sint,
2900 1048 3232 1102 memoriam
3264 1054 3650 1115 peccatorum,
3687 1047 3834 1117 quia

2124 1132 2271 1188 cinis
2307 1132 2594 1203 signiﬁcat
2630 1133 2953 1190 acredinem
2997 1134 3402 1204 paenitentum,
3448 1136 3664 1205 quibus
3704 1149 3836 1189 con-

2124 1222 2283 1278 venit
2312 1222 2458 1276 cinis
2485 1229 2539 1277 et
2565 1221 2839 1277 cilicium.

2198 1309 2303 1365 Ubi
2331 1310 2462 1380 jure
2501 1317 2738 1365 notatur
2765 1310 2921 1381 quod
2966 1310 3334 1380 pmmittitur
3376 1312 3652 1380 primum,
3686 1312 3833 1381 quia

2123 1397 2195 1453 iis
2236 1398 2339 1468 qui
2385 1398 2719 1454 sceleratius
2760 1406 2817 1454 et
2862 1398 2923 1454 in
2970 1399 3267 1455 Judaismo
3310 1408 3365 1455 et
3409 1400 3466 1455 in
3507 1400 3833 1470 gentilitate

2124 1487 2423 1553 vixerunt,
2483 1486 2581 1541 Dei
2638 1486 2826 1557 gratia
2880 1488 3177 1543 consuevit
3237 1488 3558 1543 exuberare
3609 1488 3836 1557 potissi-

2126 1589 2308 1630 mum.
2348 1575 2500 1629 Inter
2534 1588 2681 1643 quos
2707 1574 3085 1644 cognovimus
3123 1574 3389 1643 Paulum,
3432 1576 3536 1645 qui
3574 1589 3634 1631 se
3683 1576 3835 1630 inter

2125 1670 2451 1733 peccatores
2493 1662 2706 1717 fatetur
2748 1662 3021 1731 primum,
3069 1670 3134 1717 ut
3172 1661 3231 1717 in
3264 1676 3371 1729 me,
3412 1663 3623 1733 inquit,
3665 1664 3836 1719 Iesus

2123 1751 2385 1809 Christus
2405 1750 2634 1806 divitias
2654 1750 3057 1806 misericordiae
3085 1764 3207 1805 suae
3231 1750 3548 1806 ostenderet
3572 1751 3836 1819 primum

2235 1841 2372 1895 Tim.
2425 1856 2463 1905 ι,
2515 1840 2623 1907 16).
2675 1838 2834 1895 Unde
2877 1845 3011 1894 est:
3054 1839 3156 1894 Ubi
3201 1838 3507 1893 abundavit
3547 1812 3839 1907 peccatum

2126 1926 2597 1996 superabundavit
2633 1929 2820 1993 gratia
2847 1928 3016 1995 (Rom.
3049 1940 3108 1993 v,
3138 1928 3250 1996 20).
3278 1927 3437 1991 Quod
3468 1927 3528 1981 in
3561 1927 3839 1983 Matthaeo

2127 2024 2182 2072 et
2212 2016 2553 2086 Magdalena
2576 2016 2748 2071 etiam
2779 2015 3067 2085 perpatuit
3098 2015 3335 2071 factum.
3371 2016 3478 2071 Pro
3504 2023 3670 2085 parte
3694 2030 3838 2086 ergo

2127 2104 2335 2160 horum
2368 2113 2543 2174 atque
2573 2104 2848 2159 similium
2871 2104 3123 2175 intellige
3145 2104 3384 2159 dictum.
3417 2104 3586 2159 Hunc
3620 2117 3837 2173 panem

2126 2194 2235 2248 sibi
2267 2200 2432 2263 rogat
2478 2191 2691 2260 aﬁerri,
2733 2193 2787 2247 id
2830 2201 2914 2248 est
2958 2193 3203 2262 propriae
3235 2192 3623 2263 intelligentiae
3656 2207 3838 2262 pene-

2130 2280 2373 2337 tralibus
2398 2280 2728 2336 disserendo
2761 2280 2977 2335 inferri.
3014 2281 3177 2347 Quod
3219 2282 3501 2350 sequitur,
3534 2294 3637 2349 pro
3670 2288 3841 2350 parte

2124 2368 2438 2439 justorum,
2486 2383 2559 2424 ex
2609 2369 2750 2439 legis
2796 2369 3290 2424 consummatione
3339 2369 3725 2435 venientium,
3775 2376 3842 2423 ut

2128 2457 2365 2513 fuerunt
2408 2458 2630 2524 Petrus,
2676 2457 2937 2512 Andreas
2981 2464 3037 2513 et
3081 2457 3331 2513 Iacobus
3371 2456 3547 2513 frater
3579 2457 3840 2523 Domini,

2129 2546 2427 2615 accipitur.
2463 2546 2584 2600 Tibi
2628 2552 2679 2599 et
2721 2547 2834 2614 ﬁlio
2879 2550 2969 2599 tuo
3005 2548 3176 2612 facies
3220 2552 3426 2615 postea,
3470 2546 3525 2601 id
3554 2553 3640 2601 est
3686 2560 3845 2615 quos

2129 2634 2202 2689 ad
2250 2635 2336 2689 tui
2374 2634 2830 2690 conformitatem
2867 2648 2939 2689 ex
2974 2636 3303 2690 innocentia
3333 2635 3475 2704 legis
3504 2634 3846 2689 adduxeris

2128 2736 2203 2779 ex
2229 2731 2458 2792 peccato
2489 2723 2753 2794 graviore
2790 2724 3100 2790 conversis,
3153 2738 3252 2793 per
3284 2724 3486 2793 gratim
3515 2722 3844 2793 indulgen-

2129 2811 2269 2866 tiam
2310 2812 2717 2881 undecumque
2756 2811 3021 2867 substare
3060 2811 3395 2880 cognoveris
3426 2826 3439 2864 :
3477 2810 3639 2866 Unde
3682 2811 3846 2866 Pau-

2130 2899 2222 2955 lus
2249 2915 2262 2954 :
2294 2901 2465 2967 Nihil,
2521 2900 2732 2969 inquit,
2764 2904 2943 2953 minus
2983 2902 3092 2966 feci
3125 2899 3193 2953 ab
3233 2900 3319 2953 his
3362 2900 3460 2967 qui
3494 2903 3623 2954 sunt
3661 2913 3846 2968 supra

2128 2988 2348 3042 modum
2389 2990 2623 3057 apostoli
2668 2990 2739 3053 (ιι
2774 2990 2905 3042 Cor.
2947 3002 3045 3055 xu,
3083 2988 3188 3057 ll).
3237 2989 3347 3043 Et:
3379 2989 3507 3042 Plus
3552 2988 3671 3042 illis
3720 3003 3848 3042 om-

2059 3100 2100 3154 C
2130 3077 2291 3133 nibus
2321 3077 2567 3131 laboravi
2594 3076 2642 3148 (Ι
2670 3079 2790 3133 Cor.
2824 3092 2910 3140 xv,
2948 3079 3051 3145 10).

2200 3167 2323 3219 Haec
2380 3171 2562 3219 autem
2609 3165 2743 3219 dicit
2799 3167 3056 3220 Dominus
3109 3166 3243 3219 Deus
3292 3180 3311 3218 :
3358 3164 3573 3233 Hydria
3629 3166 3847 3230 farina

2128 3268 2237 3308 non
2278 3252 2511 3323 deﬁciet,
2554 3269 2647 3307 nec
2688 3255 2929 3321 lecythus
2958 3254 3061 3308 olei
3086 3255 3358 3306 minuetur
3384 3267 3552 3322 usque
3580 3252 3659 3306 ad
3691 3253 3845 3307 diem

2129 3344 2192 3396 in
2236 3357 2347 3411 qua
2392 3341 2626 3395 daturus
2678 3346 2756 3396 est
2810 3343 3075 3397 Dominus
3120 3342 3370 3409 pluviam
3418 3355 3583 3409 super
3630 3343 3845 3407 faciem

2132 3434 2290 3485 terrae
2319 3430 2417 3499 (ιιι
2447 3432 2568 3496 Reg.
2603 3444 2762 3496 xvm,
2791 3429 2921 3500 114).
2959 3430 3041 3484 Ac
3071 3429 3119 3483 si
3146 3429 3360 3484 diceret
3391 3445 3404 3483 :
3440 3429 3593 3485 Licet
3624 3443 3707 3484 ex
3742 3438 3843 3485 tuo

2131 3518 2472 3574 documento
2513 3517 2658 3574 Novi
2704 3517 3073 3584 Testamenti,
3125 3531 3159 3573 ο
3207 3516 3499 3586 primitiva
3551 3516 3843 3585 Ecclesia,

2131 3607 2383 3662 rationes
2427 3607 2766 3675 acceperim,
2820 3614 3011 3661 tamen
3059 3619 3132 3660 ex
3184 3604 3353 3675 legali
3394 3612 3450 3660 et
3497 3603 3844 3674 prophetica

2133 3692 2371 3750 lectione
2425 3694 2605 3749 Deum
2667 3694 2987 3749 astruxisse
3032 3693 3282 3762 comperi
3336 3692 3634 3747 scientiam
3706 3694 3842 3749 ﬁdei

2133 3781 2330 3852 hujus,
2376 3789 2431 3838 et
2477 3782 2992 3851 contemplationis,
3026 3796 3157 3851 qua;
3195 3788 3280 3836 est
3318 3780 3379 3835 in
3429 3781 3657 3835 Domini
3710 3796 3845 3836 cor-

2133 3885 2269 3941 pore
2306 3870 2680 3926 subtilissima
2725 3884 3030 3941 nunquam
3070 3871 3406 3926 desituram.
3430 3869 3682 3925 Domum
3733 3870 3847 3926 uti-

2134 3973 2250 4029 que
2299 3960 2526 4015 Domini
2568 3960 2766 4015 decere
2811 3960 3258 4015 sanctitudinem
3305 3958 3365 4013 in
3408 3956 3843 4028 longitudinem

2134 4048 2473 4105 diuturnam
2536 4049 2697 4110 (Psal.
2762 4062 2898 4114 xcn,
2953 4048 3031 4115 5),
3078 4055 3135 4103 et
3189 4046 3486 4102 sacerdotii
3546 4046 3845 4102 Melchise-

2134 4137 2277 4193 dech
2330 4136 2453 4192 sine
2492 4137 2880 4207 jurisjurandi
2934 4136 3268 4205 paenitentia
3322 4134 3731 4202 aeternitatem,
3790 4143 3845 4191 et

2135 4227 2353 4282 donum
2400 4226 2599 4296 gratim
2628 4233 2908 4295 tanquam
2941 4225 3047 4280 olei
3078 4224 3369 4293 lecythum
3406 4224 3466 4278 in
3505 4230 3701 4279 mente
3733 4226 3841 4280 Ec~

2135 4314 2318 4369 clesiaa
2370 4314 2586 4384 perpeti
2635 4312 3024 4369 redundantia
3068 4325 3430 4367 emersurum
3462 4309 3583 4382 [al.,
3635 4325 3839 4368 surre-

2058 4385 2103 4439 Ῑ)
2133 4399 2390 4473 cturum]
2434 4416 2622 4472 usque
2660 4402 2731 4457 ad
2767 4402 2931 4457 illum
2977 4401 3101 4456 sine
3137 4409 3302 4455 nocte
3343 4400 3516 4467 diem,
3557 4414 3682 4469 quo
3723 4416 3838 4456 non

2130 4490 2205 4546 ab
2238 4490 2458 4546 occulto
2484 4489 2802 4560 spiritualis
2831 4489 2997 4545 nobis
3039 4489 3198 4544 unda
3225 4503 3285 4544 se
3315 4495 3608 4557 suggeret,
3641 4490 3748 4544 sed
3783 4491 3836 4544 in

2129 4579 2379 4635 evidenti
2424 4586 2549 4649 post
2595 4579 3072 4634 resurrectionem
3125 4576 3603 4645 incorruptilibus
3647 4579 3836 4634 oculis

2131 4665 2387 4735 corporis
2426 4673 2707 4735 tanquam
2756 4664 2958 4734 pluvia
2998 4663 3094 4719 Dei
3144 4663 3394 4733 cognitio
3440 4677 3501 4718 se
3541 4662 3833 4721 infundet.

2137 4754 2242 4809 Ubi
2286 4753 2456 4809 facies
2496 4760 2662 4809 terrae
2706 4760 2999 4822 tantopere
3028 4752 3330 4818 dilabitur,
3363 4758 3425 4807 ut
3464 4752 3520 4806 in
3553 4766 3677 4821 quo
3719 4753 3833 4824 [al.,

2134 4841 2306 4913 quod]
2359 4855 2519 4897 mens
2561 4842 2832 4911 quamvis
2874 4841 3262 4895 sincerissima
3306 4839 3619 4895 scintillare
3665 4844 3838 4897 modo

2134 4930 2230 4985 vix
2262 4930 2553 4999 praevalet,
2598 4930 2676 4985 ibi
2714 4929 2909 4985 carnis
2938 4928 3143 4984 oculus
3174 4929 3444 4984 irremota
3470 4936 3526 4983 et
3558 4928 3839 4986 inobtusa

2132 5018 2253 5073 acie
2282 5018 2576 5073 intendere
2607 5030 2912 5087 nunquam
2942 5024 3139 5072 cesset.

2206 5108 2337 5172 Qus
2367 5107 2506 5160 abiit
2544 5112 2594 5161 et
2621 5108 2753 5172 fecit
2772 5105 2946 5175 juxta
2985 5106 3206 5160 verbum
3233 5106 3369 5160 Elis
3398 5106 3499 5171 (ΙΙΙ
3525 5106 3662 5172 Reg.
3698 5122 3837 5172 xvu,

2138 5194 2249 5265 15),
2300 5202 2355 5250 et
2402 5195 2646 5250 comedit
2694 5194 2833 5263 ipse,
2886 5202 2941 5249 et
2990 5193 3108 5260 illa,
3138 5201 3195 5249 et
3244 5193 3452 5249 domus
3477 5194 3625 5263 ejus.
3679 5196 3838 5262 Abit,

2133 5298 2267 5339 cum
2297 5297 2370 5338 ex
2399 5283 2559 5338 Pauli
2598 5282 2964 5351 aliorumque
2991 5296 3064 5337 ex
3092 5282 3305 5337 iudicis
3334 5281 3687 5351 sapientium
3723 5285 3843 5353 plu-

2132 5370 2347 5427 rimum
2370 5370 2665 5440 primitiva
2693 5370 2946 5427 Ecclesia
2973 5370 3350 5426 conversione
3374 5368 3633 5439 profecit.
3659 5372 3842 5428 Juxta

2132 5458 2377 5514 verbum
2410 5458 2547 5514 Elia:
2588 5457 2738 5525 fecit,
2778 5472 2914 5514 cum
2955 5472 3073 5525 eos,
3117 5472 3265 5527 quos
3293 5457 3642 5512 erudiendos
3675 5473 3840 5515 acce-

2133 5553 2318 5616 perat,
2356 5547 2530 5601 etiam
2564 5560 2742 5616 super
2778 5561 2836 5601 se
2875 5547 3183 5616 magistros
3221 5546 3529 5613 acceperit.
3572 5545 3711 5615 Ipse
3758 5564 3841 5604 co-

2135 5634 2329 5701 medit,
2361 5633 2503 5703 quia
2539 5648 2655 5689 non
2693 5633 2889 5702 verbo,
2923 5648 3041 5689 non
3070 5633 3275 5703 lingua
3302 5632 3425 5688 haec
3454 5631 3842 5692 declamanda
