3956 6422
119 411 223 461 537

1505 403 1596 457 DE
1634 402 1867 458 LAUDE
1906 402 1958 458 S.
1998 403 2259 458 MARUE.

3537 406 3641 458 538

114 535 366 602 edidicit,
420 534 519 592 sed
547 534 622 590 ad
660 533 950 590 internam
981 533 1175 590 animo
1223 533 1541 590 satietatem
1595 549 1822 604 semper
1858 539 1905 591 Α
1932 549 2064 590 cum
2092 534 2254 590 vitali
2282 541 2337 590 et
2362 533 2504 590 alios
2534 534 2771 602 ferculo,
2804 548 2922 605 quo
2959 533 3219 604 apprime
3270 535 3642 606 opinabatur,

117 624 472 681 ruminanda
515 623 771 680 retinuit.
827 624 976 694 Ipsa,
1038 631 1093 680 et
1142 623 1349 680 domus
1389 623 1516 694 ejus
1560 624 1828 688 comedit,

1942 623 2206 679 inferciit.

1787 803 1975 848 FINIS.

1081 1127 1370 1210 νεη.
1449 1127 2047 1212 GUIBBRTI
2120 1127 2678 1211 ABBA'I'IS

1661 1285 2100 1388 LIBER

495 1481 750 1624 DE
871 1479 1530 1626 LAUDE
1651 1479 2105 1626 ΒΑΝ(

2000 1481 2472 1626 [ΟΤλἘ
2585 1482 3281 1628 ΜΑΗΙίἘ

590 1931 741 2004 ,τεν
781 1932 1014 1990 CAPUT
1054 1933 1356 1990 PRIMUM.

185 2059 255 2114 Se
312 2057 599 2112 laudantes
654 2074 927 2128 nusquam
983 2063 1314 2127 aspernatur
1361 2059 1424 2112 B.
1497 2058 1686 2124 Virgo.
1754 2087 1824 2098 —

113 2146 413 2201 Feminam
451 2147 606 2202 illam
639 2161 815 2216 super
839 2161 1038 2203 omnes
1075 2154 1370 2202 creaturas
1412 2154 1536 2216 post
1590 2146 1818 2212 Filium,

110 2242 166 2290 et
202 2250 304 2304 per
336 2235 546 2292 Filium
572 2237 948 2303 benedictam,
980 2237 1241 2291 omnium
1280 2245 1683 2291 creaturarum
1713 2235 1822 2290 sub

112 2325 219 2378 Dei
249 2325 411 2380 cultu
443 2324 859 2395 dignissimam,
886 2325 1052 2380 labiis
1081 2324 1314 2380 omnino
1369 2324 1652 2390 ﬁdelibus,
1696 2323 1822 2378 licet

110 2412 315 2467 minus
359 2412 596 2478 idoneis,
651 2414 1042 2482 przedicemus.
1105 2413 1285 2484 Cujus
1337 2414 1622 2484 praconio
1687 2427 1820 2468 cum

107 2500 370 2570 dignitas
397 2503 888 2572 supercaalestium
938 2503 1206 2560 inefﬁcax
1249 2504 1582 2568 aestimetur,
1639 2503 1822 2558 multa

108 2595 310 2642 tamen
339 2589 695 2656 experientia
724 2590 1016 2660 cognitum
1061 2598 1166 2656 est,
1213 2591 1370 2660 quod
1419 2591 1478 2644 in
1509 2591 1636 2660 ejus
1679 2603 1822 2644 con—

107 2675 408 2744 spectibus
453 2677 580 2732 laus
623 2679 922 2734 hominum
981 2687 1156 2748 atque
1222 2679 1448 2735 devotio
1493 2679 1820 2750 gratissima

109 2763 421 2820 habeatur.
459 2766 572 2821 Nec
619 2767 674 2821 id
725 2768 962 2838 injuria.
1013 2767 1157 2824 Cum
1200 2768 1352 2823 enim
1416 2782 1475 2822 se
1533 2767 1815 2823 hominem

108 2867 329 2923 negare
358 2869 472 2909 non
505 2856 700 2925 possit,
733 2855 1011 2923 homines,
1045 2871 1145 2927 pro
1174 2871 1426 2927 quorum
1461 2857 1816 2925 potissimum

107 2942 363 2998 utilitate
411 2943 539 2998 talis
583 2944 731 2999 facta
777 2952 879 3009 est,
933 2952 988 3000 et
1053 2945 1184 3000 talis
1224 2945 1452 3011 enituit,
1507 2945 1817 3014 quomodo,

107 3047 228 3086 non
270 3032 397 3087 dico
440 3041 827 3101 contemnere,
871 3034 968 3089 sed
1010 3035 1281 3090 omnibus
1333 3036 1613 3089 creaturis
1670 3048 1818 3102 prte-

105 3121 426 3176 cordialius
457 3136 572 3175 non
605 3135 800 3177 amare
850 3123 1062 3192 possit?
1105 3124 1174 3178 Et
1199 3123 1470 3192 amplius,
1502 3137 1632 3191 quae
1662 3123 1814 3176 enim

105 3209 374 3264 humano
404 3210 598 3280 generi
627 3211 698 3265 ad
736 3211 842 3266 hoc
886 3211 1196 3281 proposita,
1233 3212 1344 3266 imo
1379 3210 1680 3280 praeposita
1711 3217 1813 3276 est,

105 3302 176 3352 ut
204 3299 323 3353 Deo
351 3299 640 3369 gignendo
672 3299 977 3367 sufﬁceret,
1009 3301 1162 3355 unde
1201 3301 1327 3355 aliis
1358 3299 1650 3355 medendis
1677 3314 1818 3354 con-

107 3388 317 3453 suluit,
350 3387 482 3442 inde
511 3389 694 3457 primo
742 3389 850 3444 sibi
891 3390 996 3458 ipsi
1039 3389 1448 3458 redemptionis
1476 3390 1636 3458 origo
1689 3388 1812 3453 fuit,

108 3476 167 3530 in
203 3490 325 3545 quo
355 3490 490 3547 ergo
520 3476 625 3532 sibi
661 3478 930 3546 primitus
969 3478 1094 3546 fuit,
1137 3479 1193 3533 in
1225 3477 1352 3532 aliis
1402 3492 1516 3532 non
1565 3475 1817 3531 amabit?

105 3565 180 3620 Et
233 3580 367 3635 quae
412 3566 674 3635 gloriam,
713 3581 891 3638 quam
946 3567 1150 3622 habuit
1191 3569 1247 3621 in
1294 3567 1389 3622 Dei
1442 3566 1648 3621 Filium
1714 3580 1814 3634 pa-

104 3653 332 3720 riendo,
367 3656 697 3724 exmquavit
729 3656 945 3711 meritis
975 3656 1122 3711 nulli
1166 3669 1200 3711 a
1246 3655 1589 3711 surculorum
1641 3654 1816 3710 initiis

103 3756 301 3810 usque
346 3742 417 3797 ad
478 3743 618 3798 ﬁnes
663 3745 948 3813 speranda
994 3745 1295 3812 credendo,
1350 3745 1638 3816 quomodo
1700 3757 1813 3799 non

100 3829 383 3885 ineli‘abili
395 3839 476 3886 ter
495 3833 820 3902 aggaudeat
849 3833 977 3889 ﬁdei
1001 3843 1228 3899 nostrae,
1254 3849 1385 3904 quae
1416 3835 1600 3903 ipsum
1636 3836 1814 3889 Deum

102 3918 281 3974 habet
312 3919 519 3975 Filium
562 3935 661 3990 pro
703 3923 938 3991 przemio
971 3923 1097 3979 ﬁdei
1121 3924 1280 3980 suae?

175 4010 318 4076 Ejus
354 4009 506 4076 ﬁdes.
569 4040 638 4050 —-
692 4013 754 4066 In
813 4014 982 4083 cujus
1047 4013 1438 4084 conceptionis
1496 4013 1813 4068 denuntia-

99 4097 283 4162 tione,
317 4097 458 4153 illud
479 4098 744 4154 miraculi
793 4100 926 4156 ullis
960 4101 1204 4171 ingeniis
1240 4101 1645 4171 comprehendi
1698 4114 1812 4155 non

103 4187 405 4256 prtevalet,
451 4189 605 4258 quod
654 4189 863 4258 puella,
898 4197 952 4246 et
984 4191 1317 4246 meticulosa
1347 4205 1511 4256 sexu,
1546 4199 1599 4245 et
1639 4189 1814 4244 inusi-

102 4284 230 4332 tata
285 4285 467 4345 astate,
529 4292 663 4333 cum
721 4279 827 4334 sibi
875 4279 1120 4350 angelus
1174 4280 1401 4335 insolita
1439 4288 1493 4335 et
1552 4279 1814 4334 inaudita

103 4364 442 4433 sponderet,
505 4366 671 4421 ﬁdem
732 4375 890 4423 tanta
957 4369 1096 4423 dare
1168 4369 1455 4424 celeritate
1532 4369 1809 4438 potuerit;

104 4454 267 4523 quod
303 4462 452 4508 certe
475 4469 588 4508 non
610 4455 776 4510 aliter
797 4455 1117 4511 valebimus
1142 4471 1510 4526 compensare
1550 4457 1814 4512 mirando

103 4543 220 4597 nisi
255 4542 406 4596 hanc
436 4543 687 4611 primum
723 4545 1174 4600 intellexerimus
1208 4545 1356 4600 inter
1385 4560 1581 4600 omnes
1626 4546 1817 4600 homi-

103 4646 210 4686 nes
263 4631 430 4686 unice
486 4633 764 4688 nutritam
819 4647 853 4688 a
911 4633 1127 4703 Spiritu
1181 4644 1397 4690 sancto.
1458 4634 1576 4689 Nisi
1637 4635 1812 4702 enim,

104 4720 424 4790 plusquam
457 4721 713 4776 humana
733 4724 1085 4778 consuetudo
1115 4725 1350 4792 patitur,
1379 4709 1666 4790 divinum,
1703 4738 1818 4779 ma-

92 4809 562 4878 jestativumque
596 4811 874 4880 quiddam
907 4814 1028 4880 ipsa
1056 4813 1128 4867 ab
1161 4813 1395 4868 ineunte
1441 4820 1606 4868 zetate
1649 4813 1816 4882 inge-

97 4899 256 4953 niolo
311 4913 416 4952 suo
478 4907 810 4954 concretum
870 4909 1253 4970 cognosceret,
1318 4908 1473 4955 tanta
1547 4901 1818 4956 facilitate

95 5002 215 5042 non
249 4987 525 5041 crederet.
569 4989 754 5042 Tanta
807 4989 960 5044 enim
1002 4990 1340 5045 excellentia
1404 4991 1816 5059 promissorum

96 5076 155 5130 in
198 5074 448 5129 vanitati
499 5075 756 5142 subjecto
804 5077 972 5131 corde
1006 5092 1119 5132 non
1153 5086 1397 5146 caperet.
1454 5078 1559 5133 Ubi
1602 5079 1817 5147 quippe

91 5164 264 5217 nulla
313 5163 709 5231 praecesserint
761 5166 960 5220 munia
1017 5167 1372 5230 meritorum,
1425 5167 1539 5235 spei
1591 5181 1816 5236 magnae

89 5242 492 5297 emolumenta
550 5257 668 5297 non
709 5253 1045 5313 suppetunt.
1097 5244 1236 5310 Quis
1284 5260 1420 5316 ergo
1474 5248 1640 5301 homo
1689 5261 1814 5316 per-

92 5333 330 5401 pendat,
365 5331 476 5386 imo
502 5332 786 5387 excedens
819 5333 1108 5388 hominem
1139 5349 1270 5404 quae
1307 5335 1568 5406 angelica
1606 5343 1818 5390 natura

92 5419 394 5489 conjiciat,
451 5434 584 5488 qua;
633 5420 808 5476 fuerit
869 5422 1110 5491 puritas,
1176 5424 1329 5493 quod
1383 5424 1626 5492 pondus,
1685 5439 1817 5493 qua

94 5507 286 5578 gloria
322 5506 402 5560 illi
443 5514 528 5573 ut,
563 5507 642 5561 ita
690 5509 899 5577 dicam,
961 5510 1169 5566 cmlesti
1229 5513 1587 5567 conscientia;
1648 5511 1819 5567 innu-

93 5598 256 5661 trita,
292 5608 426 5664 quae
457 5594 634 5650 nullis
661 5597 767 5652 sibi
798 5599 1106 5667 praemissis
1139 5599 1569 5668 Scripturarum
1619 5615 1814 5655 exem-

98 5685 236 5754 plis,
271 5682 454 5739 nullis
483 5683 759 5740 similium
789 5699 824 5740 a
851 5686 1062 5742 saeculo
1104 5696 1418 5743 eventuum
1464 5689 1816 5758 imaginibus

1861 1880 1900 1933 Β
1932 1879 2224 1947 exhibitis,
2259 1887 2416 1936 tanto
2445 1879 2754 1936 verborum
2802 1881 3101 1954 privilegio
3135 1882 3326 1940 sinum
3352 1899 3475 1941 suae
3507 1900 3638 1942 cre-

1930 1967 2188 2024 dulitatis
2219 1983 2289 2024 ex
2301 1969 2563 2038 panderit
2577 1971 2607 2024 τι)

2002 2055 2055 2111 Si
2088 2056 2259 2123 Sarae,
2285 2058 2330 2112 si
2364 2058 2573 2113 Mauue
2602 2066 2656 2114 et
2685 2060 2852 2114 uxori
2874 2060 3019 2129 ejus,
3055 2061 3211 2130 quod
3244 2061 3314 2116 ad
3338 2062 3419 2118 rei
3459 2062 3639 2132 hujus

1929 2146 2414 2215 comparationem
2464 2148 2904 2203 usitatissimum
2942 2158 3084 2215 erat,
3139 2150 3236 2204 vix
3266 2150 3484 2220 |astrui,
3534 2151 3636 2205 vix

1928 2235 2197 2290 credibile
2222 2235 2400 2290 videri
2434 2237 2638 2304 potuit,
2672 2236 3115 2306 istijuvenculze
3149 2253 3341 2294 rerum
3373 2238 3635 2294 omnium

1931 2324 2245 2391 praisertim
2280 2323 2652 2379 muliebrium
2702 2324 3195 2394 inexpertissimzc,
3249 2328 3403 2381 unde
3451 2335 3632 2393 tanta,

1925 2424 1999 2465 ex
2032 2419 2147 2465 tam
2173 2411 2531 2480 simplicibus
2571 2411 2759 2466 verbis
2791 2413 2998 2482 angeli,
3043 2421 3157 2467 tam
3209 2428 3447 2483 prOpere
3492 2415 3635 2469 ﬁdes

1929 2499 2109 2568 ingeri
2142 2500 2362 2556 valuit?
2393 2501 2447 2556 Si
2494 2503 2706 2571 Moyses
2751 2510 2874 2570 post
2924 2508 3002 2556 tot
3047 2502 3375 2557 divinorum
3431 2503 3631 2558 efﬁca-

1927 2588 2075 2644 ciam
2115 2589 2439 2659 signorum,
2488 2591 2590 2660 qui
2631 2605 2763 2646 cum
2795 2592 2904 2646 Deo
2936 2591 3076 2646 facie
3123 2591 3194 2646 ad
3229 2591 3426 2646 faciem
3462 2592 3631 2661 quasi

1928 2679 2096 2734 homo
2133 2678 2204 2732 ad
2249 2680 2579 2748 proximum
2625 2679 2992 2749 loquebatur,
3042 2680 3110 2734 ad
3166 2680 3632 2734 contradictionis

1926 2780 2109 2836 aquas
2154 2767 2417 2822 distinxit
2455 2767 2513 2822 in
2562 2767 2729 2823 labiis
2774 2768 2915 2833 suis,
2967 2768 3034 2822 de
3073 2769 3244 2837 cujus
3290 2768 3632 2822 excellentia

1926 2854 2136 2910 dicitur
2169 2871 2181 2908 :
2218 2856 2362 2920 Quia
2399 2859 2722 2910 mitissimus
2760 2863 2894 2909 esset
2923 2859 3160 2911 omnium
3198 2860 3294 2924 qui
3344 2857 3633 2910 moraban-

1927 2949 2018 2997 tur
2072 2946 2131 2996 in
2185 2950 2330 2996 terra
2381 2945 2560 3012 (Num.
2608 2960 2706 3009 xu,
2758 2947 2833 3014 3),
2893 2960 2995 3014 pro
3039 2947 3210 3014 cujus
3259 2946 3630 3014 derogatione

1925 3032 2203 3086 adversus
2230 3033 2422 3087 Aaron
2452 3041 2644 3087 motus
2676 3035 2822 3088 Deus
2850 3034 3029 3088 Maria
3063 3035 3219 3103 lepra
3263 3034 3627 3102 percusserit,

1927 3119 2067 3189 quid
2118 3129 2390 3189 putamus
2438 3135 2509 3175 ex
2563 3135 2742 3190 quam
2797 3122 3020 3176 inﬁnito
3088 3122 3407 3176 sanctitatis
3478 3122 3629 3176 fonte

1931 3208 2279 3275 processerit,
2323 3209 2477 3277 quod
2529 3223 2643 3262 non
2711 3209 3061 3278 cuicunque,
3111 3210 3205 3264 sed
3253 3210 3448 3264 divino
3488 3224 3629 3265 con-

1927 3297 2138 3365 ceptui,
2175 3310 2242 3351 ac
2270 3298 2312 3352 si
2341 3311 2563 3366 semper
2604 3299 2974 3367 praesagitum
3005 3299 3112 3354 sibi
3157 3298 3376 3365 fuisset,
3426 3312 3628 3354 aurem

1930 3385 2036 3441 ista
2067 3386 2206 3440 adeo
2244 3386 2727 3455 obtemperanter,
2761 3387 3143 3456 animumque
3172 3387 3440 3456 aperuit?
3468 3387 3628 3442 Certe

1928 3474 2044 3542 ipse
2066 3475 2370 3530 Zacharias
2399 3475 2642 3540 Joannis
2679 3484 2857 3544 pater,
2906 3475 3046 3546 legis
3096 3476 3629 3546 prophetarumque

1925 3563 2311 3629 doctissimus,
2336 3564 2474 3619 dum
2508 3565 2607 3619 lilii
2639 3565 2744 3620 sibi
2775 3564 2990 3620 eximia
3022 3565 3248 3620 caalitus
3285 3565 3626 3619 enuntiare-

1927 3659 2022 3708 tur
2057 3653 2239 3723 origo,
2274 3654 2672 3709 miserabiliter
2715 3654 2896 3709 haesit.
2947 3653 3061 3720 Isti,
3095 3654 3250 3724 quod
3280 3667 3352 3709 ex
3406 3653 3628 3723 Spiritu

1925 3740 2115 3810 Virgo,
2147 3756 2260 3797 non
2311 3742 2520 3797 mulier
2547 3757 2620 3797 ex
2657 3743 2862 3798 marito
2891 3743 3234 3812 conciperet,
3285 3742 3433 3797 dicto
3477 3741 3629 3797 cele-

1925 3829 2048 3885 rius
2079 3832 2261 3897 stetit;
2293 3832 2384 3886 cui
2408 3831 2704 3886 sententize
2743 3831 2990 3887 concinit
3033 3831 3188 3901 quod
3221 3831 3268 3887 ei
3298 3831 3371 3886 ab
3421 3830 3626 3901 angelo

1925 3919 2218 3990 plenitudo
2265 3921 2465 3989 gratiae
2518 3920 2880 3989 praedicatur,
2916 3920 3025 3974 nisi
3045 3922 3197 3974 enim
3227 3921 3436 3975 divinae
3469 3920 3526 3973 in
3559 3933 3628 3973 ea

1921 4009 2154 4065 virtutis
2201 4009 2271 4063 ad
2319 4009 2606 4079 integrum
2655 4009 2818 4078 copia
2875 4009 3268 4075 conﬁuxisset,
3321 4022 3626 4077 nunquam

1924 4099 2205 4154 bonorum
2230 4097 2490 4154 omnium
2524 4097 2884 4154 universitati
2933 4097 3028 4152 Dei
3084 4097 3223 4152 Filio
3267 4096 3627 4166 concipiendi

1922 4186 2320 4254 obedientiam,
2355 4187 2509 4256 quod
2543 4186 2744 4255 ineptis
2776 4187 3064 4242 mentibus
3100 4184 3426 4242 fabulosum
3466 4187 3624 4241 vide-

1923 4284 2102 4342 retur,
2141 4276 2512 4345 impenderet.
2564 4276 2648 4329 Ex
2688 4290 2927 4331 munere
2965 4276 3116 4331 enim
3166 4289 3431 4344 supernae
3479 4275 3627 4330 infu-

1922 4365 2117 4432 sionis,
2151 4364 2304 4434 quod
2351 4379 2385 4419 a
2441 4364 2718 4434 primzevo
2778 4365 3151 4435 singulariter
3204 4363 3467 4419 inolitum
3519 4363 3624 4420 sibi

1855 4481 1900 4535 Β
1926 4461 2069 4518 erat,
2100 4469 2213 4508 non
2244 4461 2347 4519 est,
2372 4453 2469 4508 tali
2501 4453 2822 4523 stupefacta
2851 4453 2920 4508 de
2949 4453 3178 4519 nuntio,
3215 4452 3311 4508 sed
3331 4453 3622 4520 jomnimo-

1927 4543 2057 4598 dam
2093 4541 2264 4596 totius
2283 4541 2602 4596 divinitatis
2631 4541 3096 4609 exuberantiam,
3119 4540 3286 4611 quasi
3314 4541 3385 4595 ab
3411 4549 3627 4595 aeterno

1925 4631 2234 4701 cognitam,
2270 4637 2567 4699 gratanter
2621 4630 2864 4698 excepit,
2921 4643 3097 4699 quam
3147 4629 3219 4683 ad
3277 4629 3386 4684 hoc
3435 4629 3625 4698 ipsum

1926 4713 2170 4784 Spiritus
2201 4725 2436 4772 sanctus
2467 4732 2692 4787 semper
2733 4719 3036 4773 imbuerat.

1999 4805 2174 4868 Quam
2216 4808 2476 4860 excellens
2534 4809 2646 4873 fuit
2689 4808 2837 4860 illius
2887 4807 3077 4872 angelo
3125 4821 3396 4860 assensus.
3429 4835 3497 4844 —
3531 4804 3626 4859 Di-

1925 4894 2074 4949 centi
2107 4894 2272 4963 plane
2303 4895 2506 4965 angelo
2543 4910 2555 4948 :
2593 4897 2724 4951 Ecce
2753 4898 3017 4964 concipies
3057 4900 3106 4948 et
3161 4898 3344 4964 paries
3397 4895 3545 4963 (Luc.
3584 4908 3622 4960 ι,

1926 4985 2034 5051 3t),
2074 4997 2400 5052 nunquam,
2426 4984 2713 5053 quomodo
2745 4992 2928 5053 posset
2963 4983 3078 5038 ﬁeri
3113 4983 3250 5054 quia
3283 4983 3474 5038 virum
3510 4997 3627 5037 non

1924 5073 2317 5141 cognoscebat,
2364 5072 2653 5142 objiceret,
2697 5073 2742 5128 si
2784 5087 2842 5128 se
2871 5087 2943 5127 ex
2996 5087 3204 5142 sponso
3245 5086 3418 5142 quem
3460 5071 3616 5126 vide-

1926 5157 2096 5212 batur
2159 5159 2369 5214 habere
2417 5169 2824 5230 concepturam
2883 5163 3072 5217 sciret.
3122 5161 3262 5227 Quis
3305 5174 3442 5230 ergo
3503 5158 3627 5214 istic

1923 5245 2311 5315 conjecturam
2346 5262 2446 5317 pro
2479 5257 2594 5304 tam
2626 5249 2852 5304 insolita
2887 5249 3334 5320 interrogatione
3376 5263 3488 5303 non
3520 5262 3627 5302 su-

1925 5343 2064 5401 mat,
2096 5336 2250 5404 quod
2277 5350 2349 5390 ex
2399 5339 2570 5392 veteri
2597 5337 2876 5393 mirabilis
2907 5340 3106 5408 gratiae
3125 5337 3483 5407 experientia
3513 5335 3627 5389 vir-

1925 5423 2148 5494 ginitati
2196 5433 2485 5494 perpetua
2533 5426 2812 5481 inservire
2855 5427 3176 5496 delegisset,
3206 5441 3337 5496 quae
3368 5439 3440 5480 ex
3485 5438 3625 5492 prte-

1923 5512 2088 5576 senti,
2140 5511 2235 5566 cui
2295 5512 2421 5581 jam
2459 5515 2675 5569 credita
2729 5514 2914 5569 fuerat
2970 5517 3115 5580 viro,
3173 5529 3233 5569 se
3300 5513 3624 5583 parituram

1925 5599 2159 5655 minime
2188 5603 2546 5670 reputasset?
2586 5604 2725 5672 quia
2758 5604 2912 5658 enim
2953 5618 3118 5660 novae
3162 5602 3362 5673 gratiae
3419 5601 3630 5669 princi-

1925 5687 2082 5757 pium
2127 5688 2251 5758 ipsa
2297 5699 2441 5758 erat,
2486 5690 2655 5759 plane
2712 5701 3039 5762 competens
3085 5691 3292 5758 fuerat,
3351 5697 3414 5745 ut
3462 5703 3628 5746 novw
