3956 6404
333 394 436 446 539
1225 389 1282 440 V.
1325 386 1652 442 GUIBERTI
1693 386 1982 442 ABBATlS
2019 385 2074 440 S.
2117 385 2359 440 ΜΔΒΙᾹΞ
2399 385 2490 440 DE
2533 384 2938 440 NOVIGENTO
3752 387 3844 438 5w

331 525 738 596 specialitatem
756 523 1117 595 professionis
1138 523 1543 593 baberet,qua
1577 535 1723 576 novo
1753 519 2028 592 gignendi
2065 523 2114 575 Α
2142 520 2380 589 tissima,
2445 521 2560 576 imo
2600 521 2826 577 cunctis
2875 521 3344 592 prastantissima
3397 522 3678 578 ubertate
3734 521 3846 592 jam

335 629 544 685 genere
574 622 867 670 auctorem
919 613 1093 668 totius
1141 619 1350 666 sancta
1400 611 1668 666 novitatis
1691 618 2024 679 exponeret.
2137 610 2400 679 possidet,
2459 610 2635 665 statui
2689 610 2793 676 illi,
2857 617 2922 666 ut
2989 610 3129 666 mihi
3185 610 3436 677 videtur,
3517 610 3849 680 comparari

332 703 459 759 Non
485 702 664 773 igitur
715 701 957 772 angelus
991 715 1090 756 cor
1141 701 1198 756 in
1231 714 1298 756 ea
1341 700 1483 756 rude
1525 706 1625 754 aut
1675 699 2028 768 imparatum
2136 699 2376 766 valebit;
2429 713 2546 769 quo
2599 699 2727 754 licet
2785 699 3039 755 mortalis
3091 707 3275 755 totum
3325 699 3384 755 in
3441 713 3502 756 se
3561 699 3852 755 continuit

333 792 565 860 reperit,
607 790 700 846 cui
748 790 970 845 cunctis
1003 797 1143 844 tunc
1184 789 1510 844 viventibus
1553 787 1694 842 adeo
1745 787 2032 856 insepara-
2139 787 2292 858 quod
2320 788 2470 842 Deus
2513 796 2615 842 est.
2647 787 2817 842 Aliud
2853 796 2938 842 est
2969 800 3172 857 nempe
3204 787 3263 842 in
3310 802 3429 858 quo
3479 795 3646 842 totus
3696 801 3853 842 rese-

333 879 471 935 bilia
502 879 569 949 [r.
605 878 992 948 insperabilia]
1034 877 1345 940 nuntiavit,
1371 876 1588 946 quibus
1622 882 1780 931 tanto
1807 876 2030 932 fidelius
2137 876 2312 942 derit;
2347 875 2526 943 aliud,
2554 877 2823 946 quamvis
2849 876 3192 942 beatissime,
3225 876 3380 946 quod
3417 874 3852 946 particulariter

335 980 632 1022 assensum
675 966 938 1036 prabuit,
969 971 1187 1034 quanto
1219 964 1476 1019 humana
1522 971 1732 1019 natura
1772 962 2030 1019 eminen-
2140 964 2352 1033 implet.
2393 963 2551 1019 Illam
2601 964 2796 1034 itaque
2827 963 3173 1020 ineffabilem
3208 964 3448 1019 Mariam
3478 979 3556 1020 ex
3574 963 3852 1035 [quadam

335 1055 535 1111 tiorem
565 1054 745 1108 inesse
777 1053 882 1109 sibi
911 1052 1179 1108 affectum
1207 1053 1403 1109 sensit.
2137 1059 2315 1120 parte,
2383 1052 2523 1107 dum
2575 1052 2758 1106 Deum
2802 1051 3069 1120 concipit,
3121 1052 3431 1120 beatiorem
3479 1051 3540 1105 in
3576 1051 3851 1120 prasenti

407 1143 654 1200 Gratiam
684 1142 781 1195 dat
804 1142 944 1196 Deus
973 1144 1177 1194 sanctis
1200 1141 1274 1194 ad
1311 1155 1638 1194 mensuram.
1674 1164 1742 1180 --
1795 1138 1853 1194 in
1902 1139 2030 1196 aliis
2137 1138 2404 1205 dixerim,
2437 1154 2613 1210 quam
2644 1140 2855 1195 existat
2884 1139 2942 1194 in
2969 1139 3186 1202 futuro.
3217 1153 3284 1195 ea
3314 1153 3458 1209 pene
3490 1139 3853 1208 imparitate,

332 1231 546 1288 sanctis
602 1229 888 1284 mentibus
945 1229 1335 1298 spiritualium
1411 1228 1828 1284 charismatum
1881 1233 2028 1281 τεο
2139 1241 2257 1297 qua
2289 1241 2422 1297 pars
2451 1229 2660 1283 distare
2713 1235 2954 1298 putatur
2997 1242 3031 1283 a
3063 1235 3198 1283 toto.
3243 1227 3346 1284 Cui
3395 1242 3660 1296 namque
3717 1242 3855 1297 per-

334 1319 755 1391 particulariter
787 1333 1090 1383 mensura,
1125 1332 1236 1372 non
1270 1316 1653 1387 plenitudincs
1683 1316 1738 1370 in
1768 1316 2030 1385 prasenti
2137 1330 2312 1382 sona,
2361 1324 2567 1386 prater
2623 1317 2811 1382 istam,
2857 1316 3163 1372 attribuas.
3223 1325 3287 1372 ut
3332 1315 3390 1371 in
3445 1330 3514 1372 ea
3563 1317 3728 1372 Deus
3772 1324 3854 1370 to-

331 1408 540 1465 saculo
571 1414 990 1477 prarogantur.
1025 1405 1133 1460 Pro
1163 1421 1279 1476 quo
1317 1420 1347 1461 e
1379 1405 1610 1475 regione
1648 1405 1861 1459 dicitur
1890 1404 2030 1474 quia
2137 1411 2261 1459 tum
2296 1405 2668 1474 personaliter
2710 1404 3056 1460 contulerit?
3109 1404 3190 1460 Ne
3247 1405 3303 1460 in
3357 1404 3556 1461 futuro
3605 1404 3852 1474 quidem

333 1495 391 1550 in
437 1495 632 1550 futuro
673 1494 783 1549 erit
824 1494 974 1548 Deus
1015 1493 1212 1548 omnia
1253 1493 1308 1546 in
1351 1492 1620 1548 omnibus
1664 1493 1720 1560 (I
1755 1493 1872 1547 Cor.
1925 1507 2025 1558 xv,
2137 1494 2403 1562 reperies,
2456 1494 2512 1549 in
2553 1508 2727 1564 quem
2775 1491 3086 1563 coagulum
3132 1493 3435 1548 inaccessa
3467 1492 3629 1548 illius
3665 1493 3852 1561 maje—

331 1586 438 1650 28).
471 1583 524 1639 Si
549 1583 744 1652 itaque
771 1597 930 1638 nunc
958 1582 1016 1636 in
1050 1583 1130 1636 eis
1158 1581 1420 1636 omnium
1450 1580 1735 1636 virtutum
1769 1579 2028 1635 scintilla
2137 1583 2298 1636 statis
2321 1581 2582 1638 effecerit.
2617 1583 2670 1636 Si
2696 1582 2848 1637 enim
2902 1583 3015 1637 Deo
3057 1582 3200 1636 nihil
3249 1590 3333 1636 est
3387 1581 3640 1646 beatius,
3672 1589 3732 1636 et
3776 1581 3852 1634 illi

333 1671 750 1737 interemicant,
791 1679 928 1726 tunc
970 1670 1207 1739 integra
1241 1683 1340 1738 per
1375 1683 1571 1724 omnes
1608 1669 1729 1723 sine
1775 1669 1895 1724 ulla
1941 1668 2029 1724 lu-
2137 1668 2288 1724 beati
2329 1670 2624 1736 dicuntur,
2674 1678 2735 1725 ut
2784 1679 2918 1725 sunt
2983 1683 3266 1740 pauperes
3303 1670 3532 1739 spiritu,
3585 1677 3657 1725 ut
3713 1677 3854 1724 sunt

331 1761 506 1815 minis
536 1758 972 1828 interpolatione
1015 1765 1360 1812 coruscant:
1387 1757 1544 1827 quod
1585 1756 1739 1811 enim
1780 1755 2022 1810 dicitur:
2071 1803 2110 1856 Β
2138 1757 2302 1812 mites
2332 1758 2547 1827 (Matth.
2591 1773 2644 1825 v,
2678 1761 2730 1824 3,
2772 1759 2846 1827 4),
2881 1773 3026 1829 quos
3072 1759 3305 1814 virtutis
3337 1758 3591 1828 alicujus
3631 1758 3853 1828 {splen-

332 1848 551 1904 Nonad
588 1862 893 1900 mensuram
931 1846 1031 1900 dat
1075 1849 1213 1900 Deus
1264 1847 1540 1914 Spiritum
1572 1843 1757 1912 (Joan.
1790 1859 1870 1910 ιιι,
1914 1845 2027 1912 34),
2071 1843 2109 1856 “’
2140 1845 2248 1901 dor
2297 1846 2602 1913 illuminat,
2653 1847 2793 1917 quid
2853 1847 2909 1901 in
2964 1846 3104 1902 calo
3151 1854 3418 1918 terraque
3468 1861 3536 1901 eo
3581 1847 3769 1902 corde
3805 1853 3858 1902 et

334 1936 406 1990 ad
459 1935 667 1990 Filium
725 1934 989 2004 pertinet,
1049 1935 1219 2004 cujus
1279 1941 1433 1989 totus
1487 1932 1728 2002 spiritus
1779 1932 1894 2002 ipse
1923 1940 2024 1988 est.
2139 1941 2342 1989 ventre
2368 1934 2611 2001 felicius,
2646 1949 2764 2005 quo
2799 1949 2858 1990 se
2901 1935 2974 1990 ad
3024 1935 3305 2004 integram
3352 1935 3507 1990 illius
3549 1935 3858 1990 creatricis

333 2023 494 2088 Quod
532 2031 722 2078 autem
775 2022 1092 2092 unicuique
1146 2021 1464 2076 secundum
1506 2020 1791 2090 propriam
1845 2020 2028 2075 virtu-
2138 2022 2398 2076 essentia
2427 2024 2788 2091 omnipotens
2807 2035 3036 2076 summa
3069 2020 3414 2091 coaggerat?

334 2117 466 2172 tem,
490 2111 563 2166 ad
586 2111 692 2165 hoc
724 2109 922 2178 utique
947 2109 1101 2180 quod
1143 2109 1406 2164 fidelibus
1445 2122 1708 2177 superna
1757 2107 2029 2163 distribu-
2211 2109 2610 2178 Objectionibus
2681 2112 2916 2164 occurrit
2998 2116 3206 2163 auctor.
3254 2111 3685 2178 Sapientissima
3765 2126 3859 2180 po-

333 2199 535 2266 tiones,
563 2199 734 2268 juxta
760 2198 1114 2267 Apostolum,
1139 2211 1243 2267 pro
1275 2197 1403 2251 fidei
1438 2209 1711 2251 mensura
1738 2196 2032 2250 donantur
2141 2201 2547 2266 tentissimaque
2593 2199 2859 2267 probatur
2896 2199 3059 2265 Virgo
3117 2198 3293 2252 beata.
3342 2225 3415 2238 —
3451 2196 3559 2252 Sed
3592 2197 3672 2252 ad
3737 2197 3860 2252 hac

335 2287 556 2358 (Ephes.
593 2301 666 2354 ιν,
697 2289 778 2355 7),
826 2286 922 2341 cui
947 2285 1302 2341 simillimum
1327 2292 1412 2340 est
1440 2285 1593 2354 quod
1627 2285 1696 2339 de
1745 2284 2033 2354 incompa-
2133 2284 2256 2356 jam
2286 2287 2580 2356 resipiscat
2610 2288 2861 2354 animus,
2917 2294 2973 2342 et
3019 2285 3197 2355 ipsius
3241 2292 3622 2340 sacrosancta
3677 2299 3859 2354 puer-

332 2374 501 2431 rabili
534 2389 768 2445 prorsus
804 2383 857 2430 et
901 2375 1194 2430 benedicta
1238 2374 1345 2429 hac
1373 2373 1612 2443 Virgine
1650 2379 1706 2428 et
1752 2372 2027 2438 creditur,
2141 2389 2290 2444 pera
2340 2375 2716 2444 ignorantias,
2757 2383 2813 2430 et
2876 2375 3044 2444 quasi
3109 2389 3444 2430 communes
3481 2375 3533 2428 ei
3591 2373 3860 2429 imbecil-

331 2473 386 2522 et
437 2465 807 2535 pradicatur.
867 2463 981 2532 Ipsi
1034 2463 1202 2532 plane
1255 2461 1397 2517 nihil
1445 2463 1517 2517 ad
1572 2475 1904 2516 mensuram
1945 2470 2032 2516 est
2139 2462 2323 2518 litates
2363 2463 2624 2532 objectct.
2675 2463 2837 2518 Dicat
2885 2463 3126 2533 itaque:
3179 2462 3323 2518 Cum
3363 2477 3501 2532 ergo
3554 2463 3685 2531 ipsa
3737 2463 3859 2517 Deo

332 2553 658 2623 prabitum,
707 2567 840 2607 cum
888 2566 1042 2619 eum,
1098 2551 1201 2621 qui
1241 2550 1394 2620 apud
1428 2551 1651 2604 Patrem
1686 2557 1838 2604 totus
1884 2557 2027 2617 erat,
2137 2559 2411 2620 concepto
2445 2553 2640 2606 omnia
2687 2553 2850 2621 pueri
2891 2551 3092 2608 futura
3138 2553 3283 2607 scire
3337 2551 3619 2617 debuerit,
3689 2552 3860 2606 toties

332 2641 510 2712 Virgo
540 2640 817 2696 mirabilis
841 2639 993 2696 intra
1025 2648 1185 2709 septa
1211 2640 1360 2694 uteri
1383 2638 1513 2694 tulit
1542 2645 1746 2694 totum.
2139 2639 2211 2694 ad
2252 2640 2458 2709 Ioseph
2502 2641 2859 2696 edocendum
2902 2640 3143 2710 angelus
3194 2639 3394 2694 vexari
3446 2653 3564 2694 non
3616 2639 3856 2694 debuit.

1005 2728 1231 2784 CAPUT
1272 2727 1342 2782 ΙΙ.
2137 2726 2413 2783 Occurrat
2445 2729 2623 2798 igitur
2657 2737 2893 2784 econtra
2924 2728 3232 2790 memoria,
3266 2727 3422 2798 quod
3462 2726 3536 2782 ab
3579 2727 3854 2782 archan-

405 2818 579 2871 Deum
608 2819 668 2871 in
686 2832 740 2871 se
762 2821 931 2870 totum
963 2817 1401 2870 substantialiter
1423 2816 1687 2868 continuit
1726 2816 1788 2869 B.
1840 2815 2026 2879 Virgo.
2141 2816 2265 2886 gelo
2317 2817 2463 2872 inter
2509 2817 2980 2872 annuntiandum
3029 2817 3260 2883 dicitur,
3328 2818 3510 2870 Virtus
3562 2817 3858 2870 Altissimi

331 2937 400 2946 —
429 2907 612 2976 Super
639 2919 758 2976 qua
793 2919 854 2960 re
883 2906 1122 2974 quastio
1163 2919 1222 2959 se
1266 2903 1434 2958 infert
1463 2904 1621 2958 omni
1671 2903 2030 2972 contempla—
2138 2905 2479 2958 obumbrabit
2532 2906 2636 2960 tibi
2675 2907 2820 2972 (Luc.
2855 2921 2888 2961 ι.
2921 2907 3034 2974 35).
3085 2905 3156 2960 Et
3212 2904 3352 2974 quid
3407 2903 3512 2959 fuit
3553 2904 3706 2959 illud
3751 2905 3857 2959 ob-

332 2994 485 3050 tione
534 2993 892 3064 dignissima.
944 2993 1022 3048 De
1071 2992 1230 3048 nullo
1286 2999 1619 3047 sanctorum
1673 2991 1885 3046 sentire
1926 2998 2028 3047 aut
2138 2993 2430 3060 umbrare,
2483 2994 2588 3048 nisi
2643 2993 2796 3049 illius
2830 2993 3277 3062 incirumscripti
3325 2993 3560 3048 luminis
3600 2991 3860 3048 immen-

331 3082 516 3138 dicere
546 3082 827 3138 audemus
861 3081 1017 3152 quod
1049 3081 1107 3136 in
1139 3081 1236 3136 illa
1267 3080 1630 3136 beatitudine
1656 3081 2024 3150 sempiterna,
2067 3074 2107 3129 C
2135 3081 2357 3137 sitatem
2423 3081 2724 3137 obtutibus
2773 3082 2980 3138 mentis
3021 3081 3328 3137 obtexerc?
3407 3081 3604 3136 Virtus
3680 3082 3860 3150 plane

329 3171 544 3226 nedum
575 3170 633 3224 in
664 3169 771 3224 hac
803 3169 1026 3224 mortali
1061 3168 1200 3236 vita,
1232 3169 1638 3238 cujuscunque
1674 3167 2028 3224 excellentia
2135 3170 2405 3225 Altissimi
2447 3171 2776 3235 obumbrat,
2837 3184 2970 3226 cum
3029 3177 3266 3225 sanctus
3334 3168 3603 3238 Spiritus,
3676 3171 3858 3240 cujus

331 3258 420 3324 sit,
474 3259 655 3313 Deum
702 3257 1156 3328 substantialiter
1207 3265 1389 3313 totum
1440 3257 1498 3311 in
1546 3271 1605 3312 se
1653 3257 1876 3320 habeat,
1921 3256 2028 3312 etsi
2136 3259 2380 3328 speciale
2410 3258 2628 3314 donum
2655 3266 2741 3314 est
2774 3258 3090 3325 humilitas,
3130 3258 3186 3313 in
3235 3258 3856 3328 conspectu_rationis

328 3345 483 3401 enim
515 3346 876 3402 omnisintra
905 3325 1217 3416 quemlibet
1257 3344 1484 3402 virtutis
1511 3346 1806 3414 congeries
1843 3344 2027 3400 inesse
2136 3325 2421 3402 interioris
2472 3345 2667 3417 gloria
2728 3347 3016 3402 claritates
3064 3325 3387 3401 extenuata
3418 3345 3482 3398 In
3523 3325 3852 3414 conspectu

329 3433 730 3504 perfectissime
757 3432 1091 3498 astimetur,
1125 3433 1268 3487 nulli
1303 3440 1493 3487 tamen
1533 3431 1854 3488 divinitatis
1893 3433 2030 3487 uni-
2135 3448 2272 3505 ergo
2321 3434 2415 3490 illo
2458 3435 2610 3490 sicut
2655 3434 2802 3490 nulli
2852 3434 3258 3504 comparabilis
3294 3431 3514 3488 exstitit
3561 3433 3855 3502 dignitas,

328 3523 571 3578 versitas
619 3521 1018 3585 essentialiter,
1083 3527 1147 3576 ut
1201 3527 1286 3575 est
1349 3519 1574 3590 linfusa,
1647 3520 2026 3590 dignoscitur.
2137 3524 2215 3578 ita
2233 3523 2534 3593 dignitatis
2561 3523 2868 3592 potentiam
2906 3537 3022 3577 non
3065 3521 3361 3577 dissimilis
3409 3521 3536 3576 aliis
3577 3521 3852 3577 obnubi-

330 3610 488 3674 Quod
515 3610 730 3680 quippe
754 3609 966 3664 dicitur
989 3607 1254 3664 futurum
1294 3609 1475 3664 Deum
1518 3609 1713 3664 omnia
1751 3609 1810 3663 in
1844 3609 2030 3664 omni-
2134 3607 2278 3665 lavit
2309 3610 2634 3666 infirmitas.
2687 3611 2849 3667 Unde
2891 3619 2947 3666 et
2995 3609 3132 3666 alibi
3187 3611 3432 3665 dicitur:
3491 3611 3636 3664 Pone
3684 3627 3857 3680 quasi

331 3698 461 3765 bus,
512 3697 654 3752 nihil
694 3696 854 3752 aliud
895 3704 999 3763 est,
1057 3697 1166 3752 nisi
1201 3697 1354 3766 quod
1403 3699 1572 3763 Deus,
1617 3697 1718 3766 qui
1767 3711 2030 3767 quosque
2133 3703 2340 3754 noctem
2387 3701 2635 3754 umbram
2679 3705 2828 3753 tuam
2879 3700 3029 3766 (lsai.
3081 3713 3196 3766 xvi,
3245 3697 3320 3768 3).
3380 3697 3574 3764 Quasi,
3625 3697 3853 3768 inquit,

329 3793 558 3843 sanctos
588 3799 688 3856 per
713 3785 973 3856 singulas
1000 3799 1264 3856 quasque
1295 3785 1543 3841 virtutes
1573 3785 1634 3840 in
1675 3784 1783 3840 hoc
1813 3787 2030 3842 mundo
2137 3803 2253 3844 non
2286 3803 2434 3855 vere,
2470 3803 2583 3843 non
2609 3788 2764 3843 enim
2803 3801 2919 3857 quo
2951 3788 3228 3852 lucemus,
3277 3785 3373 3840 sed
3403 3799 3518 3854 quo
3565 3787 3852 3842 tenebra-

329 3873 612 3942 nobilitat,
681 3881 821 3930 tunc
886 3873 1186 3929 universos
1260 3872 1635 3929 universitate
1707 3872 2028 3943 gratiarum
2138 3877 2646 3934 scimusdebemus
2667 3875 2978 3932 attendere.
3008 3875 3132 3932 Non
3187 3874 3366 3945 igitur
3409 3872 3648 3928 forsitan
3687 3875 3858 3944 quid-

331 3962 723 4032 perfundendo
775 3961 1091 4018 collustrat.
1135 3961 1309 4018 Aliud
1364 3975 1502 4031 ergo
1563 3969 1646 4016 est
1709 3961 2030 4016 exuberare
2135 3966 2288 4035 piam
2329 3966 2594 4037 ignorare
2633 3965 2839 4034 potuit,
2883 3978 3015 4034 qua
3063 3963 3242 4019 Deum
3281 3961 3474 4017 omnia
3522 3963 3854 4031 sapientem

328 4051 534 4122 gratia,
597 4050 755 4106 aliud
809 4049 1171 4106 ineffabiliter
1212 4049 1776 4119 incomprehensibili
1826 4049 2029 4119 repleri
2137 4053 2365 4125 genuit;
2397 4068 2528 4124 qua
2561 4061 2752 4109 tamen
2781 4061 2837 4108 et
2879 4052 3181 4123 sapientia,
3237 4052 3567 4121 pariterque
3603 4064 3684 4105 ex
3739 4052 3853 4106 Deo

327 4139 670 4196 substantia.
715 4137 852 4206 Qua
897 4145 1148 4208 utraque
1199 4137 1570 4208 singulariter
1609 4137 1905 4194 benedicta
1959 4139 2030 4194 de
2133 4142 2295 4198 carni
2326 4157 2446 4197 sua
2477 4141 2639 4197 unito
2662 4141 2934 4211 potentia,
2966 4146 3128 4194 tanta
3147 4138 3571 4208 dispensatione
3608 4137 3850 4194 delituit

331 4241 449 4298 qua
481 4227 710 4298 agimus
741 4226 955 4282 femina
979 4225 1059 4281 sic
1091 4225 1294 4282 habuit
1332 4233 1397 4281 ut
1425 4233 1480 4281 et
1508 4225 1863 4296 plenitudine
1897 4240 2030 4296 gra-
2137 4239 2201 4288 ut
2223 4231 2333 4287 sibi
2356 4245 2458 4286 nec
2483 4229 2647 4296 seire,
2686 4244 2792 4285 nec
2822 4243 2984 4299 posse
3026 4229 3262 4293 deesset,
3312 4240 3444 4282 cum
3495 4233 3694 4282 tamen
3746 4242 3848 4296 op-

331 4315 424 4370 tia
469 4315 840 4380 redundaret,
901 4323 956 4370 et
1004 4313 1564 4384 incircumscriptum
1631 4315 1780 4370 inter
1830 4329 2030 4370 omnes

330 4411 628 4460 creaturas
677 4403 819 4470 sola,
864 4417 977 4459 non
1028 4402 1084 4458 in
1126 4417 1230 4457 suo
1279 4402 1654 4467 solummodo,
1699 4411 1764 4460 ut
1812 4403 2024 4471 cateri,

2138 4327 2384 4388 portuno
2443 4317 2684 4388 tempori
2752 4316 2980 4372 interim
3030 4318 3216 4372 virtus
3264 4321 3521 4370 contecta
3569 4316 3844 4381 serviret,

2135 4409 2282 4464 sicut
2301 4406 2455 4462 enim
2497 4407 2556 4460 in
2610 4419 2786 4475 puero
2841 4407 2976 4460 .lesu
3017 4403 3318 4474 sapientia,
3373 4410 3511 4458 atas
3549 4409 3606 4457 et
3649 4403 3846 4472 gratia

330 4505 590 4557 munere,
618 4492 715 4547 sed
749 4499 928 4548 totum
962 4491 1020 4547 in
1051 4491 1238 4560 seipso
1270 4499 1542 4561 portaret.
2136 4495 2292 4565 apud
2330 4495 2509 4550 Deum
2542 4501 2597 4548 et
2637 4493 2896 4547 homines
2943 4491 3287 4562 pedetentim
3315 4490 3532 4546 coaluit
3563 4491 3724 4558 (Luc.
3783 4507 3844 4557 ιι,

399 4583 591 4637 Status
623 4583 797 4650 ipsius
829 4585 884 4635 in
918 4583 1020 4636 hac
1058 4582 1281 4635 mortali
1311 4584 1428 4634 vita
1465 4583 1814 4650 praestantior
1863 4597 2028 4651 quam
2137 4585 2248 4652 52),
2285 4585 2363 4639 ita
2397 4592 2451 4639 et
2484 4585 2540 4637 in
2588 4589 2790 4646 matre,
2820 4581 3176 4636 exolescente
3221 4579 3382 4646 Filio,
3418 4585 3473 4634 et
3502 4579 3846 4648 propalante

329 4673 388 4724 in
421 4670 563 4724 caelo.
613 4699 682 4710 -——
721 4669 881 4726 Unde
918 4670 1222 4741 quaritur,
1269 4677 1324 4724 et
1372 4669 1536 4725 nobis
1590 4669 1780 4724 debita
1829 4669 2029 4726 humi-
2136 4687 2237 4742 per
2275 4673 2596 4728 doctrinam
2639 4677 2694 4725 et
2733 4669 2900 4740 signa
2943 4669 3098 4739 quod
3135 4675 3282 4733 erat,
3328 4667 3616 4738 quidquid
3664 4667 3730 4722 in
3778 4683 3845 4723 ea

329 4759 485 4815 litate
514 4767 804 4828 pensatur,
834 4770 1032 4815 utrum
1061 4759 1587 4814 sacrosanctissima
1625 4758 1721 4813 illa
1761 4758 1820 4812 in
1870 4773 2027 4814 mor—
2135 4767 2344 4829 prater
2369 4767 2642 4814 naturam
2687 4759 2902 4813 factum
2938 4757 3321 4818 nesciebatur,
3373 4757 3671 4825 apparuit.
3715 4758 3845 4812 Pro-

330 4849 540 4905 talibus
591 4849 782 4904 adhuc
829 4849 1140 4904 constituta
1177 4847 1468 4913 membris,
1521 4847 1704 4903 Deum
1749 4847 2028 4917 gestando
2133 4863 2297 4905 cessu
2324 4861 2462 4903 sane
2511 4848 2798 4916 temporis,
2845 4854 2900 4902 et
2954 4854 3152 4915 coepta
3195 4844 3504 4900 efficientia
3545 4844 3846 4913 dispensa-

329 4937 458 5005 plus
493 4937 776 5004 habuerit,
808 4951 982 5006 quam
1026 4951 1184 4992 nunc
1213 4935 1421 4990 habeat
1460 4935 1576 4990 filio
1614 4936 1670 4990 in
1707 4936 2028 4992 caelestibus
2133 4937 2323 5004 tionis,
2354 4944 2408 4991 et
2436 4935 2634 4991 matris
2678 4934 3056 4999 imbecillitas,
3095 4941 3149 4989 et
3191 4933 3311 4989 nati
3357 4931 3696 5002 ignobilitas
3751 4934 3848 4988 mi-

329 5025 723 5094 coregnando;
765 5025 918 5093 quod
963 5025 1132 5094 plane
1165 5023 1248 5078 sic
1289 5038 1451 5094 posse
1483 5023 1682 5079 sentiri
1730 5024 1852 5078 sine
1884 5038 2025 5094 pra-
2134 5025 2299 5082 rabili
2343 5025 2745 5094 mysteriorum
2808 5021 3153 5079 revelatione
3207 5020 3512 5092 perpatuit.
3579 5019 3844 5086 Quodam

326 5111 545 5183 judicio
589 5111 980 5182 intelligentia
1026 5111 1264 5168 verioris
1301 5113 1584 5175 existimo,
1619 5113 1773 5182 quod
1806 5112 1861 5168 in
1901 5127 2026 5168 cor-
2133 5113 2384 5184 denique
2429 5112 2594 5168 modo
2635 5110 2825 5182 fragili
2859 5109 3026 5166 sexui
3075 5117 3130 5165 et
3167 5109 3342 5178 atati,
3392 5108 3437 5164 si
3496 5108 3689 5163 dicere
3741 5123 3846 5164 au-

332 5197 588 5266 ruptibili
611 5212 786 5254 carne
825 5199 1005 5254 multo
1033 5199 1218 5268 magis
1249 5199 1380 5268 plus
1409 5201 1698 5269 habuerit,
1727 5215 1859 5257 cum
1901 5201 2030 5270 ple-
2134 5201 2320 5266 deam,
2370 5199 2608 5256 lubrica
2660 5213 2894 5268 parsum
2945 5211 3119 5266 super
3178 5196 3282 5251 isto
3337 5203 3630 5266 putamus,
3702 5197 3845 5252 dum

331 5285 536 5342 nitudo
575 5285 896 5342 divinitatis
935 5287 994 5342 in
1035 5302 1097 5342 se
1143 5289 1516 5358 corporaliter
1565 5289 1850 5346 habitaret
1889 5290 2024 5359 (Col.
2135 5297 2197 5345 ut
2227 5291 2411 5345 virtus
2468 5288 2775 5344 immodica
2807 5288 2865 5342 in
2896 5285 3090 5342 animo
3137 5284 3365 5340 tolerari
3429 5283 3684 5352 potuerit
3727 5298 3847 5339 cor-

331 5388 390 5442 ιι,
444 5375 522 5441 9),
574 5387 753 5444 quam
792 5389 950 5430 nunc
1004 5375 1232 5443 habeat,
1293 5375 1422 5432 licet
1479 5377 1693 5433 christo
1737 5392 1841 5432 suo
1901 5390 2024 5432 cor-
2134 5379 2292 5448 poris
2351 5377 2648 5442 tenuitate,
2703 5376 2812 5431 sub
2878 5382 3127 5445 egestate
3185 5372 3511 5436 domestica,
3586 5372 3845 5429 scientia

331 5469 550 5534 regnet,
599 5463 868 5532 quamvis
912 5465 1066 5520 enim
1095 5463 1364 5521 omnibus
1415 5466 1702 5535 potentius
1745 5465 2028 5522 creaturis
2132 5466 2403 5531 etiamet
2431 5465 2729 5520 exterioris
2765 5462 3218 5519 conversationis
3273 5459 3644 5530 generalitate
3695 5469 3845 5517 tem—

332 5550 572 5608 feliciter
625 5550 873 5608 vivendo
908 5552 1236 5622 pcrsentiat,
1281 5567 1397 5608 non
1442 5561 1632 5610 tamen
1677 5553 1838 5621 illud,
1869 5553 2027 5624 quod
2135 5562 2395 5626 peratur.

334 5642 395 5700 in
423 5641 592 5699 modo
619 5641 881 5700 omnium
907 5643 1232 5716 gratiarum
1261 5655 1329 5700 ac
1352 5643 1670 5716 gloriarum
1715 5643 2028 5700 abundan-
2209 5643 2429 5699 Exacto
2485 5639 2681 5712 itaque
2726 5653 2764 5696 a
2787 5638 3088 5712 temporali
3129 5635 3360 5694 miseria
3411 5635 3573 5704 Filio,
3613 5643 3676 5694 et
3725 5638 3848 5710 glo-
