  <div class='ocr_page' id='page_1' title='image "/cluster/home/n/w/nwhite01/storage/ocr_20150623/156-157/uc1.31175010662024/276.png"; bbox 0 0 3956 6432; ppageno 0'>
   <div class='ocr_carea' id='block_1_1' title="bbox 63 399 174 452">
    <p class='ocr_par' dir='ltr' id='par_1_1' title="bbox 63 399 174 452">
     <span class='ocr_line' id='line_1_1' title="bbox 63 399 174 452; baseline 0.045 -4"><span class='ocrx_word' id='word_1_1' title='bbox 63 399 174 452; x_wconf 73' lang='grc'><strong>541</strong></span> 
     </span>
    </p>
   </div>
   <div class='ocr_carea' id='block_1_2' title="bbox 1447 402 2221 461">
    <p class='ocr_par' dir='ltr' id='par_1_2' title="bbox 1447 402 2221 461">
     <span class='ocr_line' id='line_1_2' title="bbox 1447 402 2221 461; baseline 0.003 -5"><span class='ocrx_word' id='word_1_2' title='bbox 1447 402 1539 457; x_wconf 82' lang='lat' dir='ltr'><strong>DE</strong></span> <span class='ocrx_word' id='word_1_3' title='bbox 1578 402 1808 461; x_wconf 81' lang='lat' dir='ltr'><strong>LAUDE</strong></span> <span class='ocrx_word' id='word_1_4' title='bbox 1846 402 1904 460; x_wconf 89' lang='lat' dir='ltr'><strong>S.</strong></span> <span class='ocrx_word' id='word_1_5' title='bbox 1948 402 2221 460; x_wconf 70' lang='lat' dir='ltr'><strong>MARIE.</strong></span> 
     </span>
    </p>
   </div>
   <div class='ocr_carea' id='block_1_3' title="bbox 3499 414 3601 468">
    <p class='ocr_par' dir='ltr' id='par_1_3' title="bbox 3499 414 3601 468">
     <span class='ocr_line' id='line_1_3' title="bbox 3499 414 3601 468; baseline -0.01 0"><span class='ocrx_word' id='word_1_6' title='bbox 3499 414 3601 468; x_wconf 79' lang='grc'><strong>542</strong></span> 
     </span>
    </p>
   </div>
   <div class='ocr_carea' id='block_1_4' title="bbox 61 528 3602 609">
    <p class='ocr_par' dir='ltr' id='par_1_4' title="bbox 61 528 3602 609">
     <span class='ocr_line' id='line_1_4' title="bbox 61 528 3602 609; baseline 0.005 -26"><span class='ocrx_word' id='word_1_7' title='bbox 61 528 241 586; x_wconf 91' lang='lat' dir='ltr'><strong>riosa</strong></span> <span class='ocrx_word' id='word_1_8' title='bbox 273 530 454 587; x_wconf 79' lang='lat' dir='ltr'><strong>Mater</strong></span> <span class='ocrx_word' id='word_1_9' title='bbox 483 531 739 591; x_wconf 87' lang='lat' dir='ltr'><strong>ﬁdelium</strong></span> <span class='ocrx_word' id='word_1_10' title='bbox 765 533 1028 591; x_wconf 86' lang='lat' dir='ltr'><strong>omnium</strong></span> <span class='ocrx_word' id='word_1_11' title='bbox 1058 532 1323 604; x_wconf 84' lang='lat' dir='ltr'><strong>opinione</strong></span> <span class='ocrx_word' id='word_1_12' title='bbox 1362 534 1640 591; x_wconf 76' lang='lat' dir='ltr'><strong>eximitur</strong></span> <span class='ocrx_word' id='word_1_13' title='bbox 1668 550 1681 589; x_wconf 88' lang='lat'><em>:</em></span> <span class='ocrx_word' id='word_1_14' title='bbox 1725 543 1783 592; x_wconf 91' lang='lat' dir='ltr'><strong>et</strong></span> <span class='ocrx_word' id='word_1_15' title='bbox 1818 538 1867 591; x_wconf 74' lang='grc' dir='ltr'>Α</span> <span class='ocrx_word' id='word_1_16' title='bbox 1893 550 2007 592; x_wconf 91' lang='lat' dir='ltr'><strong>nus</strong></span> <span class='ocrx_word' id='word_1_17' title='bbox 2034 551 2208 606; x_wconf 87' lang='lat' dir='ltr'><strong>quem</strong></span> <span class='ocrx_word' id='word_1_18' title='bbox 2245 538 2379 604; x_wconf 79' lang='lat' dir='ltr'><strong>fecit</strong></span> <span class='ocrx_word' id='word_1_19' title='bbox 2406 539 2665 595; x_wconf 83' lang='lat' dir='ltr'><strong>Salomon</strong></span> <span class='ocrx_word' id='word_1_20' title='bbox 2693 540 2760 593; x_wconf 87' lang='lat' dir='ltr'><strong>de</strong></span> <span class='ocrx_word' id='word_1_21' title='bbox 2788 541 2942 596; x_wconf 83' lang='lat' dir='ltr'><strong><em>ebore</em></strong></span> <span class='ocrx_word' id='word_1_22' title='bbox 2974 542 3259 609; x_wconf 83' lang='lat' dir='ltr'><strong>grandem,</strong></span> <span class='ocrx_word' id='word_1_23' title='bbox 3290 528 3349 597; x_wconf 75' lang='grc' dir='ltr'><em>εἴ</em></span> <span class='ocrx_word' id='word_1_24' title='bbox 3385 547 3602 600; x_wconf 81' lang='lat' dir='ltr'><strong>vestivit</strong></span> 
     </span>
    </p>
   </div>
   <div class='ocr_carea' id='block_1_5' title="bbox 60 619 1787 693">
    <p class='ocr_par' dir='ltr' id='par_1_5' title="bbox 60 619 1787 693">
     <span class='ocr_line' id='line_1_5' title="bbox 60 619 1787 693; baseline 0.003 -20"><span class='ocrx_word' id='word_1_25' title='bbox 60 619 270 686; x_wconf 87' lang='lat' dir='ltr'><strong>potuit</strong></span> <span class='ocrx_word' id='word_1_26' title='bbox 299 620 584 690; x_wconf 90' lang='lat' dir='ltr'><strong>siquidem</strong></span> <span class='ocrx_word' id='word_1_27' title='bbox 618 621 744 691; x_wconf 87' lang='lat' dir='ltr'><strong>ipsa</strong></span> <span class='ocrx_word' id='word_1_28' title='bbox 768 621 979 677; x_wconf 84' lang='lat' dir='ltr'><strong>similia</strong></span> <span class='ocrx_word' id='word_1_29' title='bbox 1030 622 1194 678; x_wconf 91' lang='lat' dir='ltr'><strong>nobis</strong></span> <span class='ocrx_word' id='word_1_30' title='bbox 1245 623 1380 693; x_wconf 90' lang='lat' dir='ltr'><strong>pati,</strong></span> <span class='ocrx_word' id='word_1_31' title='bbox 1431 631 1486 679; x_wconf 91' lang='lat' dir='ltr'><strong>et</strong></span> <span class='ocrx_word' id='word_1_32' title='bbox 1532 624 1787 693; x_wconf 91' lang='lat' dir='ltr'><strong>corporis</strong></span> 
     </span>
    </p>
   </div>
   <div class='ocr_carea' id='block_1_6' title="bbox 58 706 1787 782">
    <p class='ocr_par' dir='ltr' id='par_1_6' title="bbox 58 706 1787 782">
     <span class='ocr_line' id='line_1_6' title="bbox 58 706 1787 782; baseline 0.003 -20"><span class='ocrx_word' id='word_1_33' title='bbox 58 706 379 764; x_wconf 87' lang='lat' dir='ltr'><strong>obstaculo</strong></span> <span class='ocrx_word' id='word_1_34' title='bbox 408 709 482 765; x_wconf 91' lang='lat' dir='ltr'><strong>ah</strong></span> <span class='ocrx_word' id='word_1_35' title='bbox 528 709 858 766; x_wconf 91' lang='lat' dir='ltr'><strong>omnimoda</strong></span> <span class='ocrx_word' id='word_1_36' title='bbox 881 710 1137 779; x_wconf 86' lang='lat' dir='ltr'><strong>scientia,</strong></span> <span class='ocrx_word' id='word_1_37' title='bbox 1170 711 1326 782; x_wconf 92' lang='lat' dir='ltr'><strong>quod</strong></span> <span class='ocrx_word' id='word_1_38' title='bbox 1366 713 1517 768; x_wconf 85' lang='lat' dir='ltr'><strong>Deus</strong></span> <span class='ocrx_word' id='word_1_39' title='bbox 1554 720 1656 779; x_wconf 90' lang='lat' dir='ltr'><strong>est,</strong></span> <span class='ocrx_word' id='word_1_40' title='bbox 1693 714 1787 768; x_wconf 88' lang='lat' dir='ltr'><strong>in-</strong></span> 
     </span>
    </p>
   </div>
   <div class='ocr_carea' id='block_1_7' title="bbox 60 797 1789 871">
    <p class='ocr_par' dir='ltr' id='par_1_7' title="bbox 60 797 1789 871">
     <span class='ocr_line' id='line_1_7' title="bbox 60 797 1789 871; baseline 0.003 -20"><span class='ocrx_word' id='word_1_41' title='bbox 60 797 350 865; x_wconf 90' lang='lat' dir='ltr'><strong>tercludi,</strong></span> <span class='ocrx_word' id='word_1_42' title='bbox 382 806 437 853; x_wconf 90' lang='lat' dir='ltr'><strong>et</strong></span> <span class='ocrx_word' id='word_1_43' title='bbox 467 798 622 855; x_wconf 92' lang='lat' dir='ltr'><strong>unde</strong></span> <span class='ocrx_word' id='word_1_44' title='bbox 652 806 843 855; x_wconf 89' lang='lat' dir='ltr'><strong>tamen</strong></span> <span class='ocrx_word' id='word_1_45' title='bbox 878 801 1377 869; x_wconf 84' lang='lat' dir='ltr'><strong>Intercluderetur,</strong></span> <span class='ocrx_word' id='word_1_46' title='bbox 1421 802 1515 857; x_wconf 91' lang='lat' dir='ltr'><strong>cui</strong></span> <span class='ocrx_word' id='word_1_47' title='bbox 1562 816 1789 871; x_wconf 82' lang='lat' dir='ltr'><strong>semper</strong></span> 
     </span>
    </p>
   </div>
   <div class='ocr_carea' id='block_1_8' title="bbox 61 886 1789 959">
    <p class='ocr_par' dir='ltr' id='par_1_8' title="bbox 61 886 1789 959">
     <span class='ocr_line' id='line_1_8' title="bbox 61 886 1789 959; baseline 0.003 -20"><span class='ocrx_word' id='word_1_48' title='bbox 61 886 307 957; x_wconf 82' lang='lat' dir='ltr'><strong>absque</strong></span> <span class='ocrx_word' id='word_1_49' title='bbox 346 886 522 943; x_wconf 90' lang='lat' dir='ltr'><strong>dubio</strong></span> <span class='ocrx_word' id='word_1_50' title='bbox 566 888 719 957; x_wconf 90' lang='lat' dir='ltr'><strong>quod</strong></span> <span class='ocrx_word' id='word_1_51' title='bbox 775 897 1074 958; x_wconf 89' lang='lat' dir='ltr'><strong>pepererat</strong></span> <span class='ocrx_word' id='word_1_52' title='bbox 1118 889 1541 959; x_wconf 71' lang='lat' dir='ltr'><strong>praescriptum,</strong></span> <span class='ocrx_word' id='word_1_53' title='bbox 1596 891 1789 946; x_wconf 90' lang='lat' dir='ltr'><strong>animo</strong></span> 
     </span>
    </p>
   </div>
   <div class='ocr_carea' id='block_1_9' title="bbox 65 975 1788 1045">
    <p class='ocr_par' dir='ltr' id='par_1_9' title="bbox 65 975 1788 1045">
     <span class='ocr_line' id='line_1_9' title="bbox 65 975 1788 1045; baseline 0.003 -17"><span class='ocrx_word' id='word_1_54' title='bbox 65 975 434 1031; x_wconf 88' lang='lat' dir='ltr'><strong>tenebatur?</strong></span> <span class='ocrx_word' id='word_1_55' title='bbox 495 975 550 1031; x_wconf 90' lang='lat' dir='ltr'><strong>Si</strong></span> <span class='ocrx_word' id='word_1_56' title='bbox 607 982 838 1045; x_wconf 75' lang='lat' dir='ltr'><strong>propter</strong></span> <span class='ocrx_word' id='word_1_57' title='bbox 883 976 975 1032; x_wconf 92' lang='lat' dir='ltr'><strong>sui</strong></span> <span class='ocrx_word' id='word_1_58' title='bbox 1046 977 1519 1045; x_wconf 87' lang='lat' dir='ltr'><strong>exinanitionem,</strong></span> <span class='ocrx_word' id='word_1_59' title='bbox 1593 978 1788 1033; x_wconf 71' lang='lat' dir='ltr'><strong>formae</strong></span> 
     </span>
    </p>
   </div>
   <div class='ocr_carea' id='block_1_10' title="bbox 58 1064 1790 1136">
    <p class='ocr_par' dir='ltr' id='par_1_10' title="bbox 58 1064 1790 1136">
     <span class='ocr_line' id='line_1_10' title="bbox 58 1064 1790 1136; baseline 0.003 -20"><span class='ocrx_word' id='word_1_60' title='bbox 58 1064 237 1117; x_wconf 80' lang='lat' dir='ltr'><strong>servi</strong></span> <span class='ocrx_word' id='word_1_61' title='bbox 282 1064 690 1133; x_wconf 86' lang='lat' dir='ltr'><strong>acceptionem,</strong></span> <span class='ocrx_word' id='word_1_62' title='bbox 737 1065 927 1120; x_wconf 92' lang='lat' dir='ltr'><strong>crucis</strong></span> <span class='ocrx_word' id='word_1_63' title='bbox 969 1065 1349 1122; x_wconf 85' lang='lat' dir='ltr'><strong>obeditionem</strong></span> <span class='ocrx_word' id='word_1_64' title='bbox 1399 1080 1574 1136; x_wconf 90' lang='lat' dir='ltr'><strong>super</strong></span> <span class='ocrx_word' id='word_1_65' title='bbox 1619 1080 1790 1122; x_wconf 90' lang='lat' dir='ltr'><strong>omne</strong></span> 
     </span>
    </p>
   </div>
   <div class='ocr_carea' id='block_1_11' title="bbox 59 1152 1791 1224">
    <p class='ocr_par' dir='ltr' id='par_1_11' title="bbox 59 1152 1791 1224">
     <span class='ocr_line' id='line_1_11' title="bbox 59 1152 1791 1224; baseline 0.002 -18"><span class='ocrx_word' id='word_1_66' title='bbox 59 1164 294 1207; x_wconf 86' lang='lat' dir='ltr'>nomen</span> <span class='ocrx_word' id='word_1_67' title='bbox 324 1152 619 1209; x_wconf 88' lang='lat' dir='ltr'><strong>exaltatur</strong></span> <span class='ocrx_word' id='word_1_68' title='bbox 651 1153 854 1219; x_wconf 89' lang='lat' dir='ltr'><strong>Filius,</strong></span> <span class='ocrx_word' id='word_1_69' title='bbox 888 1168 1021 1211; x_wconf 90' lang='lat' dir='ltr'><strong>cum</strong></span> <span class='ocrx_word' id='word_1_70' title='bbox 1049 1154 1177 1224; x_wconf 88' lang='lat' dir='ltr'><strong>ejus</strong></span> <span class='ocrx_word' id='word_1_71' title='bbox 1211 1156 1592 1211; x_wconf 72' lang='lat' dir='ltr'><strong>contumelias</strong></span> <span class='ocrx_word' id='word_1_72' title='bbox 1639 1160 1791 1209; x_wconf 59' lang='grc' dir='ltr'><strong>τευ</strong></span> 
     </span>
    </p>
   </div>
   <div class='ocr_carea' id='block_1_12' title="bbox 58 1243 1791 1314">
    <p class='ocr_par' dir='ltr' id='par_1_12' title="bbox 58 1243 1791 1314">
     <span class='ocr_line' id='line_1_12' title="bbox 58 1243 1791 1314; baseline 0.004 -20"><span class='ocrx_word' id='word_1_73' title='bbox 58 1248 123 1294; x_wconf 90' lang='lat' dir='ltr'><strong>et</strong></span> <span class='ocrx_word' id='word_1_74' title='bbox 205 1250 448 1298; x_wconf 90' lang='lat' dir='ltr'><strong>mortem</strong></span> <span class='ocrx_word' id='word_1_75' title='bbox 518 1250 817 1299; x_wconf 90' lang='lat' dir='ltr'><strong>maternus</strong></span> <span class='ocrx_word' id='word_1_76' title='bbox 887 1243 1253 1299; x_wconf 88' lang='lat' dir='ltr'><strong>dissimulare</strong></span> <span class='ocrx_word' id='word_1_77' title='bbox 1326 1258 1441 1300; x_wconf 91' lang='lat' dir='ltr'><strong>non</strong></span> <span class='ocrx_word' id='word_1_78' title='bbox 1516 1245 1791 1314; x_wconf 89' lang='lat' dir='ltr'><strong>potuisset</strong></span> 
     </span>
    </p>
   </div>
   <div class='ocr_carea' id='block_1_13' title="bbox 61 1329 1792 1402">
    <p class='ocr_par' dir='ltr' id='par_1_13' title="bbox 61 1329 1792 1402">
     <span class='ocr_line' id='line_1_13' title="bbox 61 1329 1792 1402; baseline 0.002 -18"><span class='ocrx_word' id='word_1_79' title='bbox 61 1329 343 1398; x_wconf 84' lang='lat' dir='ltr'><strong>affectus,</strong></span> <span class='ocrx_word' id='word_1_80' title='bbox 375 1346 597 1401; x_wconf 90' lang='lat' dir='ltr'><strong>suppar</strong></span> <span class='ocrx_word' id='word_1_81' title='bbox 625 1331 880 1402; x_wconf 89' lang='lat' dir='ltr'><strong>quodam</strong></span> <span class='ocrx_word' id='word_1_82' title='bbox 914 1333 1079 1389; x_wconf 91' lang='lat' dir='ltr'><strong>modo</strong></span> <span class='ocrx_word' id='word_1_83' title='bbox 1111 1332 1251 1388; x_wconf 90' lang='lat' dir='ltr'><strong>Filio</strong></span> <span class='ocrx_word' id='word_1_84' title='bbox 1295 1333 1467 1388; x_wconf 88' lang='lat' dir='ltr'><strong>matri</strong></span> <span class='ocrx_word' id='word_1_85' title='bbox 1519 1333 1792 1389; x_wconf 88' lang='lat' dir='ltr'><strong>successit</strong></span> 
     </span>
    </p>
   </div>
   <div class='ocr_carea' id='block_1_14' title="bbox 58 1417 1791 1491">
    <p class='ocr_par' dir='ltr' id='par_1_14' title="bbox 58 1417 1791 1491">
     <span class='ocr_line' id='line_1_14' title="bbox 58 1417 1791 1491; baseline 0.002 -18"><span class='ocrx_word' id='word_1_86' title='bbox 58 1417 339 1474; x_wconf 80' lang='lat' dir='ltr'><strong>effectus.</strong></span> <span class='ocrx_word' id='word_1_87' title='bbox 374 1418 531 1474; x_wconf 88' lang='lat' dir='ltr'><strong>Sicut</strong></span> <span class='ocrx_word' id='word_1_88' title='bbox 559 1419 712 1475; x_wconf 92' lang='lat' dir='ltr'><strong>enim</strong></span> <span class='ocrx_word' id='word_1_89' title='bbox 745 1420 990 1489; x_wconf 81' lang='lat' dir='ltr'><strong>gloriam</strong></span> <span class='ocrx_word' id='word_1_90' title='bbox 1037 1420 1097 1475; x_wconf 92' lang='lat' dir='ltr'><strong>in</strong></span> <span class='ocrx_word' id='word_1_91' title='bbox 1144 1420 1284 1476; x_wconf 89' lang='lat' dir='ltr'><strong>Filio</strong></span> <span class='ocrx_word' id='word_1_92' title='bbox 1337 1421 1622 1491; x_wconf 57' lang='lat' dir='ltr'><strong>praecessit</strong></span> <span class='ocrx_word' id='word_1_93' title='bbox 1674 1421 1791 1477; x_wconf 88' lang='lat' dir='ltr'><strong>hu-</strong></span> 
     </span>
    </p>
   </div>
   <div class='ocr_carea' id='block_1_15' title="bbox 60 1506 1792 1580">
    <p class='ocr_par' dir='ltr' id='par_1_15' title="bbox 60 1506 1792 1580">
     <span class='ocr_line' id='line_1_15' title="bbox 60 1506 1792 1580; baseline 0.002 -18"><span class='ocrx_word' id='word_1_94' title='bbox 60 1506 318 1573; x_wconf 88' lang='lat' dir='ltr'><strong>militas,</strong></span> <span class='ocrx_word' id='word_1_95' title='bbox 348 1508 428 1562; x_wconf 92' lang='lat' dir='ltr'><strong>sic</strong></span> <span class='ocrx_word' id='word_1_96' title='bbox 468 1507 667 1563; x_wconf 81' lang='lat' dir='ltr'><strong>Matris</strong></span> <span class='ocrx_word' id='word_1_97' title='bbox 709 1508 1116 1576; x_wconf 87' lang='lat' dir='ltr'><strong>humilitatem,</strong></span> <span class='ocrx_word' id='word_1_98' title='bbox 1165 1524 1300 1580; x_wconf 74' lang='lat' dir='ltr'><strong>quae</strong></span> <span class='ocrx_word' id='word_1_99' title='bbox 1349 1510 1712 1566; x_wconf 85' lang='lat' dir='ltr'><strong>redundabat</strong></span> <span class='ocrx_word' id='word_1_100' title='bbox 1757 1524 1792 1565; x_wconf 89' lang='lat' dir='ltr'><strong>a</strong></span> 
     </span>
    </p>
   </div>
   <div class='ocr_carea' id='block_1_16' title="bbox 62 1596 1789 1670">
    <p class='ocr_par' dir='ltr' id='par_1_16' title="bbox 62 1596 1789 1670">
     <span class='ocr_line' id='line_1_16' title="bbox 62 1596 1789 1670; baseline 0.001 -18"><span class='ocrx_word' id='word_1_101' title='bbox 62 1596 247 1662; x_wconf 87' lang='lat' dir='ltr'><strong>Filio,</strong></span> <span class='ocrx_word' id='word_1_102' title='bbox 282 1596 558 1652; x_wconf 88' lang='lat' dir='ltr'><strong>nimirum</strong></span> <span class='ocrx_word' id='word_1_103' title='bbox 588 1604 673 1652; x_wconf 91' lang='lat' dir='ltr'><strong>est</strong></span> <span class='ocrx_word' id='word_1_104' title='bbox 697 1597 1007 1654; x_wconf 87' lang='lat' dir='ltr'><strong>subsecuta</strong></span> <span class='ocrx_word' id='word_1_105' title='bbox 1034 1598 1394 1665; x_wconf 90' lang='lat' dir='ltr'><strong>sublimitas;</strong></span> <span class='ocrx_word' id='word_1_106' title='bbox 1418 1599 1589 1668; x_wconf 88' lang='lat' dir='ltr'><strong>cujus</strong></span> <span class='ocrx_word' id='word_1_107' title='bbox 1609 1598 1789 1670; x_wconf 85' lang='lat' dir='ltr'><strong>gloria</strong></span> 
     </span>
    </p>
   </div>
   <div class='ocr_carea' id='block_1_17' title="bbox 61 1684 1791 1755">
    <p class='ocr_par' dir='ltr' id='par_1_17' title="bbox 61 1684 1791 1755">
     <span class='ocr_line' id='line_1_17' title="bbox 61 1684 1791 1755; baseline 0.002 -17"><span class='ocrx_word' id='word_1_108' title='bbox 61 1684 324 1739; x_wconf 90' lang='lat' dir='ltr'><strong>interior</strong></span> <span class='ocrx_word' id='word_1_109' title='bbox 356 1699 474 1754; x_wconf 87' lang='lat' dir='ltr'><strong>quo</strong></span> <span class='ocrx_word' id='word_1_110' title='bbox 523 1685 710 1755; x_wconf 88' lang='lat' dir='ltr'><strong>magis</strong></span> <span class='ocrx_word' id='word_1_111' title='bbox 758 1686 1090 1754; x_wconf 88' lang='lat' dir='ltr'><strong>intrinseca,</strong></span> <span class='ocrx_word' id='word_1_112' title='bbox 1143 1695 1301 1743; x_wconf 91' lang='lat' dir='ltr'><strong>tanto</strong></span> <span class='ocrx_word' id='word_1_113' title='bbox 1352 1687 1459 1743; x_wconf 90' lang='lat' dir='ltr'><strong>fuit</strong></span> <span class='ocrx_word' id='word_1_114' title='bbox 1507 1688 1621 1743; x_wconf 91' lang='lat' dir='ltr'><strong>Deo</strong></span> <span class='ocrx_word' id='word_1_115' title='bbox 1647 1701 1791 1742; x_wconf 85' lang='lat' dir='ltr'><strong>con-</strong></span> 
     </span>
    </p>
   </div>
   <div class='ocr_carea' id='block_1_18' title="bbox 62 1773 1787 1847">
    <p class='ocr_par' dir='ltr' id='par_1_18' title="bbox 62 1773 1787 1847">
     <span class='ocr_line' id='line_1_18' title="bbox 62 1773 1787 1847; baseline 0.002 -20"><span class='ocrx_word' id='word_1_116' title='bbox 62 1773 414 1842; x_wconf 81' lang='lat' dir='ltr'><strong>templanda</strong></span> <span class='ocrx_word' id='word_1_117' title='bbox 442 1774 747 1845; x_wconf 89' lang='lat' dir='ltr'><strong>subtilior;</strong></span> <span class='ocrx_word' id='word_1_118' title='bbox 779 1782 834 1831; x_wconf 91' lang='lat' dir='ltr'><strong>et</strong></span> <span class='ocrx_word' id='word_1_119' title='bbox 867 1774 1087 1845; x_wconf 85' lang='lat' dir='ltr'><strong>lampas</strong></span> <span class='ocrx_word' id='word_1_120' title='bbox 1116 1776 1244 1846; x_wconf 89' lang='lat' dir='ltr'><strong>ejus</strong></span> <span class='ocrx_word' id='word_1_121' title='bbox 1272 1791 1391 1847; x_wconf 92' lang='lat' dir='ltr'><strong>quo</strong></span> <span class='ocrx_word' id='word_1_122' title='bbox 1421 1776 1576 1846; x_wconf 89' lang='lat' dir='ltr'><strong>apud</strong></span> <span class='ocrx_word' id='word_1_123' title='bbox 1627 1775 1787 1846; x_wconf 88' lang='lat' dir='ltr'><strong>cogi-</strong></span> 
     </span>
    </p>
   </div>
   <div class='ocr_carea' id='block_1_19' title="bbox 60 1862 1788 1933">
    <p class='ocr_par' dir='ltr' id='par_1_19' title="bbox 60 1862 1788 1933">
     <span class='ocr_line' id='line_1_19' title="bbox 60 1862 1788 1933; baseline 0.002 -16"><span class='ocrx_word' id='word_1_124' title='bbox 60 1862 328 1917; x_wconf 89' lang='lat' dir='ltr'><strong>tationes</strong></span> <span class='ocrx_word' id='word_1_125' title='bbox 358 1862 604 1919; x_wconf 91' lang='lat' dir='ltr'><strong>divitum</strong></span> <span class='ocrx_word' id='word_1_126' title='bbox 637 1863 972 1933; x_wconf 89' lang='lat' dir='ltr'><strong>despectior,</strong></span> <span class='ocrx_word' id='word_1_127' title='bbox 1005 1879 1070 1920; x_wconf 93' lang='lat' dir='ltr'><strong>eo</strong></span> <span class='ocrx_word' id='word_1_128' title='bbox 1101 1866 1173 1920; x_wconf 91' lang='lat' dir='ltr'><strong>ad</strong></span> <span class='ocrx_word' id='word_1_129' title='bbox 1206 1872 1485 1921; x_wconf 90' lang='lat' dir='ltr'><strong>statutum</strong></span> <span class='ocrx_word' id='word_1_130' title='bbox 1519 1864 1644 1920; x_wconf 91' lang='lat' dir='ltr'><strong>Filii</strong></span> <span class='ocrx_word' id='word_1_131' title='bbox 1694 1864 1788 1921; x_wconf 90' lang='lat' dir='ltr'><strong>sui</strong></span> 
     </span>
    </p>
   </div>
   <div class='ocr_carea' id='block_1_20' title="bbox 63 1952 1790 2024">
    <p class='ocr_par' dir='ltr' id='par_1_20' title="bbox 63 1952 1790 2024">
     <span class='ocr_line' id='line_1_20' title="bbox 63 1952 1790 2024; baseline 0 -17"><span class='ocrx_word' id='word_1_132' title='bbox 63 1959 313 2021; x_wconf 89' lang='lat' dir='ltr'><strong>tempus</strong></span> <span class='ocrx_word' id='word_1_133' title='bbox 342 1952 618 2022; x_wconf 86' lang='lat' dir='ltr'><strong>paratior.</strong></span> <span class='ocrx_word' id='word_1_134' title='bbox 658 1953 821 2010; x_wconf 88' lang='lat' dir='ltr'><strong>Unde</strong></span> <span class='ocrx_word' id='word_1_135' title='bbox 867 1954 986 2024; x_wconf 91' lang='lat' dir='ltr'><strong>ipse</strong></span> <span class='ocrx_word' id='word_1_136' title='bbox 1041 1958 1294 2023; x_wconf 81' lang='lat' dir='ltr'><strong>Tempus,</strong></span> <span class='ocrx_word' id='word_1_137' title='bbox 1350 1953 1561 2024; x_wconf 90' lang='lat' dir='ltr'><strong>inquit,</strong></span> <span class='ocrx_word' id='word_1_138' title='bbox 1615 1969 1790 2008; x_wconf 81' lang='lat' dir='ltr'><strong>meum</strong></span> 
     </span>
    </p>
   </div>
   <div class='ocr_carea' id='block_1_21' title="bbox 59 2039 1035 2111">
    <p class='ocr_par' dir='ltr' id='par_1_21' title="bbox 59 2039 1035 2111">
     <span class='ocr_line' id='line_1_21' title="bbox 59 2039 1035 2111; baseline 0.003 -18"><span class='ocrx_word' id='word_1_139' title='bbox 59 2039 323 2095; x_wconf 85' lang='lat' dir='ltr'><strong>nondum</strong></span> <span class='ocrx_word' id='word_1_140' title='bbox 352 2041 575 2095; x_wconf 79' lang='lat' dir='ltr'><strong>advenit</strong></span> <span class='ocrx_word' id='word_1_141' title='bbox 610 2043 790 2111; x_wconf 86' lang='lat' dir='ltr'><strong>(Joan.</strong></span> <span class='ocrx_word' id='word_1_142' title='bbox 824 2057 922 2109; x_wconf 88' lang='lat' dir='ltr'><strong>vu,</strong></span> <span class='ocrx_word' id='word_1_143' title='bbox 954 2044 1035 2111; x_wconf 89' lang='lat'><strong>6).</strong></span> 
     </span>
    </p>
   </div>
   <div class='ocr_carea' id='block_1_22' title="bbox 141 2129 1791 2201">
    <p class='ocr_par' dir='ltr' id='par_1_22' title="bbox 141 2129 1791 2201">
     <span class='ocr_line' id='line_1_22' title="bbox 141 2129 1791 2201; baseline 0.003 -16"><span class='ocrx_word' id='word_1_144' title='bbox 141 2129 339 2198; x_wconf 89' lang='lat' dir='ltr'><strong>Capro</strong></span> <span class='ocrx_word' id='word_1_145' title='bbox 380 2129 561 2200; x_wconf 86' lang='lat' dir='ltr'><strong>igitur</strong></span> <span class='ocrx_word' id='word_1_146' title='bbox 607 2131 904 2187; x_wconf 87' lang='lat' dir='ltr'><strong>emissario</strong></span> <span class='ocrx_word' id='word_1_147' title='bbox 952 2132 1011 2187; x_wconf 92' lang='lat' dir='ltr'><strong>in</strong></span> <span class='ocrx_word' id='word_1_148' title='bbox 1061 2130 1427 2188; x_wconf 88' lang='lat' dir='ltr'><strong>solitudinem</strong></span> <span class='ocrx_word' id='word_1_149' title='bbox 1473 2132 1701 2201; x_wconf 89' lang='lat' dir='ltr'><strong>emisso,</strong></span> <span class='ocrx_word' id='word_1_150' title='bbox 1734 2141 1791 2190; x_wconf 91' lang='lat' dir='ltr'><strong>et</strong></span> 
     </span>
    </p>
   </div>
   <div class='ocr_carea' id='block_1_23' title="bbox 20 2216 1787 2289">
    <p class='ocr_par' dir='ltr' id='par_1_23' title="bbox 20 2216 1787 2289">
     <span class='ocr_line' id='line_1_23' title="bbox 20 2216 1787 2289; baseline 0.004 -18"><span class='ocrx_word' id='word_1_151' title='bbox 20 2238 25 2279; x_wconf 83' lang='grc' dir='ltr'>ι</span> <span class='ocrx_word' id='word_1_152' title='bbox 64 2216 269 2286; x_wconf 89' lang='lat' dir='ltr'><strong>ipsius</strong></span> <span class='ocrx_word' id='word_1_153' title='bbox 318 2216 516 2273; x_wconf 85' lang='lat' dir='ltr'><strong>Matris</strong></span> <span class='ocrx_word' id='word_1_154' title='bbox 572 2218 819 2288; x_wconf 90' lang='lat' dir='ltr'><strong>pedibus</strong></span> <span class='ocrx_word' id='word_1_155' title='bbox 871 2218 1012 2275; x_wconf 91' lang='lat' dir='ltr'><strong>luna</strong></span> <span class='ocrx_word' id='word_1_156' title='bbox 1066 2220 1379 2289; x_wconf 88' lang='lat' dir='ltr'><strong>supposita,</strong></span> <span class='ocrx_word' id='word_1_157' title='bbox 1425 2228 1480 2277; x_wconf 93' lang='lat' dir='ltr'><strong>et</strong></span> <span class='ocrx_word' id='word_1_158' title='bbox 1529 2221 1589 2276; x_wconf 92' lang='lat' dir='ltr'><strong>in</strong></span> <span class='ocrx_word' id='word_1_159' title='bbox 1639 2222 1787 2278; x_wconf 89' lang='lat' dir='ltr'><strong>idem</strong></span> 
     </span>
    </p>
   </div>
   <div class='ocr_carea' id='block_1_24' title="bbox 19 2306 1789 2379">
    <p class='ocr_par' dir='ltr' id='par_1_24' title="bbox 19 2306 1789 2379">
     <span class='ocr_line' id='line_1_24' title="bbox 19 2306 1789 2379; baseline 0.004 -19"><span class='ocrx_word' id='word_1_160' title='bbox 19 2306 350 2367; x_wconf 60' lang='lat' dir='ltr'><strong>ltraducta</strong></span> <span class='ocrx_word' id='word_1_161' title='bbox 374 2306 685 2374; x_wconf 90' lang='lat' dir='ltr'><strong>desertum,</strong></span> <span class='ocrx_word' id='word_1_162' title='bbox 735 2308 863 2379; x_wconf 89' lang='lat' dir='ltr'><strong>ejus</strong></span> <span class='ocrx_word' id='word_1_163' title='bbox 899 2306 1019 2378; x_wconf 89' lang='lat' dir='ltr'><strong>jam</strong></span> <span class='ocrx_word' id='word_1_164' title='bbox 1081 2308 1186 2364; x_wconf 91' lang='lat' dir='ltr'><strong>rite</strong></span> <span class='ocrx_word' id='word_1_165' title='bbox 1235 2309 1683 2379; x_wconf 88' lang='lat' dir='ltr'><strong>magniﬁcentia,</strong></span> <span class='ocrx_word' id='word_1_166' title='bbox 1734 2319 1789 2367; x_wconf 86' lang='lat' dir='ltr'><strong>et</strong></span> 
     </span>
    </p>
   </div>
   <div class='ocr_carea' id='block_1_25' title="bbox 19 2395 1789 2468">
    <p class='ocr_par' dir='ltr' id='par_1_25' title="bbox 19 2395 1789 2468">
     <span class='ocr_line' id='line_1_25' title="bbox 19 2395 1789 2468; baseline 0.001 -13"><span class='ocrx_word' id='word_1_167' title='bbox 19 2422 25 2455; x_wconf 94' lang='lat' dir='ltr'><strong>l</strong></span> <span class='ocrx_word' id='word_1_168' title='bbox 61 2410 142 2451; x_wconf 89' lang='lat' dir='ltr'><strong>ex</strong></span> <span class='ocrx_word' id='word_1_169' title='bbox 178 2395 350 2462; x_wconf 90' lang='lat' dir='ltr'><strong>Filio,</strong></span> <span class='ocrx_word' id='word_1_170' title='bbox 383 2403 439 2452; x_wconf 90' lang='lat' dir='ltr'><strong>et</strong></span> <span class='ocrx_word' id='word_1_171' title='bbox 470 2403 595 2467; x_wconf 88' lang='lat' dir='ltr'><strong>post</strong></span> <span class='ocrx_word' id='word_1_172' title='bbox 644 2396 853 2452; x_wconf 88' lang='lat' dir='ltr'><strong>Filium</strong></span> <span class='ocrx_word' id='word_1_173' title='bbox 900 2397 1317 2467; x_wconf 90' lang='lat' dir='ltr'><strong>omnipotentia</strong></span> <span class='ocrx_word' id='word_1_174' title='bbox 1368 2398 1789 2468; x_wconf 89' lang='lat' dir='ltr'><strong>multiplicibus</strong></span> 
     </span>
    </p>
   </div>
   <div class='ocr_carea' id='block_1_26' title="bbox 20 2484 1789 2556">
    <p class='ocr_par' dir='ltr' id='par_1_26' title="bbox 20 2484 1789 2556">
     <span class='ocr_line' id='line_1_26' title="bbox 20 2484 1789 2556; baseline 0.003 -17"><span class='ocrx_word' id='word_1_175' title='bbox 20 2493 27 2545; x_wconf 80' lang='lat'><strong>}</strong></span> <span class='ocrx_word' id='word_1_176' title='bbox 70 2484 351 2554; x_wconf 90' lang='lat' dir='ltr'><strong>aperitur</strong></span> <span class='ocrx_word' id='word_1_177' title='bbox 377 2485 637 2541; x_wconf 87' lang='lat' dir='ltr'><strong>ostensis.</strong></span> <span class='ocrx_word' id='word_1_178' title='bbox 675 2486 806 2556; x_wconf 91' lang='lat' dir='ltr'><strong>Ipsa</strong></span> <span class='ocrx_word' id='word_1_179' title='bbox 860 2485 919 2541; x_wconf 90' lang='lat' dir='ltr'><strong>in</strong></span> <span class='ocrx_word' id='word_1_180' title='bbox 967 2495 1297 2542; x_wconf 88' lang='lat' dir='ltr'><strong>sanctorum</strong></span> <span class='ocrx_word' id='word_1_181' title='bbox 1346 2487 1684 2554; x_wconf 87' lang='lat' dir='ltr'><strong>visionibus,</strong></span> <span class='ocrx_word' id='word_1_182' title='bbox 1734 2496 1789 2545; x_wconf 92' lang='lat' dir='ltr'><strong>et</strong></span> 
     </span>
    </p>
   </div>
   <div class='ocr_carea' id='block_1_27' title="bbox 20 2572 1787 2646">
    <p class='ocr_par' dir='ltr' id='par_1_27' title="bbox 20 2572 1787 2646">
     <span class='ocr_line' id='line_1_27' title="bbox 20 2572 1787 2646; baseline 0.003 -19"><span class='ocrx_word' id='word_1_183' title='bbox 20 2596 29 2633; x_wconf 90' lang='grc' dir='ltr'>ι</span> <span class='ocrx_word' id='word_1_184' title='bbox 65 2574 382 2642; x_wconf 89' lang='lat' dir='ltr'><strong>signorum</strong></span> <span class='ocrx_word' id='word_1_185' title='bbox 413 2572 688 2643; x_wconf 86' lang='lat' dir='ltr'><strong>efﬁcacia,</strong></span> <span class='ocrx_word' id='word_1_186' title='bbox 742 2588 816 2630; x_wconf 90' lang='lat' dir='ltr'><strong>ex</strong></span> <span class='ocrx_word' id='word_1_187' title='bbox 855 2574 1169 2630; x_wconf 63' lang='lat' dir='ltr'><strong>caelestium</strong></span> <span class='ocrx_word' id='word_1_188' title='bbox 1200 2574 1515 2644; x_wconf 87' lang='lat' dir='ltr'><strong>spirituum</strong></span> <span class='ocrx_word' id='word_1_189' title='bbox 1554 2578 1787 2646; x_wconf 85' lang='lat' dir='ltr'><strong>appari-</strong></span> 
     </span>
    </p>
   </div>
   <div class='ocr_carea' id='block_1_28' title="bbox 20 2662 1785 2734">
    <p class='ocr_par' dir='ltr' id='par_1_28' title="bbox 20 2662 1785 2734">
     <span class='ocr_line' id='line_1_28' title="bbox 20 2662 1785 2734; baseline 0.003 -17"><span class='ocrx_word' id='word_1_190' title='bbox 20 2662 263 2729; x_wconf 64' lang='lat' dir='ltr'><strong>itione,</strong></span> <span class='ocrx_word' id='word_1_191' title='bbox 336 2662 637 2718; x_wconf 89' lang='lat' dir='ltr'><strong>hominum</strong></span> <span class='ocrx_word' id='word_1_192' title='bbox 702 2664 1042 2733; x_wconf 89' lang='lat' dir='ltr'><strong>patrocinio,</strong></span> <span class='ocrx_word' id='word_1_193' title='bbox 1111 2664 1427 2721; x_wconf 90' lang='lat' dir='ltr'><strong>inferorum</strong></span> <span class='ocrx_word' id='word_1_194' title='bbox 1467 2666 1785 2734; x_wconf 80' lang='lat' dir='ltr'><strong>exactione,</strong></span> 
     </span>
    </p>
   </div>
   <div class='ocr_carea' id='block_1_29' title="bbox 20 2751 1790 2822">
    <p class='ocr_par' dir='ltr' id='par_1_29' title="bbox 20 2751 1790 2822">
     <span class='ocr_line' id='line_1_29' title="bbox 20 2751 1790 2822; baseline 0.003 -17"><span class='ocrx_word' id='word_1_195' title='bbox 20 2751 365 2821; x_wconf 70' lang='lat' dir='ltr'><strong>IReginam</strong></span> <span class='ocrx_word' id='word_1_196' title='bbox 419 2766 478 2807; x_wconf 91' lang='lat' dir='ltr'><strong>se</strong></span> <span class='ocrx_word' id='word_1_197' title='bbox 537 2751 661 2808; x_wconf 73' lang='lat' dir='ltr'><strong>coeli</strong></span> <span class='ocrx_word' id='word_1_198' title='bbox 723 2760 1008 2822; x_wconf 63' lang='lat' dir='ltr'><strong>terrisque</strong></span> <span class='ocrx_word' id='word_1_199' title='bbox 1048 2767 1121 2808; x_wconf 89' lang='lat' dir='ltr'><strong>ex</strong></span> <span class='ocrx_word' id='word_1_200' title='bbox 1178 2753 1299 2809; x_wconf 93' lang='lat' dir='ltr'><strong>suis</strong></span> <span class='ocrx_word' id='word_1_201' title='bbox 1340 2752 1790 2811; x_wconf 82' lang='lat' dir='ltr'><strong>circumstantiis</strong></span> 
     </span>
    </p>
   </div>
   <div class='ocr_carea' id='block_1_30' title="bbox 20 2840 1790 2913">
    <p class='ocr_par' dir='ltr' id='par_1_30' title="bbox 20 2840 1790 2913">
     <span class='ocr_line' id='line_1_30' title="bbox 20 2840 1790 2913; baseline 0.002 -17"><span class='ocrx_word' id='word_1_202' title='bbox 20 2866 28 2903; x_wconf 84' lang='grc' dir='ltr'>ι</span> <span class='ocrx_word' id='word_1_203' title='bbox 68 2840 306 2910; x_wconf 90' lang='lat' dir='ltr'><strong>ubique</strong></span> <span class='ocrx_word' id='word_1_204' title='bbox 331 2841 607 2909; x_wconf 91' lang='lat' dir='ltr'><strong>propalat.</strong></span> <span class='ocrx_word' id='word_1_205' title='bbox 641 2840 686 2897; x_wconf 91' lang='grc' dir='ltr'><strong>Ο</strong></span> <span class='ocrx_word' id='word_1_206' title='bbox 715 2842 788 2897; x_wconf 91' lang='lat' dir='ltr'><strong>ab</strong></span> <span class='ocrx_word' id='word_1_207' title='bbox 821 2842 979 2897; x_wconf 92' lang='lat' dir='ltr'><strong>intus</strong></span> <span class='ocrx_word' id='word_1_208' title='bbox 1006 2841 1191 2911; x_wconf 84' lang='lat' dir='ltr'><strong>gloria</strong></span> <span class='ocrx_word' id='word_1_209' title='bbox 1218 2842 1231 2897; x_wconf 80' lang='grc' dir='ltr'><strong>ι</strong></span> <span class='ocrx_word' id='word_1_210' title='bbox 1261 2857 1294 2897; x_wconf 93' lang='lat' dir='ltr'><strong>o</strong></span> <span class='ocrx_word' id='word_1_211' title='bbox 1324 2857 1499 2912; x_wconf 88' lang='lat' dir='ltr'><strong>quam</strong></span> <span class='ocrx_word' id='word_1_212' title='bbox 1542 2844 1790 2913; x_wconf 81' lang='lat' dir='ltr'><strong>respexit</strong></span> 
     </span>
    </p>
   </div>
   <div class='ocr_carea' id='block_1_31' title="bbox 22 2929 1787 3002">
    <p class='ocr_par' dir='ltr' id='par_1_31' title="bbox 22 2929 1787 3002">
     <span class='ocr_line' id='line_1_31' title="bbox 22 2929 1787 3002; baseline 0 -13"><span class='ocrx_word' id='word_1_213' title='bbox 22 2954 27 2989; x_wconf 71' lang='grc' dir='ltr'>τ</span> <span class='ocrx_word' id='word_1_214' title='bbox 72 2931 235 2985; x_wconf 92' lang='lat' dir='ltr'><strong>Deus</strong></span> <span class='ocrx_word' id='word_1_215' title='bbox 260 2930 487 2986; x_wconf 78' lang='lat' dir='ltr'><strong>ancillze</strong></span> <span class='ocrx_word' id='word_1_216' title='bbox 513 2929 827 2999; x_wconf 81' lang='lat' dir='ltr'><strong>singularis</strong></span> <span class='ocrx_word' id='word_1_217' title='bbox 867 2929 1195 2986; x_wconf 87' lang='lat' dir='ltr'><strong>humilitas!</strong></span> <span class='ocrx_word' id='word_1_218' title='bbox 1235 2930 1288 2987; x_wconf 91' lang='lat' dir='ltr'><strong>Si</strong></span> <span class='ocrx_word' id='word_1_219' title='bbox 1326 2946 1460 2987; x_wconf 91' lang='lat' dir='ltr'><strong>eum</strong></span> <span class='ocrx_word' id='word_1_220' title='bbox 1496 2933 1616 3002; x_wconf 89' lang='lat' dir='ltr'><strong>jam</strong></span> <span class='ocrx_word' id='word_1_221' title='bbox 1659 2948 1787 3002; x_wconf 87' lang='lat' dir='ltr'><strong>per-</strong></span> 
     </span>
    </p>
   </div>
   <div class='ocr_carea' id='block_1_32' title="bbox 20 3018 1787 3091">
    <p class='ocr_par' dir='ltr' id='par_1_32' title="bbox 20 3018 1787 3091">
     <span class='ocr_line' id='line_1_32' title="bbox 20 3018 1787 3091; baseline 0.003 -18"><span class='ocrx_word' id='word_1_222' title='bbox 20 3019 309 3088; x_wconf 72' lang='lat' dir='ltr'><strong>.pendas</strong></span> <span class='ocrx_word' id='word_1_223' title='bbox 370 3019 471 3088; x_wconf 86' lang='lat' dir='ltr'><strong>qui</strong></span> <span class='ocrx_word' id='word_1_224' title='bbox 548 3018 919 3089; x_wconf 89' lang='lat' dir='ltr'><strong>pertransivit</strong></span> <span class='ocrx_word' id='word_1_225' title='bbox 982 3019 1236 3075; x_wconf 90' lang='lat' dir='ltr'><strong>animam</strong></span> <span class='ocrx_word' id='word_1_226' title='bbox 1300 3027 1461 3076; x_wconf 90' lang='lat' dir='ltr'><strong>tuam</strong></span> <span class='ocrx_word' id='word_1_227' title='bbox 1530 3021 1787 3091; x_wconf 82' lang='lat' dir='ltr'><strong>gladium</strong></span> 
     </span>
    </p>
   </div>
   <div class='ocr_carea' id='block_1_33' title="bbox 1893 630 3601 702">
    <p class='ocr_par' dir='ltr' id='par_1_33' title="bbox 1893 630 3601 702">
     <span class='ocr_line' id='line_1_33' title="bbox 1893 630 3601 702; baseline 0.006 -24"><span class='ocrx_word' id='word_1_228' title='bbox 1893 640 2014 679; x_wconf 89' lang='lat' dir='ltr'><strong>eum</strong></span> <span class='ocrx_word' id='word_1_229' title='bbox 2053 641 2188 679; x_wconf 85' lang='lat' dir='ltr'><strong>auro</strong></span> <span class='ocrx_word' id='word_1_230' title='bbox 2244 630 2399 693; x_wconf 73' lang='lat' dir='ltr'><strong>fulvo</strong></span> <span class='ocrx_word' id='word_1_231' title='bbox 2440 631 2605 683; x_wconf 85' lang='lat' dir='ltr'><strong>nimis</strong></span> <span class='ocrx_word' id='word_1_232' title='bbox 2662 630 2768 696; x_wconf 84' lang='grc' dir='ltr'><strong>(ΙΙΙ</strong></span> <span class='ocrx_word' id='word_1_233' title='bbox 2816 631 2954 697; x_wconf 86' lang='lat' dir='ltr'><strong>Reg.</strong></span> <span class='ocrx_word' id='word_1_234' title='bbox 3015 644 3076 695; x_wconf 84' lang='lat' dir='ltr'><strong>x.</strong></span> <span class='ocrx_word' id='word_1_235' title='bbox 3138 632 3246 702; x_wconf 87' lang='grc'><strong>19).</strong></span> <span class='ocrx_word' id='word_1_236' title='bbox 3305 632 3601 701; x_wconf 85' lang='lat' dir='ltr'><strong>Sapientia</strong></span> 
     </span>
    </p>
   </div>
   <div class='ocr_carea' id='block_1_34' title="bbox 1896 714 3597 791">
    <p class='ocr_par' dir='ltr' id='par_1_34' title="bbox 1896 714 3597 791">
     <span class='ocr_line' id='line_1_34' title="bbox 1896 714 3597 791; baseline 0.004 -23"><span class='ocrx_word' id='word_1_237' title='bbox 1896 714 1995 768; x_wconf 89' lang='lat' dir='ltr'><strong>Dei</strong></span> <span class='ocrx_word' id='word_1_238' title='bbox 2028 714 2213 770; x_wconf 90' lang='lat' dir='ltr'><strong>Patris</strong></span> <span class='ocrx_word' id='word_1_239' title='bbox 2243 716 2518 784; x_wconf 89' lang='lat' dir='ltr'><strong>primum,</strong></span> <span class='ocrx_word' id='word_1_240' title='bbox 2555 718 2729 786; x_wconf 82' lang='lat' dir='ltr'><strong>juxta</strong></span> <span class='ocrx_word' id='word_1_241' title='bbox 2769 719 3114 788; x_wconf 89' lang='lat' dir='ltr'><strong>apostolum,</strong></span> <span class='ocrx_word' id='word_1_242' title='bbox 3170 721 3408 790; x_wconf 87' lang='lat' dir='ltr'><strong>paciﬁca</strong></span> <span class='ocrx_word' id='word_1_243' title='bbox 3440 723 3597 791; x_wconf 89' lang='lat' dir='ltr'><strong>(Jac.</strong></span> 
     </span>
    </p>
   </div>
   <div class='ocr_carea' id='block_1_35' title="bbox 1895 803 3604 877">
    <p class='ocr_par' dir='ltr' id='par_1_35' title="bbox 1895 803 3604 877">
     <span class='ocr_line' id='line_1_35' title="bbox 1895 803 3604 877; baseline 0.006 -20"><span class='ocrx_word' id='word_1_244' title='bbox 1895 816 1974 863; x_wconf 84' lang='lat' dir='ltr'><strong>tu,</strong></span> <span class='ocrx_word' id='word_1_245' title='bbox 2013 804 2124 869; x_wconf 85' lang='grc'><strong>1⁵7),</strong></span> <span class='ocrx_word' id='word_1_246' title='bbox 2167 803 2292 873; x_wconf 88' lang='lat' dir='ltr'><strong>ipsa</strong></span> <span class='ocrx_word' id='word_1_247' title='bbox 2338 813 2421 859; x_wconf 91' lang='lat' dir='ltr'><strong>est</strong></span> <span class='ocrx_word' id='word_1_248' title='bbox 2472 805 2760 870; x_wconf 87' lang='lat' dir='ltr'><strong>Salomon,</strong></span> <span class='ocrx_word' id='word_1_249' title='bbox 2802 822 2935 877; x_wconf 65' lang='lat' dir='ltr'><strong>quae</strong></span> <span class='ocrx_word' id='word_1_250' title='bbox 2986 808 3262 865; x_wconf 88' lang='lat' dir='ltr'><strong>thronum</strong></span> <span class='ocrx_word' id='word_1_251' title='bbox 3314 811 3383 865; x_wconf 88' lang='lat' dir='ltr'><strong>de</strong></span> <span class='ocrx_word' id='word_1_252' title='bbox 3434 811 3604 867; x_wconf 81' lang='lat' dir='ltr'><strong>ebore</strong></span> 
     </span>
    </p>
   </div>
   <div class='ocr_carea' id='block_1_36' title="bbox 1895 891 3602 970">
    <p class='ocr_par' dir='ltr' id='par_1_36' title="bbox 1895 891 3602 970">
     <span class='ocr_line' id='line_1_36' title="bbox 1895 891 3602 970; baseline 0.005 -23"><span class='ocrx_word' id='word_1_253' title='bbox 1895 891 2001 947; x_wconf 89' lang='lat' dir='ltr'><strong>sibi</strong></span> <span class='ocrx_word' id='word_1_254' title='bbox 2032 891 2183 958; x_wconf 84' lang='lat' dir='ltr'><strong>facit,</strong></span> <span class='ocrx_word' id='word_1_255' title='bbox 2214 892 2352 948; x_wconf 92' lang='lat' dir='ltr'><strong>dum</strong></span> <span class='ocrx_word' id='word_1_256' title='bbox 2387 893 2575 950; x_wconf 89' lang='lat' dir='ltr'><strong>sedem</strong></span> <span class='ocrx_word' id='word_1_257' title='bbox 2624 894 2678 950; x_wconf 92' lang='lat' dir='ltr'><strong>in</strong></span> <span class='ocrx_word' id='word_1_258' title='bbox 2730 895 2985 965; x_wconf 82' lang='lat' dir='ltr'><strong>Virgine,</strong></span> <span class='ocrx_word' id='word_1_259' title='bbox 3040 911 3160 968; x_wconf 90' lang='lat' dir='ltr'><strong>qua</strong></span> <span class='ocrx_word' id='word_1_260' title='bbox 3206 898 3285 954; x_wconf 93' lang='lat' dir='ltr'><strong>nil</strong></span> <span class='ocrx_word' id='word_1_261' title='bbox 3337 913 3602 970; x_wconf 90' lang='lat' dir='ltr'><strong>unquam</strong></span> 
     </span>
    </p>
   </div>
   <div class='ocr_carea' id='block_1_37' title="bbox 1897 979 3604 1057">
    <p class='ocr_par' dir='ltr' id='par_1_37' title="bbox 1897 979 3604 1057">
     <span class='ocr_line' id='line_1_37' title="bbox 1897 979 3604 1057; baseline 0.006 -23"><span class='ocrx_word' id='word_1_262' title='bbox 1897 979 2006 1035; x_wconf 89' lang='lat' dir='ltr'><strong>fuit</strong></span> <span class='ocrx_word' id='word_1_263' title='bbox 2060 980 2293 1048; x_wconf 89' lang='lat' dir='ltr'><strong>castius,</strong></span> <span class='ocrx_word' id='word_1_264' title='bbox 2352 982 2458 1037; x_wconf 91' lang='lat' dir='ltr'><strong>sibi</strong></span> <span class='ocrx_word' id='word_1_265' title='bbox 2509 983 2688 1051; x_wconf 91' lang='lat' dir='ltr'><strong>ponit.</strong></span> <span class='ocrx_word' id='word_1_266' title='bbox 2741 985 2990 1053; x_wconf 86' lang='lat' dir='ltr'><strong>Elephas</strong></span> <span class='ocrx_word' id='word_1_267' title='bbox 3035 986 3207 1050; x_wconf 88' lang='lat' dir='ltr'><strong>enim,</strong></span> <span class='ocrx_word' id='word_1_268' title='bbox 3262 992 3437 1057; x_wconf 83' lang='lat' dir='ltr'><strong>cujus</strong></span> <span class='ocrx_word' id='word_1_269' title='bbox 3474 1001 3604 1044; x_wconf 88' lang='lat' dir='ltr'><strong>ossa</strong></span> 
     </span>
    </p>
   </div>
   <div class='ocr_carea' id='block_1_38' title="bbox 1896 1070 3603 1137">
    <p class='ocr_par' dir='ltr' id='par_1_38' title="bbox 1896 1070 3603 1137">
     <span class='ocr_line' id='line_1_38' title="bbox 1896 1070 3603 1137; baseline 0.006 -14"><span class='ocrx_word' id='word_1_270' title='bbox 1896 1077 2033 1125; x_wconf 90' lang='lat' dir='ltr'><strong>sunt</strong></span> <span class='ocrx_word' id='word_1_271' title='bbox 2056 1070 2220 1137; x_wconf 88' lang='lat' dir='ltr'><strong>ebur,</strong></span> <span class='ocrx_word' id='word_1_272' title='bbox 2256 1072 2599 1127; x_wconf 89' lang='lat' dir='ltr'><strong>continentis</strong></span> <span class='ocrx_word' id='word_1_273' title='bbox 2629 1073 2700 1127; x_wconf 89' lang='lat' dir='ltr'><strong>ad</strong></span> <span class='ocrx_word' id='word_1_274' title='bbox 2732 1074 2965 1129; x_wconf 74' lang='lat' dir='ltr'><strong>mundae</strong></span> <span class='ocrx_word' id='word_1_275' title='bbox 2999 1083 3226 1132; x_wconf 63' lang='lat' dir='ltr'><strong>natura:</strong></span> <span class='ocrx_word' id='word_1_276' title='bbox 3271 1081 3376 1131; x_wconf 88' lang='lat' dir='ltr'><strong>est.</strong></span> <span class='ocrx_word' id='word_1_277' title='bbox 3428 1077 3603 1133; x_wconf 91' lang='lat' dir='ltr'><strong>Porro</strong></span> 
     </span>
    </p>
   </div>
   <div class='ocr_carea' id='block_1_39' title="bbox 1898 1158 3603 1230">
    <p class='ocr_par' dir='ltr' id='par_1_39' title="bbox 1898 1158 3603 1230">
     <span class='ocr_line' id='line_1_39' title="bbox 1898 1158 3603 1230; baseline 0.006 -19"><span class='ocrx_word' id='word_1_278' title='bbox 1898 1158 2197 1228; x_wconf 83' lang='lat' dir='ltr'><strong>grandem,</strong></span> <span class='ocrx_word' id='word_1_279' title='bbox 2226 1158 2505 1215; x_wconf 92' lang='lat' dir='ltr'><strong>nimirum</strong></span> <span class='ocrx_word' id='word_1_280' title='bbox 2536 1175 2608 1215; x_wconf 88' lang='lat' dir='ltr'><strong>ex</strong></span> <span class='ocrx_word' id='word_1_281' title='bbox 2656 1161 2798 1216; x_wconf 88' lang='lat' dir='ltr'><strong>Filio</strong></span> <span class='ocrx_word' id='word_1_282' title='bbox 2835 1163 3014 1230; x_wconf 82' lang='lat' dir='ltr'><strong>ccelis,</strong></span> <span class='ocrx_word' id='word_1_283' title='bbox 3065 1164 3249 1226; x_wconf 88' lang='lat' dir='ltr'><strong>terris.</strong></span> <span class='ocrx_word' id='word_1_284' title='bbox 3300 1173 3356 1219; x_wconf 89' lang='lat' dir='ltr'><strong>et</strong></span> <span class='ocrx_word' id='word_1_285' title='bbox 3406 1165 3603 1221; x_wconf 85' lang='lat' dir='ltr'><strong>inferis</strong></span> 
     </span>
    </p>
   </div>
   <div class='ocr_carea' id='block_1_40' title="bbox 1899 1246 3602 1318">
    <p class='ocr_par' dir='ltr' id='par_1_40' title="bbox 1899 1246 3602 1318">
     <span class='ocr_line' id='line_1_40' title="bbox 1899 1246 3602 1318; baseline 0.005 -17"><span class='ocrx_word' id='word_1_286' title='bbox 1899 1246 2317 1315; x_wconf 65' lang='lat' dir='ltr'><strong>praesidentem.</strong></span> <span class='ocrx_word' id='word_1_287' title='bbox 2378 1249 2546 1303; x_wconf 86' lang='lat' dir='ltr'><strong>Hunc</strong></span> <span class='ocrx_word' id='word_1_288' title='bbox 2590 1263 2736 1305; x_wconf 89' lang='lat' dir='ltr'><strong>auro</strong></span> <span class='ocrx_word' id='word_1_289' title='bbox 2788 1249 2947 1306; x_wconf 84' lang='lat' dir='ltr'><strong>fulvo</strong></span> <span class='ocrx_word' id='word_1_290' title='bbox 3001 1250 3172 1307; x_wconf 89' lang='lat' dir='ltr'><strong>nimis</strong></span> <span class='ocrx_word' id='word_1_291' title='bbox 3226 1252 3415 1318; x_wconf 86' lang='lat' dir='ltr'><strong>vestit,</strong></span> <span class='ocrx_word' id='word_1_292' title='bbox 3467 1268 3602 1309; x_wconf 86' lang='lat' dir='ltr'><strong>cum</strong></span> 
     </span>
    </p>
   </div>
   <div class='ocr_carea' id='block_1_41' title="bbox 1895 1336 3602 1410">
    <p class='ocr_par' dir='ltr' id='par_1_41' title="bbox 1895 1336 3602 1410">
     <span class='ocr_line' id='line_1_41' title="bbox 1895 1336 3602 1410; baseline 0.004 -19"><span class='ocrx_word' id='word_1_293' title='bbox 1895 1349 2022 1391; x_wconf 91' lang='lat' dir='ltr'><strong>eam</strong></span> <span class='ocrx_word' id='word_1_294' title='bbox 2058 1350 2170 1391; x_wconf 90' lang='lat' dir='ltr'><strong>non</strong></span> <span class='ocrx_word' id='word_1_295' title='bbox 2201 1336 2483 1393; x_wconf 89' lang='lat' dir='ltr'><strong>virtutum</strong></span> <span class='ocrx_word' id='word_1_296' title='bbox 2515 1338 2779 1395; x_wconf 88' lang='lat' dir='ltr'><strong>scintillis</strong></span> <span class='ocrx_word' id='word_1_297' title='bbox 2817 1348 2883 1395; x_wconf 90' lang='lat' dir='ltr'><strong>ut</strong></span> <span class='ocrx_word' id='word_1_298' title='bbox 2933 1339 3093 1407; x_wconf 90' lang='lat' dir='ltr'><strong>alios,</strong></span> <span class='ocrx_word' id='word_1_299' title='bbox 3147 1340 3240 1396; x_wconf 91' lang='lat' dir='ltr'><strong>sed</strong></span> <span class='ocrx_word' id='word_1_300' title='bbox 3292 1342 3417 1410; x_wconf 89' lang='lat' dir='ltr'><strong>ipsa</strong></span> <span class='ocrx_word' id='word_1_301' title='bbox 3462 1342 3602 1399; x_wconf 89' lang='lat' dir='ltr'><strong>sub-</strong></span> 
     </span>
    </p>
   </div>
   <div class='ocr_carea' id='block_1_42' title="bbox 1898 1424 3602 1500">
    <p class='ocr_par' dir='ltr' id='par_1_42' title="bbox 1898 1424 3602 1500">
     <span class='ocr_line' id='line_1_42' title="bbox 1898 1424 3602 1500; baseline 0.005 -22"><span class='ocrx_word' id='word_1_302' title='bbox 1898 1424 2241 1480; x_wconf 88' lang='lat' dir='ltr'><strong>stantialiter</strong></span> <span class='ocrx_word' id='word_1_303' title='bbox 2285 1426 2515 1495; x_wconf 90' lang='lat' dir='ltr'><strong>propria</strong></span> <span class='ocrx_word' id='word_1_304' title='bbox 2564 1426 2865 1483; x_wconf 84' lang='lat' dir='ltr'><strong>divinitate</strong></span> <span class='ocrx_word' id='word_1_305' title='bbox 2918 1427 3162 1484; x_wconf 91' lang='lat' dir='ltr'><strong>interius</strong></span> <span class='ocrx_word' id='word_1_306' title='bbox 3225 1430 3602 1500; x_wconf 88' lang='lat' dir='ltr'><strong>exteriusque</strong></span> 
     </span>
    </p>
   </div>
   <div class='ocr_carea' id='block_1_43' title="bbox 1898 1512 3605 1587">
    <p class='ocr_par' dir='ltr' id='par_1_43' title="bbox 1898 1512 3605 1587">
     <span class='ocr_line' id='line_1_43' title="bbox 1898 1512 3605 1587; baseline 0.002 -18"><span class='ocrx_word' id='word_1_307' title='bbox 1898 1512 2142 1569; x_wconf 83' lang='lat' dir='ltr'><strong>infcrcit.</strong></span> <span class='ocrx_word' id='word_1_308' title='bbox 2188 1515 2297 1579; x_wconf 86' lang='lat' dir='ltr'><strong>Qui</strong></span> <span class='ocrx_word' id='word_1_309' title='bbox 2327 1516 2557 1568; x_wconf 74' lang='lat' dir='ltr'><strong>habebat</strong></span> <span class='ocrx_word' id='word_1_310' title='bbox 2587 1531 2683 1570; x_wconf 80' lang='lat' dir='ltr'><strong>sea:</strong></span> <span class='ocrx_word' id='word_1_311' title='bbox 2707 1516 2941 1587; x_wconf 85' lang='lat' dir='ltr'><strong>gradus,</strong></span> <span class='ocrx_word' id='word_1_312' title='bbox 2987 1522 3038 1571; x_wconf 92' lang='lat' dir='ltr'><strong>et</strong></span> <span class='ocrx_word' id='word_1_313' title='bbox 3083 1516 3371 1572; x_wconf 79' lang='lat' dir='ltr'><strong>summitas</strong></span> <span class='ocrx_word' id='word_1_314' title='bbox 3418 1519 3605 1573; x_wconf 83' lang='lat' dir='ltr'><strong>throni</strong></span> 
     </span>
    </p>
   </div>
   <div class='ocr_carea' id='block_1_44' title="bbox 1897 1602 3597 1677">
    <p class='ocr_par' dir='ltr' id='par_1_44' title="bbox 1897 1602 3597 1677">
     <span class='ocr_line' id='line_1_44' title="bbox 1897 1602 3597 1677; baseline 0.004 -22"><span class='ocrx_word' id='word_1_315' title='bbox 1897 1602 2135 1656; x_wconf 86' lang='lat' dir='ltr'><strong>rotunda</strong></span> <span class='ocrx_word' id='word_1_316' title='bbox 2162 1608 2281 1656; x_wconf 88' lang='lat' dir='ltr'><strong>erat</strong></span> <span class='ocrx_word' id='word_1_317' title='bbox 2332 1606 2392 1656; x_wconf 85' lang='lat' dir='ltr'><strong>in</strong></span> <span class='ocrx_word' id='word_1_318' title='bbox 2432 1610 2593 1672; x_wconf 82' lang='lat' dir='ltr'><strong>parte</strong></span> <span class='ocrx_word' id='word_1_319' title='bbox 2640 1607 2931 1673; x_wconf 76' lang='lat' dir='ltr'><strong>posteriori</strong></span> <span class='ocrx_word' id='word_1_320' title='bbox 2987 1605 3117 1674; x_wconf 75' lang='lat' dir='ltr'><strong><em>(III</em></strong></span> <span class='ocrx_word' id='word_1_321' title='bbox 3174 1607 3309 1673; x_wconf 86' lang='lat' dir='ltr'><strong>Reg.</strong></span> <span class='ocrx_word' id='word_1_322' title='bbox 3370 1621 3431 1675; x_wconf 89' lang='lat' dir='ltr'><strong>x,</strong></span> <span class='ocrx_word' id='word_1_323' title='bbox 3490 1607 3597 1677; x_wconf 83' lang='grc'><strong>19).</strong></span> 
     </span>
    </p>
   </div>
   <div class='ocr_carea' id='block_1_45' title="bbox 1898 1689 3601 1761">
    <p class='ocr_par' dir='ltr' id='par_1_45' title="bbox 1898 1689 3601 1761">
     <span class='ocr_line' id='line_1_45' title="bbox 1898 1689 3601 1761; baseline 0.003 -16"><span class='ocrx_word' id='word_1_324' title='bbox 1898 1689 2006 1745; x_wconf 91' lang='lat' dir='ltr'><strong>Sed</strong></span> <span class='ocrx_word' id='word_1_325' title='bbox 2036 1690 2255 1761; x_wconf 89' lang='lat' dir='ltr'><strong>gradus</strong></span> <span class='ocrx_word' id='word_1_326' title='bbox 2281 1698 2417 1747; x_wconf 94' lang='lat' dir='ltr'><strong>sunt</strong></span> <span class='ocrx_word' id='word_1_327' title='bbox 2455 1692 2627 1747; x_wconf 89' lang='lat' dir='ltr'><strong>timor</strong></span> <span class='ocrx_word' id='word_1_328' title='bbox 2671 1700 2727 1747; x_wconf 91' lang='lat' dir='ltr'><strong>et</strong></span> <span class='ocrx_word' id='word_1_329' title='bbox 2774 1693 2972 1761; x_wconf 86' lang='lat' dir='ltr'><strong>pietas,</strong></span> <span class='ocrx_word' id='word_1_330' title='bbox 3022 1693 3279 1760; x_wconf 87' lang='lat' dir='ltr'><strong>scientia,</strong></span> <span class='ocrx_word' id='word_1_331' title='bbox 3329 1703 3382 1750; x_wconf 91' lang='lat' dir='ltr'><strong>et</strong></span> <span class='ocrx_word' id='word_1_332' title='bbox 3432 1694 3601 1750; x_wconf 87' lang='lat' dir='ltr'><strong>forti-</strong></span> 
     </span>
    </p>
   </div>
   <div class='ocr_carea' id='block_1_46' title="bbox 1827 1778 3602 1875">
    <p class='ocr_par' dir='ltr' id='par_1_46' title="bbox 1827 1778 3602 1875">
     <span class='ocr_line' id='line_1_46' title="bbox 1827 1778 3602 1875; baseline 0.003 -41"><span class='ocrx_word' id='word_1_333' title='bbox 1827 1820 1867 1875; x_wconf 77' lang='lat' dir='ltr'><strong>B</strong></span> <span class='ocrx_word' id='word_1_334' title='bbox 1896 1779 2054 1842; x_wconf 89' lang='lat' dir='ltr'><strong>tudo,</strong></span> <span class='ocrx_word' id='word_1_335' title='bbox 2092 1778 2392 1835; x_wconf 91' lang='lat' dir='ltr'><strong>consilium</strong></span> <span class='ocrx_word' id='word_1_336' title='bbox 2423 1784 2479 1836; x_wconf 85' lang='lat' dir='ltr'><strong>et</strong></span> <span class='ocrx_word' id='word_1_337' title='bbox 2523 1780 2861 1848; x_wconf 91' lang='lat' dir='ltr'><strong>intellectus,</strong></span> <span class='ocrx_word' id='word_1_338' title='bbox 2907 1781 3125 1851; x_wconf 86' lang='lat' dir='ltr'><strong>quibus</strong></span> <span class='ocrx_word' id='word_1_339' title='bbox 3174 1783 3434 1851; x_wconf 86' lang='lat' dir='ltr'><strong>pervenit</strong></span> <span class='ocrx_word' id='word_1_340' title='bbox 3478 1784 3602 1854; x_wconf 86' lang='lat' dir='ltr'><strong>ipsa</strong></span> 
     </span>
    </p>
   </div>
   <div class='ocr_carea' id='block_1_47' title="bbox 1895 1867 3597 1941">
    <p class='ocr_par' dir='ltr' id='par_1_47' title="bbox 1895 1867 3597 1941">
     <span class='ocr_line' id='line_1_47' title="bbox 1895 1867 3597 1941; baseline 0.003 -18"><span class='ocrx_word' id='word_1_341' title='bbox 1895 1867 1967 1923; x_wconf 90' lang='lat' dir='ltr'><strong>ad</strong></span> <span class='ocrx_word' id='word_1_342' title='bbox 2010 1882 2167 1937; x_wconf 90' lang='lat' dir='ltr'><strong>eum,</strong></span> <span class='ocrx_word' id='word_1_343' title='bbox 2225 1869 2327 1939; x_wconf 91' lang='lat' dir='ltr'><strong>qui</strong></span> <span class='ocrx_word' id='word_1_344' title='bbox 2385 1868 2494 1924; x_wconf 89' lang='lat' dir='ltr'><strong>sibi</strong></span> <span class='ocrx_word' id='word_1_345' title='bbox 2555 1869 2878 1939; x_wconf 89' lang='lat' dir='ltr'><strong>specialiter</strong></span> <span class='ocrx_word' id='word_1_346' title='bbox 2933 1871 3200 1940; x_wconf 74' lang='lat' dir='ltr'><strong>praesedit</strong></span> <span class='ocrx_word' id='word_1_347' title='bbox 3253 1872 3597 1941; x_wconf 87' lang='lat' dir='ltr'><strong>sapientiam</strong></span> 
     </span>
    </p>
   </div>
   <div class='ocr_carea' id='block_1_48' title="bbox 1893 1955 3590 2030">
    <p class='ocr_par' dir='ltr' id='par_1_48' title="bbox 1893 1955 3590 2030">
     <span class='ocr_line' id='line_1_48' title="bbox 1893 1955 3590 2030; baseline 0.003 -18"><span class='ocrx_word' id='word_1_348' title='bbox 1893 1955 2204 2013; x_wconf 87' lang='lat' dir='ltr'><strong>Christum.</strong></span> <span class='ocrx_word' id='word_1_349' title='bbox 2268 1957 2582 2013; x_wconf 87' lang='lat' dir='ltr'><strong>Summitas</strong></span> <span class='ocrx_word' id='word_1_350' title='bbox 2640 1959 2852 2026; x_wconf 88' lang='lat' dir='ltr'><strong>throni,</strong></span> <span class='ocrx_word' id='word_1_351' title='bbox 2910 1958 3225 2030; x_wconf 86' lang='lat' dir='ltr'><strong>singularis</strong></span> <span class='ocrx_word' id='word_1_352' title='bbox 3275 1961 3590 2017; x_wconf 88' lang='lat' dir='ltr'><strong>eminentia</strong></span> 
     </span>
    </p>
   </div>
   <div class='ocr_carea' id='block_1_49' title="bbox 1896 2045 3602 2120">
    <p class='ocr_par' dir='ltr' id='par_1_49' title="bbox 1896 2045 3602 2120">
     <span class='ocr_line' id='line_1_49' title="bbox 1896 2045 3602 2120; baseline 0.004 -20"><span class='ocrx_word' id='word_1_353' title='bbox 1896 2052 1980 2101; x_wconf 91' lang='lat' dir='ltr'><strong>est</strong></span> <span class='ocrx_word' id='word_1_354' title='bbox 2011 2045 2313 2102; x_wconf 89' lang='lat' dir='ltr'><strong>Genitricis</strong></span> <span class='ocrx_word' id='word_1_355' title='bbox 2345 2047 2466 2101; x_wconf 90' lang='lat' dir='ltr'><strong>Dei.</strong></span> <span class='ocrx_word' id='word_1_356' title='bbox 2520 2047 2653 2103; x_wconf 70' lang='lat' dir='ltr'><strong>Haec</strong></span> <span class='ocrx_word' id='word_1_357' title='bbox 2699 2048 2952 2104; x_wconf 90' lang='lat' dir='ltr'><strong>rotunda</strong></span> <span class='ocrx_word' id='word_1_358' title='bbox 2992 2056 3077 2104; x_wconf 89' lang='lat' dir='ltr'><strong>est</strong></span> <span class='ocrx_word' id='word_1_359' title='bbox 3123 2062 3156 2104; x_wconf 91' lang='lat' dir='ltr'><strong>a</strong></span> <span class='ocrx_word' id='word_1_360' title='bbox 3202 2057 3360 2118; x_wconf 88' lang='lat' dir='ltr'><strong>parte</strong></span> <span class='ocrx_word' id='word_1_361' title='bbox 3411 2058 3602 2120; x_wconf 92' lang='lat' dir='ltr'><strong>poste-</strong></span> 
     </span>
    </p>
   </div>
   <div class='ocr_carea' id='block_1_50' title="bbox 1895 2133 3599 2206">
    <p class='ocr_par' dir='ltr' id='par_1_50' title="bbox 1895 2133 3599 2206">
     <span class='ocr_line' id='line_1_50' title="bbox 1895 2133 3599 2206; baseline 0.002 -17"><span class='ocrx_word' id='word_1_362' title='bbox 1895 2133 2054 2199; x_wconf 89' lang='lat' dir='ltr'><strong>riori,</strong></span> <span class='ocrx_word' id='word_1_363' title='bbox 2086 2134 2227 2205; x_wconf 88' lang='lat' dir='ltr'><strong>quia</strong></span> <span class='ocrx_word' id='word_1_364' title='bbox 2257 2135 2528 2191; x_wconf 90' lang='lat' dir='ltr'><strong>humanis</strong></span> <span class='ocrx_word' id='word_1_365' title='bbox 2575 2136 2779 2192; x_wconf 86' lang='lat' dir='ltr'><strong>usibus</strong></span> <span class='ocrx_word' id='word_1_366' title='bbox 2825 2137 3207 2206; x_wconf 85' lang='lat' dir='ltr'><strong>despicabilis,</strong></span> <span class='ocrx_word' id='word_1_367' title='bbox 3254 2138 3391 2194; x_wconf 92' lang='lat' dir='ltr'><strong>dum</strong></span> <span class='ocrx_word' id='word_1_368' title='bbox 3434 2138 3599 2193; x_wconf 88' lang='lat' dir='ltr'><strong>advi-</strong></span> 
     </span>
    </p>
   </div>
   <div class='ocr_carea' id='block_1_51' title="bbox 1895 2220 3599 2291">
    <p class='ocr_par' dir='ltr' id='par_1_51' title="bbox 1895 2220 3599 2291">
     <span class='ocr_line' id='line_1_51' title="bbox 1895 2220 3599 2291; baseline 0.001 -17"><span class='ocrx_word' id='word_1_369' title='bbox 1895 2228 2073 2285; x_wconf 89' lang='lat' dir='ltr'><strong>veret,</strong></span> <span class='ocrx_word' id='word_1_370' title='bbox 2108 2220 2277 2290; x_wconf 88' lang='lat' dir='ltr'><strong>quasi</strong></span> <span class='ocrx_word' id='word_1_371' title='bbox 2312 2220 2460 2276; x_wconf 90' lang='lat' dir='ltr'><strong>fabri</strong></span> <span class='ocrx_word' id='word_1_372' title='bbox 2488 2234 2658 2286; x_wconf 92' lang='lat' dir='ltr'><strong>uxor,</strong></span> <span class='ocrx_word' id='word_1_373' title='bbox 2706 2220 2828 2291; x_wconf 89' lang='lat' dir='ltr'><strong>jam</strong></span> <span class='ocrx_word' id='word_1_374' title='bbox 2886 2236 3046 2277; x_wconf 92' lang='lat' dir='ltr'><strong>nunc</strong></span> <span class='ocrx_word' id='word_1_375' title='bbox 3095 2222 3193 2277; x_wconf 93' lang='lat' dir='ltr'><strong>ubi</strong></span> <span class='ocrx_word' id='word_1_376' title='bbox 3238 2222 3400 2277; x_wconf 92' lang='lat' dir='ltr'><strong>solus</strong></span> <span class='ocrx_word' id='word_1_377' title='bbox 3445 2222 3599 2277; x_wconf 92' lang='lat' dir='ltr'><strong>Deus</strong></span> 
     </span>
    </p>
   </div>
   <div class='ocr_carea' id='block_1_52' title="bbox 1893 2308 3595 2380">
    <p class='ocr_par' dir='ltr' id='par_1_52' title="bbox 1893 2308 3595 2380">
     <span class='ocr_line' id='line_1_52' title="bbox 1893 2308 3595 2380; baseline 0.001 -16"><span class='ocrx_word' id='word_1_378' title='bbox 1893 2308 2067 2375; x_wconf 89' lang='lat' dir='ltr'><strong>videt,</strong></span> <span class='ocrx_word' id='word_1_379' title='bbox 2101 2322 2411 2379; x_wconf 88' lang='lat' dir='ltr'><strong>supparem</strong></span> <span class='ocrx_word' id='word_1_380' title='bbox 2444 2309 2871 2378; x_wconf 90' lang='lat' dir='ltr'><strong>quodammodo</strong></span> <span class='ocrx_word' id='word_1_381' title='bbox 2924 2310 3202 2380; x_wconf 88' lang='lat' dir='ltr'><strong>prodigiis</strong></span> <span class='ocrx_word' id='word_1_382' title='bbox 3246 2325 3305 2365; x_wconf 90' lang='lat' dir='ltr'><strong>se</strong></span> <span class='ocrx_word' id='word_1_383' title='bbox 3348 2310 3595 2366; x_wconf 90' lang='lat' dir='ltr'><strong>ostendit</strong></span> 
     </span>
    </p>
   </div>
   <div class='ocr_carea' id='block_1_53' title="bbox 1894 2397 3599 2469">
    <p class='ocr_par' dir='ltr' id='par_1_53' title="bbox 1894 2397 3599 2469">
     <span class='ocr_line' id='line_1_53' title="bbox 1894 2397 3599 2469; baseline 0.001 -17"><span class='ocrx_word' id='word_1_384' title='bbox 1894 2397 2319 2467; x_wconf 64' lang='lat' dir='ltr'><strong>omnipotentiae</strong></span> <span class='ocrx_word' id='word_1_385' title='bbox 2344 2398 2464 2463; x_wconf 89' lang='lat' dir='ltr'><strong>Dei,</strong></span> <span class='ocrx_word' id='word_1_386' title='bbox 2500 2398 2640 2453; x_wconf 89' lang='lat' dir='ltr'><strong>dum</strong></span> <span class='ocrx_word' id='word_1_387' title='bbox 2690 2400 2899 2454; x_wconf 91' lang='lat' dir='ltr'><strong>trinam</strong></span> <span class='ocrx_word' id='word_1_388' title='bbox 2942 2399 3291 2466; x_wconf 89' lang='lat' dir='ltr'><strong>machinam,</strong></span> <span class='ocrx_word' id='word_1_389' title='bbox 3327 2407 3389 2455; x_wconf 93' lang='lat' dir='ltr'><strong>ut</strong></span> <span class='ocrx_word' id='word_1_390' title='bbox 3444 2412 3599 2469; x_wconf 68' lang='lat' dir='ltr'><strong>pree-</strong></span> 
     </span>
    </p>
   </div>
   <div class='ocr_carea' id='block_1_54' title="bbox 1894 2484 3109 2556">
    <p class='ocr_par' dir='ltr' id='par_1_54' title="bbox 1894 2484 3109 2556">
     <span class='ocr_line' id='line_1_54' title="bbox 1894 2484 3109 2556; baseline -0.001 -16"><span class='ocrx_word' id='word_1_391' title='bbox 1894 2484 2226 2552; x_wconf 87' lang='lat' dir='ltr'><strong>libavimus,</strong></span> <span class='ocrx_word' id='word_1_392' title='bbox 2257 2486 2641 2555; x_wconf 89' lang='lat' dir='ltr'><strong>potentialiter</strong></span> <span class='ocrx_word' id='word_1_393' title='bbox 2671 2487 2885 2541; x_wconf 89' lang='lat' dir='ltr'><strong>circum</strong></span> <span class='ocrx_word' id='word_1_394' title='bbox 2897 2486 3109 2556; x_wconf 89' lang='lat' dir='ltr'><strong>plectit.</strong></span> 
     </span>
    </p>
   </div>
   <div class='ocr_carea' id='block_1_55' title="bbox 1965 2574 3593 2646">
    <p class='ocr_par' dir='ltr' id='par_1_55' title="bbox 1965 2574 3593 2646">
     <span class='ocr_line' id='line_1_55' title="bbox 1965 2574 3593 2646; baseline -0.001 -16"><span class='ocrx_word' id='word_1_395' title='bbox 1965 2576 2036 2630; x_wconf 88' lang='lat' dir='ltr'><strong>Et</strong></span> <span class='ocrx_word' id='word_1_396' title='bbox 2067 2574 2191 2628; x_wconf 71' lang='lat' dir='ltr'><strong>dua:</strong></span> <span class='ocrx_word' id='word_1_397' title='bbox 2239 2590 2432 2629; x_wconf 84' lang='lat' dir='ltr'><strong>manus</strong></span> <span class='ocrx_word' id='word_1_398' title='bbox 2464 2576 2588 2629; x_wconf 81' lang='lat' dir='ltr'><strong>hinc</strong></span> <span class='ocrx_word' id='word_1_399' title='bbox 2634 2580 2685 2629; x_wconf 89' lang='lat' dir='ltr'><strong>et</strong></span> <span class='ocrx_word' id='word_1_400' title='bbox 2712 2575 2841 2628; x_wconf 86' lang='lat' dir='ltr'><strong>inde</strong></span> <span class='ocrx_word' id='word_1_401' title='bbox 2870 2580 3102 2629; x_wconf 87' lang='lat' dir='ltr'><strong>tenentes</strong></span> <span class='ocrx_word' id='word_1_402' title='bbox 3163 2576 3335 2629; x_wconf 79' lang='lat' dir='ltr'><strong>sedile</strong></span> <span class='ocrx_word' id='word_1_403' title='bbox 3388 2575 3593 2646; x_wconf 63' lang='lat' dir='ltr'><strong>(ibid)</strong></span> 
     </span>
    </p>
   </div>
   <div class='ocr_carea' id='block_1_56' title="bbox 1896 2662 3600 2733">
    <p class='ocr_par' dir='ltr' id='par_1_56' title="bbox 1896 2662 3600 2733">
     <span class='ocr_line' id='line_1_56' title="bbox 1896 2662 3600 2733; baseline 0 -15"><span class='ocrx_word' id='word_1_404' title='bbox 1896 2662 2036 2718; x_wconf 72' lang='lat' dir='ltr'><strong>Duae</strong></span> <span class='ocrx_word' id='word_1_405' title='bbox 2068 2677 2298 2730; x_wconf 91' lang='lat' dir='ltr'><strong>manus,</strong></span> <span class='ocrx_word' id='word_1_406' title='bbox 2331 2664 2462 2719; x_wconf 68' lang='lat' dir='ltr'><strong>duae</strong></span> <span class='ocrx_word' id='word_1_407' title='bbox 2494 2671 2630 2719; x_wconf 91' lang='lat' dir='ltr'><strong>sunt</strong></span> <span class='ocrx_word' id='word_1_408' title='bbox 2662 2664 2719 2718; x_wconf 92' lang='lat' dir='ltr'><strong>in</strong></span> <span class='ocrx_word' id='word_1_409' title='bbox 2751 2663 2978 2719; x_wconf 90' lang='lat' dir='ltr'><strong>Christo</strong></span> <span class='ocrx_word' id='word_1_410' title='bbox 3021 2664 3400 2733; x_wconf 85' lang='lat' dir='ltr'><strong>operationes.</strong></span> <span class='ocrx_word' id='word_1_411' title='bbox 3449 2664 3600 2733; x_wconf 92' lang='lat' dir='ltr'><strong>Ope-</strong></span> 
     </span>
    </p>
   </div>
   <div class='ocr_carea' id='block_1_57' title="bbox 1895 2751 3595 2823">
    <p class='ocr_par' dir='ltr' id='par_1_57' title="bbox 1895 2751 3595 2823">
     <span class='ocr_line' id='line_1_57' title="bbox 1895 2751 3595 2823; baseline 0.001 -17"><span class='ocrx_word' id='word_1_412' title='bbox 1895 2751 2040 2806; x_wconf 91' lang='lat' dir='ltr'><strong>ratio</strong></span> <span class='ocrx_word' id='word_1_413' title='bbox 2093 2751 2286 2806; x_wconf 86' lang='lat' dir='ltr'><strong>carnis</strong></span> <span class='ocrx_word' id='word_1_414' title='bbox 2344 2751 2472 2808; x_wconf 92' lang='lat' dir='ltr'><strong>licet</strong></span> <span class='ocrx_word' id='word_1_415' title='bbox 2547 2751 2844 2823; x_wconf 88' lang='lat' dir='ltr'><strong>fragilitati</strong></span> <span class='ocrx_word' id='word_1_416' title='bbox 2904 2752 3154 2822; x_wconf 90' lang='lat' dir='ltr'><strong>primum</strong></span> <span class='ocrx_word' id='word_1_417' title='bbox 3226 2753 3455 2807; x_wconf 88' lang='lat' dir='ltr'><strong>addicta</strong></span> <span class='ocrx_word' id='word_1_418' title='bbox 3501 2753 3595 2819; x_wconf 90' lang='lat' dir='ltr'><strong>sit,</strong></span> 
     </span>
    </p>
   </div>
   <div class='ocr_carea' id='block_1_58' title="bbox 1895 2842 3600 2910">
    <p class='ocr_par' dir='ltr' id='par_1_58' title="bbox 1895 2842 3600 2910">
     <span class='ocr_line' id='line_1_58' title="bbox 1895 2842 3600 2910; baseline 0.001 -16"><span class='ocrx_word' id='word_1_419' title='bbox 1895 2846 2088 2895; x_wconf 84' lang='lat' dir='ltr'><strong>tamen</strong></span> <span class='ocrx_word' id='word_1_420' title='bbox 2138 2854 2207 2895; x_wconf 85' lang='lat' dir='ltr'><strong>ea</strong></span> <span class='ocrx_word' id='word_1_421' title='bbox 2235 2855 2367 2910; x_wconf 64' lang='lat' dir='ltr'><strong>qua:</strong></span> <span class='ocrx_word' id='word_1_422' title='bbox 2413 2842 2595 2896; x_wconf 89' lang='lat' dir='ltr'><strong>dicit:</strong></span> <span class='ocrx_word' id='word_1_423' title='bbox 2632 2844 2773 2895; x_wconf 87' lang='lat' dir='ltr'><strong>Data</strong></span> <span class='ocrx_word' id='word_1_424' title='bbox 2817 2847 2896 2895; x_wconf 89' lang='lat' dir='ltr'><strong>est</strong></span> <span class='ocrx_word' id='word_1_425' title='bbox 2950 2843 3091 2894; x_wconf 82' lang='lat' dir='ltr'><strong>mihi</strong></span> <span class='ocrx_word' id='word_1_426' title='bbox 3143 2845 3317 2895; x_wconf 85' lang='lat' dir='ltr'><strong>omnis</strong></span> <span class='ocrx_word' id='word_1_427' title='bbox 3362 2847 3600 2910; x_wconf 79' lang='lat' dir='ltr'><strong>potestas</strong></span> 
     </span>
    </p>
   </div>
   <div class='ocr_carea' id='block_1_59' title="bbox 1895 2929 3600 2998">
    <p class='ocr_par' dir='ltr' id='par_1_59' title="bbox 1895 2929 3600 2998">
     <span class='ocr_line' id='line_1_59' title="bbox 1895 2929 3600 2998; baseline 0.001 -17"><span class='ocrx_word' id='word_1_428' title='bbox 1895 2931 1953 2982; x_wconf 81' lang='lat' dir='ltr'><strong>in</strong></span> <span class='ocrx_word' id='word_1_429' title='bbox 1980 2930 2110 2982; x_wconf 66' lang='lat' dir='ltr'><strong>caelo</strong></span> <span class='ocrx_word' id='word_1_430' title='bbox 2134 2934 2183 2983; x_wconf 82' lang='lat' dir='ltr'><strong>et</strong></span> <span class='ocrx_word' id='word_1_431' title='bbox 2208 2932 2264 2982; x_wconf 84' lang='lat' dir='ltr'><strong>in</strong></span> <span class='ocrx_word' id='word_1_432' title='bbox 2290 2934 2435 2982; x_wconf 83' lang='lat' dir='ltr'><strong>terra</strong></span> <span class='ocrx_word' id='word_1_433' title='bbox 2466 2931 2679 2998; x_wconf 81' lang='lat' dir='ltr'><strong>(Matth.</strong></span> <span class='ocrx_word' id='word_1_434' title='bbox 2731 2942 2930 2995; x_wconf 84' lang='lat' dir='ltr'><strong>xxvut,</strong></span> <span class='ocrx_word' id='word_1_435' title='bbox 2988 2930 3088 2998; x_wconf 90' lang='lat' dir='ltr'><strong>l8).</strong></span> <span class='ocrx_word' id='word_1_436' title='bbox 3138 2930 3401 2998; x_wconf 89' lang='lat' dir='ltr'><strong>Operatio</strong></span> <span class='ocrx_word' id='word_1_437' title='bbox 3447 2929 3600 2983; x_wconf 88' lang='lat' dir='ltr'><strong>divi-</strong></span> 
     </span>
    </p>
   </div>
   <div class='ocr_carea' id='block_1_60' title="bbox 1896 3017 3601 3087">
    <p class='ocr_par' dir='ltr' id='par_1_60' title="bbox 1896 3017 3601 3087">
     <span class='ocr_line' id='line_1_60' title="bbox 1896 3017 3601 3087; baseline 0 -16"><span class='ocrx_word' id='word_1_438' title='bbox 1896 3017 2135 3072; x_wconf 88' lang='lat' dir='ltr'><strong>nitatis:</strong></span> <span class='ocrx_word' id='word_1_439' title='bbox 2193 3019 2338 3082; x_wconf 86' lang='lat' dir='ltr'><strong>Quia</strong></span> <span class='ocrx_word' id='word_1_440' title='bbox 2380 3034 2477 3087; x_wconf 84' lang='lat' dir='ltr'><strong>per</strong></span> <span class='ocrx_word' id='word_1_441' title='bbox 2531 3021 2712 3086; x_wconf 83' lang='lat' dir='ltr'><strong>ipsum</strong></span> <span class='ocrx_word' id='word_1_442' title='bbox 2757 3021 2910 3085; x_wconf 82' lang='lat' dir='ltr'><strong>facta</strong></span> <span class='ocrx_word' id='word_1_443' title='bbox 2958 3025 3083 3072; x_wconf 83' lang='lat' dir='ltr'><strong>sunt</strong></span> <span class='ocrx_word' id='word_1_444' title='bbox 3133 3022 3339 3086; x_wconf 81' lang='lat' dir='ltr'><strong>omnia,</strong></span> <span class='ocrx_word' id='word_1_445' title='bbox 3388 3024 3440 3071; x_wconf 87' lang='lat' dir='ltr'><strong>et</strong></span> <span class='ocrx_word' id='word_1_446' title='bbox 3485 3020 3601 3072; x_wconf 88' lang='lat' dir='ltr'><strong>sine</strong></span> 
     </span>
    </p>
   </div>
   <div class='ocr_carea' id='block_1_61' title="bbox 20 3106 3597 3178">
    <p class='ocr_par' dir='ltr' id='par_1_61' title="bbox 20 3106 3597 3178">
     <span class='ocr_line' id='line_1_61' title="bbox 20 3106 3597 3178; baseline 0 -17"><span class='ocrx_word' id='word_1_447' title='bbox 20 3138 29 3170; x_wconf 61' lang='grc' dir='ltr'><strong>ι</strong></span> <span class='ocrx_word' id='word_1_448' title='bbox 73 3110 233 3177; x_wconf 90' lang='lat' dir='ltr'><strong>(Luc.</strong></span> <span class='ocrx_word' id='word_1_449' title='bbox 266 3123 327 3173; x_wconf 85' lang='lat' dir='ltr'><strong>ll,</strong></span> <span class='ocrx_word' id='word_1_450' title='bbox 359 3111 471 3174; x_wconf 81' lang='lat'><strong>35),</strong></span> <span class='ocrx_word' id='word_1_451' title='bbox 506 3107 687 3163; x_wconf 91' lang='lat' dir='ltr'><strong>multo</strong></span> <span class='ocrx_word' id='word_1_452' title='bbox 718 3108 974 3163; x_wconf 90' lang='lat' dir='ltr'><strong>avidiore</strong></span> <span class='ocrx_word' id='word_1_453' title='bbox 1025 3107 1219 3164; x_wconf 59' lang='lat' dir='ltr'><strong>latitia</strong></span> <span class='ocrx_word' id='word_1_454' title='bbox 1263 3110 1411 3165; x_wconf 90' lang='lat' dir='ltr'><strong>uteri</strong></span> <span class='ocrx_word' id='word_1_455' title='bbox 1461 3109 1541 3165; x_wconf 93' lang='lat' dir='ltr'><strong>tui</strong></span> <span class='ocrx_word' id='word_1_456' title='bbox 1586 3110 1789 3165; x_wconf 84' lang='lat' dir='ltr'><strong>exsul-</strong></span> <span class='ocrx_word' id='word_1_457' title='bbox 1826 3123 1868 3178; x_wconf 74' lang='grc' dir='ltr'>ο</span> <span class='ocrx_word' id='word_1_458' title='bbox 1896 3107 2012 3174; x_wconf 82' lang='lat' dir='ltr'><strong>ipso</strong></span> <span class='ocrx_word' id='word_1_459' title='bbox 2041 3108 2250 3171; x_wconf 82' lang='lat' dir='ltr'><strong>factum</strong></span> <span class='ocrx_word' id='word_1_460' title='bbox 2279 3112 2359 3160; x_wconf 84' lang='lat' dir='ltr'><strong>est</strong></span> <span class='ocrx_word' id='word_1_461' title='bbox 2405 3108 2547 3161; x_wconf 82' lang='lat' dir='ltr'><strong>nihil</strong></span> <span class='ocrx_word' id='word_1_462' title='bbox 2575 3106 2748 3177; x_wconf 86' lang='lat' dir='ltr'><strong>(Joan.</strong></span> <span class='ocrx_word' id='word_1_463' title='bbox 2780 3121 2817 3173; x_wconf 84' lang='grc' dir='ltr'><strong>ι,</strong></span> <span class='ocrx_word' id='word_1_464' title='bbox 2873 3108 2946 3174; x_wconf 87' lang='grc'><strong>3).</strong></span> <span class='ocrx_word' id='word_1_465' title='bbox 3000 3108 3099 3161; x_wconf 72' lang='lat' dir='ltr'><strong>Hae</strong></span> <span class='ocrx_word' id='word_1_466' title='bbox 3148 3115 3411 3176; x_wconf 73' lang='lat' dir='ltr'><strong>utrmque</strong></span> <span class='ocrx_word' id='word_1_467' title='bbox 3459 3120 3597 3175; x_wconf 83' lang='lat' dir='ltr'><strong>ope-</strong></span> 
     </span>
    </p>
   </div>
   <div class='ocr_carea' id='block_1_62' title="bbox 20 3193 1789 3273">
    <p class='ocr_par' dir='ltr' id='par_1_62' title="bbox 20 3193 1789 3273">
     <span class='ocr_line' id='line_1_62' title="bbox 20 3193 1789 3273; baseline 0.001 -22"><span class='ocrx_word' id='word_1_468' title='bbox 20 3222 29 3273; x_wconf 66' lang='grc' dir='ltr'><strong>ε</strong></span> <span class='ocrx_word' id='word_1_469' title='bbox 67 3195 226 3252; x_wconf 90' lang='lat' dir='ltr'><strong>tabis</strong></span> <span class='ocrx_word' id='word_1_470' title='bbox 253 3196 328 3251; x_wconf 91' lang='lat' dir='ltr'><strong>ad</strong></span> <span class='ocrx_word' id='word_1_471' title='bbox 359 3193 615 3252; x_wconf 89' lang='lat' dir='ltr'><strong>fructum</strong></span> <span class='ocrx_word' id='word_1_472' title='bbox 641 3195 653 3249; x_wconf 76' lang='grc' dir='ltr'><strong>ι</strong></span> <span class='ocrx_word' id='word_1_473' title='bbox 689 3194 734 3252; x_wconf 95' lang='lat' dir='ltr'><strong>O</strong></span> <span class='ocrx_word' id='word_1_474' title='bbox 760 3194 1108 3251; x_wconf 86' lang='lat' dir='ltr'><strong>ineﬁ‘ahilem</strong></span> <span class='ocrx_word' id='word_1_475' title='bbox 1140 3210 1275 3253; x_wconf 88' lang='lat' dir='ltr'><strong>vere</strong></span> <span class='ocrx_word' id='word_1_476' title='bbox 1303 3197 1475 3253; x_wconf 89' lang='lat' dir='ltr'><strong>etiam</strong></span> <span class='ocrx_word' id='word_1_477' title='bbox 1516 3198 1789 3269; x_wconf 76' lang='lat' dir='ltr'><strong>angelicis</strong></span> 
     </span>
    </p>
   </div>
   <div class='ocr_carea' id='block_1_63' title="bbox 22 3284 1787 3356">
    <p class='ocr_par' dir='ltr' id='par_1_63' title="bbox 22 3284 1787 3356">
     <span class='ocr_line' id='line_1_63' title="bbox 22 3284 1787 3356; baseline 0.002 -18"><span class='ocrx_word' id='word_1_478' title='bbox 22 3285 408 3347; x_wconf 59' lang='lat' dir='ltr'><strong>[rationibus</strong></span> <span class='ocrx_word' id='word_1_479' title='bbox 446 3284 735 3352; x_wconf 88' lang='lat' dir='ltr'><strong>feminam,</strong></span> <span class='ocrx_word' id='word_1_480' title='bbox 791 3298 923 3355; x_wconf 73' lang='lat' dir='ltr'><strong>quae</strong></span> <span class='ocrx_word' id='word_1_481' title='bbox 971 3284 1164 3340; x_wconf 91' lang='lat' dir='ltr'><strong>adhuc</strong></span> <span class='ocrx_word' id='word_1_482' title='bbox 1209 3285 1428 3341; x_wconf 89' lang='lat' dir='ltr'><strong>carnali</strong></span> <span class='ocrx_word' id='word_1_483' title='bbox 1480 3293 1639 3355; x_wconf 89' lang='lat' dir='ltr'><strong>septa</strong></span> <span class='ocrx_word' id='word_1_484' title='bbox 1687 3300 1787 3356; x_wconf 89' lang='lat' dir='ltr'><strong>pa-</strong></span> 
     </span>
    </p>
   </div>
   <div class='ocr_carea' id='block_1_64' title="bbox 22 3373 1787 3445">
    <p class='ocr_par' dir='ltr' id='par_1_64' title="bbox 22 3373 1787 3445">
     <span class='ocr_line' id='line_1_64' title="bbox 22 3373 1787 3445; baseline 0.002 -18"><span class='ocrx_word' id='word_1_485' title='bbox 22 3398 29 3437; x_wconf 70' lang='grc' dir='ltr'>ε</span> <span class='ocrx_word' id='word_1_486' title='bbox 74 3374 222 3430; x_wconf 89' lang='lat' dir='ltr'><strong>riete</strong></span> <span class='ocrx_word' id='word_1_487' title='bbox 256 3374 398 3429; x_wconf 92' lang='lat' dir='ltr'><strong>illud</strong></span> <span class='ocrx_word' id='word_1_488' title='bbox 431 3373 1007 3443; x_wconf 89' lang='lat' dir='ltr'><strong>incomprehensibile</strong></span> <span class='ocrx_word' id='word_1_489' title='bbox 1035 3373 1234 3429; x_wconf 89' lang='lat' dir='ltr'><strong>lumen</strong></span> <span class='ocrx_word' id='word_1_490' title='bbox 1276 3374 1427 3442; x_wconf 91' lang='lat' dir='ltr'><strong>tulit,</strong></span> <span class='ocrx_word' id='word_1_491' title='bbox 1478 3376 1631 3445; x_wconf 90' lang='lat' dir='ltr'><strong>quod</strong></span> <span class='ocrx_word' id='word_1_492' title='bbox 1682 3390 1787 3431; x_wconf 89' lang='lat' dir='ltr'><strong>ne-</strong></span> 
     </span>
    </p>
   </div>
   <div class='ocr_carea' id='block_1_65' title="bbox 22 3462 1787 3533">
    <p class='ocr_par' dir='ltr' id='par_1_65' title="bbox 22 3462 1787 3533">
     <span class='ocr_line' id='line_1_65' title="bbox 22 3462 1787 3533; baseline 0 -14"><span class='ocrx_word' id='word_1_493' title='bbox 22 3484 31 3525; x_wconf 80' lang='grc' dir='ltr'>ι</span> <span class='ocrx_word' id='word_1_494' title='bbox 70 3478 189 3533; x_wconf 91' lang='lat' dir='ltr'><strong>que</strong></span> <span class='ocrx_word' id='word_1_495' title='bbox 246 3463 565 3530; x_wconf 88' lang='lat' dir='ltr'><strong>humanus,</strong></span> <span class='ocrx_word' id='word_1_496' title='bbox 613 3477 802 3532; x_wconf 91' lang='lat' dir='ltr'><strong>neque</strong></span> <span class='ocrx_word' id='word_1_497' title='bbox 852 3462 1093 3518; x_wconf 80' lang='lat' dir='ltr'><strong>caelestis</strong></span> <span class='ocrx_word' id='word_1_498' title='bbox 1135 3462 1390 3531; x_wconf 91' lang='lat' dir='ltr'><strong>spiritus,</strong></span> <span class='ocrx_word' id='word_1_499' title='bbox 1435 3477 1550 3518; x_wconf 92' lang='lat' dir='ltr'><strong>non</strong></span> <span class='ocrx_word' id='word_1_500' title='bbox 1598 3463 1787 3519; x_wconf 91' lang='lat' dir='ltr'><strong>dicam</strong></span> 
     </span>
    </p>
   </div>
   <div class='ocr_carea' id='block_1_66' title="bbox 22 3550 1788 3621">
    <p class='ocr_par' dir='ltr' id='par_1_66' title="bbox 22 3550 1788 3621">
     <span class='ocr_line' id='line_1_66' title="bbox 22 3550 1788 3621; baseline 0.001 -15"><span class='ocrx_word' id='word_1_501' title='bbox 22 3574 27 3615; x_wconf 73' lang='grc' dir='ltr'>ι</span> <span class='ocrx_word' id='word_1_502' title='bbox 72 3558 264 3607; x_wconf 89' lang='lat' dir='ltr'><strong>totum</strong></span> <span class='ocrx_word' id='word_1_503' title='bbox 291 3551 549 3617; x_wconf 90' lang='lat' dir='ltr'><strong>tolerare,</strong></span> <span class='ocrx_word' id='word_1_504' title='bbox 574 3551 671 3607; x_wconf 90' lang='lat' dir='ltr'><strong>sed</strong></span> <span class='ocrx_word' id='word_1_505' title='bbox 696 3553 870 3607; x_wconf 89' lang='lat' dir='ltr'><strong>etiam</strong></span> <span class='ocrx_word' id='word_1_506' title='bbox 894 3552 1197 3620; x_wconf 89' lang='lat' dir='ltr'><strong>pervidere</strong></span> <span class='ocrx_word' id='word_1_507' title='bbox 1214 3566 1329 3607; x_wconf 91' lang='lat' dir='ltr'><strong>non</strong></span> <span class='ocrx_word' id='word_1_508' title='bbox 1363 3552 1538 3621; x_wconf 90' lang='lat' dir='ltr'><strong>possit</strong></span> <span class='ocrx_word' id='word_1_509' title='bbox 1561 3550 1573 3605; x_wconf 90' lang='lat' dir='ltr'><strong>l</strong></span> <span class='ocrx_word' id='word_1_510' title='bbox 1596 3552 1788 3608; x_wconf 90' lang='lat' dir='ltr'><strong>videre</strong></span> 
     </span>
    </p>
   </div>
   <div class='ocr_carea' id='block_1_67' title="bbox 22 3639 1788 3711">
    <p class='ocr_par' dir='ltr' id='par_1_67' title="bbox 22 3639 1788 3711">
     <span class='ocr_line' id='line_1_67' title="bbox 22 3639 1788 3711; baseline -0.001 -15"><span class='ocrx_word' id='word_1_511' title='bbox 22 3670 29 3703; x_wconf 80' lang='grc' dir='ltr'>ι</span> <span class='ocrx_word' id='word_1_512' title='bbox 73 3641 232 3696; x_wconf 90' lang='lat' dir='ltr'><strong>enim</strong></span> <span class='ocrx_word' id='word_1_513' title='bbox 268 3655 442 3695; x_wconf 91' lang='lat' dir='ltr'><strong>suum</strong></span> <span class='ocrx_word' id='word_1_514' title='bbox 473 3639 959 3711; x_wconf 85' lang='lat' dir='ltr'><strong>qualitercunque</strong></span> <span class='ocrx_word' id='word_1_515' title='bbox 991 3640 1317 3696; x_wconf 89' lang='lat' dir='ltr'><strong>Creatorem</strong></span> <span class='ocrx_word' id='word_1_516' title='bbox 1350 3640 1452 3696; x_wconf 91' lang='lat' dir='ltr'><strong>etsi</strong></span> <span class='ocrx_word' id='word_1_517' title='bbox 1501 3640 1788 3709; x_wconf 87' lang='lat' dir='ltr'><strong>permitti-</strong></span> 
     </span>
    </p>
   </div>
   <div class='ocr_carea' id='block_1_68' title="bbox 24 3728 1788 3800">
    <p class='ocr_par' dir='ltr' id='par_1_68' title="bbox 24 3728 1788 3800">
     <span class='ocr_line' id='line_1_68' title="bbox 24 3728 1788 3800; baseline 0.001 -16"><span class='ocrx_word' id='word_1_518' title='bbox 24 3756 28 3793; x_wconf 90' lang='grc' dir='ltr'>ι</span> <span class='ocrx_word' id='word_1_519' title='bbox 73 3737 194 3798; x_wconf 91' lang='lat' dir='ltr'><strong>tur,</strong></span> <span class='ocrx_word' id='word_1_520' title='bbox 229 3728 720 3799; x_wconf 87' lang='lat' dir='ltr'><strong>comprehendere</strong></span> <span class='ocrx_word' id='word_1_521' title='bbox 745 3733 938 3785; x_wconf 87' lang='lat' dir='ltr'><strong>tamen</strong></span> <span class='ocrx_word' id='word_1_522' title='bbox 989 3729 1336 3786; x_wconf 89' lang='lat' dir='ltr'><strong>omnimodis</strong></span> <span class='ocrx_word' id='word_1_523' title='bbox 1382 3743 1450 3786; x_wconf 91' lang='lat' dir='ltr'><strong>ac</strong></span> <span class='ocrx_word' id='word_1_524' title='bbox 1488 3730 1788 3800; x_wconf 85' lang='lat' dir='ltr'><strong>pervidere</strong></span> 
     </span>
    </p>
   </div>
   <div class='ocr_carea' id='block_1_69' title="bbox 24 3817 1786 3889">
    <p class='ocr_par' dir='ltr' id='par_1_69' title="bbox 24 3817 1786 3889">
     <span class='ocr_line' id='line_1_69' title="bbox 24 3817 1786 3889; baseline -0.002 -10"><span class='ocrx_word' id='word_1_525' title='bbox 24 3844 29 3879; x_wconf 86' lang='lat'><strong>:</strong></span> <span class='ocrx_word' id='word_1_526' title='bbox 73 3828 355 3889; x_wconf 88' lang='lat' dir='ltr'><strong>negatur.</strong></span> <span class='ocrx_word' id='word_1_527' title='bbox 399 3819 543 3873; x_wconf 86' lang='lat' dir='ltr'><strong>Hinc</strong></span> <span class='ocrx_word' id='word_1_528' title='bbox 589 3826 674 3874; x_wconf 88' lang='lat' dir='ltr'><strong>est</strong></span> <span class='ocrx_word' id='word_1_529' title='bbox 726 3817 881 3889; x_wconf 92' lang='lat' dir='ltr'><strong>quod</strong></span> <span class='ocrx_word' id='word_1_530' title='bbox 926 3818 1255 3874; x_wconf 88' lang='lat' dir='ltr'><strong>desiderant</strong></span> <span class='ocrx_word' id='word_1_531' title='bbox 1293 3819 1352 3873; x_wconf 91' lang='lat' dir='ltr'><strong>in</strong></span> <span class='ocrx_word' id='word_1_532' title='bbox 1408 3833 1542 3875; x_wconf 90' lang='lat' dir='ltr'><strong>eum</strong></span> <span class='ocrx_word' id='word_1_533' title='bbox 1596 3819 1786 3889; x_wconf 87' lang='lat' dir='ltr'><strong>angeli</strong></span> 
     </span>
    </p>
   </div>
   <div class='ocr_carea' id='block_1_70' title="bbox 24 3905 1787 3976">
    <p class='ocr_par' dir='ltr' id='par_1_70' title="bbox 24 3905 1787 3976">
     <span class='ocr_line' id='line_1_70' title="bbox 24 3905 1787 3976; baseline 0.001 -16"><span class='ocrx_word' id='word_1_534' title='bbox 24 3942 27 3969; x_wconf 74' lang='grc'><strong>,</strong></span> <span class='ocrx_word' id='word_1_535' title='bbox 75 3906 407 3976; x_wconf 88' lang='lat' dir='ltr'><strong>prospicere</strong></span> <span class='ocrx_word' id='word_1_536' title='bbox 441 3907 488 3975; x_wconf 88' lang='grc' dir='ltr'><strong>(Ι</strong></span> <span class='ocrx_word' id='word_1_537' title='bbox 528 3907 679 3959; x_wconf 89' lang='lat' dir='ltr'><strong>Petr.</strong></span> <span class='ocrx_word' id='word_1_538' title='bbox 716 3921 755 3973; x_wconf 89' lang='grc' dir='ltr'><strong>ι,</strong></span> <span class='ocrx_word' id='word_1_539' title='bbox 806 3908 908 3973; x_wconf 73' lang='grc'><strong>12),</strong></span> <span class='ocrx_word' id='word_1_540' title='bbox 962 3905 1101 3962; x_wconf 90' lang='lat' dir='ltr'><strong>dum</strong></span> <span class='ocrx_word' id='word_1_541' title='bbox 1149 3915 1383 3976; x_wconf 89' lang='lat' dir='ltr'><strong>propter</strong></span> <span class='ocrx_word' id='word_1_542' title='bbox 1425 3906 1517 3962; x_wconf 90' lang='lat' dir='ltr'><strong>sui</strong></span> <span class='ocrx_word' id='word_1_543' title='bbox 1562 3906 1787 3962; x_wconf 91' lang='lat' dir='ltr'><strong>incom-</strong></span> 
     </span>
    </p>
   </div>
   <div class='ocr_carea' id='block_1_71' title="bbox 24 3994 1784 4063">
    <p class='ocr_par' dir='ltr' id='par_1_71' title="bbox 24 3994 1784 4063">
     <span class='ocr_line' id='line_1_71' title="bbox 24 3994 1784 4063; baseline 0.001 -13"><span class='ocrx_word' id='word_1_544' title='bbox 24 4020 28 4057; x_wconf 67' lang='grc' dir='ltr'>ε</span> <span class='ocrx_word' id='word_1_545' title='bbox 73 3994 633 4063; x_wconf 83' lang='lat' dir='ltr'><strong>prehensibilitatem</strong></span> <span class='ocrx_word' id='word_1_546' title='bbox 668 4009 783 4050; x_wconf 91' lang='lat' dir='ltr'><strong>non</strong></span> <span class='ocrx_word' id='word_1_547' title='bbox 828 4003 1052 4050; x_wconf 81' lang='lat' dir='ltr'><strong>cessant</strong></span> <span class='ocrx_word' id='word_1_548' title='bbox 1101 3995 1505 4051; x_wconf 89' lang='lat' dir='ltr'><strong>insatiabiliter</strong></span> <span class='ocrx_word' id='word_1_549' title='bbox 1538 3994 1784 4051; x_wconf 88' lang='lat' dir='ltr'><strong>inhiare.</strong></span> 
     </span>
    </p>
   </div>
   <div class='ocr_carea' id='block_1_72' title="bbox 148 4082 1783 4153">
    <p class='ocr_par' dir='ltr' id='par_1_72' title="bbox 148 4082 1783 4153">
     <span class='ocr_line' id='line_1_72' title="bbox 148 4082 1783 4153; baseline 0.001 -15"><span class='ocrx_word' id='word_1_550' title='bbox 148 4083 464 4138; x_wconf 90' lang='lat' dir='ltr'><strong>Pensemus</strong></span> <span class='ocrx_word' id='word_1_551' title='bbox 517 4097 675 4153; x_wconf 89' lang='lat' dir='ltr'><strong>ergo,</strong></span> <span class='ocrx_word' id='word_1_552' title='bbox 731 4082 872 4138; x_wconf 92' lang='lat' dir='ltr'><strong>dum</strong></span> <span class='ocrx_word' id='word_1_553' title='bbox 930 4096 1066 4138; x_wconf 90' lang='lat' dir='ltr'><strong>eum</strong></span> <span class='ocrx_word' id='word_1_554' title='bbox 1125 4083 1230 4138; x_wconf 91' lang='lat' dir='ltr'><strong>ista</strong></span> <span class='ocrx_word' id='word_1_555' title='bbox 1280 4083 1549 4153; x_wconf 92' lang='lat' dir='ltr'><strong>concipit,</strong></span> <span class='ocrx_word' id='word_1_556' title='bbox 1606 4098 1783 4153; x_wconf 88' lang='lat' dir='ltr'><strong>quam</strong></span> 
     </span>
    </p>
   </div>
   <div class='ocr_carea' id='block_1_73' title="bbox 73 4171 1786 4242">
    <p class='ocr_par' dir='ltr' id='par_1_73' title="bbox 73 4171 1786 4242">
     <span class='ocr_line' id='line_1_73' title="bbox 73 4171 1786 4242; baseline 0.001 -16"><span class='ocrx_word' id='word_1_557' title='bbox 73 4172 454 4227; x_wconf 81' lang='lat' dir='ltr'><strong>excellentius</strong></span> <span class='ocrx_word' id='word_1_558' title='bbox 515 4171 674 4227; x_wconf 91' lang='lat' dir='ltr'><strong>omni</strong></span> <span class='ocrx_word' id='word_1_559' title='bbox 740 4178 1010 4226; x_wconf 89' lang='lat' dir='ltr'><strong>creatura</strong></span> <span class='ocrx_word' id='word_1_560' title='bbox 1076 4171 1302 4239; x_wconf 83' lang='lat' dir='ltr'><strong>viderit,</strong></span> <span class='ocrx_word' id='word_1_561' title='bbox 1363 4172 1502 4229; x_wconf 90' lang='lat' dir='ltr'><strong>dum</strong></span> <span class='ocrx_word' id='word_1_562' title='bbox 1561 4180 1786 4242; x_wconf 88' lang='lat' dir='ltr'><strong>portare</strong></span> 
     </span>
    </p>
   </div>
   <div class='ocr_carea' id='block_1_74' title="bbox 73 4259 1785 4329">
    <p class='ocr_par' dir='ltr' id='par_1_74' title="bbox 73 4259 1785 4329">
     <span class='ocr_line' id='line_1_74' title="bbox 73 4259 1785 4329; baseline 0.002 -16"><span class='ocrx_word' id='word_1_563' title='bbox 73 4259 254 4316; x_wconf 91' lang='lat' dir='ltr'><strong>datur</strong></span> <span class='ocrx_word' id='word_1_564' title='bbox 291 4259 448 4329; x_wconf 92' lang='lat' dir='ltr'><strong>quod</strong></span> <span class='ocrx_word' id='word_1_565' title='bbox 475 4259 621 4315; x_wconf 91' lang='lat' dir='ltr'><strong>nulli</strong></span> <span class='ocrx_word' id='word_1_566' title='bbox 652 4259 831 4327; x_wconf 92' lang='lat' dir='ltr'><strong>licuit,</strong></span> <span class='ocrx_word' id='word_1_567' title='bbox 873 4259 1029 4315; x_wconf 91' lang='lat' dir='ltr'><strong>unde</strong></span> <span class='ocrx_word' id='word_1_568' title='bbox 1076 4260 1220 4316; x_wconf 93' lang='lat' dir='ltr'><strong>illud</strong></span> <span class='ocrx_word' id='word_1_569' title='bbox 1262 4261 1605 4317; x_wconf 90' lang='lat' dir='ltr'><strong>mirabiliter</strong></span> <span class='ocrx_word' id='word_1_570' title='bbox 1649 4276 1785 4317; x_wconf 90' lang='lat' dir='ltr'><strong>sen-</strong></span> 
     </span>
    </p>
   </div>
   <div class='ocr_carea' id='block_1_75' title="bbox 75 4349 1786 4420">
    <p class='ocr_par' dir='ltr' id='par_1_75' title="bbox 75 4349 1786 4420">
     <span class='ocr_line' id='line_1_75' title="bbox 75 4349 1786 4420; baseline 0.002 -17"><span class='ocrx_word' id='word_1_571' title='bbox 75 4363 206 4403; x_wconf 89' lang='lat' dir='ltr'><strong>sum</strong></span> <span class='ocrx_word' id='word_1_572' title='bbox 239 4357 345 4409; x_wconf 83' lang='lat' dir='ltr'><strong>est,</strong></span> <span class='ocrx_word' id='word_1_573' title='bbox 382 4349 537 4418; x_wconf 76' lang='lat' dir='ltr'><strong>quod</strong></span> <span class='ocrx_word' id='word_1_574' title='bbox 569 4364 681 4404; x_wconf 77' lang='lat' dir='ltr'><strong>non</strong></span> <span class='ocrx_word' id='word_1_575' title='bbox 736 4350 1116 4419; x_wconf 89' lang='lat' dir='ltr'><strong>cognoscebat</strong></span> <span class='ocrx_word' id='word_1_576' title='bbox 1159 4364 1286 4405; x_wconf 91' lang='lat' dir='ltr'><strong>eam</strong></span> <span class='ocrx_word' id='word_1_577' title='bbox 1334 4351 1515 4406; x_wconf 91' lang='lat' dir='ltr'><strong>donec</strong></span> <span class='ocrx_word' id='word_1_578' title='bbox 1561 4358 1786 4420; x_wconf 88' lang='lat' dir='ltr'><strong>pareret</strong></span> 
     </span>
    </p>
   </div>
   <div class='ocr_carea' id='block_1_76' title="bbox 75 4437 1783 4509">
    <p class='ocr_par' dir='ltr' id='par_1_76' title="bbox 75 4437 1783 4509">
     <span class='ocr_line' id='line_1_76' title="bbox 75 4437 1783 4509; baseline 0.002 -17"><span class='ocrx_word' id='word_1_579' title='bbox 75 4440 298 4501; x_wconf 73' lang='lat' dir='ltr'><strong>(Matth.</strong></span> <span class='ocrx_word' id='word_1_580' title='bbox 334 4453 370 4501; x_wconf 90' lang='grc' dir='ltr'><strong>ι,</strong></span> <span class='ocrx_word' id='word_1_581' title='bbox 406 4437 517 4506; x_wconf 79' lang='lat'><strong>25).</strong></span> <span class='ocrx_word' id='word_1_582' title='bbox 556 4438 643 4493; x_wconf 83' lang='lat' dir='ltr'><strong>Ah</strong></span> <span class='ocrx_word' id='word_1_583' title='bbox 670 4452 737 4493; x_wconf 88' lang='lat' dir='ltr'><strong>eo</strong></span> <span class='ocrx_word' id='word_1_584' title='bbox 767 4439 918 4494; x_wconf 84' lang='lat' dir='ltr'><strong>enim</strong></span> <span class='ocrx_word' id='word_1_585' title='bbox 956 4446 1112 4494; x_wconf 89' lang='lat' dir='ltr'><strong>statu</strong></span> <span class='ocrx_word' id='word_1_586' title='bbox 1162 4453 1335 4509; x_wconf 93' lang='lat' dir='ltr'><strong>quem</strong></span> <span class='ocrx_word' id='word_1_587' title='bbox 1389 4448 1522 4495; x_wconf 90' lang='lat' dir='ltr'><strong>ante</strong></span> <span class='ocrx_word' id='word_1_588' title='bbox 1581 4453 1783 4495; x_wconf 89' lang='lat' dir='ltr'><strong>conce-</strong></span> 
     </span>
    </p>
   </div>
   <div class='ocr_carea' id='block_1_77' title="bbox 77 4525 1786 4599">
    <p class='ocr_par' dir='ltr' id='par_1_77' title="bbox 77 4525 1786 4599">
     <span class='ocr_line' id='line_1_77' title="bbox 77 4525 1786 4599; baseline 0.002 -18"><span class='ocrx_word' id='word_1_589' title='bbox 77 4534 243 4594; x_wconf 89' lang='lat' dir='ltr'><strong>ptum</strong></span> <span class='ocrx_word' id='word_1_590' title='bbox 327 4525 500 4581; x_wconf 87' lang='lat' dir='ltr'><strong>facies</strong></span> <span class='ocrx_word' id='word_1_591' title='bbox 563 4526 690 4596; x_wconf 88' lang='lat' dir='ltr'><strong>ejus</strong></span> <span class='ocrx_word' id='word_1_592' title='bbox 756 4526 1061 4594; x_wconf 89' lang='lat' dir='ltr'><strong>habuerat,</strong></span> <span class='ocrx_word' id='word_1_593' title='bbox 1130 4535 1356 4583; x_wconf 91' lang='lat' dir='ltr'><strong>tantum</strong></span> <span class='ocrx_word' id='word_1_594' title='bbox 1430 4528 1786 4599; x_wconf 75' lang='lat' dir='ltr'><strong>praegnantis</strong></span> 
     </span>
    </p>
   </div>
   <div class='ocr_carea' id='block_1_78' title="bbox 82 4612 1784 4685">
    <p class='ocr_par' dir='ltr' id='par_1_78' title="bbox 82 4612 1784 4685">
     <span class='ocr_line' id='line_1_78' title="bbox 82 4612 1784 4685; baseline 0.004 -18"><span class='ocrx_word' id='word_1_595' title='bbox 82 4612 274 4670; x_wconf 85' lang='lat' dir='ltr'><strong>forma</strong></span> <span class='ocrx_word' id='word_1_596' title='bbox 300 4614 569 4681; x_wconf 88' lang='lat' dir='ltr'><strong>distabat,</strong></span> <span class='ocrx_word' id='word_1_597' title='bbox 600 4623 889 4685; x_wconf 90' lang='lat' dir='ltr'><strong>quantum</strong></span> <span class='ocrx_word' id='word_1_598' title='bbox 927 4630 961 4670; x_wconf 91' lang='lat' dir='ltr'><strong>a</strong></span> <span class='ocrx_word' id='word_1_599' title='bbox 1012 4615 1320 4672; x_wconf 87' lang='lat' dir='ltr'><strong>lunaribus</strong></span> <span class='ocrx_word' id='word_1_600' title='bbox 1362 4616 1538 4672; x_wconf 87' lang='lat' dir='ltr'><strong>radiis</strong></span> <span class='ocrx_word' id='word_1_601' title='bbox 1580 4616 1784 4673; x_wconf 89' lang='lat' dir='ltr'><strong>solaris</strong></span> 
     </span>
    </p>
   </div>
   <div class='ocr_carea' id='block_1_79' title="bbox 79 4702 1783 4774">
    <p class='ocr_par' dir='ltr' id='par_1_79' title="bbox 79 4702 1783 4774">
     <span class='ocr_line' id='line_1_79' title="bbox 79 4702 1783 4774; baseline 0.002 -17"><span class='ocrx_word' id='word_1_602' title='bbox 79 4704 368 4771; x_wconf 84' lang='lat' dir='ltr'><strong>potentia;</strong></span> <span class='ocrx_word' id='word_1_603' title='bbox 409 4704 456 4758; x_wconf 92' lang='lat' dir='ltr'><strong>si</strong></span> <span class='ocrx_word' id='word_1_604' title='bbox 505 4702 658 4758; x_wconf 92' lang='lat' dir='ltr'><strong>enim</strong></span> <span class='ocrx_word' id='word_1_605' title='bbox 713 4704 783 4758; x_wconf 92' lang='lat' dir='ltr'><strong>de</strong></span> <span class='ocrx_word' id='word_1_606' title='bbox 821 4705 978 4774; x_wconf 91' lang='lat' dir='ltr'><strong>justo</strong></span> <span class='ocrx_word' id='word_1_607' title='bbox 1024 4704 1256 4770; x_wconf 92' lang='lat' dir='ltr'><strong>dicitur,</strong></span> <span class='ocrx_word' id='word_1_608' title='bbox 1306 4704 1447 4773; x_wconf 91' lang='lat' dir='ltr'><strong>quia</strong></span> <span class='ocrx_word' id='word_1_609' title='bbox 1494 4705 1783 4762; x_wconf 87' lang='lat' dir='ltr'><strong>exhilarat</strong></span> 
     </span>
    </p>
   </div>
   <div class='ocr_carea' id='block_1_80' title="bbox 80 4789 1783 4863">
    <p class='ocr_par' dir='ltr' id='par_1_80' title="bbox 80 4789 1783 4863">
     <span class='ocr_line' id='line_1_80' title="bbox 80 4789 1783 4863; baseline 0.005 -21"><span class='ocrx_word' id='word_1_610' title='bbox 80 4789 279 4847; x_wconf 84' lang='lat' dir='ltr'><strong>faciem</strong></span> <span class='ocrx_word' id='word_1_611' title='bbox 324 4791 381 4846; x_wconf 91' lang='lat' dir='ltr'><strong>in</strong></span> <span class='ocrx_word' id='word_1_612' title='bbox 440 4792 563 4847; x_wconf 88' lang='lat' dir='ltr'><strong>oleo</strong></span> <span class='ocrx_word' id='word_1_613' title='bbox 614 4792 796 4863; x_wconf 83' lang='lat' dir='ltr'><strong>(Psal.</strong></span> <span class='ocrx_word' id='word_1_614' title='bbox 849 4807 966 4859; x_wconf 86' lang='lat' dir='ltr'><strong>cm,</strong></span> <span class='ocrx_word' id='word_1_615' title='bbox 1030 4796 1136 4859; x_wconf 77' lang='lat' dir='ltr'><strong>l5),</strong></span> <span class='ocrx_word' id='word_1_616' title='bbox 1200 4792 1253 4847; x_wconf 90' lang='lat' dir='ltr'><strong>id</strong></span> <span class='ocrx_word' id='word_1_617' title='bbox 1309 4802 1393 4848; x_wconf 89' lang='lat' dir='ltr'><strong>est</strong></span> <span class='ocrx_word' id='word_1_618' title='bbox 1440 4793 1783 4850; x_wconf 89' lang='lat' dir='ltr'><strong>exteriorem</strong></span> 
     </span>
    </p>
   </div>
   <div class='ocr_carea' id='block_1_81' title="bbox 79 4880 1781 4952">
    <p class='ocr_par' dir='ltr' id='par_1_81' title="bbox 79 4880 1781 4952">
     <span class='ocr_line' id='line_1_81' title="bbox 79 4880 1781 4952; baseline 0.003 -20"><span class='ocrx_word' id='word_1_619' title='bbox 79 4892 253 4935; x_wconf 89' lang='lat' dir='ltr'><strong>suum</strong></span> <span class='ocrx_word' id='word_1_620' title='bbox 292 4880 555 4936; x_wconf 85' lang='lat' dir='ltr'><strong>habitum</strong></span> <span class='ocrx_word' id='word_1_621' title='bbox 584 4880 864 4937; x_wconf 86' lang='lat' dir='ltr'><strong>clariﬁcat</strong></span> <span class='ocrx_word' id='word_1_622' title='bbox 893 4882 962 4936; x_wconf 92' lang='lat' dir='ltr'><strong>de</strong></span> <span class='ocrx_word' id='word_1_623' title='bbox 988 4880 1201 4951; x_wconf 88' lang='lat' dir='ltr'><strong>Spiritu</strong></span> <span class='ocrx_word' id='word_1_624' title='bbox 1232 4885 1455 4947; x_wconf 88' lang='lat' dir='ltr'><strong>sancto,</strong></span> <span class='ocrx_word' id='word_1_625' title='bbox 1483 4881 1617 4951; x_wconf 91' lang='lat' dir='ltr'><strong>quis</strong></span> <span class='ocrx_word' id='word_1_626' title='bbox 1667 4896 1781 4952; x_wconf 88' lang='lat' dir='ltr'><strong>pu-</strong></span> 
     </span>
    </p>
   </div>
   <div class='ocr_carea' id='block_1_82' title="bbox 84 4968 1785 5041">
    <p class='ocr_par' dir='ltr' id='par_1_82' title="bbox 84 4968 1785 5041">
     <span class='ocr_line' id='line_1_82' title="bbox 84 4968 1785 5041; baseline 0.003 -20"><span class='ocrx_word' id='word_1_627' title='bbox 84 4975 274 5025; x_wconf 86' lang='lat' dir='ltr'><strong>tamus</strong></span> <span class='ocrx_word' id='word_1_628' title='bbox 305 4968 458 5025; x_wconf 92' lang='lat' dir='ltr'><strong>illius</strong></span> <span class='ocrx_word' id='word_1_629' title='bbox 491 4969 750 5040; x_wconf 63' lang='lat' dir='ltr'><strong>gloriosae</strong></span> <span class='ocrx_word' id='word_1_630' title='bbox 794 4970 1020 5026; x_wconf 72' lang='lat' dir='ltr'><strong>feminae</strong></span> <span class='ocrx_word' id='word_1_631' title='bbox 1066 4970 1135 5026; x_wconf 92' lang='lat' dir='ltr'><strong>de</strong></span> <span class='ocrx_word' id='word_1_632' title='bbox 1186 4971 1443 5041; x_wconf 89' lang='lat' dir='ltr'><strong>ingenita</strong></span> <span class='ocrx_word' id='word_1_633' title='bbox 1486 4971 1785 5041; x_wconf 89' lang='lat' dir='ltr'><strong>majestate</strong></span> 
     </span>
    </p>
   </div>
   <div class='ocr_carea' id='block_1_83' title="bbox 82 5057 1783 5129">
    <p class='ocr_par' dir='ltr' id='par_1_83' title="bbox 82 5057 1783 5129">
     <span class='ocr_line' id='line_1_83' title="bbox 82 5057 1783 5129; baseline 0.004 -21"><span class='ocrx_word' id='word_1_634' title='bbox 82 5057 352 5124; x_wconf 90' lang='lat' dir='ltr'><strong>splendor</strong></span> <span class='ocrx_word' id='word_1_635' title='bbox 407 5058 728 5125; x_wconf 90' lang='lat' dir='ltr'><strong>accesserit,</strong></span> <span class='ocrx_word' id='word_1_636' title='bbox 760 5073 892 5128; x_wconf 71' lang='lat' dir='ltr'><strong>quae</strong></span> <span class='ocrx_word' id='word_1_637' title='bbox 940 5059 1225 5115; x_wconf 88' lang='lat' dir='ltr'><strong>excedens</strong></span> <span class='ocrx_word' id='word_1_638' title='bbox 1254 5060 1514 5114; x_wconf 86' lang='lat' dir='ltr'><strong>decorem</strong></span> <span class='ocrx_word' id='word_1_639' title='bbox 1560 5060 1783 5129; x_wconf 87' lang='lat' dir='ltr'><strong>angeli-</strong></span> 
     </span>
    </p>
   </div>
   <div class='ocr_carea' id='block_1_84' title="bbox 80 5145 1782 5217">
    <p class='ocr_par' dir='ltr' id='par_1_84' title="bbox 80 5145 1782 5217">
     <span class='ocr_line' id='line_1_84' title="bbox 80 5145 1782 5217; baseline 0.004 -19"><span class='ocrx_word' id='word_1_640' title='bbox 80 5158 211 5201; x_wconf 92' lang='lat' dir='ltr'><strong>cum</strong></span> <span class='ocrx_word' id='word_1_641' title='bbox 265 5146 450 5217; x_wconf 90' lang='lat' dir='ltr'><strong>gloria</strong></span> <span class='ocrx_word' id='word_1_642' title='bbox 500 5145 799 5201; x_wconf 83' lang='lat' dir='ltr'><strong>eluxerit?</strong></span> <span class='ocrx_word' id='word_1_643' title='bbox 852 5146 905 5202; x_wconf 93' lang='lat' dir='ltr'><strong>Si</strong></span> <span class='ocrx_word' id='word_1_644' title='bbox 962 5146 1286 5217; x_wconf 89' lang='lat' dir='ltr'><strong>Stephanus</strong></span> <span class='ocrx_word' id='word_1_645' title='bbox 1334 5148 1482 5203; x_wconf 91' lang='lat' dir='ltr'><strong>inter</strong></span> <span class='ocrx_word' id='word_1_646' title='bbox 1538 5147 1782 5204; x_wconf 91' lang='lat' dir='ltr'><strong>concilio</strong></span> 
     </span>
    </p>
   </div>
   <div class='ocr_carea' id='block_1_85' title="bbox 79 5234 1779 5305">
    <p class='ocr_par' dir='ltr' id='par_1_85' title="bbox 79 5234 1779 5305">
     <span class='ocr_line' id='line_1_85' title="bbox 79 5234 1779 5305; baseline 0.004 -19"><span class='ocrx_word' id='word_1_647' title='bbox 79 5235 439 5291; x_wconf 90' lang='lat' dir='ltr'><strong>considentes</strong></span> <span class='ocrx_word' id='word_1_648' title='bbox 467 5242 764 5303; x_wconf 89' lang='lat' dir='ltr'><strong>tantopere</strong></span> <span class='ocrx_word' id='word_1_649' title='bbox 812 5234 1095 5291; x_wconf 92' lang='lat' dir='ltr'><strong>divinitus</strong></span> <span class='ocrx_word' id='word_1_650' title='bbox 1140 5235 1468 5291; x_wconf 92' lang='lat' dir='ltr'><strong>illustratur</strong></span> <span class='ocrx_word' id='word_1_651' title='bbox 1506 5237 1648 5305; x_wconf 82' lang='lat' dir='ltr'><strong>(Act.</strong></span> <span class='ocrx_word' id='word_1_652' title='bbox 1700 5251 1779 5303; x_wconf 85' lang='lat' dir='ltr'><strong>Vi,</strong></span> 
     </span>
    </p>
   </div>
   <div class='ocr_carea' id='block_1_86' title="bbox 88 5322 1780 5393">
    <p class='ocr_par' dir='ltr' id='par_1_86' title="bbox 88 5322 1780 5393">
     <span class='ocr_line' id='line_1_86' title="bbox 88 5322 1780 5393; baseline 0.005 -20"><span class='ocrx_word' id='word_1_653' title='bbox 88 5322 189 5388; x_wconf 83' lang='lat' dir='ltr'><strong>l5),</strong></span> <span class='ocrx_word' id='word_1_654' title='bbox 222 5323 328 5379; x_wconf 90' lang='lat' dir='ltr'><strong>ista</strong></span> <span class='ocrx_word' id='word_1_655' title='bbox 352 5337 425 5380; x_wconf 88' lang='lat' dir='ltr'><strong>ex</strong></span> <span class='ocrx_word' id='word_1_656' title='bbox 466 5322 818 5393; x_wconf 90' lang='lat' dir='ltr'><strong>plenitudine</strong></span> <span class='ocrx_word' id='word_1_657' title='bbox 857 5324 1178 5380; x_wconf 88' lang='lat' dir='ltr'><strong>divinitatis</strong></span> <span class='ocrx_word' id='word_1_658' title='bbox 1225 5325 1316 5381; x_wconf 93' lang='lat' dir='ltr'><strong>cui</strong></span> <span class='ocrx_word' id='word_1_659' title='bbox 1364 5325 1572 5381; x_wconf 91' lang='lat' dir='ltr'><strong>lumini</strong></span> <span class='ocrx_word' id='word_1_660' title='bbox 1618 5340 1780 5382; x_wconf 90' lang='lat' dir='ltr'><strong>com-</strong></span> 
     </span>
    </p>
   </div>
   <div class='ocr_carea' id='block_1_87' title="bbox 81 5414 368 5477">
    <p class='ocr_par' dir='ltr' id='par_1_87' title="bbox 81 5414 368 5477">
     <span class='ocr_line' id='line_1_87' title="bbox 81 5414 368 5477; baseline 0.01 -13"><span class='ocrx_word' id='word_1_661' title='bbox 81 5420 318 5477; x_wconf 88' lang='lat' dir='ltr'><strong>paratur</strong></span> <span class='ocrx_word' id='word_1_662' title='bbox 337 5414 368 5467; x_wconf 88' lang='lat'><strong>?</strong></span> 
     </span>
    </p>
   </div>
   <div class='ocr_carea' id='block_1_88' title="bbox 743 5552 1116 5611">
    <p class='ocr_par' dir='ltr' id='par_1_88' title="bbox 743 5552 1116 5611">
     <span class='ocr_line' id='line_1_88' title="bbox 743 5552 1116 5611; baseline -0.003 -1"><span class='ocrx_word' id='word_1_663' title='bbox 743 5552 977 5611; x_wconf 80' lang='lat' dir='ltr'><strong>CAPUT</strong></span> <span class='ocrx_word' id='word_1_664' title='bbox 1019 5554 1116 5610; x_wconf 84' lang='lat' dir='ltr'><strong>Ill.</strong></span> 
     </span>
    </p>
   </div>
   <div class='ocr_carea' id='block_1_89' title="bbox 153 5675 1775 5738">
    <p class='ocr_par' dir='ltr' id='par_1_89' title="bbox 153 5675 1775 5738">
     <span class='ocr_line' id='line_1_89' title="bbox 153 5675 1775 5738; baseline 0.002 -6"><span class='ocrx_word' id='word_1_665' title='bbox 153 5675 403 5735; x_wconf 82' lang='lat' dir='ltr'><strong>Thronus</strong></span> <span class='ocrx_word' id='word_1_666' title='bbox 431 5682 511 5734; x_wconf 80' lang='lat' dir='ltr'><strong>est</strong></span> <span class='ocrx_word' id='word_1_667' title='bbox 538 5677 803 5734; x_wconf 73' lang='lat' dir='ltr'><strong>eburneus</strong></span> <span class='ocrx_word' id='word_1_668' title='bbox 828 5679 1151 5737; x_wconf 75' lang='lat' dir='ltr'><strong>Salomonis.</strong></span> <span class='ocrx_word' id='word_1_669' title='bbox 1188 5709 1256 5719; x_wconf 93' lang='lat'><strong>—</strong></span> <span class='ocrx_word' id='word_1_670' title='bbox 1307 5678 1441 5738; x_wconf 66' lang='lat' dir='ltr'><strong>Haec</strong></span> <span class='ocrx_word' id='word_1_671' title='bbox 1483 5686 1568 5736; x_wconf 90' lang='lat' dir='ltr'><strong>est</strong></span> <span class='ocrx_word' id='word_1_672' title='bbox 1614 5680 1775 5737; x_wconf 85' lang='lat' dir='ltr'><strong>thro-</strong></span> 
     </span>
    </p>
   </div>
   <div class='ocr_carea' id='block_1_90' title="bbox 1898 3193 3598 3263">
    <p class='ocr_par' dir='ltr' id='par_1_90' title="bbox 1898 3193 3598 3263">
     <span class='ocr_line' id='line_1_90' title="bbox 1898 3193 3598 3263; baseline 0 -15"><span class='ocrx_word' id='word_1_673' title='bbox 1898 3193 2171 3260; x_wconf 88' lang='lat' dir='ltr'><strong>rationes,</strong></span> <span class='ocrx_word' id='word_1_674' title='bbox 2206 3208 2306 3263; x_wconf 90' lang='lat' dir='ltr'><strong>pro</strong></span> <span class='ocrx_word' id='word_1_675' title='bbox 2347 3208 2465 3250; x_wconf 91' lang='lat' dir='ltr'><strong>una</strong></span> <span class='ocrx_word' id='word_1_676' title='bbox 2494 3208 2735 3263; x_wconf 75' lang='lat' dir='ltr'><strong>persona</strong></span> <span class='ocrx_word' id='word_1_677' title='bbox 2765 3194 2980 3263; x_wconf 86' lang='lat' dir='ltr'><strong>pariter</strong></span> <span class='ocrx_word' id='word_1_678' title='bbox 3004 3194 3136 3249; x_wconf 92' lang='lat' dir='ltr'><strong>hinc</strong></span> <span class='ocrx_word' id='word_1_679' title='bbox 3155 3202 3209 3249; x_wconf 88' lang='lat' dir='ltr'><strong>et</strong></span> <span class='ocrx_word' id='word_1_680' title='bbox 3234 3195 3360 3249; x_wconf 86' lang='lat' dir='ltr'><strong>inde</strong></span> <span class='ocrx_word' id='word_1_681' title='bbox 3392 3194 3598 3263; x_wconf 90' lang='lat' dir='ltr'><strong>ipsam,</strong></span> 
     </span>
    </p>
   </div>
   <div class='ocr_carea' id='block_1_91' title="bbox 1858 3282 3596 3354">
    <p class='ocr_par' dir='ltr' id='par_1_91' title="bbox 1858 3282 3596 3354">
     <span class='ocr_line' id='line_1_91' title="bbox 1858 3282 3596 3354; baseline 0.002 -18"><span class='ocrx_word' id='word_1_682' title='bbox 1858 3296 2029 3352; x_wconf 42' lang='lat' dir='ltr'><strong>.qnae</strong></span> <span class='ocrx_word' id='word_1_683' title='bbox 2084 3283 2320 3353; x_wconf 89' lang='lat' dir='ltr'><strong>gignere</strong></span> <span class='ocrx_word' id='word_1_684' title='bbox 2375 3282 2603 3349; x_wconf 90' lang='lat' dir='ltr'><strong>meruit,</strong></span> <span class='ocrx_word' id='word_1_685' title='bbox 2663 3283 2943 3354; x_wconf 89' lang='lat' dir='ltr'><strong>dignitate</strong></span> <span class='ocrx_word' id='word_1_686' title='bbox 2990 3282 3182 3339; x_wconf 87' lang='lat' dir='ltr'><strong>debita</strong></span> <span class='ocrx_word' id='word_1_687' title='bbox 3240 3287 3596 3349; x_wconf 87' lang='lat' dir='ltr'><strong>roborantes,</strong></span> 
     </span>
    </p>
   </div>
   <div class='ocr_carea' id='block_1_92' title="bbox 1896 3370 3593 3440">
    <p class='ocr_par' dir='ltr' id='par_1_92' title="bbox 1896 3370 3593 3440">
     <span class='ocr_line' id='line_1_92' title="bbox 1896 3370 3593 3440; baseline 0.001 -15"><span class='ocrx_word' id='word_1_688' title='bbox 1896 3384 2096 3440; x_wconf 66' lang='lat' dir='ltr'><strong>aequas</strong></span> <span class='ocrx_word' id='word_1_689' title='bbox 2120 3378 2176 3426; x_wconf 90' lang='lat' dir='ltr'><strong>et</strong></span> <span class='ocrx_word' id='word_1_690' title='bbox 2221 3371 2543 3426; x_wconf 89' lang='lat' dir='ltr'><strong>secundum</strong></span> <span class='ocrx_word' id='word_1_691' title='bbox 2592 3372 2773 3427; x_wconf 89' lang='lat' dir='ltr'><strong>Deum</strong></span> <span class='ocrx_word' id='word_1_692' title='bbox 2822 3380 2877 3427; x_wconf 95' lang='lat' dir='ltr'><strong>et</strong></span> <span class='ocrx_word' id='word_1_693' title='bbox 2920 3370 3241 3427; x_wconf 89' lang='lat' dir='ltr'><strong>secundum</strong></span> <span class='ocrx_word' id='word_1_694' title='bbox 3282 3371 3593 3437; x_wconf 89' lang='lat' dir='ltr'><strong>hominem,</strong></span> 
     </span>
    </p>
   </div>
   <div class='ocr_carea' id='block_1_93' title="bbox 1898 3459 3602 3530">
    <p class='ocr_par' dir='ltr' id='par_1_93' title="bbox 1898 3459 3602 3530">
     <span class='ocr_line' id='line_1_93' title="bbox 1898 3459 3602 3530; baseline 0 -17"><span class='ocrx_word' id='word_1_695' title='bbox 1898 3459 2037 3530; x_wconf 88' lang='lat' dir='ltr'><strong>quia</strong></span> <span class='ocrx_word' id='word_1_696' title='bbox 2074 3474 2230 3515; x_wconf 91' lang='lat' dir='ltr'><strong>unus</strong></span> <span class='ocrx_word' id='word_1_697' title='bbox 2276 3468 2380 3528; x_wconf 91' lang='lat' dir='ltr'><strong>est,</strong></span> <span class='ocrx_word' id='word_1_698' title='bbox 2427 3460 2642 3515; x_wconf 90' lang='lat' dir='ltr'><strong>habent</strong></span> <span class='ocrx_word' id='word_1_699' title='bbox 2685 3460 2854 3515; x_wconf 88' lang='lat' dir='ltr'><strong>vires.</strong></span> <span class='ocrx_word' id='word_1_700' title='bbox 2899 3462 2969 3514; x_wconf 87' lang='lat' dir='ltr'><strong>Et</strong></span> <span class='ocrx_word' id='word_1_701' title='bbox 3020 3462 3127 3515; x_wconf 86' lang='lat' dir='ltr'><strong>duo</strong></span> <span class='ocrx_word' id='word_1_702' title='bbox 3173 3461 3343 3514; x_wconf 87' lang='lat' dir='ltr'><strong>leones</strong></span> <span class='ocrx_word' id='word_1_703' title='bbox 3379 3460 3602 3514; x_wconf 84' lang='lat' dir='ltr'><strong>stabant</strong></span> 
     </span>
    </p>
   </div>
   <div class='ocr_carea' id='block_1_94' title="bbox 1887 3548 3602 3619">
    <p class='ocr_par' dir='ltr' id='par_1_94' title="bbox 1887 3548 3602 3619">
     <span class='ocr_line' id='line_1_94' title="bbox 1887 3548 3602 3619; baseline 0.001 -17"><span class='ocrx_word' id='word_1_704' title='bbox 1887 3548 2061 3618; x_wconf 70' lang='lat' dir='ltr'><strong>juxta</strong></span> <span class='ocrx_word' id='word_1_705' title='bbox 2086 3550 2333 3617; x_wconf 81' lang='lat' dir='ltr'><strong>singulas</strong></span> <span class='ocrx_word' id='word_1_706' title='bbox 2352 3564 2546 3603; x_wconf 76' lang='lat' dir='ltr'><strong>manus</strong></span> <span class='ocrx_word' id='word_1_707' title='bbox 2568 3548 2695 3619; x_wconf 87' lang='lat' dir='ltr'><strong><em>(III</em></strong></span> <span class='ocrx_word' id='word_1_708' title='bbox 2716 3552 2843 3616; x_wconf 83' lang='lat' dir='ltr'><strong>Reg.</strong></span> <span class='ocrx_word' id='word_1_709' title='bbox 2867 3564 2925 3615; x_wconf 85' lang='lat' dir='ltr'><strong>x,</strong></span> <span class='ocrx_word' id='word_1_710' title='bbox 2947 3548 3063 3618; x_wconf 82' lang='grc'><strong>19.)</strong></span> <span class='ocrx_word' id='word_1_711' title='bbox 3087 3549 3193 3604; x_wconf 91' lang='lat' dir='ltr'><strong>Leo</strong></span> <span class='ocrx_word' id='word_1_712' title='bbox 3215 3562 3391 3619; x_wconf 88' lang='lat' dir='ltr'><strong>super</strong></span> <span class='ocrx_word' id='word_1_713' title='bbox 3410 3549 3602 3604; x_wconf 86' lang='lat' dir='ltr'><strong>carnis</strong></span> 
     </span>
    </p>
   </div>
   <div class='ocr_carea' id='block_1_95' title="bbox 1896 3636 3597 3709">
    <p class='ocr_par' dir='ltr' id='par_1_95' title="bbox 1896 3636 3597 3709">
     <span class='ocr_line' id='line_1_95' title="bbox 1896 3636 3597 3709; baseline 0.001 -18"><span class='ocrx_word' id='word_1_714' title='bbox 1896 3645 2085 3694; x_wconf 88' lang='lat' dir='ltr'><strong>motus</strong></span> <span class='ocrx_word' id='word_1_715' title='bbox 2136 3639 2358 3709; x_wconf 88' lang='lat' dir='ltr'><strong>regium</strong></span> <span class='ocrx_word' id='word_1_716' title='bbox 2416 3638 2475 3693; x_wconf 89' lang='lat' dir='ltr'><strong>in</strong></span> <span class='ocrx_word' id='word_1_717' title='bbox 2532 3653 2766 3709; x_wconf 90' lang='lat' dir='ltr'><strong>quoque</strong></span> <span class='ocrx_word' id='word_1_718' title='bbox 2816 3638 2967 3695; x_wconf 90' lang='lat' dir='ltr'><strong>ﬁdeli</strong></span> <span class='ocrx_word' id='word_1_719' title='bbox 3016 3636 3335 3694; x_wconf 85' lang='lat' dir='ltr'><strong>dominium</strong></span> <span class='ocrx_word' id='word_1_720' title='bbox 3385 3638 3597 3707; x_wconf 90' lang='lat' dir='ltr'><strong>signat.</strong></span> 
     </span>
    </p>
   </div>
   <div class='ocr_carea' id='block_1_96' title="bbox 1897 3726 3596 3798">
    <p class='ocr_par' dir='ltr' id='par_1_96' title="bbox 1897 3726 3596 3798">
     <span class='ocr_line' id='line_1_96' title="bbox 1897 3726 3596 3798; baseline 0 -17"><span class='ocrx_word' id='word_1_721' title='bbox 1897 3727 2022 3782; x_wconf 94' lang='lat' dir='ltr'><strong>Duo</strong></span> <span class='ocrx_word' id='word_1_722' title='bbox 2053 3727 2245 3783; x_wconf 90' lang='lat' dir='ltr'><strong>leones</strong></span> <span class='ocrx_word' id='word_1_723' title='bbox 2277 3728 2471 3798; x_wconf 88' lang='lat' dir='ltr'><strong>itaque</strong></span> <span class='ocrx_word' id='word_1_724' title='bbox 2496 3728 2611 3783; x_wconf 91' lang='lat' dir='ltr'><strong>duo</strong></span> <span class='ocrx_word' id='word_1_725' title='bbox 2637 3735 2775 3784; x_wconf 93' lang='lat' dir='ltr'><strong>sunt</strong></span> <span class='ocrx_word' id='word_1_726' title='bbox 2818 3727 3188 3797; x_wconf 58' lang='lat' dir='ltr'><strong>praelatorum</strong></span> <span class='ocrx_word' id='word_1_727' title='bbox 3235 3734 3289 3782; x_wconf 90' lang='lat' dir='ltr'><strong>et</strong></span> <span class='ocrx_word' id='word_1_728' title='bbox 3336 3726 3596 3783; x_wconf 89' lang='lat' dir='ltr'><strong>subdito-</strong></span> 
     </span>
    </p>
   </div>
   <div class='ocr_carea' id='block_1_97' title="bbox 1895 3815 3603 3887">
    <p class='ocr_par' dir='ltr' id='par_1_97' title="bbox 1895 3815 3603 3887">
     <span class='ocr_line' id='line_1_97' title="bbox 1895 3815 3603 3887; baseline -0.001 -16"><span class='ocrx_word' id='word_1_729' title='bbox 1895 3829 2025 3871; x_wconf 92' lang='lat' dir='ltr'><strong>rum</strong></span> <span class='ocrx_word' id='word_1_730' title='bbox 2083 3816 2296 3886; x_wconf 85' lang='lat' dir='ltr'><strong>seipsos</strong></span> <span class='ocrx_word' id='word_1_731' title='bbox 2350 3816 2676 3887; x_wconf 89' lang='lat' dir='ltr'><strong>regentium</strong></span> <span class='ocrx_word' id='word_1_732' title='bbox 2748 3816 2981 3871; x_wconf 90' lang='lat' dir='ltr'><strong>ordines</strong></span> <span class='ocrx_word' id='word_1_733' title='bbox 3062 3815 3346 3872; x_wconf 69' lang='lat' dir='ltr'><strong>Ecclesiae.</strong></span> <span class='ocrx_word' id='word_1_734' title='bbox 3425 3817 3603 3870; x_wconf 84' lang='lat' dir='ltr'><strong>Juxta</strong></span> 
     </span>
    </p>
   </div>
   <div class='ocr_carea' id='block_1_98' title="bbox 1894 3904 3601 3975">
    <p class='ocr_par' dir='ltr' id='par_1_98' title="bbox 1894 3904 3601 3975">
     <span class='ocr_line' id='line_1_98' title="bbox 1894 3904 3601 3975; baseline 0 -16"><span class='ocrx_word' id='word_1_735' title='bbox 1894 3905 2157 3975; x_wconf 90' lang='lat' dir='ltr'><strong>singulas</strong></span> <span class='ocrx_word' id='word_1_736' title='bbox 2190 3919 2401 3961; x_wconf 89' lang='lat' dir='ltr'><strong>manus</strong></span> <span class='ocrx_word' id='word_1_737' title='bbox 2432 3905 2547 3961; x_wconf 93' lang='lat' dir='ltr'><strong>duo</strong></span> <span class='ocrx_word' id='word_1_738' title='bbox 2580 3905 2768 3960; x_wconf 89' lang='lat' dir='ltr'><strong>leones</strong></span> <span class='ocrx_word' id='word_1_739' title='bbox 2806 3911 2980 3969; x_wconf 90' lang='lat' dir='ltr'><strong>stant,</strong></span> <span class='ocrx_word' id='word_1_740' title='bbox 3034 3918 3165 3959; x_wconf 90' lang='lat' dir='ltr'><strong>cum</strong></span> <span class='ocrx_word' id='word_1_741' title='bbox 3214 3904 3450 3974; x_wconf 90' lang='lat' dir='ltr'><strong>quidam</strong></span> <span class='ocrx_word' id='word_1_742' title='bbox 3499 3918 3601 3959; x_wconf 90' lang='lat' dir='ltr'><strong>eo-</strong></span> 
     </span>
    </p>
   </div>
   <div class='ocr_carea' id='block_1_99' title="bbox 1895 3992 3599 4050">
    <p class='ocr_par' dir='ltr' id='par_1_99' title="bbox 1895 3992 3599 4050">
     <span class='ocr_line' id='line_1_99' title="bbox 1895 3992 3599 4050; baseline -0.001 -2"><span class='ocrx_word' id='word_1_743' title='bbox 1895 3994 2161 4049; x_wconf 87' lang='lat' dir='ltr'><strong>rumdem</strong></span> <span class='ocrx_word' id='word_1_744' title='bbox 2193 3995 2465 4050; x_wconf 91' lang='lat' dir='ltr'><strong>ordinum</strong></span> <span class='ocrx_word' id='word_1_745' title='bbox 2515 3993 2821 4049; x_wconf 89' lang='lat' dir='ltr'><strong>actualiter</strong></span> <span class='ocrx_word' id='word_1_746' title='bbox 2868 4000 3079 4047; x_wconf 61' lang='lat' dir='ltr'><strong>sancta:</strong></span> <span class='ocrx_word' id='word_1_747' title='bbox 3127 3992 3206 4047; x_wconf 92' lang='lat' dir='ltr'><strong>illi</strong></span> <span class='ocrx_word' id='word_1_748' title='bbox 3254 3992 3599 4048; x_wconf 89' lang='lat' dir='ltr'><strong>humanitati</strong></span> 
     </span>
    </p>
   </div>
   <div class='ocr_carea' id='block_1_100' title="bbox 1899 4080 3602 4153">
    <p class='ocr_par' dir='ltr' id='par_1_100' title="bbox 1899 4080 3602 4153">
     <span class='ocr_line' id='line_1_100' title="bbox 1899 4080 3602 4153; baseline 0.001 -19"><span class='ocrx_word' id='word_1_749' title='bbox 1899 4080 2200 4137; x_wconf 69' lang='lat' dir='ltr'><strong>inhaerent.</strong></span> <span class='ocrx_word' id='word_1_750' title='bbox 2234 4082 2428 4153; x_wconf 87' lang='lat' dir='ltr'><strong>Aliqui</strong></span> <span class='ocrx_word' id='word_1_751' title='bbox 2460 4096 2701 4138; x_wconf 77' lang='lat' dir='ltr'><strong>summae</strong></span> <span class='ocrx_word' id='word_1_752' title='bbox 2739 4080 3206 4150; x_wconf 90' lang='lat' dir='ltr'><strong>contemplationi</strong></span> <span class='ocrx_word' id='word_1_753' title='bbox 3251 4081 3602 4138; x_wconf 86' lang='lat' dir='ltr'><strong>incumben—</strong></span> 
     </span>
    </p>
   </div>
   <div class='ocr_carea' id='block_1_101' title="bbox 1895 4169 3601 4240">
    <p class='ocr_par' dir='ltr' id='par_1_101' title="bbox 1895 4169 3601 4240">
     <span class='ocr_line' id='line_1_101' title="bbox 1895 4169 3601 4240; baseline 0 -16"><span class='ocrx_word' id='word_1_754' title='bbox 1895 4169 1967 4225; x_wconf 91' lang='lat' dir='ltr'><strong>do</strong></span> <span class='ocrx_word' id='word_1_755' title='bbox 2001 4171 2393 4239; x_wconf 61' lang='lat' dir='ltr'><strong>praeminent.</strong></span> <span class='ocrx_word' id='word_1_756' title='bbox 2426 4171 2586 4227; x_wconf 91' lang='lat' dir='ltr'><strong>Unde</strong></span> <span class='ocrx_word' id='word_1_757' title='bbox 2615 4178 2698 4226; x_wconf 90' lang='lat' dir='ltr'><strong>est</strong></span> <span class='ocrx_word' id='word_1_758' title='bbox 2727 4185 2738 4225; x_wconf 94' lang='lat'><strong>:</strong></span> <span class='ocrx_word' id='word_1_759' title='bbox 2768 4171 3067 4238; x_wconf 65' lang='lat' dir='ltr'><strong>{.Estatem</strong></span> <span class='ocrx_word' id='word_1_760' title='bbox 3115 4175 3165 4224; x_wconf 90' lang='lat' dir='ltr'><strong>et</strong></span> <span class='ocrx_word' id='word_1_761' title='bbox 3210 4187 3304 4224; x_wconf 81' lang='lat' dir='ltr'><strong>uer</strong></span> <span class='ocrx_word' id='word_1_762' title='bbox 3350 4177 3410 4224; x_wconf 89' lang='lat' dir='ltr'><strong>tu</strong></span> <span class='ocrx_word' id='word_1_763' title='bbox 3446 4172 3601 4240; x_wconf 84' lang='lat' dir='ltr'><strong>ptas-</strong></span> 
     </span>
    </p>
   </div>
   <div class='ocr_carea' id='block_1_102' title="bbox 1893 4258 3602 4331">
    <p class='ocr_par' dir='ltr' id='par_1_102' title="bbox 1893 4258 3602 4331">
     <span class='ocr_line' id='line_1_102' title="bbox 1893 4258 3602 4331; baseline 0.002 -19"><span class='ocrx_word' id='word_1_764' title='bbox 1893 4261 2061 4313; x_wconf 85' lang='lat' dir='ltr'><strong>masti</strong></span> <span class='ocrx_word' id='word_1_765' title='bbox 2122 4261 2292 4328; x_wconf 76' lang='lat' dir='ltr'><strong>(Psai.</strong></span> <span class='ocrx_word' id='word_1_766' title='bbox 2348 4274 2556 4325; x_wconf 84' lang='lat' dir='ltr'><strong>Lxxnt,</strong></span> <span class='ocrx_word' id='word_1_767' title='bbox 2592 4260 2699 4331; x_wconf 85' lang='grc'><strong>17),</strong></span> <span class='ocrx_word' id='word_1_768' title='bbox 2760 4260 2814 4316; x_wconf 90' lang='lat' dir='ltr'><strong>id</strong></span> <span class='ocrx_word' id='word_1_769' title='bbox 2873 4268 2957 4316; x_wconf 90' lang='lat' dir='ltr'><strong>est</strong></span> <span class='ocrx_word' id='word_1_770' title='bbox 3020 4258 3495 4330; x_wconf 86' lang='lat' dir='ltr'><strong>contemplativos</strong></span> <span class='ocrx_word' id='word_1_771' title='bbox 3546 4267 3602 4315; x_wconf 90' lang='lat' dir='ltr'><strong>et</strong></span> 
     </span>
    </p>
   </div>
   <div class='ocr_carea' id='block_1_103' title="bbox 1895 4348 2597 4405">
    <p class='ocr_par' dir='ltr' id='par_1_103' title="bbox 1895 4348 2597 4405">
     <span class='ocr_line' id='line_1_103' title="bbox 1895 4348 2597 4405; baseline 0.001 -3"><span class='ocrx_word' id='word_1_772' title='bbox 1895 4348 2150 4403; x_wconf 90' lang='lat' dir='ltr'><strong>actuales</strong></span> <span class='ocrx_word' id='word_1_773' title='bbox 2182 4357 2244 4404; x_wconf 90' lang='lat' dir='ltr'><strong>tu</strong></span> <span class='ocrx_word' id='word_1_774' title='bbox 2279 4349 2597 4405; x_wconf 89' lang='lat' dir='ltr'><strong>instituisti.</strong></span> 
     </span>
    </p>
   </div>
   <div class='ocr_carea' id='block_1_104' title="bbox 1968 4437 3601 4507">
    <p class='ocr_par' dir='ltr' id='par_1_104' title="bbox 1968 4437 3601 4507">
     <span class='ocr_line' id='line_1_104' title="bbox 1968 4437 3601 4507; baseline 0.002 -16"><span class='ocrx_word' id='word_1_775' title='bbox 1968 4437 2257 4492; x_wconf 81' lang='lat' dir='ltr'><strong>Duodecim</strong></span> <span class='ocrx_word' id='word_1_776' title='bbox 2283 4439 2511 4492; x_wconf 82' lang='lat' dir='ltr'><strong>leonculi</strong></span> <span class='ocrx_word' id='word_1_777' title='bbox 2537 4442 2743 4493; x_wconf 84' lang='lat' dir='ltr'><strong>stantes</strong></span> <span class='ocrx_word' id='word_1_778' title='bbox 2777 4453 2940 4507; x_wconf 81' lang='lat' dir='ltr'><strong>super</strong></span> <span class='ocrx_word' id='word_1_779' title='bbox 2980 4453 3076 4493; x_wconf 67' lang='lat' dir='ltr'><strong>sete</strong></span> <span class='ocrx_word' id='word_1_780' title='bbox 3122 4438 3331 4505; x_wconf 86' lang='lat' dir='ltr'><strong>gradus</strong></span> <span class='ocrx_word' id='word_1_781' title='bbox 3378 4439 3502 4492; x_wconf 82' lang='lat' dir='ltr'><strong>hinc</strong></span> <span class='ocrx_word' id='word_1_782' title='bbox 3550 4443 3601 4494; x_wconf 84' lang='lat' dir='ltr'><strong>et</strong></span> 
     </span>
    </p>
   </div>
   <div class='ocr_carea' id='block_1_105' title="bbox 1895 4526 3601 4598">
    <p class='ocr_par' dir='ltr' id='par_1_105' title="bbox 1895 4526 3601 4598">
     <span class='ocr_line' id='line_1_105' title="bbox 1895 4526 3601 4598; baseline 0.002 -19"><span class='ocrx_word' id='word_1_783' title='bbox 1895 4526 2023 4579; x_wconf 87' lang='lat' dir='ltr'><strong>inde</strong></span> <span class='ocrx_word' id='word_1_784' title='bbox 2053 4528 2166 4593; x_wconf 83' lang='lat' dir='ltr'><strong><em>(III</em></strong></span> <span class='ocrx_word' id='word_1_785' title='bbox 2194 4528 2321 4598; x_wconf 82' lang='lat' dir='ltr'><strong>Reg.</strong></span> <span class='ocrx_word' id='word_1_786' title='bbox 2352 4540 2410 4592; x_wconf 80' lang='grc' dir='ltr'><strong>χ,</strong></span> <span class='ocrx_word' id='word_1_787' title='bbox 2458 4526 2573 4596; x_wconf 81' lang='lat'><strong>20).</strong></span> <span class='ocrx_word' id='word_1_788' title='bbox 2624 4527 2730 4583; x_wconf 89' lang='lat' dir='ltr'><strong>Per</strong></span> <span class='ocrx_word' id='word_1_789' title='bbox 2777 4526 3201 4582; x_wconf 90' lang='lat' dir='ltr'><strong>duodenarium</strong></span> <span class='ocrx_word' id='word_1_790' title='bbox 3251 4527 3358 4583; x_wconf 88' lang='lat' dir='ltr'><strong>lide</strong></span> <span class='ocrx_word' id='word_1_791' title='bbox 3405 4527 3601 4583; x_wconf 88' lang='lat' dir='ltr'><strong>Trini-</strong></span> 
     </span>
    </p>
   </div>
   <div class='ocr_carea' id='block_1_106' title="bbox 1894 4614 3601 4685">
    <p class='ocr_par' dir='ltr' id='par_1_106' title="bbox 1894 4614 3601 4685">
     <span class='ocr_line' id='line_1_106' title="bbox 1894 4614 3601 4685; baseline 0 -15"><span class='ocrx_word' id='word_1_792' title='bbox 1894 4614 2027 4670; x_wconf 89' lang='lat' dir='ltr'><strong>tatis</strong></span> <span class='ocrx_word' id='word_1_793' title='bbox 2058 4615 2343 4682; x_wconf 90' lang='lat' dir='ltr'><strong>instructi,</strong></span> <span class='ocrx_word' id='word_1_794' title='bbox 2377 4623 2432 4671; x_wconf 89' lang='lat' dir='ltr'><strong>et</strong></span> <span class='ocrx_word' id='word_1_795' title='bbox 2463 4623 2719 4685; x_wconf 90' lang='lat' dir='ltr'><strong>quatuor</strong></span> <span class='ocrx_word' id='word_1_796' title='bbox 2768 4614 3215 4685; x_wconf 86' lang='lat' dir='ltr'><strong>Evangeliorum</strong></span> <span class='ocrx_word' id='word_1_797' title='bbox 3273 4616 3601 4685; x_wconf 88' lang='lat' dir='ltr'><strong>impletione</strong></span> 
     </span>
    </p>
   </div>
   <div class='ocr_carea' id='block_1_107' title="bbox 1894 4702 3598 4774">
    <p class='ocr_par' dir='ltr' id='par_1_107' title="bbox 1894 4702 3598 4774">
     <span class='ocr_line' id='line_1_107' title="bbox 1894 4702 3598 4774; baseline -0.001 -15"><span class='ocrx_word' id='word_1_798' title='bbox 1894 4703 2186 4774; x_wconf 88' lang='lat' dir='ltr'><strong>quadrati.</strong></span> <span class='ocrx_word' id='word_1_799' title='bbox 2225 4704 2292 4759; x_wconf 87' lang='lat' dir='ltr'><strong>Hi</strong></span> <span class='ocrx_word' id='word_1_800' title='bbox 2326 4703 2572 4760; x_wconf 91' lang='lat' dir='ltr'><strong>leonculi</strong></span> <span class='ocrx_word' id='word_1_801' title='bbox 2618 4718 2792 4774; x_wconf 90' lang='lat' dir='ltr'><strong>penes</strong></span> <span class='ocrx_word' id='word_1_802' title='bbox 2829 4703 2973 4759; x_wconf 88' lang='lat' dir='ltr'><strong>alios</strong></span> <span class='ocrx_word' id='word_1_803' title='bbox 3010 4702 3361 4769; x_wconf 87' lang='lat' dir='ltr'><strong>innocentes,</strong></span> <span class='ocrx_word' id='word_1_804' title='bbox 3413 4712 3467 4759; x_wconf 90' lang='lat' dir='ltr'><strong>et</strong></span> <span class='ocrx_word' id='word_1_805' title='bbox 3508 4704 3598 4760; x_wconf 91' lang='lat' dir='ltr'><strong>sui</strong></span> 
     </span>
    </p>
   </div>
   <div class='ocr_carea' id='block_1_108' title="bbox 1893 4793 3600 4863">
    <p class='ocr_par' dir='ltr' id='par_1_108' title="bbox 1893 4793 3600 4863">
     <span class='ocr_line' id='line_1_108' title="bbox 1893 4793 3600 4863; baseline 0 -16"><span class='ocrx_word' id='word_1_806' title='bbox 1893 4793 2152 4863; x_wconf 90' lang='lat' dir='ltr'><strong>ipsorum</strong></span> <span class='ocrx_word' id='word_1_807' title='bbox 2183 4801 2426 4849; x_wconf 89' lang='lat' dir='ltr'><strong>rectores</strong></span> <span class='ocrx_word' id='word_1_808' title='bbox 2455 4807 2629 4863; x_wconf 90' lang='lat' dir='ltr'><strong>super</strong></span> <span class='ocrx_word' id='word_1_809' title='bbox 2660 4807 2761 4849; x_wconf 86' lang='lat' dir='ltr'><strong>sex</strong></span> <span class='ocrx_word' id='word_1_810' title='bbox 2808 4793 3025 4863; x_wconf 86' lang='lat' dir='ltr'><strong>gradus</strong></span> <span class='ocrx_word' id='word_1_811' title='bbox 3077 4800 3251 4857; x_wconf 89' lang='lat' dir='ltr'><strong>stant,</strong></span> <span class='ocrx_word' id='word_1_812' title='bbox 3296 4806 3428 4847; x_wconf 92' lang='lat' dir='ltr'><strong>cum</strong></span> <span class='ocrx_word' id='word_1_813' title='bbox 3478 4807 3600 4848; x_wconf 90' lang='lat' dir='ltr'><strong>sese</strong></span> 
     </span>
    </p>
   </div>
   <div class='ocr_carea' id='block_1_109' title="bbox 1891 4879 3598 4951">
    <p class='ocr_par' dir='ltr' id='par_1_109' title="bbox 1891 4879 3598 4951">
     <span class='ocr_line' id='line_1_109' title="bbox 1891 4879 3598 4951; baseline -0.002 -15"><span class='ocrx_word' id='word_1_814' title='bbox 1891 4893 1994 4936; x_wconf 87' lang='lat' dir='ltr'><strong>sex</strong></span> <span class='ocrx_word' id='word_1_815' title='bbox 2025 4881 2343 4937; x_wconf 89' lang='lat' dir='ltr'><strong>virtutibus</strong></span> <span class='ocrx_word' id='word_1_816' title='bbox 2376 4881 2658 4951; x_wconf 64' lang='lat' dir='ltr'><strong>praedictis</strong></span> <span class='ocrx_word' id='word_1_817' title='bbox 2689 4882 2977 4936; x_wconf 87' lang='lat' dir='ltr'><strong>roborant.</strong></span> <span class='ocrx_word' id='word_1_818' title='bbox 3015 4880 3160 4935; x_wconf 86' lang='lat' dir='ltr'><strong>Hinc</strong></span> <span class='ocrx_word' id='word_1_819' title='bbox 3187 4887 3244 4936; x_wconf 91' lang='lat' dir='ltr'><strong>et</strong></span> <span class='ocrx_word' id='word_1_820' title='bbox 3284 4879 3416 4935; x_wconf 89' lang='lat' dir='ltr'><strong>inde</strong></span> <span class='ocrx_word' id='word_1_821' title='bbox 3460 4884 3598 4935; x_wconf 90' lang='lat' dir='ltr'><strong>sunt</strong></span> 
     </span>
    </p>
   </div>
   <div class='ocr_carea' id='block_1_110' title="bbox 1891 4968 3597 5040">
    <p class='ocr_par' dir='ltr' id='par_1_110' title="bbox 1891 4968 3597 5040">
     <span class='ocr_line' id='line_1_110' title="bbox 1891 4968 3597 5040; baseline 0.001 -15"><span class='ocrx_word' id='word_1_822' title='bbox 1891 4970 2035 5039; x_wconf 92' lang='lat' dir='ltr'><strong>quia</strong></span> <span class='ocrx_word' id='word_1_823' title='bbox 2063 4983 2164 5039; x_wconf 92' lang='lat' dir='ltr'><strong>pro</strong></span> <span class='ocrx_word' id='word_1_824' title='bbox 2194 4978 2367 5039; x_wconf 90' lang='lat' dir='ltr'><strong>captu</strong></span> <span class='ocrx_word' id='word_1_825' title='bbox 2398 4985 2502 5026; x_wconf 91' lang='lat' dir='ltr'><strong>suo</strong></span> <span class='ocrx_word' id='word_1_826' title='bbox 2535 4970 2756 5040; x_wconf 90' lang='lat' dir='ltr'><strong>quique</strong></span> <span class='ocrx_word' id='word_1_827' title='bbox 2788 4968 2843 5024; x_wconf 92' lang='lat' dir='ltr'><strong>in</strong></span> <span class='ocrx_word' id='word_1_828' title='bbox 2884 4968 3224 5025; x_wconf 89' lang='lat' dir='ltr'><strong>alterutram</strong></span> <span class='ocrx_word' id='word_1_829' title='bbox 3268 4976 3486 5038; x_wconf 83' lang='lat' dir='ltr'><strong>partem</strong></span> <span class='ocrx_word' id='word_1_830' title='bbox 3537 4985 3597 5026; x_wconf 90' lang='lat' dir='ltr'><strong>se</strong></span> 
     </span>
    </p>
   </div>
   <div class='ocr_carea' id='block_1_111' title="bbox 1890 5057 3599 5128">
    <p class='ocr_par' dir='ltr' id='par_1_111' title="bbox 1890 5057 3599 5128">
     <span class='ocr_line' id='line_1_111' title="bbox 1890 5057 3599 5128; baseline 0.001 -16"><span class='ocrx_word' id='word_1_831' title='bbox 1890 5057 2217 5114; x_wconf 90' lang='lat' dir='ltr'><strong>deﬂectant.</strong></span> <span class='ocrx_word' id='word_1_832' title='bbox 2249 5058 2409 5115; x_wconf 89' lang='lat' dir='ltr'><strong>Unde</strong></span> <span class='ocrx_word' id='word_1_833' title='bbox 2459 5060 2528 5114; x_wconf 91' lang='lat' dir='ltr'><strong>de</strong></span> <span class='ocrx_word' id='word_1_834' title='bbox 2582 5066 2831 5128; x_wconf 87' lang='lat' dir='ltr'><strong>utraque</strong></span> <span class='ocrx_word' id='word_1_835' title='bbox 2881 5058 3139 5113; x_wconf 91' lang='lat' dir='ltr'><strong>dicitur:</strong></span> <span class='ocrx_word' id='word_1_836' title='bbox 3187 5060 3289 5113; x_wconf 82' lang='lat' dir='ltr'><strong>Per</strong></span> <span class='ocrx_word' id='word_1_837' title='bbox 3328 5058 3468 5112; x_wconf 86' lang='lat' dir='ltr'><strong>diem</strong></span> <span class='ocrx_word' id='word_1_838' title='bbox 3517 5060 3599 5113; x_wconf 83' lang='lat' dir='ltr'><strong>sol</strong></span> 
     </span>
    </p>
   </div>
   <div class='ocr_carea' id='block_1_112' title="bbox 1887 5148 3591 5217">
    <p class='ocr_par' dir='ltr' id='par_1_112' title="bbox 1887 5148 3591 5217">
     <span class='ocr_line' id='line_1_112' title="bbox 1887 5148 3591 5217; baseline 0.002 -18"><span class='ocrx_word' id='word_1_839' title='bbox 1887 5160 1995 5202; x_wconf 84' lang='lat' dir='ltr'><strong>non</strong></span> <span class='ocrx_word' id='word_1_840' title='bbox 2024 5153 2144 5202; x_wconf 86' lang='lat' dir='ltr'><strong>uret</strong></span> <span class='ocrx_word' id='word_1_841' title='bbox 2183 5154 2252 5214; x_wconf 87' lang='lat' dir='ltr'><strong>te,</strong></span> <span class='ocrx_word' id='word_1_842' title='bbox 2299 5164 2469 5217; x_wconf 86' lang='lat' dir='ltr'><strong>neque</strong></span> <span class='ocrx_word' id='word_1_843' title='bbox 2521 5148 2652 5201; x_wconf 80' lang='lat' dir='ltr'><strong>luna</strong></span> <span class='ocrx_word' id='word_1_844' title='bbox 2706 5163 2806 5216; x_wconf 85' lang='lat' dir='ltr'><strong>per</strong></span> <span class='ocrx_word' id='word_1_845' title='bbox 2855 5153 3061 5201; x_wconf 87' lang='lat' dir='ltr'><strong>noctem</strong></span> <span class='ocrx_word' id='word_1_846' title='bbox 3116 5148 3279 5216; x_wconf 81' lang='lat' dir='ltr'><strong>(Psal.</strong></span> <span class='ocrx_word' id='word_1_847' title='bbox 3325 5162 3457 5215; x_wconf 83' lang='lat' dir='ltr'><strong>cxx,</strong></span> <span class='ocrx_word' id='word_1_848' title='bbox 3517 5151 3591 5216; x_wconf 89' lang='lat'><strong>6).</strong></span> 
     </span>
    </p>
   </div>
   <div class='ocr_carea' id='block_1_113' title="bbox 1887 5235 3597 5306">
    <p class='ocr_par' dir='ltr' id='par_1_113' title="bbox 1887 5235 3597 5306">
     <span class='ocr_line' id='line_1_113' title="bbox 1887 5235 3597 5306; baseline -0.002 -12"><span class='ocrx_word' id='word_1_849' title='bbox 1887 5237 2050 5305; x_wconf 91' lang='lat' dir='ltr'><strong>Quod</strong></span> <span class='ocrx_word' id='word_1_850' title='bbox 2081 5244 2211 5291; x_wconf 90' lang='lat' dir='ltr'><strong>est:</strong></span> <span class='ocrx_word' id='word_1_851' title='bbox 2264 5237 2353 5291; x_wconf 90' lang='lat' dir='ltr'><strong>Ex</strong></span> <span class='ocrx_word' id='word_1_852' title='bbox 2401 5236 2708 5292; x_wconf 88' lang='lat' dir='ltr'><strong>divinitate</strong></span> <span class='ocrx_word' id='word_1_853' title='bbox 2755 5235 2973 5304; x_wconf 64' lang='lat' dir='ltr'><strong>gloriae,</strong></span> <span class='ocrx_word' id='word_1_854' title='bbox 3029 5245 3082 5292; x_wconf 93' lang='lat' dir='ltr'><strong>et</strong></span> <span class='ocrx_word' id='word_1_855' title='bbox 3131 5235 3451 5306; x_wconf 88' lang='lat' dir='ltr'><strong>splendoris</strong></span> <span class='ocrx_word' id='word_1_856' title='bbox 3501 5236 3597 5291; x_wconf 93' lang='lat' dir='ltr'><strong>ni-</strong></span> 
     </span>
    </p>
   </div>
   <div class='ocr_carea' id='block_1_114' title="bbox 1888 5324 3594 5394">
    <p class='ocr_par' dir='ltr' id='par_1_114' title="bbox 1888 5324 3594 5394">
     <span class='ocr_line' id='line_1_114' title="bbox 1888 5324 3594 5394; baseline -0.002 -12"><span class='ocrx_word' id='word_1_857' title='bbox 1888 5328 2092 5382; x_wconf 90' lang='lat' dir='ltr'><strong>mietas</strong></span> <span class='ocrx_word' id='word_1_858' title='bbox 2122 5324 2219 5381; x_wconf 92' lang='lat' dir='ltr'><strong>tibi</strong></span> <span class='ocrx_word' id='word_1_859' title='bbox 2255 5324 2668 5394; x_wconf 89' lang='lat' dir='ltr'><strong>contemplanti</strong></span> <span class='ocrx_word' id='word_1_860' title='bbox 2698 5339 2815 5380; x_wconf 91' lang='lat' dir='ltr'><strong>non</strong></span> <span class='ocrx_word' id='word_1_861' title='bbox 2841 5324 3042 5380; x_wconf 90' lang='lat' dir='ltr'><strong>oberit.</strong></span> <span class='ocrx_word' id='word_1_862' title='bbox 3098 5324 3275 5381; x_wconf 92' lang='lat' dir='ltr'><strong>Porro</strong></span> <span class='ocrx_word' id='word_1_863' title='bbox 3323 5324 3594 5381; x_wconf 87' lang='lat' dir='ltr'><strong>humani-</strong></span> 
     </span>
    </p>
   </div>
   <div class='ocr_carea' id='block_1_115' title="bbox 1887 5413 3594 5483">
    <p class='ocr_par' dir='ltr' id='par_1_115' title="bbox 1887 5413 3594 5483">
     <span class='ocr_line' id='line_1_115' title="bbox 1887 5413 3594 5483; baseline -0.001 -12"><span class='ocrx_word' id='word_1_864' title='bbox 1887 5423 1974 5471; x_wconf 91' lang='lat' dir='ltr'><strong>tas</strong></span> <span class='ocrx_word' id='word_1_865' title='bbox 2003 5413 2232 5481; x_wconf 91' lang='lat' dir='ltr'><strong>Christi,</strong></span> <span class='ocrx_word' id='word_1_866' title='bbox 2264 5413 2312 5469; x_wconf 91' lang='lat' dir='ltr'><strong>si</strong></span> <span class='ocrx_word' id='word_1_867' title='bbox 2338 5413 2416 5469; x_wconf 91' lang='lat' dir='ltr'><strong>sis</strong></span> <span class='ocrx_word' id='word_1_868' title='bbox 2448 5413 2642 5468; x_wconf 92' lang='lat' dir='ltr'><strong>minus</strong></span> <span class='ocrx_word' id='word_1_869' title='bbox 2690 5414 3016 5483; x_wconf 86' lang='lat' dir='ltr'><strong>perspicax,</strong></span> <span class='ocrx_word' id='word_1_870' title='bbox 3059 5428 3174 5469; x_wconf 92' lang='lat' dir='ltr'><strong>non</strong></span> <span class='ocrx_word' id='word_1_871' title='bbox 3222 5414 3417 5469; x_wconf 88' lang='lat' dir='ltr'><strong>oflicit.</strong></span> <span class='ocrx_word' id='word_1_872' title='bbox 3466 5413 3594 5470; x_wconf 90' lang='lat' dir='ltr'><strong>Non</strong></span> 
     </span>
    </p>
   </div>
   <div class='ocr_carea' id='block_1_116' title="bbox 1886 5501 3596 5573">
    <p class='ocr_par' dir='ltr' id='par_1_116' title="bbox 1886 5501 3596 5573">
     <span class='ocr_line' id='line_1_116' title="bbox 1886 5501 3596 5573; baseline -0.001 -13"><span class='ocrx_word' id='word_1_873' title='bbox 1886 5513 1971 5560; x_wconf 90' lang='lat' dir='ltr'><strong>est</strong></span> <span class='ocrx_word' id='word_1_874' title='bbox 2009 5503 2121 5559; x_wconf 91' lang='lat' dir='ltr'><strong>tale</strong></span> <span class='ocrx_word' id='word_1_875' title='bbox 2147 5516 2295 5571; x_wconf 89' lang='lat' dir='ltr'><strong>opus</strong></span> <span class='ocrx_word' id='word_1_876' title='bbox 2327 5507 2479 5556; x_wconf 65' lang='grc' dir='ltr'><strong>τω</strong></span> <span class='ocrx_word' id='word_1_877' title='bbox 2510 5501 2568 5557; x_wconf 93' lang='lat' dir='ltr'><strong>in</strong></span> <span class='ocrx_word' id='word_1_878' title='bbox 2599 5502 2888 5557; x_wconf 88' lang='lat' dir='ltr'><strong>universis</strong></span> <span class='ocrx_word' id='word_1_879' title='bbox 2929 5501 3161 5569; x_wconf 78' lang='lat' dir='ltr'><strong>regnis;</strong></span> <span class='ocrx_word' id='word_1_880' title='bbox 3215 5503 3358 5573; x_wconf 90' lang='lat' dir='ltr'><strong>quia</strong></span> <span class='ocrx_word' id='word_1_881' title='bbox 3405 5517 3596 5572; x_wconf 89' lang='lat' dir='ltr'><strong>neque</strong></span> 
     </span>
    </p>
   </div>
   <div class='ocr_carea' id='block_1_117' title="bbox 1886 5591 3593 5662">
    <p class='ocr_par' dir='ltr' id='par_1_117' title="bbox 1886 5591 3593 5662">
     <span class='ocr_line' id='line_1_117' title="bbox 1886 5591 3593 5662; baseline -0.001 -13"><span class='ocrx_word' id='word_1_882' title='bbox 1886 5593 1945 5649; x_wconf 91' lang='lat' dir='ltr'><strong>in</strong></span> <span class='ocrx_word' id='word_1_883' title='bbox 1973 5592 2131 5660; x_wconf 62' lang='lat' dir='ltr'><strong>caelo,</strong></span> <span class='ocrx_word' id='word_1_884' title='bbox 2186 5606 2376 5662; x_wconf 91' lang='lat' dir='ltr'><strong>neque</strong></span> <span class='ocrx_word' id='word_1_885' title='bbox 2438 5591 2495 5646; x_wconf 93' lang='lat' dir='ltr'><strong>in</strong></span> <span class='ocrx_word' id='word_1_886' title='bbox 2547 5599 2719 5655; x_wconf 90' lang='lat' dir='ltr'><strong>terra,</strong></span> <span class='ocrx_word' id='word_1_887' title='bbox 2777 5604 2967 5660; x_wconf 90' lang='lat' dir='ltr'><strong>neque</strong></span> <span class='ocrx_word' id='word_1_888' title='bbox 3015 5591 3223 5647; x_wconf 90' lang='lat' dir='ltr'><strong>subtus</strong></span> <span class='ocrx_word' id='word_1_889' title='bbox 3276 5599 3430 5647; x_wconf 89' lang='lat' dir='ltr'><strong>terra</strong></span> <span class='ocrx_word' id='word_1_890' title='bbox 3482 5591 3593 5648; x_wconf 87' lang='lat' dir='ltr'><strong>tale</strong></span> 
     </span>
    </p>
   </div>
   <div class='ocr_carea' id='block_1_118' title="bbox 1886 5678 3589 5755">
    <p class='ocr_par' dir='ltr' id='par_1_118' title="bbox 1886 5678 3589 5755">
     <span class='ocr_line' id='line_1_118' title="bbox 1886 5678 3589 5755; baseline 0.002 -17"><span class='ocrx_word' id='word_1_891' title='bbox 1886 5681 2027 5755; x_wconf 87' lang='lat' dir='ltr'><strong>quid</strong></span> <span class='ocrx_word' id='word_1_892' title='bbox 2056 5680 2318 5752; x_wconf 88' lang='lat' dir='ltr'><strong>contigit,</strong></span> <span class='ocrx_word' id='word_1_893' title='bbox 2347 5687 2411 5737; x_wconf 93' lang='lat' dir='ltr'><strong>ut</strong></span> <span class='ocrx_word' id='word_1_894' title='bbox 2462 5680 2617 5737; x_wconf 90' lang='lat' dir='ltr'><strong>Deus</strong></span> <span class='ocrx_word' id='word_1_895' title='bbox 2653 5678 2999 5755; x_wconf 88' lang='lat' dir='ltr'><strong>dignaretur</strong></span> <span class='ocrx_word' id='word_1_896' title='bbox 3031 5694 3148 5737; x_wconf 91' lang='lat' dir='ltr'><strong>non</strong></span> <span class='ocrx_word' id='word_1_897' title='bbox 3181 5681 3440 5752; x_wconf 86' lang='lat' dir='ltr'><strong>angelos,</strong></span> <span class='ocrx_word' id='word_1_898' title='bbox 3492 5681 3589 5741; x_wconf 86' lang='lat' dir='ltr'><strong>sed</strong></span> 
     </span>
    </p>
   </div>
  </div>
