  <div class='ocr_page' id='page_1' title='image "/cluster/home/n/w/nwhite01/storage/ocr_20150623/156-157/uc1.31175010662024/277.png"; bbox 0 0 3956 6410; ppageno 0'>
   <div class='ocr_carea' id='block_1_1' title="bbox 376 401 478 456">
    <p class='ocr_par' dir='ltr' id='par_1_1' title="bbox 376 401 478 456">
     <span class='ocr_line' id='line_1_1' title="bbox 376 401 478 456; baseline 0.01 -1"><span class='ocrx_word' id='word_1_1' title='bbox 376 401 478 456; x_wconf 70' lang='grc'><strong>543</strong></span> 
     </span>
    </p>
   </div>
   <div class='ocr_carea' id='block_1_2' title="bbox 1262 396 2062 457">
    <p class='ocr_par' dir='ltr' id='par_1_2' title="bbox 1262 396 2028 454">
     <span class='ocr_line' id='line_1_2' title="bbox 1262 396 2028 454; baseline -0.003 0"><span class='ocrx_word' id='word_1_2' title='bbox 1262 400 1322 454; x_wconf 85' lang='grc' dir='ltr'><strong>ν.</strong></span> <span class='ocrx_word' id='word_1_3' title='bbox 1363 396 1697 454; x_wconf 79' lang='lat' dir='ltr'><strong>GUIBERTI</strong></span> <span class='ocrx_word' id='word_1_4' title='bbox 1735 397 2028 452; x_wconf 76' lang='lat' dir='ltr'><strong>ABBATIS</strong></span> 
     </span>
    </p>
   </div>
   <div class='ocr_carea' id='block_1_3' title="bbox 2244 396 3885 457">
    <p class='ocr_par' dir='ltr' id='par_1_3' title="bbox 2244 397 3885 457">
     <span class='ocr_line' id='line_1_3' title="bbox 2244 397 3885 457; baseline 0.002 -5"><span class='ocrx_word' id='word_1_5' title='bbox 2244 398 2404 453; x_wconf 66' lang='lat' dir='ltr'><strong>LRIE</strong></span> <span class='ocrx_word' id='word_1_6' title='bbox 2441 399 2535 454; x_wconf 86' lang='lat' dir='ltr'><strong>DE</strong></span> <span class='ocrx_word' id='word_1_7' title='bbox 2573 397 2974 457; x_wconf 81' lang='lat' dir='ltr'><strong>NOVIGENTO</strong></span> <span class='ocrx_word' id='word_1_8' title='bbox 3790 405 3885 457; x_wconf 66' lang='grc'><strong>544</strong></span> 
     </span>
    </p>
   </div>
   <div class='ocr_carea' id='block_1_4' title="bbox 375 531 3893 610">
    <p class='ocr_par' dir='ltr' id='par_1_4' title="bbox 375 531 3893 610">
     <span class='ocr_line' id='line_1_4' title="bbox 375 531 3893 610; baseline 0 -17"><span class='ocrx_word' id='word_1_9' title='bbox 375 544 610 593; x_wconf 91' lang='lat' dir='ltr'><strong>uterum</strong></span> <span class='ocrx_word' id='word_1_10' title='bbox 669 535 926 608; x_wconf 83' lang='lat' dir='ltr'><strong>Virginis</strong></span> <span class='ocrx_word' id='word_1_11' title='bbox 981 535 1225 592; x_wconf 87' lang='lat' dir='ltr'><strong>formam</strong></span> <span class='ocrx_word' id='word_1_12' title='bbox 1283 533 1766 605; x_wconf 84' lang='lat' dir='ltr'><strong>apprehendendo</strong></span> <span class='ocrx_word' id='word_1_13' title='bbox 1822 532 2069 590; x_wconf 81' lang='lat' dir='ltr'><strong>Abraha</strong></span> <span class='ocrx_word' id='word_1_14' title='bbox 2105 535 2150 589; x_wconf 82' lang='grc' dir='ltr'><strong>Δ</strong></span> <span class='ocrx_word' id='word_1_15' title='bbox 2180 531 2274 588; x_wconf 92' lang='lat' dir='ltr'><strong>via</strong></span> <span class='ocrx_word' id='word_1_16' title='bbox 2328 541 2431 601; x_wconf 89' lang='lat' dir='ltr'><strong>est,</strong></span> <span class='ocrx_word' id='word_1_17' title='bbox 2503 539 2558 589; x_wconf 94' lang='lat' dir='ltr'><strong>et</strong></span> <span class='ocrx_word' id='word_1_18' title='bbox 2603 533 2675 590; x_wconf 89' lang='lat' dir='ltr'><strong>ad</strong></span> <span class='ocrx_word' id='word_1_19' title='bbox 2709 533 3147 607; x_wconf 72' lang='lat' dir='ltr'><strong>intelligentiam</strong></span> <span class='ocrx_word' id='word_1_20' title='bbox 3205 536 3326 594; x_wconf 82' lang='lat' dir='ltr'><strong>veri</strong></span> <span class='ocrx_word' id='word_1_21' title='bbox 3377 536 3622 594; x_wconf 91' lang='lat' dir='ltr'><strong>luminis</strong></span> <span class='ocrx_word' id='word_1_22' title='bbox 3681 539 3893 610; x_wconf 91' lang='lat' dir='ltr'><strong>vergit,</strong></span> 
     </span>
    </p>
   </div>
   <div class='ocr_carea' id='block_1_5' title="bbox 375 625 629 682">
    <p class='ocr_par' dir='ltr' id='par_1_5' title="bbox 375 625 629 682">
     <span class='ocr_line' id='line_1_5' title="bbox 375 625 629 682; baseline -0.008 0"><span class='ocrx_word' id='word_1_23' title='bbox 375 625 629 682; x_wconf 88' lang='lat' dir='ltr'><strong>seminis.</strong></span> 
     </span>
    </p>
   </div>
   <div class='ocr_carea' id='block_1_6' title="bbox 1047 767 1414 824">
    <p class='ocr_par' dir='ltr' id='par_1_6' title="bbox 1047 767 1414 824">
     <span class='ocr_line' id='line_1_6' title="bbox 1047 767 1414 824; baseline -0.003 -2"><span class='ocrx_word' id='word_1_24' title='bbox 1047 767 1278 824; x_wconf 79' lang='lat' dir='ltr'><strong>CAPUT</strong></span> <span class='ocrx_word' id='word_1_25' title='bbox 1316 767 1414 823; x_wconf 84' lang='lat' dir='ltr'><strong>IV.</strong></span> 
     </span>
    </p>
   </div>
   <div class='ocr_carea' id='block_1_7' title="bbox 445 890 2067 962">
    <p class='ocr_par' dir='ltr' id='par_1_7' title="bbox 445 890 2067 962">
     <span class='ocr_line' id='line_1_7' title="bbox 445 890 2067 962; baseline -0.002 -13"><span class='ocrx_word' id='word_1_26' title='bbox 445 897 614 950; x_wconf 88' lang='lat' dir='ltr'><strong>Porta</strong></span> <span class='ocrx_word' id='word_1_27' title='bbox 638 894 922 948; x_wconf 82' lang='lat' dir='ltr'><strong>orientalis</strong></span> <span class='ocrx_word' id='word_1_28' title='bbox 979 891 1131 962; x_wconf 85' lang='lat' dir='ltr'><strong>apud</strong></span> <span class='ocrx_word' id='word_1_29' title='bbox 1177 891 1513 946; x_wconf 75' lang='lat' dir='ltr'><strong>Ezechielem</strong></span> <span class='ocrx_word' id='word_1_30' title='bbox 1556 905 1647 957; x_wconf 69' lang='lat' dir='ltr'><strong>xc,</strong></span> <span class='ocrx_word' id='word_1_31' title='bbox 1697 892 1752 944; x_wconf 84' lang='lat'><strong>6.</strong></span> <span class='ocrx_word' id='word_1_32' title='bbox 1810 919 1880 930; x_wconf 90' lang='lat'><strong>——</strong></span> <span class='ocrx_word' id='word_1_33' title='bbox 1933 890 2067 946; x_wconf 85' lang='lat' dir='ltr'><strong>Hac</strong></span> 
     </span>
    </p>
   </div>
   <div class='ocr_carea' id='block_1_8' title="bbox 374 979 2068 1053">
    <p class='ocr_par' dir='ltr' id='par_1_8' title="bbox 374 979 2068 1053">
     <span class='ocr_line' id='line_1_8' title="bbox 374 979 2068 1053; baseline -0.002 -14"><span class='ocrx_word' id='word_1_34' title='bbox 374 990 458 1039; x_wconf 90' lang='lat' dir='ltr'><strong>est</strong></span> <span class='ocrx_word' id='word_1_35' title='bbox 487 983 642 1053; x_wconf 90' lang='lat' dir='ltr'><strong>apud</strong></span> <span class='ocrx_word' id='word_1_36' title='bbox 670 981 1017 1036; x_wconf 88' lang='lat' dir='ltr'><strong>Ezechielem</strong></span> <span class='ocrx_word' id='word_1_37' title='bbox 1047 981 1217 1035; x_wconf 86' lang='lat' dir='ltr'><strong>etiam</strong></span> <span class='ocrx_word' id='word_1_38' title='bbox 1251 987 1412 1049; x_wconf 90' lang='lat' dir='ltr'><strong>porta</strong></span> <span class='ocrx_word' id='word_1_39' title='bbox 1451 979 1566 1046; x_wconf 93' lang='lat' dir='ltr'><strong>illa,</strong></span> <span class='ocrx_word' id='word_1_40' title='bbox 1620 993 1753 1049; x_wconf 83' lang='lat' dir='ltr'><strong>qna</strong></span> <span class='ocrx_word' id='word_1_41' title='bbox 1805 980 2068 1050; x_wconf 88' lang='lat' dir='ltr'><strong>respicie-</strong></span> 
     </span>
    </p>
   </div>
   <div class='ocr_carea' id='block_1_9' title="bbox 377 1067 2068 1137">
    <p class='ocr_par' dir='ltr' id='par_1_9' title="bbox 377 1067 2068 1137">
     <span class='ocr_line' id='line_1_9' title="bbox 377 1067 2068 1137; baseline -0.001 -12"><span class='ocrx_word' id='word_1_42' title='bbox 377 1071 475 1126; x_wconf 89' lang='lat' dir='ltr'><strong>bat</strong></span> <span class='ocrx_word' id='word_1_43' title='bbox 515 1070 588 1124; x_wconf 86' lang='lat' dir='ltr'><strong>ad</strong></span> <span class='ocrx_word' id='word_1_44' title='bbox 636 1070 789 1124; x_wconf 89' lang='lat' dir='ltr'><strong>viam</strong></span> <span class='ocrx_word' id='word_1_45' title='bbox 831 1067 1184 1134; x_wconf 75' lang='lat' dir='ltr'><strong>orientalem,</strong></span> <span class='ocrx_word' id='word_1_46' title='bbox 1233 1075 1290 1123; x_wconf 93' lang='lat' dir='ltr'><strong>et</strong></span> <span class='ocrx_word' id='word_1_47' title='bbox 1335 1082 1464 1122; x_wconf 91' lang='lat' dir='ltr'><strong>ecce</strong></span> <span class='ocrx_word' id='word_1_48' title='bbox 1512 1067 1696 1137; x_wconf 82' lang='lat' dir='ltr'><strong>gloria</strong></span> <span class='ocrx_word' id='word_1_49' title='bbox 1747 1068 1844 1124; x_wconf 89' lang='lat' dir='ltr'><strong>Dei</strong></span> <span class='ocrx_word' id='word_1_50' title='bbox 1895 1068 2068 1125; x_wconf 82' lang='lat' dir='ltr'><strong>Israel</strong></span> 
     </span>
    </p>
   </div>
   <div class='ocr_carea' id='block_1_10' title="bbox 376 1155 2072 1229">
    <p class='ocr_par' dir='ltr' id='par_1_10' title="bbox 376 1155 2072 1229">
     <span class='ocr_line' id='line_1_10' title="bbox 376 1155 2072 1229; baseline -0.001 -15"><span class='ocrx_word' id='word_1_51' title='bbox 376 1157 811 1229; x_wconf 84' lang='lat' dir='ltr'><strong>ingrediebatur</strong></span> <span class='ocrx_word' id='word_1_52' title='bbox 862 1171 960 1226; x_wconf 90' lang='lat' dir='ltr'><strong>per</strong></span> <span class='ocrx_word' id='word_1_53' title='bbox 1009 1156 1160 1211; x_wconf 87' lang='lat' dir='ltr'><strong>viam</strong></span> <span class='ocrx_word' id='word_1_54' title='bbox 1209 1156 1564 1212; x_wconf 75' lang='lat' dir='ltr'><strong>orientalem.</strong></span> <span class='ocrx_word' id='word_1_55' title='bbox 1617 1155 1663 1212; x_wconf 94' lang='grc' dir='ltr'><strong>Ο</strong></span> <span class='ocrx_word' id='word_1_56' title='bbox 1715 1163 1899 1226; x_wconf 91' lang='lat' dir='ltr'><strong>porta,</strong></span> <span class='ocrx_word' id='word_1_57' title='bbox 1970 1171 2072 1226; x_wconf 91' lang='lat' dir='ltr'><strong>per</strong></span> 
     </span>
    </p>
   </div>
   <div class='ocr_carea' id='block_1_11' title="bbox 375 1243 2068 1316">
    <p class='ocr_par' dir='ltr' id='par_1_11' title="bbox 375 1243 2068 1316">
     <span class='ocr_line' id='line_1_11' title="bbox 375 1243 2068 1316; baseline -0.002 -14"><span class='ocrx_word' id='word_1_58' title='bbox 375 1259 553 1316; x_wconf 89' lang='lat' dir='ltr'><strong>quam</strong></span> <span class='ocrx_word' id='word_1_59' title='bbox 603 1246 755 1300; x_wconf 90' lang='lat' dir='ltr'><strong>Deus</strong></span> <span class='ocrx_word' id='word_1_60' title='bbox 802 1245 873 1299; x_wconf 87' lang='lat' dir='ltr'><strong>ad</strong></span> <span class='ocrx_word' id='word_1_61' title='bbox 920 1259 1022 1299; x_wconf 88' lang='lat' dir='ltr'><strong>nos</strong></span> <span class='ocrx_word' id='word_1_62' title='bbox 1066 1243 1418 1312; x_wconf 82' lang='lat' dir='ltr'><strong>ingreditur!</strong></span> <span class='ocrx_word' id='word_1_63' title='bbox 1467 1258 1501 1299; x_wconf 94' lang='grc' dir='ltr'><strong>ο</strong></span> <span class='ocrx_word' id='word_1_64' title='bbox 1552 1252 1734 1313; x_wconf 92' lang='lat' dir='ltr'><strong>porta,</strong></span> <span class='ocrx_word' id='word_1_65' title='bbox 1774 1257 1893 1314; x_wconf 91' lang='lat' dir='ltr'><strong>qua</strong></span> <span class='ocrx_word' id='word_1_66' title='bbox 1940 1243 2068 1299; x_wconf 86' lang='lat' dir='ltr'><strong>fidei</strong></span> 
     </span>
    </p>
   </div>
   <div class='ocr_carea' id='block_1_12' title="bbox 376 1331 2070 1404">
    <p class='ocr_par' dir='ltr' id='par_1_12' title="bbox 376 1331 2070 1404">
     <span class='ocr_line' id='line_1_12' title="bbox 376 1331 2070 1404; baseline -0.002 -14"><span class='ocrx_word' id='word_1_67' title='bbox 376 1333 647 1404; x_wconf 81' lang='lat' dir='ltr'><strong>mysteria</strong></span> <span class='ocrx_word' id='word_1_68' title='bbox 676 1331 1055 1404; x_wconf 80' lang='lat' dir='ltr'><strong>releguntur!</strong></span> <span class='ocrx_word' id='word_1_69' title='bbox 1109 1333 1391 1402; x_wconf 87' lang='lat' dir='ltr'><strong>Speciosa,</strong></span> <span class='ocrx_word' id='word_1_70' title='bbox 1448 1333 1709 1402; x_wconf 88' lang='lat' dir='ltr'><strong>inquam,</strong></span> <span class='ocrx_word' id='word_1_71' title='bbox 1761 1341 1921 1402; x_wconf 90' lang='lat' dir='ltr'><strong>porta</strong></span> <span class='ocrx_word' id='word_1_72' title='bbox 1969 1345 2070 1402; x_wconf 89' lang='lat' dir='ltr'><strong>per</strong></span> 
     </span>
    </p>
   </div>
   <div class='ocr_carea' id='block_1_13' title="bbox 374 1421 2067 1493">
    <p class='ocr_par' dir='ltr' id='par_1_13' title="bbox 374 1421 2067 1493">
     <span class='ocr_line' id='line_1_13' title="bbox 374 1421 2067 1493; baseline -0.001 -15"><span class='ocrx_word' id='word_1_73' title='bbox 374 1436 551 1493; x_wconf 91' lang='lat' dir='ltr'><strong>quam</strong></span> <span class='ocrx_word' id='word_1_74' title='bbox 603 1423 698 1478; x_wconf 90' lang='lat' dir='ltr'><strong>Dei</strong></span> <span class='ocrx_word' id='word_1_75' title='bbox 739 1421 943 1476; x_wconf 85' lang='lat' dir='ltr'><strong>civitas</strong></span> <span class='ocrx_word' id='word_1_76' title='bbox 987 1423 1268 1492; x_wconf 90' lang='lat' dir='ltr'><strong>aperitur.</strong></span> <span class='ocrx_word' id='word_1_77' title='bbox 1322 1423 1454 1478; x_wconf 83' lang='lat' dir='ltr'><strong>Hac</strong></span> <span class='ocrx_word' id='word_1_78' title='bbox 1497 1422 1728 1492; x_wconf 88' lang='lat' dir='ltr'><strong>respicit</strong></span> <span class='ocrx_word' id='word_1_79' title='bbox 1789 1421 1860 1476; x_wconf 94' lang='lat' dir='ltr'><strong>ad</strong></span> <span class='ocrx_word' id='word_1_80' title='bbox 1915 1422 2067 1476; x_wconf 88' lang='lat' dir='ltr'><strong>viam</strong></span> 
     </span>
    </p>
   </div>
   <div class='ocr_carea' id='block_1_14' title="bbox 371 1509 2070 1581">
    <p class='ocr_par' dir='ltr' id='par_1_14' title="bbox 371 1509 2070 1581">
     <span class='ocr_line' id='line_1_14' title="bbox 371 1509 2070 1581; baseline -0.001 -16"><span class='ocrx_word' id='word_1_81' title='bbox 371 1511 726 1577; x_wconf 89' lang='lat' dir='ltr'><strong>orientalem,</strong></span> <span class='ocrx_word' id='word_1_82' title='bbox 767 1511 908 1581; x_wconf 86' lang='lat' dir='ltr'><strong>quia</strong></span> <span class='ocrx_word' id='word_1_83' title='bbox 942 1511 1228 1581; x_wconf 87' lang='lat' dir='ltr'><strong>quidquid</strong></span> <span class='ocrx_word' id='word_1_84' title='bbox 1262 1511 1378 1580; x_wconf 88' lang='lat' dir='ltr'><strong>ipsa</strong></span> <span class='ocrx_word' id='word_1_85' title='bbox 1417 1519 1519 1573; x_wconf 87' lang='lat' dir='ltr'><strong>est,</strong></span> <span class='ocrx_word' id='word_1_86' title='bbox 1567 1510 1854 1581; x_wconf 91' lang='lat' dir='ltr'><strong>quidquid</strong></span> <span class='ocrx_word' id='word_1_87' title='bbox 1902 1509 1958 1563; x_wconf 95' lang='lat' dir='ltr'><strong>in</strong></span> <span class='ocrx_word' id='word_1_88' title='bbox 2001 1521 2070 1563; x_wconf 93' lang='lat' dir='ltr'><strong>ea</strong></span> 
     </span>
    </p>
   </div>
   <div class='ocr_carea' id='block_1_15' title="bbox 371 1598 2069 1668">
    <p class='ocr_par' dir='ltr' id='par_1_15' title="bbox 371 1598 2069 1668">
     <span class='ocr_line' id='line_1_15' title="bbox 371 1598 2069 1668; baseline -0.001 -14"><span class='ocrx_word' id='word_1_89' title='bbox 371 1607 565 1654; x_wconf 90' lang='lat' dir='ltr'><strong>actum</strong></span> <span class='ocrx_word' id='word_1_90' title='bbox 621 1607 724 1664; x_wconf 91' lang='lat' dir='ltr'><strong>est,</strong></span> <span class='ocrx_word' id='word_1_91' title='bbox 778 1599 859 1654; x_wconf 93' lang='lat' dir='ltr'><strong>nil</strong></span> <span class='ocrx_word' id='word_1_92' title='bbox 907 1599 1067 1654; x_wconf 90' lang='lat' dir='ltr'><strong>aliud</strong></span> <span class='ocrx_word' id='word_1_93' title='bbox 1119 1613 1300 1668; x_wconf 91' lang='lat' dir='ltr'><strong>quam</strong></span> <span class='ocrx_word' id='word_1_94' title='bbox 1340 1599 1522 1654; x_wconf 88' lang='lat' dir='ltr'><strong>divini</strong></span> <span class='ocrx_word' id='word_1_95' title='bbox 1569 1598 1806 1654; x_wconf 91' lang='lat' dir='ltr'><strong>luminis</strong></span> <span class='ocrx_word' id='word_1_96' title='bbox 1853 1598 2069 1652; x_wconf 90' lang='lat' dir='ltr'><strong>indicat</strong></span> 
     </span>
    </p>
   </div>
   <div class='ocr_carea' id='block_1_16' title="bbox 371 1686 2069 1743">
    <p class='ocr_par' dir='ltr' id='par_1_16' title="bbox 371 1686 2069 1743">
     <span class='ocr_line' id='line_1_16' title="bbox 371 1686 2069 1743; baseline -0.002 -2"><span class='ocrx_word' id='word_1_97' title='bbox 371 1687 673 1742; x_wconf 87' lang='lat' dir='ltr'><strong>actionem.</strong></span> <span class='ocrx_word' id='word_1_98' title='bbox 709 1687 853 1743; x_wconf 73' lang='lat' dir='ltr'><strong>Cum</strong></span> <span class='ocrx_word' id='word_1_99' title='bbox 891 1687 1020 1742; x_wconf 91' lang='lat' dir='ltr'><strong>talis</strong></span> <span class='ocrx_word' id='word_1_100' title='bbox 1062 1686 1159 1742; x_wconf 92' lang='lat' dir='ltr'><strong>illa</strong></span> <span class='ocrx_word' id='word_1_101' title='bbox 1209 1687 1357 1742; x_wconf 91' lang='lat' dir='ltr'><strong>inter</strong></span> <span class='ocrx_word' id='word_1_102' title='bbox 1406 1687 1645 1742; x_wconf 79' lang='lat' dir='ltr'><strong>feminas</strong></span> <span class='ocrx_word' id='word_1_103' title='bbox 1689 1686 1984 1743; x_wconf 88' lang='lat' dir='ltr'><strong>benedicta</strong></span> <span class='ocrx_word' id='word_1_104' title='bbox 2034 1699 2069 1738; x_wconf 93' lang='lat' dir='ltr'><strong>a</strong></span> 
     </span>
    </p>
   </div>
   <div class='ocr_carea' id='block_1_17' title="bbox 372 1773 2069 1844">
    <p class='ocr_par' dir='ltr' id='par_1_17' title="bbox 372 1773 2069 1844">
     <span class='ocr_line' id='line_1_17' title="bbox 372 1773 2069 1844; baseline -0.001 -14"><span class='ocrx_word' id='word_1_105' title='bbox 372 1774 538 1830; x_wconf 91' lang='lat' dir='ltr'><strong>nobis</strong></span> <span class='ocrx_word' id='word_1_106' title='bbox 561 1775 850 1831; x_wconf 88' lang='lat' dir='ltr'><strong>credatur.</strong></span> <span class='ocrx_word' id='word_1_107' title='bbox 882 1775 1028 1830; x_wconf 88' lang='lat' dir='ltr'><strong>Ecce</strong></span> <span class='ocrx_word' id='word_1_108' title='bbox 1053 1789 1186 1830; x_wconf 87' lang='lat' dir='ltr'><strong>mox</strong></span> <span class='ocrx_word' id='word_1_109' title='bbox 1215 1775 1356 1830; x_wconf 91' lang='lat' dir='ltr'><strong>dum</strong></span> <span class='ocrx_word' id='word_1_110' title='bbox 1384 1776 1465 1830; x_wconf 92' lang='lat' dir='ltr'><strong>sic</strong></span> <span class='ocrx_word' id='word_1_111' title='bbox 1486 1782 1736 1842; x_wconf 89' lang='lat' dir='ltr'><strong>amatur,</strong></span> <span class='ocrx_word' id='word_1_112' title='bbox 1763 1774 1860 1829; x_wconf 91' lang='lat' dir='ltr'><strong>Dei</strong></span> <span class='ocrx_word' id='word_1_113' title='bbox 1886 1773 2069 1844; x_wconf 82' lang='lat' dir='ltr'><strong>gloria</strong></span> 
     </span>
    </p>
   </div>
   <div class='ocr_carea' id='block_1_18' title="bbox 373 1862 2061 1934">
    <p class='ocr_par' dir='ltr' id='par_1_18' title="bbox 373 1862 2061 1934">
     <span class='ocr_line' id='line_1_18' title="bbox 373 1862 2061 1934; baseline -0.002 -15"><span class='ocrx_word' id='word_1_114' title='bbox 373 1877 474 1933; x_wconf 92' lang='lat' dir='ltr'><strong>per</strong></span> <span class='ocrx_word' id='word_1_115' title='bbox 513 1863 696 1934; x_wconf 88' lang='lat' dir='ltr'><strong>ipsam</strong></span> <span class='ocrx_word' id='word_1_116' title='bbox 745 1864 897 1918; x_wconf 91' lang='lat' dir='ltr'><strong>viam</strong></span> <span class='ocrx_word' id='word_1_117' title='bbox 946 1863 1287 1933; x_wconf 82' lang='lat' dir='ltr'><strong>ingreditur,</strong></span> <span class='ocrx_word' id='word_1_118' title='bbox 1341 1863 1482 1934; x_wconf 88' lang='lat' dir='ltr'><strong>quia</strong></span> <span class='ocrx_word' id='word_1_119' title='bbox 1527 1878 1644 1933; x_wconf 94' lang='lat' dir='ltr'><strong>quo</strong></span> <span class='ocrx_word' id='word_1_120' title='bbox 1697 1862 1880 1932; x_wconf 92' lang='lat' dir='ltr'><strong>magis</strong></span> <span class='ocrx_word' id='word_1_121' title='bbox 1934 1875 2061 1917; x_wconf 90' lang='lat' dir='ltr'><strong>eam</strong></span> 
     </span>
    </p>
   </div>
   <div class='ocr_carea' id='block_1_19' title="bbox 372 1949 2058 2020">
    <p class='ocr_par' dir='ltr' id='par_1_19' title="bbox 372 1949 2058 2020">
     <span class='ocr_line' id='line_1_19' title="bbox 372 1949 2058 2020; baseline -0.002 -13"><span class='ocrx_word' id='word_1_122' title='bbox 372 1951 546 2007; x_wconf 90' lang='lat' dir='ltr'><strong>totius</strong></span> <span class='ocrx_word' id='word_1_123' title='bbox 625 1951 1010 2007; x_wconf 86' lang='lat' dir='ltr'><strong>venerationis</strong></span> <span class='ocrx_word' id='word_1_124' title='bbox 1072 1951 1313 2006; x_wconf 88' lang='lat' dir='ltr'><strong>interna</strong></span> <span class='ocrx_word' id='word_1_125' title='bbox 1391 1951 1546 2006; x_wconf 89' lang='lat' dir='ltr'><strong>ulnis</strong></span> <span class='ocrx_word' id='word_1_126' title='bbox 1638 1949 2058 2020; x_wconf 87' lang='lat' dir='ltr'><strong>amplectimur,</strong></span> 
     </span>
    </p>
   </div>
   <div class='ocr_carea' id='block_1_20' title="bbox 374 2037 2065 2108">
    <p class='ocr_par' dir='ltr' id='par_1_20' title="bbox 374 2037 2065 2108">
     <span class='ocr_line' id='line_1_20' title="bbox 374 2037 2065 2108; baseline -0.002 -14"><span class='ocrx_word' id='word_1_127' title='bbox 374 2048 529 2094; x_wconf 90' lang='lat' dir='ltr'><strong>tanto</strong></span> <span class='ocrx_word' id='word_1_128' title='bbox 585 2053 619 2094; x_wconf 92' lang='lat' dir='ltr'><strong>a</strong></span> <span class='ocrx_word' id='word_1_129' title='bbox 677 2040 842 2094; x_wconf 91' lang='lat' dir='ltr'><strong>nobis</strong></span> <span class='ocrx_word' id='word_1_130' title='bbox 892 2039 1222 2095; x_wconf 90' lang='lat' dir='ltr'><strong>evidentius</strong></span> <span class='ocrx_word' id='word_1_131' title='bbox 1285 2038 1642 2095; x_wconf 88' lang='lat' dir='ltr'><strong>celsitudinis</strong></span> <span class='ocrx_word' id='word_1_132' title='bbox 1691 2038 1819 2108; x_wconf 88' lang='lat' dir='ltr'><strong>ejus</strong></span> <span class='ocrx_word' id='word_1_133' title='bbox 1881 2037 2065 2092; x_wconf 88' lang='lat' dir='ltr'><strong>honor</strong></span> 
     </span>
    </p>
   </div>
   <div class='ocr_carea' id='block_1_21' title="bbox 370 2126 2066 2198">
    <p class='ocr_par' dir='ltr' id='par_1_21' title="bbox 370 2126 2066 2198">
     <span class='ocr_line' id='line_1_21' title="bbox 370 2126 2066 2198; baseline -0.001 -16"><span class='ocrx_word' id='word_1_134' title='bbox 370 2127 743 2198; x_wconf 87' lang='lat' dir='ltr'><strong>agnoscitur;</strong></span> <span class='ocrx_word' id='word_1_135' title='bbox 775 2129 820 2183; x_wconf 90' lang='lat' dir='ltr'><strong>is</strong></span> <span class='ocrx_word' id='word_1_136' title='bbox 849 2127 1003 2184; x_wconf 91' lang='lat' dir='ltr'><strong>enim</strong></span> <span class='ocrx_word' id='word_1_137' title='bbox 1048 2142 1162 2183; x_wconf 95' lang='lat' dir='ltr'><strong>non</strong></span> <span class='ocrx_word' id='word_1_138' title='bbox 1191 2127 1622 2194; x_wconf 88' lang='lat' dir='ltr'><strong>commutando,</strong></span> <span class='ocrx_word' id='word_1_139' title='bbox 1671 2128 1770 2182; x_wconf 85' lang='lat' dir='ltr'><strong>sed</strong></span> <span class='ocrx_word' id='word_1_140' title='bbox 1817 2126 2066 2181; x_wconf 86' lang='lat' dir='ltr'><strong>amando</strong></span> 
     </span>
    </p>
   </div>
   <div class='ocr_carea' id='block_1_22' title="bbox 372 2222 724 2286">
    <p class='ocr_par' dir='ltr' id='par_1_22' title="bbox 372 2222 724 2286">
     <span class='ocr_line' id='line_1_22' title="bbox 372 2222 724 2286; baseline 0 -16"><span class='ocrx_word' id='word_1_141' title='bbox 372 2222 724 2286; x_wconf 85' lang='lat' dir='ltr'><strong>penetratur.</strong></span> 
     </span>
    </p>
   </div>
   <div class='ocr_carea' id='block_1_23' title="bbox 441 2304 2065 2374">
    <p class='ocr_par' dir='ltr' id='par_1_23' title="bbox 441 2304 2065 2374">
     <span class='ocr_line' id='line_1_23' title="bbox 441 2304 2065 2374; baseline -0.001 -17"><span class='ocrx_word' id='word_1_142' title='bbox 441 2304 522 2357; x_wconf 87' lang='lat' dir='ltr'><strong>Et</strong></span> <span class='ocrx_word' id='word_1_143' title='bbox 566 2320 672 2357; x_wconf 72' lang='lat' dir='ltr'><strong>vos:</strong></span> <span class='ocrx_word' id='word_1_144' title='bbox 721 2305 772 2357; x_wconf 86' lang='lat' dir='ltr'><strong>ei</strong></span> <span class='ocrx_word' id='word_1_145' title='bbox 847 2307 966 2357; x_wconf 87' lang='lat' dir='ltr'><strong>erat</strong></span> <span class='ocrx_word' id='word_1_146' title='bbox 1041 2305 1204 2372; x_wconf 87' lang='lat' dir='ltr'><strong>quasi</strong></span> <span class='ocrx_word' id='word_1_147' title='bbox 1253 2319 1358 2357; x_wconf 69' lang='lat' dir='ltr'><strong>vox</strong></span> <span class='ocrx_word' id='word_1_148' title='bbox 1419 2320 1690 2374; x_wconf 89' lang='lat' dir='ltr'><strong>aquarum</strong></span> <span class='ocrx_word' id='word_1_149' title='bbox 1767 2304 2065 2357; x_wconf 88' lang='lat' dir='ltr'><strong>multarum</strong></span> 
     </span>
    </p>
   </div>
   <div class='ocr_carea' id='block_1_24' title="bbox 369 2389 2067 2462">
    <p class='ocr_par' dir='ltr' id='par_1_24' title="bbox 369 2389 2067 2462">
     <span class='ocr_line' id='line_1_24' title="bbox 369 2389 2067 2462; baseline 0.001 -18"><span class='ocrx_word' id='word_1_150' title='bbox 369 2389 589 2462; x_wconf 81' lang='lat' dir='ltr'><strong>(Ezech.</strong></span> <span class='ocrx_word' id='word_1_151' title='bbox 625 2405 779 2458; x_wconf 75' lang='lat' dir='ltr'><strong>xu&quot;,</strong></span> <span class='ocrx_word' id='word_1_152' title='bbox 811 2393 891 2460; x_wconf 79' lang='lat'><strong>2).</strong></span> <span class='ocrx_word' id='word_1_153' title='bbox 925 2391 1013 2446; x_wconf 86' lang='lat' dir='ltr'><strong>Illi</strong></span> <span class='ocrx_word' id='word_1_154' title='bbox 1061 2394 1168 2446; x_wconf 93' lang='lat' dir='ltr'><strong>Deo</strong></span> <span class='ocrx_word' id='word_1_155' title='bbox 1213 2391 1400 2452; x_wconf 87' lang='lat' dir='ltr'><strong>Israel,</strong></span> <span class='ocrx_word' id='word_1_156' title='bbox 1450 2391 1606 2462; x_wconf 93' lang='lat' dir='ltr'><strong>quod</strong></span> <span class='ocrx_word' id='word_1_157' title='bbox 1655 2391 2067 2460; x_wconf 88' lang='lat' dir='ltr'><strong>interpretatur</strong></span> 
     </span>
    </p>
   </div>
   <div class='ocr_carea' id='block_1_25' title="bbox 367 2479 2067 2550">
    <p class='ocr_par' dir='ltr' id='par_1_25' title="bbox 367 2479 2067 2550">
     <span class='ocr_line' id='line_1_25' title="bbox 367 2479 2067 2550; baseline 0 -16"><span class='ocrx_word' id='word_1_158' title='bbox 367 2495 488 2534; x_wconf 91' lang='lat' dir='ltr'><strong>cum</strong></span> <span class='ocrx_word' id='word_1_159' title='bbox 534 2483 640 2534; x_wconf 88' lang='lat' dir='ltr'><strong>Dco</strong></span> <span class='ocrx_word' id='word_1_160' title='bbox 694 2479 1042 2547; x_wconf 86' lang='lat' dir='ltr'><strong>directorum,</strong></span> <span class='ocrx_word' id='word_1_161' title='bbox 1105 2480 1227 2536; x_wconf 80' lang='lat' dir='ltr'><strong>hac</strong></span> <span class='ocrx_word' id='word_1_162' title='bbox 1283 2479 1496 2536; x_wconf 83' lang='lat' dir='ltr'><strong>femina</strong></span> <span class='ocrx_word' id='word_1_163' title='bbox 1543 2480 1724 2549; x_wconf 90' lang='lat' dir='ltr'><strong>gloria</strong></span> <span class='ocrx_word' id='word_1_164' title='bbox 1769 2487 1872 2546; x_wconf 90' lang='lat' dir='ltr'><strong>est,</strong></span> <span class='ocrx_word' id='word_1_165' title='bbox 1925 2480 2067 2550; x_wconf 92' lang='lat' dir='ltr'><strong>quia</strong></span> 
     </span>
    </p>
   </div>
   <div class='ocr_carea' id='block_1_26' title="bbox 364 2567 2065 2637">
    <p class='ocr_par' dir='ltr' id='par_1_26' title="bbox 364 2567 2065 2637">
     <span class='ocr_line' id='line_1_26' title="bbox 364 2567 2065 2637; baseline 0.001 -15"><span class='ocrx_word' id='word_1_166' title='bbox 364 2567 503 2623; x_wconf 91' lang='lat' dir='ltr'><strong>dum</strong></span> <span class='ocrx_word' id='word_1_167' title='bbox 531 2567 962 2623; x_wconf 81' lang='lat' dir='ltr'><strong>consideramus</strong></span> <span class='ocrx_word' id='word_1_168' title='bbox 993 2581 1064 2622; x_wconf 92' lang='lat' dir='ltr'><strong>ex</strong></span> <span class='ocrx_word' id='word_1_169' title='bbox 1097 2577 1319 2637; x_wconf 90' lang='lat' dir='ltr'><strong>quanta</strong></span> <span class='ocrx_word' id='word_1_170' title='bbox 1366 2581 1492 2624; x_wconf 90' lang='lat' dir='ltr'><strong>eam</strong></span> <span class='ocrx_word' id='word_1_171' title='bbox 1543 2569 1695 2623; x_wconf 91' lang='lat' dir='ltr'><strong>Deus</strong></span> <span class='ocrx_word' id='word_1_172' title='bbox 1741 2568 2065 2624; x_wconf 87' lang='lat' dir='ltr'><strong>humilitate</strong></span> 
     </span>
    </p>
   </div>
   <div class='ocr_carea' id='block_1_27' title="bbox 368 2656 2064 2730">
    <p class='ocr_par' dir='ltr' id='par_1_27' title="bbox 368 2656 2064 2730">
     <span class='ocr_line' id='line_1_27' title="bbox 368 2656 2064 2730; baseline 0.001 -20"><span class='ocrx_word' id='word_1_173' title='bbox 368 2657 719 2726; x_wconf 83' lang='lat' dir='ltr'><strong>provexerit,</strong></span> <span class='ocrx_word' id='word_1_174' title='bbox 763 2656 903 2726; x_wconf 92' lang='lat' dir='ltr'><strong>quid</strong></span> <span class='ocrx_word' id='word_1_175' title='bbox 937 2656 992 2710; x_wconf 92' lang='lat' dir='ltr'><strong>in</strong></span> <span class='ocrx_word' id='word_1_176' title='bbox 1025 2671 1093 2712; x_wconf 89' lang='lat' dir='ltr'><strong>ea</strong></span> <span class='ocrx_word' id='word_1_177' title='bbox 1121 2657 1310 2712; x_wconf 81' lang='lat' dir='ltr'><strong>fecerit</strong></span> <span class='ocrx_word' id='word_1_178' title='bbox 1359 2657 1417 2712; x_wconf 93' lang='lat' dir='ltr'><strong>in</strong></span> <span class='ocrx_word' id='word_1_179' title='bbox 1461 2657 1552 2712; x_wconf 91' lang='lat' dir='ltr'><strong>bis</strong></span> <span class='ocrx_word' id='word_1_180' title='bbox 1595 2661 1724 2730; x_wconf 88' lang='lat' dir='ltr'><strong>ejus</strong></span> <span class='ocrx_word' id='word_1_181' title='bbox 1781 2658 2064 2713; x_wconf 88' lang='lat' dir='ltr'><strong>excellen-</strong></span> 
     </span>
    </p>
   </div>
   <div class='ocr_carea' id='block_1_28' title="bbox 371 2744 2067 2815">
    <p class='ocr_par' dir='ltr' id='par_1_28' title="bbox 371 2744 2067 2815">
     <span class='ocr_line' id='line_1_28' title="bbox 371 2744 2067 2815; baseline 0.001 -16"><span class='ocrx_word' id='word_1_182' title='bbox 371 2744 463 2799; x_wconf 91' lang='lat' dir='ltr'><strong>tia</strong></span> <span class='ocrx_word' id='word_1_183' title='bbox 493 2744 1072 2814; x_wconf 92' lang='lat' dir='ltr'><strong>contemplationibus</strong></span> <span class='ocrx_word' id='word_1_184' title='bbox 1119 2759 1281 2800; x_wconf 89' lang='lat' dir='ltr'><strong>mens</strong></span> <span class='ocrx_word' id='word_1_185' title='bbox 1317 2745 1480 2801; x_wconf 90' lang='lat' dir='ltr'><strong>nulla</strong></span> <span class='ocrx_word' id='word_1_186' title='bbox 1526 2760 1641 2802; x_wconf 91' lang='lat' dir='ltr'><strong>non</strong></span> <span class='ocrx_word' id='word_1_187' title='bbox 1689 2746 1896 2801; x_wconf 88' lang='lat' dir='ltr'><strong>deticit.</strong></span> <span class='ocrx_word' id='word_1_188' title='bbox 1951 2745 2067 2815; x_wconf 92' lang='lat' dir='ltr'><strong>lpsi</strong></span> 
     </span>
    </p>
   </div>
   <div class='ocr_carea' id='block_1_29' title="bbox 371 2832 2062 2904">
    <p class='ocr_par' dir='ltr' id='par_1_29' title="bbox 371 2832 2062 2904">
     <span class='ocr_line' id='line_1_29' title="bbox 371 2832 2062 2904; baseline 0.001 -18"><span class='ocrx_word' id='word_1_189' title='bbox 371 2832 570 2903; x_wconf 91' lang='lat' dir='ltr'><strong>gloria</strong></span> <span class='ocrx_word' id='word_1_190' title='bbox 593 2847 704 2888; x_wconf 92' lang='lat' dir='ltr'><strong>vox</strong></span> <span class='ocrx_word' id='word_1_191' title='bbox 719 2842 803 2888; x_wconf 92' lang='lat' dir='ltr'><strong>est</strong></span> <span class='ocrx_word' id='word_1_192' title='bbox 824 2848 888 2888; x_wconf 90' lang='lat' dir='ltr'><strong>ac</strong></span> <span class='ocrx_word' id='word_1_193' title='bbox 907 2835 951 2888; x_wconf 90' lang='lat' dir='ltr'><strong>si</strong></span> <span class='ocrx_word' id='word_1_194' title='bbox 975 2848 1264 2904; x_wconf 83' lang='lat' dir='ltr'><strong>aquarum</strong></span> <span class='ocrx_word' id='word_1_195' title='bbox 1286 2835 1601 2890; x_wconf 90' lang='lat' dir='ltr'><strong>multarum</strong></span> <span class='ocrx_word' id='word_1_196' title='bbox 1629 2835 1795 2904; x_wconf 84' lang='lat' dir='ltr'><strong>(Psal.</strong></span> <span class='ocrx_word' id='word_1_197' title='bbox 1819 2849 1954 2899; x_wconf 86' lang='lat' dir='ltr'><strong>xcu,</strong></span> <span class='ocrx_word' id='word_1_198' title='bbox 1983 2836 2062 2901; x_wconf 72' lang='grc'><strong>4),</strong></span> 
     </span>
    </p>
   </div>
   <div class='ocr_carea' id='block_1_30' title="bbox 365 2921 2064 2993">
    <p class='ocr_par' dir='ltr' id='par_1_30' title="bbox 365 2921 2064 2993">
     <span class='ocr_line' id='line_1_30' title="bbox 365 2921 2064 2993; baseline 0.001 -17"><span class='ocrx_word' id='word_1_199' title='bbox 365 2921 507 2991; x_wconf 90' lang='lat' dir='ltr'><strong>quia</strong></span> <span class='ocrx_word' id='word_1_200' title='bbox 535 2937 668 2977; x_wconf 90' lang='lat' dir='ltr'><strong>cum</strong></span> <span class='ocrx_word' id='word_1_201' title='bbox 699 2937 816 2978; x_wconf 91' lang='lat' dir='ltr'><strong>una</strong></span> <span class='ocrx_word' id='word_1_202' title='bbox 842 2922 913 2978; x_wconf 90' lang='lat' dir='ltr'><strong>sit</strong></span> <span class='ocrx_word' id='word_1_203' title='bbox 944 2923 1183 2978; x_wconf 89' lang='lat' dir='ltr'><strong>scientia</strong></span> <span class='ocrx_word' id='word_1_204' title='bbox 1215 2924 1362 2978; x_wconf 90' lang='lat' dir='ltr'><strong>hanc</strong></span> <span class='ocrx_word' id='word_1_205' title='bbox 1390 2937 1615 2993; x_wconf 89' lang='lat' dir='ltr'><strong>semper</strong></span> <span class='ocrx_word' id='word_1_206' title='bbox 1632 2923 2064 2992; x_wconf 84' lang='lat' dir='ltr'><strong>esse:virginem</strong></span> 
     </span>
    </p>
   </div>
   <div class='ocr_carea' id='block_1_31' title="bbox 365 3011 2058 3082">
    <p class='ocr_par' dir='ltr' id='par_1_31' title="bbox 365 3011 2058 3082">
     <span class='ocr_line' id='line_1_31' title="bbox 365 3011 2058 3082; baseline 0.001 -17"><span class='ocrx_word' id='word_1_207' title='bbox 365 3017 419 3065; x_wconf 90' lang='lat' dir='ltr'><strong>et</strong></span> <span class='ocrx_word' id='word_1_208' title='bbox 450 3011 547 3066; x_wconf 92' lang='lat' dir='ltr'><strong>Dei</strong></span> <span class='ocrx_word' id='word_1_209' title='bbox 582 3018 842 3078; x_wconf 89' lang='lat' dir='ltr'><strong>matrem,</strong></span> <span class='ocrx_word' id='word_1_210' title='bbox 873 3019 1062 3067; x_wconf 92' lang='lat' dir='ltr'><strong>tamen</strong></span> <span class='ocrx_word' id='word_1_211' title='bbox 1096 3025 1198 3082; x_wconf 89' lang='lat' dir='ltr'><strong>pro</strong></span> <span class='ocrx_word' id='word_1_212' title='bbox 1227 3012 1469 3067; x_wconf 90' lang='lat' dir='ltr'><strong>diversis</strong></span> <span class='ocrx_word' id='word_1_213' title='bbox 1496 3019 1550 3066; x_wconf 85' lang='lat' dir='ltr'><strong>et</strong></span> <span class='ocrx_word' id='word_1_214' title='bbox 1593 3012 1954 3081; x_wconf 90' lang='lat' dir='ltr'><strong>diligentium</strong></span> <span class='ocrx_word' id='word_1_215' title='bbox 2003 3019 2058 3067; x_wconf 92' lang='lat' dir='ltr'><strong>et</strong></span> 
     </span>
    </p>
   </div>
   <div class='ocr_carea' id='block_1_32' title="bbox 2179 622 2722 692">
    <p class='ocr_par' dir='ltr' id='par_1_32' title="bbox 2179 622 2722 692">
     <span class='ocr_line' id='line_1_32' title="bbox 2179 622 2722 692; baseline -0.004 -14"><span class='ocrx_word' id='word_1_216' title='bbox 2179 632 2429 678; x_wconf 90' lang='lat' dir='ltr'><strong>mentem</strong></span> <span class='ocrx_word' id='word_1_217' title='bbox 2458 622 2722 692; x_wconf 91' lang='lat' dir='ltr'><strong>inspirat.</strong></span> 
     </span>
    </p>
   </div>
   <div class='ocr_carea' id='block_1_33' title="bbox 2249 712 3893 786">
    <p class='ocr_par' dir='ltr' id='par_1_33' title="bbox 2249 712 3893 786">
     <span class='ocr_line' id='line_1_33' title="bbox 2249 712 3893 786; baseline 0.002 -21"><span class='ocrx_word' id='word_1_218' title='bbox 2249 713 2320 765; x_wconf 86' lang='lat' dir='ltr'><strong>Et</strong></span> <span class='ocrx_word' id='word_1_219' title='bbox 2349 712 2546 765; x_wconf 76' lang='lat' dir='ltr'><strong>levavit</strong></span> <span class='ocrx_word' id='word_1_220' title='bbox 2573 727 2657 765; x_wconf 91' lang='lat' dir='ltr'><strong>me</strong></span> <span class='ocrx_word' id='word_1_221' title='bbox 2682 713 2917 780; x_wconf 82' lang='lat' dir='ltr'><strong>spiritus</strong></span> <span class='ocrx_word' id='word_1_222' title='bbox 2947 712 3129 781; x_wconf 60' lang='lat' dir='ltr'><strong>(ibid,</strong></span> <span class='ocrx_word' id='word_1_223' title='bbox 3165 717 3234 781; x_wconf 85' lang='lat'><strong>5).</strong></span> <span class='ocrx_word' id='word_1_224' title='bbox 3270 713 3444 770; x_wconf 80' lang='lat' dir='ltr'><strong>Levat</strong></span> <span class='ocrx_word' id='word_1_225' title='bbox 3476 728 3583 771; x_wconf 86' lang='lat' dir='ltr'><strong>nos</strong></span> <span class='ocrx_word' id='word_1_226' title='bbox 3623 715 3893 786; x_wconf 78' lang='lat' dir='ltr'><strong>spiritus,</strong></span> 
     </span>
    </p>
   </div>
   <div class='ocr_carea' id='block_1_34' title="bbox 2178 799 3892 874">
    <p class='ocr_par' dir='ltr' id='par_1_34' title="bbox 2178 799 3892 874">
     <span class='ocr_line' id='line_1_34' title="bbox 2178 799 3892 874; baseline 0.002 -20"><span class='ocrx_word' id='word_1_227' title='bbox 2178 813 2310 854; x_wconf 92' lang='lat' dir='ltr'><strong>cum</strong></span> <span class='ocrx_word' id='word_1_228' title='bbox 2343 813 2417 854; x_wconf 84' lang='lat' dir='ltr'><strong>ex</strong></span> <span class='ocrx_word' id='word_1_229' title='bbox 2458 799 2767 870; x_wconf 82' lang='lat' dir='ltr'><strong>repletione</strong></span> <span class='ocrx_word' id='word_1_230' title='bbox 2811 801 3193 869; x_wconf 89' lang='lat' dir='ltr'><strong>conscientia,</strong></span> <span class='ocrx_word' id='word_1_231' title='bbox 3250 803 3406 872; x_wconf 91' lang='lat' dir='ltr'><strong>quod</strong></span> <span class='ocrx_word' id='word_1_232' title='bbox 3439 811 3525 858; x_wconf 90' lang='lat' dir='ltr'><strong>est</strong></span> <span class='ocrx_word' id='word_1_233' title='bbox 3575 803 3892 874; x_wconf 85' lang='lat' dir='ltr'><strong>templum,</strong></span> 
     </span>
    </p>
   </div>
   <div class='ocr_carea' id='block_1_35' title="bbox 2178 888 3890 960">
    <p class='ocr_par' dir='ltr' id='par_1_35' title="bbox 2178 888 3890 960">
     <span class='ocr_line' id='line_1_35' title="bbox 2178 888 3890 960; baseline 0.004 -18"><span class='ocrx_word' id='word_1_234' title='bbox 2178 888 2235 943; x_wconf 94' lang='lat' dir='ltr'><strong>in</strong></span> <span class='ocrx_word' id='word_1_235' title='bbox 2265 888 2633 943; x_wconf 90' lang='lat' dir='ltr'><strong>eminentiam</strong></span> <span class='ocrx_word' id='word_1_236' title='bbox 2684 889 3183 958; x_wconf 89' lang='lat' dir='ltr'><strong>contemplationis</strong></span> <span class='ocrx_word' id='word_1_237' title='bbox 3230 899 3609 960; x_wconf 84' lang='lat' dir='ltr'><strong>promovetur</strong></span> <span class='ocrx_word' id='word_1_238' title='bbox 3659 891 3890 948; x_wconf 89' lang='lat' dir='ltr'><strong>intelle-</strong></span> 
     </span>
    </p>
   </div>
   <div class='ocr_carea' id='block_1_36' title="bbox 2178 977 3888 1049">
    <p class='ocr_par' dir='ltr' id='par_1_36' title="bbox 2178 977 3888 1049">
     <span class='ocr_line' id='line_1_36' title="bbox 2178 977 3888 1049; baseline 0.002 -18"><span class='ocrx_word' id='word_1_239' title='bbox 2178 983 2322 1031; x_wconf 89' lang='lat' dir='ltr'><strong>ctus.</strong></span> <span class='ocrx_word' id='word_1_240' title='bbox 2351 977 2420 1032; x_wconf 81' lang='lat' dir='ltr'><strong>Et</strong></span> <span class='ocrx_word' id='word_1_241' title='bbox 2445 979 2757 1030; x_wconf 66' lang='lat' dir='ltr'><strong>introduxit</strong></span> <span class='ocrx_word' id='word_1_242' title='bbox 2811 993 2895 1031; x_wconf 86' lang='lat' dir='ltr'><strong>me</strong></span> <span class='ocrx_word' id='word_1_243' title='bbox 2925 980 2983 1031; x_wconf 91' lang='lat' dir='ltr'><strong>in</strong></span> <span class='ocrx_word' id='word_1_244' title='bbox 3023 982 3229 1032; x_wconf 80' lang='lat' dir='ltr'><strong>atrium</strong></span> <span class='ocrx_word' id='word_1_245' title='bbox 3263 981 3493 1034; x_wconf 87' lang='lat' dir='ltr'><strong>interius</strong></span> <span class='ocrx_word' id='word_1_246' title='bbox 3541 979 3762 1049; x_wconf 58' lang='lat' dir='ltr'><strong>(ibid).</strong></span> <span class='ocrx_word' id='word_1_247' title='bbox 3829 980 3888 1034; x_wconf 91' lang='lat' dir='ltr'><strong>lu</strong></span> 
     </span>
    </p>
   </div>
   <div class='ocr_carea' id='block_1_37' title="bbox 2178 1064 3887 1137">
    <p class='ocr_par' dir='ltr' id='par_1_37' title="bbox 2178 1064 3887 1137">
     <span class='ocr_line' id='line_1_37' title="bbox 2178 1064 3887 1137; baseline 0.001 -17"><span class='ocrx_word' id='word_1_248' title='bbox 2178 1065 2390 1121; x_wconf 88' lang='lat' dir='ltr'><strong>atrium</strong></span> <span class='ocrx_word' id='word_1_249' title='bbox 2430 1064 2672 1120; x_wconf 91' lang='lat' dir='ltr'><strong>interius</strong></span> <span class='ocrx_word' id='word_1_250' title='bbox 2731 1066 3170 1135; x_wconf 88' lang='lat' dir='ltr'><strong>introducimur,</strong></span> <span class='ocrx_word' id='word_1_251' title='bbox 3225 1081 3357 1123; x_wconf 90' lang='lat' dir='ltr'><strong>cum</strong></span> <span class='ocrx_word' id='word_1_252' title='bbox 3409 1068 3482 1124; x_wconf 91' lang='lat' dir='ltr'><strong>ad</strong></span> <span class='ocrx_word' id='word_1_253' title='bbox 3530 1067 3887 1137; x_wconf 67' lang='lat' dir='ltr'><strong>praecordia-</strong></span> 
     </span>
    </p>
   </div>
   <div class='ocr_carea' id='block_1_38' title="bbox 2179 1153 3893 1224">
    <p class='ocr_par' dir='ltr' id='par_1_38' title="bbox 2179 1153 3893 1224">
     <span class='ocr_line' id='line_1_38' title="bbox 2179 1153 3893 1224; baseline 0.001 -16"><span class='ocrx_word' id='word_1_254' title='bbox 2179 1153 2258 1208; x_wconf 91' lang='lat' dir='ltr'><strong>les</strong></span> <span class='ocrx_word' id='word_1_255' title='bbox 2286 1153 2497 1209; x_wconf 82' lang='lat' dir='ltr'><strong>divina</strong></span> <span class='ocrx_word' id='word_1_256' title='bbox 2526 1154 2820 1210; x_wconf 86' lang='lat' dir='ltr'><strong>charitatis</strong></span> <span class='ocrx_word' id='word_1_257' title='bbox 2850 1155 3153 1224; x_wconf 86' lang='lat' dir='ltr'><strong>amplexus</strong></span> <span class='ocrx_word' id='word_1_258' title='bbox 3183 1155 3565 1211; x_wconf 91' lang='lat' dir='ltr'><strong>admittimur.</strong></span> <span class='ocrx_word' id='word_1_259' title='bbox 3604 1156 3893 1211; x_wconf 91' lang='lat' dir='ltr'><strong>Exterius</strong></span> 
     </span>
    </p>
   </div>
   <div class='ocr_carea' id='block_1_39' title="bbox 2175 1241 3889 1314">
    <p class='ocr_par' dir='ltr' id='par_1_39' title="bbox 2175 1241 3889 1314">
     <span class='ocr_line' id='line_1_39' title="bbox 2175 1241 3889 1314; baseline 0 -17"><span class='ocrx_word' id='word_1_260' title='bbox 2175 1250 2368 1297; x_wconf 89' lang='lat' dir='ltr'><strong>autem</strong></span> <span class='ocrx_word' id='word_1_261' title='bbox 2396 1241 2647 1298; x_wconf 89' lang='lat' dir='ltr'><strong>cbaritas</strong></span> <span class='ocrx_word' id='word_1_262' title='bbox 2682 1250 2765 1298; x_wconf 89' lang='lat' dir='ltr'><strong>est</strong></span> <span class='ocrx_word' id='word_1_263' title='bbox 2817 1242 3104 1313; x_wconf 83' lang='lat' dir='ltr'><strong>proximi;</strong></span> <span class='ocrx_word' id='word_1_264' title='bbox 3151 1258 3268 1313; x_wconf 91' lang='lat' dir='ltr'><strong>quo</strong></span> <span class='ocrx_word' id='word_1_265' title='bbox 3316 1244 3464 1298; x_wconf 89' lang='lat' dir='ltr'><strong>enim</strong></span> <span class='ocrx_word' id='word_1_266' title='bbox 3517 1243 3712 1314; x_wconf 91' lang='lat' dir='ltr'><strong>magis</strong></span> <span class='ocrx_word' id='word_1_267' title='bbox 3763 1243 3889 1297; x_wconf 86' lang='lat' dir='ltr'><strong>Filii</strong></span> 
     </span>
    </p>
   </div>
   <div class='ocr_carea' id='block_1_40' title="bbox 2174 1331 3888 1403">
    <p class='ocr_par' dir='ltr' id='par_1_40' title="bbox 2174 1331 3888 1403">
     <span class='ocr_line' id='line_1_40' title="bbox 2174 1331 3888 1403; baseline -0.001 -17"><span class='ocrx_word' id='word_1_268' title='bbox 2174 1344 2247 1386; x_wconf 87' lang='lat' dir='ltr'><strong>ex</strong></span> <span class='ocrx_word' id='word_1_269' title='bbox 2279 1331 2456 1386; x_wconf 80' lang='lat' dir='ltr'><strong>Matre</strong></span> <span class='ocrx_word' id='word_1_270' title='bbox 2497 1331 2898 1397; x_wconf 91' lang='lat' dir='ltr'><strong>humilitatem,</strong></span> <span class='ocrx_word' id='word_1_271' title='bbox 2926 1341 2981 1387; x_wconf 90' lang='lat' dir='ltr'><strong>et</strong></span> <span class='ocrx_word' id='word_1_272' title='bbox 3021 1332 3216 1387; x_wconf 85' lang='lat' dir='ltr'><strong>Matris</strong></span> <span class='ocrx_word' id='word_1_273' title='bbox 3242 1346 3316 1388; x_wconf 86' lang='lat' dir='ltr'><strong>ex</strong></span> <span class='ocrx_word' id='word_1_274' title='bbox 3364 1331 3506 1388; x_wconf 83' lang='lat' dir='ltr'><strong>Nato</strong></span> <span class='ocrx_word' id='word_1_275' title='bbox 3561 1331 3888 1403; x_wconf 89' lang='lat' dir='ltr'><strong>potentiam</strong></span> 
     </span>
    </p>
   </div>
   <div class='ocr_carea' id='block_1_41' title="bbox 2177 1419 3892 1490">
    <p class='ocr_par' dir='ltr' id='par_1_41' title="bbox 2177 1419 3892 1490">
     <span class='ocr_line' id='line_1_41' title="bbox 2177 1419 3892 1490; baseline 0.001 -17"><span class='ocrx_word' id='word_1_276' title='bbox 2177 1419 2533 1490; x_wconf 88' lang='lat' dir='ltr'><strong>inspicimus,</strong></span> <span class='ocrx_word' id='word_1_277' title='bbox 2567 1428 2724 1476; x_wconf 89' lang='lat' dir='ltr'><strong>tanto</strong></span> <span class='ocrx_word' id='word_1_278' title='bbox 2754 1420 3004 1490; x_wconf 90' lang='lat' dir='ltr'><strong>amplius</strong></span> <span class='ocrx_word' id='word_1_279' title='bbox 3035 1420 3093 1476; x_wconf 94' lang='lat' dir='ltr'><strong>in</strong></span> <span class='ocrx_word' id='word_1_280' title='bbox 3139 1434 3338 1476; x_wconf 92' lang='lat' dir='ltr'><strong>eorum</strong></span> <span class='ocrx_word' id='word_1_281' title='bbox 3396 1433 3590 1476; x_wconf 91' lang='lat' dir='ltr'><strong>amore</strong></span> <span class='ocrx_word' id='word_1_282' title='bbox 3631 1419 3892 1475; x_wconf 86' lang='lat' dir='ltr'><strong>exarde-</strong></span> 
     </span>
    </p>
   </div>
   <div class='ocr_carea' id='block_1_42' title="bbox 2175 1508 3890 1578">
    <p class='ocr_par' dir='ltr' id='par_1_42' title="bbox 2175 1508 3890 1578">
     <span class='ocr_line' id='line_1_42' title="bbox 2175 1508 3890 1578; baseline -0.001 -15"><span class='ocrx_word' id='word_1_283' title='bbox 2175 1510 2406 1563; x_wconf 84' lang='lat' dir='ltr'><strong>scimus.</strong></span> <span class='ocrx_word' id='word_1_284' title='bbox 2443 1508 2603 1564; x_wconf 90' lang='lat' dir='ltr'><strong>Unde</strong></span> <span class='ocrx_word' id='word_1_285' title='bbox 2641 1508 2958 1564; x_wconf 85' lang='lat' dir='ltr'><strong>subditur:</strong></span> <span class='ocrx_word' id='word_1_286' title='bbox 2995 1509 3073 1562; x_wconf 84' lang='lat' dir='ltr'><strong>Et</strong></span> <span class='ocrx_word' id='word_1_287' title='bbox 3117 1524 3230 1562; x_wconf 86' lang='lat' dir='ltr'><strong>ecce</strong></span> <span class='ocrx_word' id='word_1_288' title='bbox 3275 1511 3479 1578; x_wconf 80' lang='lat' dir='ltr'><strong>repleta</strong></span> <span class='ocrx_word' id='word_1_289' title='bbox 3525 1515 3651 1563; x_wconf 87' lang='lat' dir='ltr'><strong>erat</strong></span> <span class='ocrx_word' id='word_1_290' title='bbox 3705 1510 3890 1577; x_wconf 79' lang='lat' dir='ltr'><strong>gloria</strong></span> 
     </span>
    </p>
   </div>
   <div class='ocr_carea' id='block_1_43' title="bbox 2178 1597 3888 1668">
    <p class='ocr_par' dir='ltr' id='par_1_43' title="bbox 2178 1597 3888 1668">
     <span class='ocr_line' id='line_1_43' title="bbox 2178 1597 3888 1668; baseline 0.001 -19"><span class='ocrx_word' id='word_1_291' title='bbox 2178 1597 2401 1650; x_wconf 84' lang='lat' dir='ltr'><strong>Domini</strong></span> <span class='ocrx_word' id='word_1_292' title='bbox 2428 1597 2618 1650; x_wconf 90' lang='lat' dir='ltr'><strong>domus</strong></span> <span class='ocrx_word' id='word_1_293' title='bbox 2651 1597 2847 1665; x_wconf 70' lang='lat' dir='ltr'><strong>(ibid).</strong></span> <span class='ocrx_word' id='word_1_294' title='bbox 2894 1597 3088 1652; x_wconf 92' lang='lat' dir='ltr'><strong>Gloria</strong></span> <span class='ocrx_word' id='word_1_295' title='bbox 3136 1599 3233 1654; x_wconf 90' lang='lat' dir='ltr'><strong>Dei</strong></span> <span class='ocrx_word' id='word_1_296' title='bbox 3283 1599 3428 1654; x_wconf 89' lang='lat' dir='ltr'><strong>ratio</strong></span> <span class='ocrx_word' id='word_1_297' title='bbox 3476 1598 3778 1668; x_wconf 89' lang='lat' dir='ltr'><strong>accipitur</strong></span> <span class='ocrx_word' id='word_1_298' title='bbox 3835 1598 3888 1651; x_wconf 93' lang='lat' dir='ltr'><strong>in</strong></span> 
     </span>
    </p>
   </div>
   <div class='ocr_carea' id='block_1_44' title="bbox 2175 1685 3890 1756">
    <p class='ocr_par' dir='ltr' id='par_1_44' title="bbox 2175 1685 3890 1756">
     <span class='ocr_line' id='line_1_44' title="bbox 2175 1685 3890 1756; baseline 0.001 -17"><span class='ocrx_word' id='word_1_299' title='bbox 2175 1699 2340 1740; x_wconf 86' lang='lat' dir='ltr'><strong>sacra</strong></span> <span class='ocrx_word' id='word_1_300' title='bbox 2397 1685 2610 1756; x_wconf 85' lang='lat' dir='ltr'><strong>pagina</strong></span> <span class='ocrx_word' id='word_1_301' title='bbox 2665 1686 2787 1741; x_wconf 76' lang='lat' dir='ltr'><strong>cali</strong></span> <span class='ocrx_word' id='word_1_302' title='bbox 2835 1694 3119 1756; x_wconf 88' lang='lat' dir='ltr'><strong>terraque</strong></span> <span class='ocrx_word' id='word_1_303' title='bbox 3173 1687 3477 1753; x_wconf 92' lang='lat' dir='ltr'><strong>concretio,</strong></span> <span class='ocrx_word' id='word_1_304' title='bbox 3531 1687 3629 1742; x_wconf 90' lang='lat' dir='ltr'><strong>sed</strong></span> <span class='ocrx_word' id='word_1_305' title='bbox 3690 1686 3890 1756; x_wconf 88' lang='lat' dir='ltr'><strong>potius</strong></span> 
     </span>
    </p>
   </div>
   <div class='ocr_carea' id='block_1_45' title="bbox 2176 1773 3888 1843">
    <p class='ocr_par' dir='ltr' id='par_1_45' title="bbox 2176 1773 3888 1843">
     <span class='ocr_line' id='line_1_45' title="bbox 2176 1773 3888 1843; baseline 0.002 -15"><span class='ocrx_word' id='word_1_306' title='bbox 2176 1787 2276 1843; x_wconf 92' lang='lat' dir='ltr'><strong>pro</strong></span> <span class='ocrx_word' id='word_1_307' title='bbox 2319 1781 2513 1829; x_wconf 90' lang='lat' dir='ltr'><strong>nostra</strong></span> <span class='ocrx_word' id='word_1_308' title='bbox 2560 1773 2744 1830; x_wconf 90' lang='lat' dir='ltr'><strong>salute</strong></span> <span class='ocrx_word' id='word_1_309' title='bbox 2788 1774 2846 1830; x_wconf 92' lang='lat' dir='ltr'><strong>in</strong></span> <span class='ocrx_word' id='word_1_310' title='bbox 2893 1773 3186 1830; x_wconf 81' lang='lat' dir='ltr'><strong>hominem</strong></span> <span class='ocrx_word' id='word_1_311' title='bbox 3229 1775 3544 1831; x_wconf 89' lang='lat' dir='ltr'><strong>divinitatis</strong></span> <span class='ocrx_word' id='word_1_312' title='bbox 3593 1776 3888 1837; x_wconf 87' lang='lat' dir='ltr'><strong>inductio,</strong></span> 
     </span>
    </p>
   </div>
   <div class='ocr_carea' id='block_1_46' title="bbox 2108 1828 3888 1932">
    <p class='ocr_par' dir='ltr' id='par_1_46' title="bbox 2108 1828 3888 1932">
     <span class='ocr_line' id='line_1_46' title="bbox 2108 1828 3888 1932; baseline 0.001 -14"><span class='ocrx_word' id='word_1_313' title='bbox 2108 1828 2147 1883; x_wconf 69' lang='grc' dir='ltr'><strong>Β</strong></span> <span class='ocrx_word' id='word_1_314' title='bbox 2177 1861 2336 1918; x_wconf 91' lang='lat' dir='ltr'><strong>Unde</strong></span> <span class='ocrx_word' id='word_1_315' title='bbox 2367 1863 2622 1932; x_wconf 91' lang='lat' dir='ltr'><strong>psalmus</strong></span> <span class='ocrx_word' id='word_1_316' title='bbox 2648 1877 2782 1918; x_wconf 93' lang='lat' dir='ltr'><strong>cum</strong></span> <span class='ocrx_word' id='word_1_317' title='bbox 2835 1865 3014 1918; x_wconf 88' lang='lat' dir='ltr'><strong>Deum</strong></span> <span class='ocrx_word' id='word_1_318' title='bbox 3061 1863 3349 1920; x_wconf 88' lang='lat' dir='ltr'><strong>mirabilia</strong></span> <span class='ocrx_word' id='word_1_319' title='bbox 3394 1863 3591 1920; x_wconf 86' lang='lat' dir='ltr'><strong>fecisse</strong></span> <span class='ocrx_word' id='word_1_320' title='bbox 3638 1863 3888 1930; x_wconf 88' lang='lat' dir='ltr'><strong>diceret,</strong></span> 
     </span>
    </p>
   </div>
   <div class='ocr_carea' id='block_1_47' title="bbox 2170 1952 3886 2023">
    <p class='ocr_par' dir='ltr' id='par_1_47' title="bbox 2170 1952 3886 2023">
     <span class='ocr_line' id='line_1_47' title="bbox 2170 1952 3886 2023; baseline -0.002 -16"><span class='ocrx_word' id='word_1_321' title='bbox 2170 1952 2487 2020; x_wconf 77' lang='lat' dir='ltr'><strong>expressit:</strong></span> <span class='ocrx_word' id='word_1_322' title='bbox 2535 1953 2806 2017; x_wconf 86' lang='lat' dir='ltr'><strong>Salvavit,</strong></span> <span class='ocrx_word' id='word_1_323' title='bbox 2858 1952 2986 2018; x_wconf 83' lang='lat' dir='ltr'><strong>sibi,</strong></span> <span class='ocrx_word' id='word_1_324' title='bbox 3035 1952 3247 2023; x_wconf 89' lang='lat' dir='ltr'><strong>inquit,</strong></span> <span class='ocrx_word' id='word_1_325' title='bbox 3297 1953 3524 2008; x_wconf 69' lang='lat' dir='ltr'><strong>dextera</strong></span> <span class='ocrx_word' id='word_1_326' title='bbox 3547 1968 3652 2008; x_wconf 88' lang='lat' dir='ltr'><strong>sua</strong></span> <span class='ocrx_word' id='word_1_327' title='bbox 3708 1952 3886 2022; x_wconf 87' lang='lat' dir='ltr'><strong>(Psal.</strong></span> 
     </span>
    </p>
   </div>
   <div class='ocr_carea' id='block_1_48' title="bbox 2170 2039 3886 2109">
    <p class='ocr_par' dir='ltr' id='par_1_48' title="bbox 2170 2039 3886 2109">
     <span class='ocr_line' id='line_1_48' title="bbox 2170 2039 3886 2109; baseline -0.001 -15"><span class='ocrx_word' id='word_1_328' title='bbox 2170 2053 2344 2102; x_wconf 88' lang='lat' dir='ltr'><strong>xcvu,</strong></span> <span class='ocrx_word' id='word_1_329' title='bbox 2380 2041 2450 2104; x_wconf 79' lang='lat' dir='ltr'><strong>t),</strong></span> <span class='ocrx_word' id='word_1_330' title='bbox 2483 2039 2763 2094; x_wconf 90' lang='lat' dir='ltr'><strong>subaudis</strong></span> <span class='ocrx_word' id='word_1_331' title='bbox 2807 2053 2989 2109; x_wconf 90' lang='lat' dir='ltr'><strong>genus</strong></span> <span class='ocrx_word' id='word_1_332' title='bbox 3039 2040 3406 2108; x_wconf 83' lang='lat' dir='ltr'><strong>humanum,</strong></span> <span class='ocrx_word' id='word_1_333' title='bbox 3460 2041 3528 2096; x_wconf 90' lang='lat' dir='ltr'><strong>Et</strong></span> <span class='ocrx_word' id='word_1_334' title='bbox 3569 2040 3748 2096; x_wconf 87' lang='lat' dir='ltr'><strong>illud:</strong></span> <span class='ocrx_word' id='word_1_335' title='bbox 3801 2043 3886 2094; x_wconf 88' lang='lat' dir='ltr'><strong>In-</strong></span> 
     </span>
    </p>
   </div>
   <div class='ocr_carea' id='block_1_49' title="bbox 2173 2129 3883 2197">
    <p class='ocr_par' dir='ltr' id='par_1_49' title="bbox 2173 2129 3883 2197">
     <span class='ocr_line' id='line_1_49' title="bbox 2173 2129 3883 2197; baseline 0 -15"><span class='ocrx_word' id='word_1_336' title='bbox 2173 2129 2382 2182; x_wconf 77' lang='lat' dir='ltr'><strong>habitet</strong></span> <span class='ocrx_word' id='word_1_337' title='bbox 2425 2129 2603 2196; x_wconf 83' lang='lat' dir='ltr'><strong>gloria</strong></span> <span class='ocrx_word' id='word_1_338' title='bbox 2652 2131 2712 2182; x_wconf 90' lang='lat' dir='ltr'><strong>in</strong></span> <span class='ocrx_word' id='word_1_339' title='bbox 2763 2134 2910 2182; x_wconf 83' lang='lat' dir='ltr'><strong>terra</strong></span> <span class='ocrx_word' id='word_1_340' title='bbox 2961 2134 3148 2183; x_wconf 83' lang='lat' dir='ltr'><strong>nostra</strong></span> <span class='ocrx_word' id='word_1_341' title='bbox 3213 2129 3385 2197; x_wconf 86' lang='lat' dir='ltr'><strong>(Psat.</strong></span> <span class='ocrx_word' id='word_1_342' title='bbox 3455 2143 3689 2194; x_wconf 80' lang='lat' dir='ltr'><strong>Lxxxvt,</strong></span> <span class='ocrx_word' id='word_1_343' title='bbox 3777 2133 3883 2197; x_wconf 75' lang='lat' dir='ltr'><strong>i0).</strong></span> 
     </span>
    </p>
   </div>
   <div class='ocr_carea' id='block_1_50' title="bbox 2170 2216 3887 2288">
    <p class='ocr_par' dir='ltr' id='par_1_50' title="bbox 2170 2216 3887 2288">
     <span class='ocr_line' id='line_1_50' title="bbox 2170 2216 3887 2288; baseline 0 -16"><span class='ocrx_word' id='word_1_344' title='bbox 2170 2216 2324 2272; x_wconf 90' lang='lat' dir='ltr'><strong>Nihil</strong></span> <span class='ocrx_word' id='word_1_345' title='bbox 2352 2217 2503 2272; x_wconf 91' lang='lat' dir='ltr'><strong>enim</strong></span> <span class='ocrx_word' id='word_1_346' title='bbox 2536 2217 2604 2272; x_wconf 92' lang='lat' dir='ltr'><strong>de</strong></span> <span class='ocrx_word' id='word_1_347' title='bbox 2633 2217 2747 2272; x_wconf 90' lang='lat' dir='ltr'><strong>Deo</strong></span> <span class='ocrx_word' id='word_1_348' title='bbox 2777 2217 3077 2286; x_wconf 91' lang='lat' dir='ltr'><strong>gloriosus,</strong></span> <span class='ocrx_word' id='word_1_349' title='bbox 3111 2231 3287 2288; x_wconf 92' lang='lat' dir='ltr'><strong>quam</strong></span> <span class='ocrx_word' id='word_1_350' title='bbox 3319 2217 3474 2288; x_wconf 92' lang='lat' dir='ltr'><strong>quod</strong></span> <span class='ocrx_word' id='word_1_351' title='bbox 3522 2217 3688 2287; x_wconf 88' lang='lat' dir='ltr'><strong>apud</strong></span> <span class='ocrx_word' id='word_1_352' title='bbox 3753 2216 3887 2272; x_wconf 88' lang='lat' dir='ltr'><strong>inﬁ-</strong></span> 
     </span>
    </p>
   </div>
   <div class='ocr_carea' id='block_1_51' title="bbox 2171 2304 3887 2376">
    <p class='ocr_par' dir='ltr' id='par_1_51' title="bbox 2171 2304 3887 2376">
     <span class='ocr_line' id='line_1_51' title="bbox 2171 2304 3887 2376; baseline 0 -16"><span class='ocrx_word' id='word_1_353' title='bbox 2171 2305 2325 2360; x_wconf 91' lang='lat' dir='ltr'><strong>deles</strong></span> <span class='ocrx_word' id='word_1_354' title='bbox 2354 2305 2423 2361; x_wconf 93' lang='lat' dir='ltr'><strong>de</strong></span> <span class='ocrx_word' id='word_1_355' title='bbox 2451 2320 2518 2360; x_wconf 92' lang='lat' dir='ltr'><strong>eo</strong></span> <span class='ocrx_word' id='word_1_356' title='bbox 2563 2313 2647 2362; x_wconf 89' lang='lat' dir='ltr'><strong>est</strong></span> <span class='ocrx_word' id='word_1_357' title='bbox 2702 2305 2896 2372; x_wconf 87' lang='lat' dir='ltr'><strong>vilius,</strong></span> <span class='ocrx_word' id='word_1_358' title='bbox 2946 2306 3101 2376; x_wconf 91' lang='lat' dir='ltr'><strong>apud</strong></span> <span class='ocrx_word' id='word_1_359' title='bbox 3145 2306 3324 2361; x_wconf 91' lang='lat' dir='ltr'><strong>bonos</strong></span> <span class='ocrx_word' id='word_1_360' title='bbox 3371 2304 3678 2372; x_wconf 91' lang='lat' dir='ltr'><strong>humilius,</strong></span> <span class='ocrx_word' id='word_1_361' title='bbox 3730 2307 3887 2376; x_wconf 89' lang='lat' dir='ltr'><strong>apud</strong></span> 
     </span>
    </p>
   </div>
   <div class='ocr_carea' id='block_1_52' title="bbox 2173 2393 3884 2464">
    <p class='ocr_par' dir='ltr' id='par_1_52' title="bbox 2173 2393 3884 2464">
     <span class='ocr_line' id='line_1_52' title="bbox 2173 2393 3884 2464; baseline 0 -16"><span class='ocrx_word' id='word_1_362' title='bbox 2173 2407 2372 2448; x_wconf 89' lang='lat' dir='ltr'><strong>omnes</strong></span> <span class='ocrx_word' id='word_1_363' title='bbox 2401 2394 2707 2449; x_wconf 89' lang='lat' dir='ltr'><strong>salvandos</strong></span> <span class='ocrx_word' id='word_1_364' title='bbox 2735 2394 2958 2449; x_wconf 90' lang='lat' dir='ltr'><strong>utilius.</strong></span> <span class='ocrx_word' id='word_1_365' title='bbox 2988 2393 3179 2449; x_wconf 90' lang='lat' dir='ltr'><strong>Gloria</strong></span> <span class='ocrx_word' id='word_1_366' title='bbox 3227 2402 3421 2449; x_wconf 90' lang='lat' dir='ltr'><strong>autem</strong></span> <span class='ocrx_word' id='word_1_367' title='bbox 3461 2399 3544 2450; x_wconf 90' lang='lat' dir='ltr'><strong>est</strong></span> <span class='ocrx_word' id='word_1_368' title='bbox 3595 2393 3884 2464; x_wconf 87' lang='lat' dir='ltr'><strong>frequens</strong></span> 
     </span>
    </p>
   </div>
   <div class='ocr_carea' id='block_1_53' title="bbox 2171 2481 3886 2552">
    <p class='ocr_par' dir='ltr' id='par_1_53' title="bbox 2171 2481 3886 2552">
     <span class='ocr_line' id='line_1_53' title="bbox 2171 2481 3886 2552; baseline 0.001 -16"><span class='ocrx_word' id='word_1_369' title='bbox 2171 2495 2302 2536; x_wconf 88' lang='lat' dir='ltr'><strong>cum</strong></span> <span class='ocrx_word' id='word_1_370' title='bbox 2335 2481 2503 2537; x_wconf 91' lang='lat' dir='ltr'><strong>laude</strong></span> <span class='ocrx_word' id='word_1_371' title='bbox 2529 2482 2779 2552; x_wconf 90' lang='lat' dir='ltr'><strong>alicujus</strong></span> <span class='ocrx_word' id='word_1_372' title='bbox 2809 2482 3019 2551; x_wconf 89' lang='lat' dir='ltr'><strong>opinio.</strong></span> <span class='ocrx_word' id='word_1_373' title='bbox 3055 2483 3117 2538; x_wconf 91' lang='lat' dir='ltr'><strong>In</strong></span> <span class='ocrx_word' id='word_1_374' title='bbox 3157 2496 3273 2552; x_wconf 89' lang='lat' dir='ltr'><strong>quo</strong></span> <span class='ocrx_word' id='word_1_375' title='bbox 3317 2496 3454 2552; x_wconf 86' lang='lat' dir='ltr'><strong>ergo</strong></span> <span class='ocrx_word' id='word_1_376' title='bbox 3501 2482 3658 2537; x_wconf 86' lang='lat' dir='ltr'><strong>Deus</strong></span> <span class='ocrx_word' id='word_1_377' title='bbox 3715 2483 3886 2537; x_wconf 87' lang='lat' dir='ltr'><strong>nobis</strong></span> 
     </span>
    </p>
   </div>
   <div class='ocr_carea' id='block_1_54' title="bbox 2171 2568 3884 2638">
    <p class='ocr_par' dir='ltr' id='par_1_54' title="bbox 2171 2568 3884 2638">
     <span class='ocr_line' id='line_1_54' title="bbox 2171 2568 3884 2638; baseline 0 -16"><span class='ocrx_word' id='word_1_378' title='bbox 2171 2568 2279 2623; x_wconf 92' lang='lat' dir='ltr'><strong>erit</strong></span> <span class='ocrx_word' id='word_1_379' title='bbox 2309 2568 2613 2638; x_wconf 90' lang='lat' dir='ltr'><strong>gloriosior</strong></span> <span class='ocrx_word' id='word_1_380' title='bbox 2641 2581 2820 2638; x_wconf 89' lang='lat' dir='ltr'><strong>quam</strong></span> <span class='ocrx_word' id='word_1_381' title='bbox 2849 2582 2921 2624; x_wconf 83' lang='lat' dir='ltr'><strong>ex</strong></span> <span class='ocrx_word' id='word_1_382' title='bbox 2952 2583 3018 2624; x_wconf 91' lang='lat' dir='ltr'><strong>eo</strong></span> <span class='ocrx_word' id='word_1_383' title='bbox 3066 2570 3220 2638; x_wconf 91' lang='lat' dir='ltr'><strong>quod</strong></span> <span class='ocrx_word' id='word_1_384' title='bbox 3271 2571 3435 2624; x_wconf 86' lang='lat' dir='ltr'><strong>nobis</strong></span> <span class='ocrx_word' id='word_1_385' title='bbox 3463 2569 3714 2636; x_wconf 86' lang='lat' dir='ltr'><strong>exstitit,</strong></span> <span class='ocrx_word' id='word_1_386' title='bbox 3771 2584 3884 2624; x_wconf 92' lang='lat' dir='ltr'><strong>non</strong></span> 
     </span>
    </p>
   </div>
   <div class='ocr_carea' id='block_1_55' title="bbox 2171 2657 3888 2714">
    <p class='ocr_par' dir='ltr' id='par_1_55' title="bbox 2171 2657 3888 2714">
     <span class='ocr_line' id='line_1_55' title="bbox 2171 2657 3888 2714; baseline 0.001 -3"><span class='ocrx_word' id='word_1_387' title='bbox 2171 2657 2295 2712; x_wconf 88' lang='lat' dir='ltr'><strong>sine</strong></span> <span class='ocrx_word' id='word_1_388' title='bbox 2341 2658 2463 2713; x_wconf 90' lang='lat' dir='ltr'><strong>suis</strong></span> <span class='ocrx_word' id='word_1_389' title='bbox 2515 2657 2812 2713; x_wconf 91' lang='lat' dir='ltr'><strong>doloribus</strong></span> <span class='ocrx_word' id='word_1_390' title='bbox 2869 2657 3160 2713; x_wconf 91' lang='lat' dir='ltr'><strong>immensis</strong></span> <span class='ocrx_word' id='word_1_391' title='bbox 3203 2657 3521 2713; x_wconf 83' lang='lat' dir='ltr'><strong>inﬂexior?</strong></span> <span class='ocrx_word' id='word_1_392' title='bbox 3561 2657 3888 2714; x_wconf 88' lang='lat' dir='ltr'><strong>Conscien-</strong></span> 
     </span>
    </p>
   </div>
   <div class='ocr_carea' id='block_1_56' title="bbox 2173 2745 3886 2816">
    <p class='ocr_par' dir='ltr' id='par_1_56' title="bbox 2173 2745 3886 2816">
     <span class='ocr_line' id='line_1_56' title="bbox 2173 2745 3886 2816; baseline -0.001 -16"><span class='ocrx_word' id='word_1_393' title='bbox 2173 2745 2266 2800; x_wconf 87' lang='lat' dir='ltr'><strong>tia</strong></span> <span class='ocrx_word' id='word_1_394' title='bbox 2289 2760 2427 2815; x_wconf 90' lang='lat' dir='ltr'><strong>ergo</strong></span> <span class='ocrx_word' id='word_1_395' title='bbox 2457 2745 2682 2812; x_wconf 93' lang='lat' dir='ltr'><strong>domus,</strong></span> <span class='ocrx_word' id='word_1_396' title='bbox 2720 2754 3024 2816; x_wconf 88' lang='lat' dir='ltr'><strong>postquam</strong></span> <span class='ocrx_word' id='word_1_397' title='bbox 3055 2745 3114 2800; x_wconf 93' lang='lat' dir='ltr'><strong>in</strong></span> <span class='ocrx_word' id='word_1_398' title='bbox 3145 2745 3478 2801; x_wconf 90' lang='lat' dir='ltr'><strong>cubiculum</strong></span> <span class='ocrx_word' id='word_1_399' title='bbox 3499 2745 3700 2814; x_wconf 80' lang='lat' dir='ltr'><strong>Regis,</strong></span> <span class='ocrx_word' id='word_1_400' title='bbox 3729 2746 3886 2815; x_wconf 86' lang='lat' dir='ltr'><strong>quod</strong></span> 
     </span>
    </p>
   </div>
   <div class='ocr_carea' id='block_1_57' title="bbox 2171 2833 3888 2900">
    <p class='ocr_par' dir='ltr' id='par_1_57' title="bbox 2171 2833 3888 2900">
     <span class='ocr_line' id='line_1_57' title="bbox 2171 2833 3888 2900; baseline 0 -13"><span class='ocrx_word' id='word_1_401' title='bbox 2171 2841 2255 2888; x_wconf 87' lang='lat' dir='ltr'><strong>est</strong></span> <span class='ocrx_word' id='word_1_402' title='bbox 2333 2834 2545 2888; x_wconf 89' lang='lat' dir='ltr'><strong>atrium</strong></span> <span class='ocrx_word' id='word_1_403' title='bbox 2619 2833 2880 2900; x_wconf 88' lang='lat' dir='ltr'><strong>interius,</strong></span> <span class='ocrx_word' id='word_1_404' title='bbox 2931 2834 3375 2899; x_wconf 91' lang='lat' dir='ltr'><strong>introducimur,</strong></span> <span class='ocrx_word' id='word_1_405' title='bbox 3434 2833 3624 2889; x_wconf 89' lang='lat' dir='ltr'><strong>subito</strong></span> <span class='ocrx_word' id='word_1_406' title='bbox 3699 2834 3888 2889; x_wconf 80' lang='lat' dir='ltr'><strong>sancti</strong></span> 
     </span>
    </p>
   </div>
   <div class='ocr_carea' id='block_1_58' title="bbox 2175 2921 3889 2992">
    <p class='ocr_par' dir='ltr' id='par_1_58' title="bbox 2175 2921 3889 2992">
     <span class='ocr_line' id='line_1_58' title="bbox 2175 2921 3889 2992; baseline 0 -16"><span class='ocrx_word' id='word_1_407' title='bbox 2175 2921 2421 2992; x_wconf 84' lang='lat' dir='ltr'><strong>Spiritus</strong></span> <span class='ocrx_word' id='word_1_408' title='bbox 2451 2922 2690 2992; x_wconf 88' lang='lat' dir='ltr'><strong>illapsus</strong></span> <span class='ocrx_word' id='word_1_409' title='bbox 2718 2923 3049 2978; x_wconf 90' lang='lat' dir='ltr'><strong>divinarum</strong></span> <span class='ocrx_word' id='word_1_410' title='bbox 3105 2921 3626 2977; x_wconf 79' lang='lat' dir='ltr'><strong>miscricordiarum</strong></span> <span class='ocrx_word' id='word_1_411' title='bbox 3689 2937 3889 2977; x_wconf 90' lang='lat' dir='ltr'><strong>recor-</strong></span> 
     </span>
    </p>
   </div>
   <div class='ocr_carea' id='block_1_59' title="bbox 2175 3011 3882 3082">
    <p class='ocr_par' dir='ltr' id='par_1_59' title="bbox 2175 3011 3882 3082">
     <span class='ocr_line' id='line_1_59' title="bbox 2175 3011 3882 3082; baseline -0.001 -17"><span class='ocrx_word' id='word_1_412' title='bbox 2175 3011 2403 3067; x_wconf 79' lang='lat' dir='ltr'><strong>datione</strong></span> <span class='ocrx_word' id='word_1_413' title='bbox 2450 3012 2850 3082; x_wconf 88' lang='lat' dir='ltr'><strong>gloriabunda,</strong></span> <span class='ocrx_word' id='word_1_414' title='bbox 2911 3019 3047 3066; x_wconf 92' lang='lat' dir='ltr'><strong>tunc</strong></span> <span class='ocrx_word' id='word_1_415' title='bbox 3086 3025 3217 3066; x_wconf 91' lang='lat' dir='ltr'><strong>vere</strong></span> <span class='ocrx_word' id='word_1_416' title='bbox 3261 3012 3532 3080; x_wconf 86' lang='lat' dir='ltr'><strong>repletur,</strong></span> <span class='ocrx_word' id='word_1_417' title='bbox 3591 3011 3750 3080; x_wconf 88' lang='lat' dir='ltr'><strong>quia</strong></span> <span class='ocrx_word' id='word_1_418' title='bbox 3807 3011 3882 3066; x_wconf 91' lang='lat' dir='ltr'><strong>nil</strong></span> 
     </span>
    </p>
   </div>
   <div class='ocr_carea' id='block_1_60' title="bbox 368 3099 3885 3177">
    <p class='ocr_par' dir='ltr' id='par_1_60' title="bbox 368 3099 3885 3177">
     <span class='ocr_line' id='line_1_60' title="bbox 368 3099 3885 3177; baseline 0.001 -24"><span class='ocrx_word' id='word_1_419' title='bbox 368 3099 688 3154; x_wconf 89' lang='lat' dir='ltr'><strong>amantium</strong></span> <span class='ocrx_word' id='word_1_420' title='bbox 726 3099 1124 3170; x_wconf 87' lang='lat' dir='ltr'><strong>qualitatibus,</strong></span> <span class='ocrx_word' id='word_1_421' title='bbox 1177 3100 1440 3170; x_wconf 86' lang='lat' dir='ltr'><strong>quandiu</strong></span> <span class='ocrx_word' id='word_1_422' title='bbox 1492 3114 1741 3170; x_wconf 87' lang='lat' dir='ltr'><strong>prasens</strong></span> <span class='ocrx_word' id='word_1_423' title='bbox 1791 3100 2058 3156; x_wconf 87' lang='lat' dir='ltr'><strong>volvetur</strong></span> <span class='ocrx_word' id='word_1_424' title='bbox 2101 3122 2142 3177; x_wconf 73' lang='grc' dir='ltr'>ο</span> <span class='ocrx_word' id='word_1_425' title='bbox 2173 3099 2245 3155; x_wconf 89' lang='lat' dir='ltr'><strong>ad</strong></span> <span class='ocrx_word' id='word_1_426' title='bbox 2300 3115 2404 3156; x_wconf 91' lang='lat' dir='ltr'><strong>nos</strong></span> <span class='ocrx_word' id='word_1_427' title='bbox 2481 3101 2809 3156; x_wconf 83' lang='lat' dir='ltr'><strong>invisendos</strong></span> <span class='ocrx_word' id='word_1_428' title='bbox 2877 3100 2974 3155; x_wconf 85' lang='lat' dir='ltr'><strong>Dei</strong></span> <span class='ocrx_word' id='word_1_429' title='bbox 3028 3099 3303 3169; x_wconf 92' lang='lat' dir='ltr'><strong>Spiritum</strong></span> <span class='ocrx_word' id='word_1_430' title='bbox 3362 3100 3542 3168; x_wconf 89' lang='lat' dir='ltr'><strong>magis</strong></span> <span class='ocrx_word' id='word_1_431' title='bbox 3593 3109 3885 3169; x_wconf 86' lang='lat' dir='ltr'><strong>provocat</strong></span> 
     </span>
    </p>
   </div>
   <div class='ocr_carea' id='block_1_61' title="bbox 363 3187 2044 3260">
    <p class='ocr_par' dir='ltr' id='par_1_61' title="bbox 363 3187 2044 3260">
     <span class='ocr_line' id='line_1_61' title="bbox 363 3187 2044 3260; baseline 0.001 -18"><span class='ocrx_word' id='word_1_432' title='bbox 363 3187 662 3249; x_wconf 86' lang='lat' dir='ltr'><strong>saculum,</strong></span> <span class='ocrx_word' id='word_1_433' title='bbox 699 3202 811 3243; x_wconf 90' lang='lat' dir='ltr'><strong>non</strong></span> <span class='ocrx_word' id='word_1_434' title='bbox 840 3189 1083 3244; x_wconf 89' lang='lat' dir='ltr'><strong>deerunt</strong></span> <span class='ocrx_word' id='word_1_435' title='bbox 1111 3189 1211 3258; x_wconf 89' lang='lat' dir='ltr'><strong>qui</strong></span> <span class='ocrx_word' id='word_1_436' title='bbox 1241 3189 1368 3258; x_wconf 92' lang='lat' dir='ltr'><strong>ejus</strong></span> <span class='ocrx_word' id='word_1_437' title='bbox 1407 3189 1791 3260; x_wconf 87' lang='lat' dir='ltr'><strong>gratissimam</strong></span> <span class='ocrx_word' id='word_1_438' title='bbox 1821 3197 1876 3244; x_wconf 91' lang='lat' dir='ltr'><strong>et</strong></span> <span class='ocrx_word' id='word_1_439' title='bbox 1916 3202 2044 3244; x_wconf 87' lang='lat' dir='ltr'><strong>ver-</strong></span> 
     </span>
    </p>
   </div>
   <div class='ocr_carea' id='block_1_62' title="bbox 365 3273 1664 3346">
    <p class='ocr_par' dir='ltr' id='par_1_62' title="bbox 365 3273 1664 3346">
     <span class='ocr_line' id='line_1_62' title="bbox 365 3273 1664 3346; baseline 0.001 -17"><span class='ocrx_word' id='word_1_440' title='bbox 365 3273 455 3329; x_wconf 91' lang='lat' dir='ltr'><strong>bis</strong></span> <span class='ocrx_word' id='word_1_441' title='bbox 483 3282 536 3330; x_wconf 91' lang='lat' dir='ltr'><strong>et</strong></span> <span class='ocrx_word' id='word_1_442' title='bbox 562 3275 788 3345; x_wconf 89' lang='lat' dir='ltr'><strong>scriptis</strong></span> <span class='ocrx_word' id='word_1_443' title='bbox 818 3275 1241 3346; x_wconf 91' lang='lat' dir='ltr'><strong>promulgaturi</strong></span> <span class='ocrx_word' id='word_1_444' title='bbox 1271 3276 1385 3332; x_wconf 87' lang='lat' dir='ltr'><strong>sint</strong></span> <span class='ocrx_word' id='word_1_445' title='bbox 1414 3276 1664 3332; x_wconf 89' lang='lat' dir='ltr'><strong>laudem.</strong></span> 
     </span>
    </p>
   </div>
   <div class='ocr_carea' id='block_1_63' title="bbox 434 3364 2066 3434">
    <p class='ocr_par' dir='ltr' id='par_1_63' title="bbox 434 3364 2066 3434">
     <span class='ocr_line' id='line_1_63' title="bbox 434 3364 2066 3434; baseline 0.002 -18"><span class='ocrx_word' id='word_1_446' title='bbox 434 3365 676 3417; x_wconf 83' lang='lat' dir='ltr'><strong>Ecclesia</strong></span> <span class='ocrx_word' id='word_1_447' title='bbox 715 3365 1028 3418; x_wconf 80' lang='lat' dir='ltr'><strong>illustratur</strong></span> <span class='ocrx_word' id='word_1_448' title='bbox 1080 3366 1280 3418; x_wconf 81' lang='lat' dir='ltr'><strong>Maria.</strong></span> <span class='ocrx_word' id='word_1_449' title='bbox 1317 3393 1386 3406; x_wconf 82' lang='lat'><strong>-—</strong></span> <span class='ocrx_word' id='word_1_450' title='bbox 1433 3367 1503 3418; x_wconf 84' lang='lat' dir='ltr'><strong>Et</strong></span> <span class='ocrx_word' id='word_1_451' title='bbox 1559 3370 1706 3418; x_wconf 87' lang='lat' dir='ltr'><strong>terra</strong></span> <span class='ocrx_word' id='word_1_452' title='bbox 1747 3364 2066 3434; x_wconf 70' lang='lat' dir='ltr'><strong>Splendebat</strong></span> 
     </span>
    </p>
   </div>
   <div class='ocr_carea' id='block_1_64' title="bbox 364 3452 2065 3520">
    <p class='ocr_par' dir='ltr' id='par_1_64' title="bbox 364 3452 2065 3520">
     <span class='ocr_line' id='line_1_64' title="bbox 364 3452 2065 3520; baseline 0.003 -17"><span class='ocrx_word' id='word_1_453' title='bbox 364 3452 710 3518; x_wconf 84' lang='lat' dir='ltr'><strong>amajestate</strong></span> <span class='ocrx_word' id='word_1_454' title='bbox 759 3453 876 3520; x_wconf 89' lang='lat' dir='ltr'><strong>ejus</strong></span> <span class='ocrx_word' id='word_1_455' title='bbox 924 3454 1143 3516; x_wconf 79' lang='lat' dir='ltr'><strong>(Ezech.</strong></span> <span class='ocrx_word' id='word_1_456' title='bbox 1194 3466 1348 3518; x_wconf 75' lang='lat' dir='ltr'><strong>xcm,</strong></span> <span class='ocrx_word' id='word_1_457' title='bbox 1397 3453 1476 3520; x_wconf 79' lang='lat'><strong>2).</strong></span> <span class='ocrx_word' id='word_1_458' title='bbox 1531 3452 1778 3508; x_wconf 85' lang='lat' dir='ltr'><strong>Exclude</strong></span> <span class='ocrx_word' id='word_1_459' title='bbox 1826 3453 2065 3509; x_wconf 82' lang='lat' dir='ltr'><strong>Mariam</strong></span> 
     </span>
    </p>
   </div>
   <div class='ocr_carea' id='block_1_65' title="bbox 364 3538 2068 3610">
    <p class='ocr_par' dir='ltr' id='par_1_65' title="bbox 364 3538 2068 3610">
     <span class='ocr_line' id='line_1_65' title="bbox 364 3538 2068 3610; baseline 0.002 -17"><span class='ocrx_word' id='word_1_460' title='bbox 364 3538 438 3594; x_wconf 93' lang='lat' dir='ltr'><strong>ab</strong></span> <span class='ocrx_word' id='word_1_461' title='bbox 463 3539 736 3604; x_wconf 90' lang='lat' dir='ltr'><strong>Ecclesia,</strong></span> <span class='ocrx_word' id='word_1_462' title='bbox 771 3539 912 3608; x_wconf 91' lang='lat' dir='ltr'><strong>quid</strong></span> <span class='ocrx_word' id='word_1_463' title='bbox 945 3539 1052 3595; x_wconf 92' lang='lat' dir='ltr'><strong>erit</strong></span> <span class='ocrx_word' id='word_1_464' title='bbox 1092 3539 1342 3595; x_wconf 85' lang='lat' dir='ltr'><strong>Ecclesia</strong></span> <span class='ocrx_word' id='word_1_465' title='bbox 1369 3540 1481 3596; x_wconf 91' lang='lat' dir='ltr'><strong>nisi</strong></span> <span class='ocrx_word' id='word_1_466' title='bbox 1538 3540 1812 3596; x_wconf 84' lang='lat' dir='ltr'><strong>miseria?</strong></span> <span class='ocrx_word' id='word_1_467' title='bbox 1841 3542 1886 3596; x_wconf 91' lang='lat' dir='ltr'><strong>si</strong></span> <span class='ocrx_word' id='word_1_468' title='bbox 1944 3541 2068 3610; x_wconf 88' lang='lat' dir='ltr'><strong>ipsa</strong></span> 
     </span>
    </p>
   </div>
   <div class='ocr_carea' id='block_1_66' title="bbox 363 3627 2067 3697">
    <p class='ocr_par' dir='ltr' id='par_1_66' title="bbox 363 3627 2067 3697">
     <span class='ocr_line' id='line_1_66' title="bbox 363 3627 2067 3697; baseline 0.001 -16"><span class='ocrx_word' id='word_1_469' title='bbox 363 3640 479 3682; x_wconf 92' lang='lat' dir='ltr'><strong>non</strong></span> <span class='ocrx_word' id='word_1_470' title='bbox 511 3627 819 3696; x_wconf 88' lang='lat' dir='ltr'><strong>genuisset,</strong></span> <span class='ocrx_word' id='word_1_471' title='bbox 850 3641 981 3696; x_wconf 88' lang='lat' dir='ltr'><strong>qua</strong></span> <span class='ocrx_word' id='word_1_472' title='bbox 1013 3627 1414 3697; x_wconf 90' lang='lat' dir='ltr'><strong>redemptionis</strong></span> <span class='ocrx_word' id='word_1_473' title='bbox 1458 3629 1666 3684; x_wconf 91' lang='lat' dir='ltr'><strong>mentio</strong></span> <span class='ocrx_word' id='word_1_474' title='bbox 1714 3629 2067 3685; x_wconf 84' lang='lat' dir='ltr'><strong>exstitisset?</strong></span> 
     </span>
    </p>
   </div>
   <div class='ocr_carea' id='block_1_67' title="bbox 362 3713 2060 3788">
    <p class='ocr_par' dir='ltr' id='par_1_67' title="bbox 362 3713 2060 3788">
     <span class='ocr_line' id='line_1_67' title="bbox 362 3713 2060 3788; baseline 0.002 -20"><span class='ocrx_word' id='word_1_475' title='bbox 362 3718 436 3768; x_wconf 83' lang='lat' dir='ltr'><strong>At</strong></span> <span class='ocrx_word' id='word_1_476' title='bbox 461 3713 602 3784; x_wconf 91' lang='lat' dir='ltr'><strong>quia</strong></span> <span class='ocrx_word' id='word_1_477' title='bbox 631 3715 850 3784; x_wconf 88' lang='lat' dir='ltr'><strong>genuit,</strong></span> <span class='ocrx_word' id='word_1_478' title='bbox 885 3716 1014 3771; x_wconf 89' lang='lat' dir='ltr'><strong>vide</strong></span> <span class='ocrx_word' id='word_1_479' title='bbox 1039 3717 1172 3787; x_wconf 91' lang='lat' dir='ltr'><strong>quis</strong></span> <span class='ocrx_word' id='word_1_480' title='bbox 1203 3717 1261 3772; x_wconf 89' lang='lat' dir='ltr'><strong>in</strong></span> <span class='ocrx_word' id='word_1_481' title='bbox 1292 3717 1551 3774; x_wconf 87' lang='lat' dir='ltr'><strong>omnium</strong></span> <span class='ocrx_word' id='word_1_482' title='bbox 1584 3718 1812 3788; x_wconf 91' lang='lat' dir='ltr'><strong>piorum</strong></span> <span class='ocrx_word' id='word_1_483' title='bbox 1858 3717 2060 3773; x_wconf 91' lang='lat' dir='ltr'><strong>menti-</strong></span> 
     </span>
    </p>
   </div>
   <div class='ocr_carea' id='block_1_68' title="bbox 367 3801 2064 3877">
    <p class='ocr_par' dir='ltr' id='par_1_68' title="bbox 367 3801 2064 3877">
     <span class='ocr_line' id='line_1_68' title="bbox 367 3801 2064 3877; baseline 0.002 -19"><span class='ocrx_word' id='word_1_484' title='bbox 367 3801 478 3858; x_wconf 90' lang='lat' dir='ltr'><strong>bus</strong></span> <span class='ocrx_word' id='word_1_485' title='bbox 517 3801 1022 3861; x_wconf 85' lang='lat' dir='ltr'><strong>florulentissimus</strong></span> <span class='ocrx_word' id='word_1_486' title='bbox 1071 3805 1268 3877; x_wconf 88' lang='lat' dir='ltr'><strong>gloria</strong></span> <span class='ocrx_word' id='word_1_487' title='bbox 1319 3806 1437 3876; x_wconf 82' lang='lat' dir='ltr'><strong>spei</strong></span> <span class='ocrx_word' id='word_1_488' title='bbox 1478 3807 1648 3862; x_wconf 90' lang='lat' dir='ltr'><strong>decor</strong></span> <span class='ocrx_word' id='word_1_489' title='bbox 1689 3807 1936 3862; x_wconf 92' lang='lat' dir='ltr'><strong>emersit.</strong></span> <span class='ocrx_word' id='word_1_490' title='bbox 1997 3807 2064 3861; x_wconf 85' lang='lat' dir='ltr'><strong>Et</strong></span> 
     </span>
    </p>
   </div>
   <div class='ocr_carea' id='block_1_69' title="bbox 364 3891 2062 3964">
    <p class='ocr_par' dir='ltr' id='par_1_69' title="bbox 364 3891 2062 3964">
     <span class='ocr_line' id='line_1_69' title="bbox 364 3891 2062 3964; baseline 0.001 -17"><span class='ocrx_word' id='word_1_491' title='bbox 364 3891 497 3962; x_wconf 93' lang='lat' dir='ltr'><strong>quis</strong></span> <span class='ocrx_word' id='word_1_492' title='bbox 549 3891 643 3948; x_wconf 87' lang='lat' dir='ltr'><strong>ille</strong></span> <span class='ocrx_word' id='word_1_493' title='bbox 694 3893 832 3949; x_wconf 89' lang='lat' dir='ltr'><strong>adeo</strong></span> <span class='ocrx_word' id='word_1_494' title='bbox 903 3894 1052 3949; x_wconf 89' lang='lat' dir='ltr'><strong>inter</strong></span> <span class='ocrx_word' id='word_1_495' title='bbox 1127 3893 1480 3950; x_wconf 86' lang='lat' dir='ltr'><strong>Christianos</strong></span> <span class='ocrx_word' id='word_1_496' title='bbox 1542 3894 1904 3961; x_wconf 91' lang='lat' dir='ltr'><strong>miserabilis,</strong></span> <span class='ocrx_word' id='word_1_497' title='bbox 1960 3894 2062 3964; x_wconf 92' lang='lat' dir='ltr'><strong>qui</strong></span> 
     </span>
    </p>
   </div>
   <div class='ocr_carea' id='block_1_70' title="bbox 363 3981 2064 4054">
    <p class='ocr_par' dir='ltr' id='par_1_70' title="bbox 363 3981 2064 4054">
     <span class='ocr_line' id='line_1_70' title="bbox 363 3981 2064 4054; baseline 0.003 -19"><span class='ocrx_word' id='word_1_498' title='bbox 363 3981 452 4036; x_wconf 91' lang='lat' dir='ltr'><strong>vel</strong></span> <span class='ocrx_word' id='word_1_499' title='bbox 493 3995 591 4038; x_wconf 89' lang='lat' dir='ltr'><strong>ore</strong></span> <span class='ocrx_word' id='word_1_500' title='bbox 656 3997 769 4037; x_wconf 92' lang='lat' dir='ltr'><strong>non</strong></span> <span class='ocrx_word' id='word_1_501' title='bbox 829 3982 1112 4052; x_wconf 88' lang='lat' dir='ltr'><strong>praferat,</strong></span> <span class='ocrx_word' id='word_1_502' title='bbox 1170 3984 1274 4053; x_wconf 90' lang='lat' dir='ltr'><strong>qui</strong></span> <span class='ocrx_word' id='word_1_503' title='bbox 1329 3999 1449 4039; x_wconf 94' lang='lat' dir='ltr'><strong>non</strong></span> <span class='ocrx_word' id='word_1_504' title='bbox 1506 3983 1775 4053; x_wconf 89' lang='lat' dir='ltr'><strong>periculis</strong></span> <span class='ocrx_word' id='word_1_505' title='bbox 1829 3983 2064 4054; x_wconf 92' lang='lat' dir='ltr'><strong>objiciat</strong></span> 
     </span>
    </p>
   </div>
   <div class='ocr_carea' id='block_1_71' title="bbox 364 4070 2062 4142">
    <p class='ocr_par' dir='ltr' id='par_1_71' title="bbox 364 4070 2062 4142">
     <span class='ocr_line' id='line_1_71' title="bbox 364 4070 2062 4142; baseline 0.002 -19"><span class='ocrx_word' id='word_1_506' title='bbox 364 4082 573 4126; x_wconf 91' lang='lat' dir='ltr'><strong>nomen</strong></span> <span class='ocrx_word' id='word_1_507' title='bbox 602 4070 796 4126; x_wconf 80' lang='lat' dir='ltr'><strong>Maria</strong></span> <span class='ocrx_word' id='word_1_508' title='bbox 823 4072 1146 4126; x_wconf 87' lang='lat' dir='ltr'><strong>mirabilis?</strong></span> <span class='ocrx_word' id='word_1_509' title='bbox 1176 4072 1324 4126; x_wconf 90' lang='lat' dir='ltr'><strong>Dum</strong></span> <span class='ocrx_word' id='word_1_510' title='bbox 1361 4086 1499 4142; x_wconf 87' lang='lat' dir='ltr'><strong>ergo</strong></span> <span class='ocrx_word' id='word_1_511' title='bbox 1539 4079 1712 4127; x_wconf 86' lang='lat' dir='ltr'><strong>tanta</strong></span> <span class='ocrx_word' id='word_1_512' title='bbox 1757 4073 1884 4142; x_wconf 90' lang='lat' dir='ltr'><strong>ejus</strong></span> <span class='ocrx_word' id='word_1_513' title='bbox 1934 4085 2062 4127; x_wconf 89' lang='lat' dir='ltr'><strong>ma—</strong></span> 
     </span>
    </p>
   </div>
   <div class='ocr_carea' id='block_1_72' title="bbox 357 4157 2058 4230">
    <p class='ocr_par' dir='ltr' id='par_1_72' title="bbox 357 4157 2058 4230">
     <span class='ocr_line' id='line_1_72' title="bbox 357 4157 2058 4230; baseline 0.001 -16"><span class='ocrx_word' id='word_1_514' title='bbox 357 4157 536 4229; x_wconf 90' lang='lat' dir='ltr'><strong>jestas</strong></span> <span class='ocrx_word' id='word_1_515' title='bbox 563 4159 864 4230; x_wconf 83' lang='lat' dir='ltr'><strong>genitura,</strong></span> <span class='ocrx_word' id='word_1_516' title='bbox 896 4158 1025 4214; x_wconf 91' lang='lat' dir='ltr'><strong>licet</strong></span> <span class='ocrx_word' id='word_1_517' title='bbox 1067 4159 1308 4229; x_wconf 90' lang='lat' dir='ltr'><strong>cogitari</strong></span> <span class='ocrx_word' id='word_1_518' title='bbox 1360 4159 1522 4229; x_wconf 92' lang='lat' dir='ltr'><strong>plene</strong></span> <span class='ocrx_word' id='word_1_519' title='bbox 1570 4174 1685 4215; x_wconf 91' lang='lat' dir='ltr'><strong>non</strong></span> <span class='ocrx_word' id='word_1_520' title='bbox 1730 4160 1920 4230; x_wconf 91' lang='lat' dir='ltr'><strong>possit,</strong></span> <span class='ocrx_word' id='word_1_521' title='bbox 1967 4168 2058 4216; x_wconf 91' lang='lat' dir='ltr'><strong>at-</strong></span> 
     </span>
    </p>
   </div>
   <div class='ocr_carea' id='block_1_73' title="bbox 363 4247 2060 4320">
    <p class='ocr_par' dir='ltr' id='par_1_73' title="bbox 363 4247 2060 4320">
     <span class='ocr_line' id='line_1_73' title="bbox 363 4247 2060 4320; baseline 0.002 -18"><span class='ocrx_word' id='word_1_522' title='bbox 363 4247 640 4315; x_wconf 91' lang='lat' dir='ltr'><strong>tenditur,</strong></span> <span class='ocrx_word' id='word_1_523' title='bbox 699 4261 766 4303; x_wconf 92' lang='lat' dir='ltr'><strong>eo</strong></span> <span class='ocrx_word' id='word_1_524' title='bbox 814 4247 1069 4303; x_wconf 85' lang='lat' dir='ltr'><strong>Ecclesia</strong></span> <span class='ocrx_word' id='word_1_525' title='bbox 1119 4248 1420 4317; x_wconf 90' lang='lat' dir='ltr'><strong>splendore</strong></span> <span class='ocrx_word' id='word_1_526' title='bbox 1469 4249 1842 4320; x_wconf 89' lang='lat' dir='ltr'><strong>respergitur,</strong></span> <span class='ocrx_word' id='word_1_527' title='bbox 1921 4251 2060 4320; x_wconf 91' lang='lat' dir='ltr'><strong>quia</strong></span> 
     </span>
    </p>
   </div>
   <div class='ocr_carea' id='block_1_74' title="bbox 364 4327 2059 4412">
    <p class='ocr_par' dir='ltr' id='par_1_74' title="bbox 364 4327 2059 4412">
     <span class='ocr_line' id='line_1_74' title="bbox 364 4327 2059 4412; baseline 0.003 -22"><span class='ocrx_word' id='word_1_528' title='bbox 364 4334 615 4405; x_wconf 90' lang='lat' dir='ltr'><strong>idipsum</strong></span> <span class='ocrx_word' id='word_1_529' title='bbox 649 4327 802 4392; x_wconf 84' lang='lat' dir='ltr'><strong>unde</strong></span> <span class='ocrx_word' id='word_1_530' title='bbox 833 4337 1113 4392; x_wconf 90' lang='lat' dir='ltr'><strong>honorata</strong></span> <span class='ocrx_word' id='word_1_531' title='bbox 1144 4345 1437 4407; x_wconf 88' lang='lat' dir='ltr'><strong>tantopere</strong></span> <span class='ocrx_word' id='word_1_532' title='bbox 1461 4347 1700 4406; x_wconf 88' lang='lat' dir='ltr'><strong>constat,</strong></span> <span class='ocrx_word' id='word_1_533' title='bbox 1733 4339 1805 4394; x_wconf 90' lang='lat' dir='ltr'><strong>ad</strong></span> <span class='ocrx_word' id='word_1_534' title='bbox 1855 4341 2059 4412; x_wconf 83' lang='lat' dir='ltr'><strong>auspi-</strong></span> 
     </span>
    </p>
   </div>
   <div class='ocr_carea' id='block_1_75' title="bbox 363 4424 2060 4498">
    <p class='ocr_par' dir='ltr' id='par_1_75' title="bbox 363 4424 2060 4498">
     <span class='ocr_line' id='line_1_75' title="bbox 363 4424 2060 4498; baseline 0.003 -18"><span class='ocrx_word' id='word_1_535' title='bbox 363 4424 538 4492; x_wconf 90' lang='lat' dir='ltr'><strong>cium,</strong></span> <span class='ocrx_word' id='word_1_536' title='bbox 572 4424 642 4480; x_wconf 91' lang='lat' dir='ltr'><strong>ad</strong></span> <span class='ocrx_word' id='word_1_537' title='bbox 680 4426 1168 4495; x_wconf 84' lang='lat' dir='ltr'><strong>propagationem,</strong></span> <span class='ocrx_word' id='word_1_538' title='bbox 1190 4426 1778 4498; x_wconf 84' lang='lat' dir='ltr'><strong>gloriticationemque</strong></span> <span class='ocrx_word' id='word_1_539' title='bbox 1798 4430 2060 4485; x_wconf 89' lang='lat' dir='ltr'><strong>Ecclesia</strong></span> 
     </span>
    </p>
   </div>
   <div class='ocr_carea' id='block_1_76' title="bbox 364 4513 2052 4585">
    <p class='ocr_par' dir='ltr' id='par_1_76' title="bbox 364 4513 2052 4585">
     <span class='ocr_line' id='line_1_76' title="bbox 364 4513 2052 4585; baseline 0.002 -16"><span class='ocrx_word' id='word_1_540' title='bbox 364 4513 710 4569; x_wconf 91' lang='lat' dir='ltr'><strong>omnimodis</strong></span> <span class='ocrx_word' id='word_1_541' title='bbox 740 4522 1128 4584; x_wconf 86' lang='lat' dir='ltr'><strong>retorquetur.</strong></span> <span class='ocrx_word' id='word_1_542' title='bbox 1161 4515 1293 4585; x_wconf 87' lang='lat' dir='ltr'><strong>ipsa</strong></span> <span class='ocrx_word' id='word_1_543' title='bbox 1319 4523 1403 4572; x_wconf 87' lang='lat' dir='ltr'><strong>est</strong></span> <span class='ocrx_word' id='word_1_544' title='bbox 1433 4523 1606 4583; x_wconf 90' lang='lat' dir='ltr'><strong>terra,</strong></span> <span class='ocrx_word' id='word_1_545' title='bbox 1659 4516 1752 4574; x_wconf 92' lang='lat' dir='ltr'><strong>cui</strong></span> <span class='ocrx_word' id='word_1_546' title='bbox 1797 4517 2010 4573; x_wconf 87' lang='lat' dir='ltr'><strong>dicitur</strong></span> <span class='ocrx_word' id='word_1_547' title='bbox 2039 4532 2052 4572; x_wconf 94' lang='lat'><strong>:</strong></span> 
     </span>
    </p>
   </div>
   <div class='ocr_carea' id='block_1_77' title="bbox 361 4604 1766 4674">
    <p class='ocr_par' dir='ltr' id='par_1_77' title="bbox 361 4604 1766 4674">
     <span class='ocr_line' id='line_1_77' title="bbox 361 4604 1766 4674; baseline 0.002 -17"><span class='ocrx_word' id='word_1_548' title='bbox 361 4605 462 4657; x_wconf 86' lang='lat' dir='ltr'><strong>Dei</strong></span> <span class='ocrx_word' id='word_1_549' title='bbox 487 4604 830 4670; x_wconf 81' lang='lat' dir='ltr'><strong>agricultura</strong></span> <span class='ocrx_word' id='word_1_550' title='bbox 855 4607 982 4658; x_wconf 82' lang='lat' dir='ltr'><strong>estis</strong></span> <span class='ocrx_word' id='word_1_551' title='bbox 1012 4605 1064 4674; x_wconf 91' lang='grc' dir='ltr'><strong>(Ι</strong></span> <span class='ocrx_word' id='word_1_552' title='bbox 1091 4605 1222 4658; x_wconf 82' lang='lat' dir='ltr'><strong>Cor.</strong></span> <span class='ocrx_word' id='word_1_553' title='bbox 1259 4619 1338 4668; x_wconf 83' lang='lat' dir='ltr'><strong>tu,</strong></span> <span class='ocrx_word' id='word_1_554' title='bbox 1367 4605 1446 4674; x_wconf 88' lang='lat'><strong>9),</strong></span> <span class='ocrx_word' id='word_1_555' title='bbox 1477 4612 1533 4660; x_wconf 88' lang='lat' dir='ltr'><strong>et</strong></span> <span class='ocrx_word' id='word_1_556' title='bbox 1571 4605 1722 4662; x_wconf 86' lang='lat' dir='ltr'><strong>infra</strong></span> <span class='ocrx_word' id='word_1_557' title='bbox 1751 4622 1766 4660; x_wconf 91' lang='lat'><strong>:</strong></span> 
     </span>
    </p>
   </div>
   <div class='ocr_carea' id='block_1_78' title="bbox 433 4693 2052 4764">
    <p class='ocr_par' dir='ltr' id='par_1_78' title="bbox 433 4693 2052 4764">
     <span class='ocr_line' id='line_1_78' title="bbox 433 4693 2052 4764; baseline 0.001 -18"><span class='ocrx_word' id='word_1_558' title='bbox 433 4694 506 4747; x_wconf 87' lang='lat' dir='ltr'><strong>Et</strong></span> <span class='ocrx_word' id='word_1_559' title='bbox 559 4693 730 4746; x_wconf 86' lang='lat' dir='ltr'><strong>cecidi</strong></span> <span class='ocrx_word' id='word_1_560' title='bbox 769 4708 931 4762; x_wconf 81' lang='lat' dir='ltr'><strong>super</strong></span> <span class='ocrx_word' id='word_1_561' title='bbox 988 4695 1188 4760; x_wconf 82' lang='lat' dir='ltr'><strong>faciem</strong></span> <span class='ocrx_word' id='word_1_562' title='bbox 1245 4709 1416 4747; x_wconf 86' lang='lat' dir='ltr'><strong>meam</strong></span> <span class='ocrx_word' id='word_1_563' title='bbox 1477 4695 1691 4763; x_wconf 81' lang='lat' dir='ltr'><strong>(Ezech.</strong></span> <span class='ocrx_word' id='word_1_564' title='bbox 1743 4709 1905 4760; x_wconf 83' lang='lat' dir='ltr'><strong>xuu,</strong></span> <span class='ocrx_word' id='word_1_565' title='bbox 1980 4696 2052 4764; x_wconf 88' lang='lat'><strong>3).</strong></span> 
     </span>
    </p>
   </div>
   <div class='ocr_carea' id='block_1_79' title="bbox 361 4778 2056 4854">
    <p class='ocr_par' dir='ltr' id='par_1_79' title="bbox 361 4778 2056 4854">
     <span class='ocr_line' id='line_1_79' title="bbox 361 4778 2056 4854; baseline 0.002 -19"><span class='ocrx_word' id='word_1_566' title='bbox 361 4778 543 4848; x_wconf 87' lang='lat' dir='ltr'><strong>Super</strong></span> <span class='ocrx_word' id='word_1_567' title='bbox 571 4779 774 4836; x_wconf 88' lang='lat' dir='ltr'><strong>faciem</strong></span> <span class='ocrx_word' id='word_1_568' title='bbox 800 4781 1078 4848; x_wconf 90' lang='lat' dir='ltr'><strong>cadimus,</strong></span> <span class='ocrx_word' id='word_1_569' title='bbox 1112 4795 1245 4837; x_wconf 91' lang='lat' dir='ltr'><strong>cum</strong></span> <span class='ocrx_word' id='word_1_570' title='bbox 1275 4795 1310 4835; x_wconf 89' lang='lat' dir='ltr'><strong>a</strong></span> <span class='ocrx_word' id='word_1_571' title='bbox 1349 4783 1747 4853; x_wconf 84' lang='lat' dir='ltr'><strong>magnitudine</strong></span> <span class='ocrx_word' id='word_1_572' title='bbox 1791 4783 2056 4854; x_wconf 88' lang='lat' dir='ltr'><strong>benigni-</strong></span> 
     </span>
    </p>
   </div>
   <div class='ocr_carea' id='block_1_80' title="bbox 363 4868 2054 4939">
    <p class='ocr_par' dir='ltr' id='par_1_80' title="bbox 363 4868 2054 4939">
     <span class='ocr_line' id='line_1_80' title="bbox 363 4868 2054 4939; baseline 0.001 -16"><span class='ocrx_word' id='word_1_573' title='bbox 363 4868 494 4924; x_wconf 89' lang='lat' dir='ltr'><strong>tatis</strong></span> <span class='ocrx_word' id='word_1_574' title='bbox 519 4882 555 4923; x_wconf 92' lang='lat' dir='ltr'><strong>a</strong></span> <span class='ocrx_word' id='word_1_575' title='bbox 583 4868 810 4924; x_wconf 88' lang='lat' dir='ltr'><strong>Christo</strong></span> <span class='ocrx_word' id='word_1_576' title='bbox 840 4870 1128 4939; x_wconf 90' lang='lat' dir='ltr'><strong>impensa,</strong></span> <span class='ocrx_word' id='word_1_577' title='bbox 1161 4870 1221 4926; x_wconf 91' lang='lat' dir='ltr'><strong>in</strong></span> <span class='ocrx_word' id='word_1_578' title='bbox 1250 4871 1595 4926; x_wconf 90' lang='lat' dir='ltr'><strong>conscientia</strong></span> <span class='ocrx_word' id='word_1_579' title='bbox 1636 4872 2054 4928; x_wconf 89' lang='lat' dir='ltr'><strong>erubescimus.</strong></span> 
     </span>
    </p>
   </div>
   <div class='ocr_carea' id='block_1_81' title="bbox 361 4955 2060 5030">
    <p class='ocr_par' dir='ltr' id='par_1_81' title="bbox 361 4955 2060 5030">
     <span class='ocr_line' id='line_1_81' title="bbox 361 4955 2060 5030; baseline 0.005 -23"><span class='ocrx_word' id='word_1_580' title='bbox 361 4955 506 5020; x_wconf 83' lang='lat' dir='ltr'><strong>Quid</strong></span> <span class='ocrx_word' id='word_1_581' title='bbox 549 4958 871 5023; x_wconf 86' lang='lat' dir='ltr'><strong>retribuam,</strong></span> <span class='ocrx_word' id='word_1_582' title='bbox 936 4959 1149 5028; x_wconf 88' lang='lat' dir='ltr'><strong>inquit,</strong></span> <span class='ocrx_word' id='word_1_583' title='bbox 1195 4974 1296 5030; x_wconf 85' lang='lat' dir='ltr'><strong>pro</strong></span> <span class='ocrx_word' id='word_1_584' title='bbox 1343 4960 1589 5014; x_wconf 81' lang='lat' dir='ltr'><strong>omnibus</strong></span> <span class='ocrx_word' id='word_1_585' title='bbox 1637 4976 1758 5029; x_wconf 79' lang='lat' dir='ltr'><strong>qua</strong></span> <span class='ocrx_word' id='word_1_586' title='bbox 1802 4961 2060 5016; x_wconf 87' lang='lat' dir='ltr'><strong>retribuit</strong></span> 
     </span>
    </p>
   </div>
   <div class='ocr_carea' id='block_1_82' title="bbox 361 5044 2060 5118">
    <p class='ocr_par' dir='ltr' id='par_1_82' title="bbox 361 5044 2060 5118">
     <span class='ocr_line' id='line_1_82' title="bbox 361 5044 2060 5118; baseline 0.004 -20"><span class='ocrx_word' id='word_1_587' title='bbox 361 5044 498 5098; x_wconf 82' lang='lat' dir='ltr'><strong>mihi</strong></span> <span class='ocrx_word' id='word_1_588' title='bbox 524 5047 553 5098; x_wconf 84' lang='lat'><strong><em>?</em></strong></span> <span class='ocrx_word' id='word_1_589' title='bbox 579 5044 760 5115; x_wconf 86' lang='lat' dir='ltr'><strong>(Psal.</strong></span> <span class='ocrx_word' id='word_1_590' title='bbox 801 5061 932 5113; x_wconf 82' lang='lat' dir='ltr'><strong>cxv,</strong></span> <span class='ocrx_word' id='word_1_591' title='bbox 971 5049 1078 5108; x_wconf 82' lang='lat' dir='ltr'><strong>l2.)</strong></span> <span class='ocrx_word' id='word_1_592' title='bbox 1106 5046 1368 5115; x_wconf 82' lang='lat' dir='ltr'><strong>Majestas</strong></span> <span class='ocrx_word' id='word_1_593' title='bbox 1396 5052 1646 5116; x_wconf 79' lang='lat' dir='ltr'><strong>ingressa</strong></span> <span class='ocrx_word' id='word_1_594' title='bbox 1675 5054 1754 5103; x_wconf 88' lang='lat' dir='ltr'><strong>est</strong></span> <span class='ocrx_word' id='word_1_595' title='bbox 1802 5051 2060 5118; x_wconf 86' lang='lat' dir='ltr'><strong>templum</strong></span> 
     </span>
    </p>
   </div>
   <div class='ocr_carea' id='block_1_83' title="bbox 367 5133 2057 5206">
    <p class='ocr_par' dir='ltr' id='par_1_83' title="bbox 367 5133 2057 5206">
     <span class='ocr_line' id='line_1_83' title="bbox 367 5133 2057 5206; baseline 0.004 -20"><span class='ocrx_word' id='word_1_596' title='bbox 367 5133 590 5201; x_wconf 80' lang='lat' dir='ltr'><strong>(Ezech.</strong></span> <span class='ocrx_word' id='word_1_597' title='bbox 623 5147 782 5199; x_wconf 85' lang='lat' dir='ltr'><strong>me,</strong></span> <span class='ocrx_word' id='word_1_598' title='bbox 816 5133 891 5202; x_wconf 80' lang='grc'><strong>4),</strong></span> <span class='ocrx_word' id='word_1_599' title='bbox 950 5133 1091 5190; x_wconf 91' lang='lat' dir='ltr'><strong>dum</strong></span> <span class='ocrx_word' id='word_1_600' title='bbox 1147 5135 1322 5206; x_wconf 87' lang='lat' dir='ltr'><strong>digno</strong></span> <span class='ocrx_word' id='word_1_601' title='bbox 1375 5137 1594 5206; x_wconf 92' lang='lat' dir='ltr'><strong>pudore</strong></span> <span class='ocrx_word' id='word_1_602' title='bbox 1643 5138 2057 5194; x_wconf 90' lang='lat' dir='ltr'><strong>concutimur:</strong></span> 
     </span>
    </p>
   </div>
   <div class='ocr_carea' id='block_1_84' title="bbox 363 5218 2062 5296">
    <p class='ocr_par' dir='ltr' id='par_1_84' title="bbox 363 5218 2062 5296">
     <span class='ocr_line' id='line_1_84' title="bbox 363 5218 2062 5296; baseline 0.004 -21"><span class='ocrx_word' id='word_1_603' title='bbox 363 5220 504 5290; x_wconf 88' lang='lat' dir='ltr'><strong>quia</strong></span> <span class='ocrx_word' id='word_1_604' title='bbox 533 5218 616 5276; x_wconf 90' lang='lat' dir='ltr'><strong>nil</strong></span> <span class='ocrx_word' id='word_1_605' title='bbox 645 5221 886 5292; x_wconf 88' lang='lat' dir='ltr'><strong>dignum</strong></span> <span class='ocrx_word' id='word_1_606' title='bbox 913 5221 1080 5277; x_wconf 83' lang='lat' dir='ltr'><strong>Matri</strong></span> <span class='ocrx_word' id='word_1_607' title='bbox 1107 5230 1161 5279; x_wconf 87' lang='lat' dir='ltr'><strong>et</strong></span> <span class='ocrx_word' id='word_1_608' title='bbox 1192 5222 1331 5279; x_wconf 93' lang='lat' dir='ltr'><strong>Filio</strong></span> <span class='ocrx_word' id='word_1_609' title='bbox 1361 5225 1761 5282; x_wconf 89' lang='lat' dir='ltr'><strong>retribuemus.</strong></span> <span class='ocrx_word' id='word_1_610' title='bbox 1797 5226 2062 5296; x_wconf 85' lang='lat' dir='ltr'><strong>Majcstas</strong></span> 
     </span>
    </p>
   </div>
   <div class='ocr_carea' id='block_1_85' title="bbox 362 5309 2059 5380">
    <p class='ocr_par' dir='ltr' id='par_1_85' title="bbox 362 5309 2059 5380">
     <span class='ocr_line' id='line_1_85' title="bbox 362 5309 2059 5380; baseline 0.002 -16"><span class='ocrx_word' id='word_1_611' title='bbox 362 5309 461 5364; x_wconf 91' lang='lat' dir='ltr'><strong>Dei</strong></span> <span class='ocrx_word' id='word_1_612' title='bbox 497 5309 774 5378; x_wconf 87' lang='lat' dir='ltr'><strong>templum</strong></span> <span class='ocrx_word' id='word_1_613' title='bbox 814 5309 1154 5380; x_wconf 90' lang='lat' dir='ltr'><strong>ingreditur,</strong></span> <span class='ocrx_word' id='word_1_614' title='bbox 1187 5311 1327 5380; x_wconf 89' lang='lat' dir='ltr'><strong>quia</strong></span> <span class='ocrx_word' id='word_1_615' title='bbox 1356 5311 1416 5366; x_wconf 91' lang='lat' dir='ltr'><strong>in</strong></span> <span class='ocrx_word' id='word_1_616' title='bbox 1463 5313 1913 5370; x_wconf 88' lang='lat' dir='ltr'><strong>consideratione</strong></span> <span class='ocrx_word' id='word_1_617' title='bbox 1956 5329 2059 5368; x_wconf 88' lang='lat' dir='ltr'><strong>no-</strong></span> 
     </span>
    </p>
   </div>
   <div class='ocr_carea' id='block_1_86' title="bbox 363 5396 2056 5470">
    <p class='ocr_par' dir='ltr' id='par_1_86' title="bbox 363 5396 2056 5470">
     <span class='ocr_line' id='line_1_86' title="bbox 363 5396 2056 5470; baseline 0.003 -18"><span class='ocrx_word' id='word_1_618' title='bbox 363 5405 482 5452; x_wconf 89' lang='lat' dir='ltr'><strong>stra</strong></span> <span class='ocrx_word' id='word_1_619' title='bbox 510 5396 654 5466; x_wconf 91' lang='lat' dir='ltr'><strong>quid</strong></span> <span class='ocrx_word' id='word_1_620' title='bbox 682 5399 830 5452; x_wconf 91' lang='lat' dir='ltr'><strong>Deus</strong></span> <span class='ocrx_word' id='word_1_621' title='bbox 857 5397 915 5452; x_wconf 91' lang='lat' dir='ltr'><strong>in</strong></span> <span class='ocrx_word' id='word_1_622' title='bbox 949 5398 1182 5469; x_wconf 86' lang='lat' dir='ltr'><strong>Virgine</strong></span> <span class='ocrx_word' id='word_1_623' title='bbox 1214 5415 1316 5470; x_wconf 91' lang='lat' dir='ltr'><strong>pro</strong></span> <span class='ocrx_word' id='word_1_624' title='bbox 1345 5401 1510 5456; x_wconf 91' lang='lat' dir='ltr'><strong>nobis</strong></span> <span class='ocrx_word' id='word_1_625' title='bbox 1540 5401 1752 5468; x_wconf 90' lang='lat' dir='ltr'><strong>fecerit,</strong></span> <span class='ocrx_word' id='word_1_626' title='bbox 1784 5401 2056 5457; x_wconf 69' lang='lat' dir='ltr'><strong>affectuo-</strong></span> 
     </span>
    </p>
   </div>
   <div class='ocr_carea' id='block_1_87' title="bbox 363 5483 2062 5560">
    <p class='ocr_par' dir='ltr' id='par_1_87' title="bbox 363 5483 2062 5560">
     <span class='ocr_line' id='line_1_87' title="bbox 363 5483 2062 5560; baseline 0.002 -20"><span class='ocrx_word' id='word_1_627' title='bbox 363 5483 583 5540; x_wconf 90' lang='lat' dir='ltr'><strong>sissime</strong></span> <span class='ocrx_word' id='word_1_628' title='bbox 639 5483 970 5554; x_wconf 89' lang='lat' dir='ltr'><strong>ampliatur.</strong></span> <span class='ocrx_word' id='word_1_629' title='bbox 1026 5486 1132 5543; x_wconf 92' lang='lat' dir='ltr'><strong>Per</strong></span> <span class='ocrx_word' id='word_1_630' title='bbox 1186 5489 1341 5542; x_wconf 89' lang='lat' dir='ltr'><strong>viam</strong></span> <span class='ocrx_word' id='word_1_631' title='bbox 1391 5498 1583 5544; x_wconf 89' lang='lat' dir='ltr'><strong>autem</strong></span> <span class='ocrx_word' id='word_1_632' title='bbox 1619 5498 1794 5558; x_wconf 88' lang='lat' dir='ltr'><strong>porta</strong></span> <span class='ocrx_word' id='word_1_633' title='bbox 1820 5503 1952 5560; x_wconf 89' lang='lat' dir='ltr'><strong>qua</strong></span> <span class='ocrx_word' id='word_1_634' title='bbox 1977 5503 2062 5545; x_wconf 90' lang='lat' dir='ltr'><strong>re-</strong></span> 
     </span>
    </p>
   </div>
   <div class='ocr_carea' id='block_1_88' title="bbox 361 5571 2060 5646">
    <p class='ocr_par' dir='ltr' id='par_1_88' title="bbox 361 5571 2060 5646">
     <span class='ocr_line' id='line_1_88' title="bbox 361 5571 2060 5646; baseline 0.003 -20"><span class='ocrx_word' id='word_1_635' title='bbox 361 5571 529 5641; x_wconf 88' lang='lat' dir='ltr'><strong>spicit</strong></span> <span class='ocrx_word' id='word_1_636' title='bbox 557 5572 629 5628; x_wconf 93' lang='lat' dir='ltr'><strong>ad</strong></span> <span class='ocrx_word' id='word_1_637' title='bbox 668 5571 945 5629; x_wconf 91' lang='lat' dir='ltr'><strong>orientem</strong></span> <span class='ocrx_word' id='word_1_638' title='bbox 996 5574 1274 5644; x_wconf 90' lang='lat' dir='ltr'><strong>templum</strong></span> <span class='ocrx_word' id='word_1_639' title='bbox 1315 5575 1490 5630; x_wconf 92' lang='lat' dir='ltr'><strong>intrat</strong></span> <span class='ocrx_word' id='word_1_640' title='bbox 1535 5576 1738 5646; x_wconf 72' lang='lat' dir='ltr'><strong>(ibid),</strong></span> <span class='ocrx_word' id='word_1_641' title='bbox 1785 5577 1924 5633; x_wconf 85' lang='lat' dir='ltr'><strong>dum</strong></span> <span class='ocrx_word' id='word_1_642' title='bbox 1957 5590 2060 5646; x_wconf 90' lang='lat' dir='ltr'><strong>per</strong></span> 
     </span>
    </p>
   </div>
   <div class='ocr_carea' id='block_1_89' title="bbox 363 5660 2059 5734">
    <p class='ocr_par' dir='ltr' id='par_1_89' title="bbox 363 5660 2059 5734">
     <span class='ocr_line' id='line_1_89' title="bbox 363 5660 2059 5734; baseline 0.004 -20"><span class='ocrx_word' id='word_1_643' title='bbox 363 5660 533 5717; x_wconf 83' lang='lat' dir='ltr'><strong>ﬁdem</strong></span> <span class='ocrx_word' id='word_1_644' title='bbox 561 5660 1002 5732; x_wconf 85' lang='lat' dir='ltr'><strong>dispensationis</strong></span> <span class='ocrx_word' id='word_1_645' title='bbox 1027 5661 1087 5717; x_wconf 91' lang='lat' dir='ltr'><strong>in</strong></span> <span class='ocrx_word' id='word_1_646' title='bbox 1113 5662 1296 5720; x_wconf 75' lang='lat' dir='ltr'><strong>Maria</strong></span> <span class='ocrx_word' id='word_1_647' title='bbox 1335 5663 1518 5732; x_wconf 85' lang='lat' dir='ltr'><strong>facta,</strong></span> <span class='ocrx_word' id='word_1_648' title='bbox 1567 5678 1700 5734; x_wconf 83' lang='lat' dir='ltr'><strong>qua</strong></span> <span class='ocrx_word' id='word_1_649' title='bbox 1745 5664 2059 5734; x_wconf 88' lang='lat' dir='ltr'><strong>singularis</strong></span> 
     </span>
    </p>
   </div>
   <div class='ocr_carea' id='block_1_90' title="bbox 2179 3187 3886 3260">
    <p class='ocr_par' dir='ltr' id='par_1_90' title="bbox 2179 3187 3886 3260">
     <span class='ocr_line' id='line_1_90' title="bbox 2179 3187 3886 3260; baseline -0.001 -16"><span class='ocrx_word' id='word_1_650' title='bbox 2179 3203 2354 3260; x_wconf 90' lang='lat' dir='ltr'><strong>quam</strong></span> <span class='ocrx_word' id='word_1_651' title='bbox 2388 3189 2542 3259; x_wconf 90' lang='lat' dir='ltr'><strong>quod</strong></span> <span class='ocrx_word' id='word_1_652' title='bbox 2574 3203 2733 3244; x_wconf 89' lang='lat' dir='ltr'><strong>mens</strong></span> <span class='ocrx_word' id='word_1_653' title='bbox 2752 3187 2843 3244; x_wconf 92' lang='lat' dir='ltr'><strong>sui</strong></span> <span class='ocrx_word' id='word_1_654' title='bbox 2875 3187 3268 3258; x_wconf 81' lang='lat' dir='ltr'><strong>Redemptoris</strong></span> <span class='ocrx_word' id='word_1_655' title='bbox 3323 3187 3563 3252; x_wconf 91' lang='lat' dir='ltr'><strong>labores,</strong></span> <span class='ocrx_word' id='word_1_656' title='bbox 3611 3195 3672 3243; x_wconf 90' lang='lat' dir='ltr'><strong>et</strong></span> <span class='ocrx_word' id='word_1_657' title='bbox 3737 3188 3886 3244; x_wconf 84' lang='lat' dir='ltr'><strong>dona</strong></span> 
     </span>
    </p>
   </div>
   <div class='ocr_carea' id='block_1_91' title="bbox 2176 3275 3405 3348">
    <p class='ocr_par' dir='ltr' id='par_1_91' title="bbox 2176 3275 3405 3348">
     <span class='ocr_line' id='line_1_91' title="bbox 2176 3275 3405 3348; baseline -0.003 -14"><span class='ocrx_word' id='word_1_658' title='bbox 2176 3278 2470 3348; x_wconf 89' lang='lat' dir='ltr'><strong>recogitat.</strong></span> <span class='ocrx_word' id='word_1_659' title='bbox 2501 3280 2629 3334; x_wconf 90' lang='lat' dir='ltr'><strong>Post</strong></span> <span class='ocrx_word' id='word_1_660' title='bbox 2657 3277 2852 3348; x_wconf 91' lang='lat' dir='ltr'><strong>aliqua</strong></span> <span class='ocrx_word' id='word_1_661' title='bbox 2883 3291 3116 3348; x_wconf 92' lang='lat' dir='ltr'><strong>quoque</strong></span> <span class='ocrx_word' id='word_1_662' title='bbox 3147 3275 3365 3330; x_wconf 91' lang='lat' dir='ltr'><strong>addidit</strong></span> <span class='ocrx_word' id='word_1_663' title='bbox 3392 3289 3405 3329; x_wconf 94' lang='lat'>:</span> 
     </span>
    </p>
   </div>
   <div class='ocr_carea' id='block_1_92' title="bbox 2246 3365 3883 3434">
    <p class='ocr_par' dir='ltr' id='par_1_92' title="bbox 2246 3365 3883 3434">
     <span class='ocr_line' id='line_1_92' title="bbox 2246 3365 3883 3434; baseline -0.003 -14"><span class='ocrx_word' id='word_1_664' title='bbox 2246 3369 2505 3420; x_wconf 83' lang='lat' dir='ltr'><strong>Converti</strong></span> <span class='ocrx_word' id='word_1_665' title='bbox 2532 3383 2614 3420; x_wconf 89' lang='lat' dir='ltr'><strong>me</strong></span> <span class='ocrx_word' id='word_1_666' title='bbox 2644 3367 2718 3420; x_wconf 86' lang='lat' dir='ltr'><strong>ad</strong></span> <span class='ocrx_word' id='word_1_667' title='bbox 2748 3369 2896 3420; x_wconf 83' lang='lat' dir='ltr'><strong>viam</strong></span> <span class='ocrx_word' id='word_1_668' title='bbox 2919 3371 3090 3434; x_wconf 81' lang='lat' dir='ltr'><strong>porta</strong></span> <span class='ocrx_word' id='word_1_669' title='bbox 3117 3365 3424 3418; x_wconf 82' lang='lat' dir='ltr'><strong>sanctuarii</strong></span> <span class='ocrx_word' id='word_1_670' title='bbox 3463 3365 3794 3429; x_wconf 73' lang='lat' dir='ltr'><strong>exterioris,</strong></span> <span class='ocrx_word' id='word_1_671' title='bbox 3840 3369 3883 3417; x_wconf 88' lang='lat' dir='ltr'><strong>et</strong></span> 
     </span>
    </p>
   </div>
   <div class='ocr_carea' id='block_1_93' title="bbox 2173 3453 3882 3525">
    <p class='ocr_par' dir='ltr' id='par_1_93' title="bbox 2173 3453 3882 3525">
     <span class='ocr_line' id='line_1_93' title="bbox 2173 3453 3882 3525; baseline -0.002 -15"><span class='ocrx_word' id='word_1_672' title='bbox 2173 3469 2290 3510; x_wconf 80' lang='lat' dir='ltr'><strong>erat</strong></span> <span class='ocrx_word' id='word_1_673' title='bbox 2319 3458 2509 3510; x_wconf 83' lang='lat' dir='ltr'><strong>clausa</strong></span> <span class='ocrx_word' id='word_1_674' title='bbox 2550 3456 2761 3525; x_wconf 85' lang='lat' dir='ltr'><strong>(Ezech.</strong></span> <span class='ocrx_word' id='word_1_675' title='bbox 2818 3469 2969 3520; x_wconf 84' lang='lat' dir='ltr'><strong>xuv,</strong></span> <span class='ocrx_word' id='word_1_676' title='bbox 3040 3455 3108 3523; x_wconf 90' lang='lat' dir='ltr'><strong>l).</strong></span> <span class='ocrx_word' id='word_1_677' title='bbox 3169 3453 3275 3508; x_wconf 86' lang='lat' dir='ltr'><strong>Via</strong></span> <span class='ocrx_word' id='word_1_678' title='bbox 3321 3459 3497 3522; x_wconf 88' lang='lat' dir='ltr'><strong>porta</strong></span> <span class='ocrx_word' id='word_1_679' title='bbox 3535 3453 3882 3508; x_wconf 88' lang='lat' dir='ltr'><strong>considera-</strong></span> 
     </span>
    </p>
   </div>
   <div class='ocr_carea' id='block_1_94' title="bbox 2175 3541 3882 3613">
    <p class='ocr_par' dir='ltr' id='par_1_94' title="bbox 2175 3541 3882 3613">
     <span class='ocr_line' id='line_1_94' title="bbox 2175 3541 3882 3613; baseline -0.004 -12"><span class='ocrx_word' id='word_1_680' title='bbox 2175 3546 2254 3601; x_wconf 92' lang='lat' dir='ltr'><strong>tio</strong></span> <span class='ocrx_word' id='word_1_681' title='bbox 2283 3553 2367 3600; x_wconf 93' lang='lat' dir='ltr'><strong>est</strong></span> <span class='ocrx_word' id='word_1_682' title='bbox 2396 3545 2628 3613; x_wconf 85' lang='lat' dir='ltr'><strong>Maria;</strong></span> <span class='ocrx_word' id='word_1_683' title='bbox 2660 3544 3056 3598; x_wconf 90' lang='lat' dir='ltr'><strong>sanctuarium</strong></span> <span class='ocrx_word' id='word_1_684' title='bbox 3088 3541 3362 3607; x_wconf 90' lang='lat' dir='ltr'><strong>exterius,</strong></span> <span class='ocrx_word' id='word_1_685' title='bbox 3405 3553 3700 3609; x_wconf 77' lang='lat' dir='ltr'><strong>corporea</strong></span> <span class='ocrx_word' id='word_1_686' title='bbox 3767 3541 3882 3595; x_wconf 83' lang='lat' dir='ltr'><strong>vir—</strong></span> 
     </span>
    </p>
   </div>
   <div class='ocr_carea' id='block_1_95' title="bbox 2174 3630 3880 3704">
    <p class='ocr_par' dir='ltr' id='par_1_95' title="bbox 2174 3630 3880 3704">
     <span class='ocr_line' id='line_1_95' title="bbox 2174 3630 3880 3704; baseline -0.004 -16"><span class='ocrx_word' id='word_1_687' title='bbox 2174 3634 2430 3704; x_wconf 85' lang='lat' dir='ltr'><strong>ginitatis</strong></span> <span class='ocrx_word' id='word_1_688' title='bbox 2461 3634 2640 3703; x_wconf 90' lang='lat' dir='ltr'><strong>ipsius</strong></span> <span class='ocrx_word' id='word_1_689' title='bbox 2669 3632 2862 3688; x_wconf 90' lang='lat' dir='ltr'><strong>decus.</strong></span> <span class='ocrx_word' id='word_1_690' title='bbox 2899 3631 3030 3686; x_wconf 85' lang='lat' dir='ltr'><strong>Hac</strong></span> <span class='ocrx_word' id='word_1_691' title='bbox 3057 3630 3254 3685; x_wconf 88' lang='lat' dir='ltr'><strong>clausa</strong></span> <span class='ocrx_word' id='word_1_692' title='bbox 3301 3638 3404 3689; x_wconf 89' lang='lat' dir='ltr'><strong>est.</strong></span> <span class='ocrx_word' id='word_1_693' title='bbox 3458 3630 3648 3683; x_wconf 91' lang='lat' dir='ltr'><strong>omnis</strong></span> <span class='ocrx_word' id='word_1_694' title='bbox 3703 3631 3880 3699; x_wconf 89' lang='lat' dir='ltr'><strong>pudi-</strong></span> 
     </span>
    </p>
   </div>
   <div class='ocr_carea' id='block_1_96' title="bbox 2171 3719 3877 3788">
    <p class='ocr_par' dir='ltr' id='par_1_96' title="bbox 2171 3719 3877 3788">
     <span class='ocr_line' id='line_1_96' title="bbox 2171 3719 3877 3788; baseline -0.004 -9"><span class='ocrx_word' id='word_1_695' title='bbox 2171 3724 2316 3779; x_wconf 86' lang='lat' dir='ltr'><strong>citia</strong></span> <span class='ocrx_word' id='word_1_696' title='bbox 2341 3722 2777 3778; x_wconf 88' lang='lat' dir='ltr'><strong>circumstantia</strong></span> <span class='ocrx_word' id='word_1_697' title='bbox 2804 3719 3159 3776; x_wconf 86' lang='lat' dir='ltr'><strong>communita</strong></span> <span class='ocrx_word' id='word_1_698' title='bbox 3192 3733 3205 3772; x_wconf 92' lang='lat'><strong>:</strong></span> <span class='ocrx_word' id='word_1_699' title='bbox 3239 3733 3370 3788; x_wconf 87' lang='lat' dir='ltr'><strong>qua</strong></span> <span class='ocrx_word' id='word_1_700' title='bbox 3420 3732 3531 3772; x_wconf 95' lang='lat' dir='ltr'><strong>non</strong></span> <span class='ocrx_word' id='word_1_701' title='bbox 3585 3719 3877 3786; x_wconf 86' lang='lat' dir='ltr'><strong>aperitur,</strong></span> 
     </span>
    </p>
   </div>
   <div class='ocr_carea' id='block_1_97' title="bbox 2171 3805 3883 3883">
    <p class='ocr_par' dir='ltr' id='par_1_97' title="bbox 2171 3805 3883 3883">
     <span class='ocr_line' id='line_1_97' title="bbox 2171 3805 3883 3883; baseline -0.005 -17"><span class='ocrx_word' id='word_1_702' title='bbox 2171 3811 2311 3883; x_wconf 90' lang='lat' dir='ltr'><strong>quia</strong></span> <span class='ocrx_word' id='word_1_703' title='bbox 2341 3810 2504 3866; x_wconf 90' lang='lat' dir='ltr'><strong>nulla</strong></span> <span class='ocrx_word' id='word_1_704' title='bbox 2532 3809 2610 3866; x_wconf 92' lang='lat' dir='ltr'><strong>illi</strong></span> <span class='ocrx_word' id='word_1_705' title='bbox 2656 3807 2965 3865; x_wconf 89' lang='lat' dir='ltr'><strong>titillationi</strong></span> <span class='ocrx_word' id='word_1_706' title='bbox 3009 3821 3084 3863; x_wconf 84' lang='lat' dir='ltr'><strong>ex</strong></span> <span class='ocrx_word' id='word_1_707' title='bbox 3141 3815 3302 3878; x_wconf 89' lang='lat' dir='ltr'><strong>parte</strong></span> <span class='ocrx_word' id='word_1_708' title='bbox 3359 3805 3731 3875; x_wconf 88' lang='lat' dir='ltr'><strong>discingitur.</strong></span> <span class='ocrx_word' id='word_1_709' title='bbox 3795 3809 3883 3861; x_wconf 79' lang='lat' dir='ltr'><strong>Vir</strong></span> 
     </span>
    </p>
   </div>
   <div class='ocr_carea' id='block_1_98' title="bbox 2170 3893 3880 3970">
    <p class='ocr_par' dir='ltr' id='par_1_98' title="bbox 2170 3893 3880 3970">
     <span class='ocr_line' id='line_1_98' title="bbox 2170 3893 3880 3970; baseline -0.005 -15"><span class='ocrx_word' id='word_1_710' title='bbox 2170 3916 2278 3955; x_wconf 89' lang='lat' dir='ltr'><strong>non</strong></span> <span class='ocrx_word' id='word_1_711' title='bbox 2308 3903 2510 3955; x_wconf 81' lang='lat' dir='ltr'><strong>transit</strong></span> <span class='ocrx_word' id='word_1_712' title='bbox 2531 3915 2633 3970; x_wconf 85' lang='lat' dir='ltr'><strong>per</strong></span> <span class='ocrx_word' id='word_1_713' title='bbox 2671 3914 2788 3952; x_wconf 86' lang='lat' dir='ltr'><strong>eam</strong></span> <span class='ocrx_word' id='word_1_714' title='bbox 2829 3896 3015 3962; x_wconf 85' lang='lat' dir='ltr'><strong>(ibid.,</strong></span> <span class='ocrx_word' id='word_1_715' title='bbox 3067 3895 3144 3966; x_wconf 78' lang='lat'><strong>2),</strong></span> <span class='ocrx_word' id='word_1_716' title='bbox 3193 3897 3336 3965; x_wconf 89' lang='lat' dir='ltr'><strong>quia</strong></span> <span class='ocrx_word' id='word_1_717' title='bbox 3383 3893 3545 3949; x_wconf 89' lang='lat' dir='ltr'><strong>nulla</strong></span> <span class='ocrx_word' id='word_1_718' title='bbox 3589 3894 3880 3948; x_wconf 88' lang='lat' dir='ltr'><strong>maritalis</strong></span> 
     </span>
    </p>
   </div>
   <div class='ocr_carea' id='block_1_99' title="bbox 2174 3985 3880 4050">
    <p class='ocr_par' dir='ltr' id='par_1_99' title="bbox 2174 3985 3880 4050">
     <span class='ocr_line' id='line_1_99' title="bbox 2174 3985 3880 4050; baseline -0.005 -6"><span class='ocrx_word' id='word_1_719' title='bbox 2174 3989 2412 4046; x_wconf 90' lang='lat' dir='ltr'><strong>intentio</strong></span> <span class='ocrx_word' id='word_1_720' title='bbox 2449 3989 2602 4045; x_wconf 89' lang='lat' dir='ltr'><strong>cadit</strong></span> <span class='ocrx_word' id='word_1_721' title='bbox 2653 3988 2712 4042; x_wconf 91' lang='lat' dir='ltr'><strong>in</strong></span> <span class='ocrx_word' id='word_1_722' title='bbox 2762 4000 2908 4042; x_wconf 88' lang='lat' dir='ltr'><strong>eam.</strong></span> <span class='ocrx_word' id='word_1_723' title='bbox 2972 3987 3231 4040; x_wconf 87' lang='lat' dir='ltr'><strong>Dominus</strong></span> <span class='ocrx_word' id='word_1_724' title='bbox 3280 3985 3423 4038; x_wconf 85' lang='lat' dir='ltr'><strong>Deus</strong></span> <span class='ocrx_word' id='word_1_725' title='bbox 3469 3985 3763 4050; x_wconf 62' lang='lat' dir='ltr'><strong>ingressus</strong></span> <span class='ocrx_word' id='word_1_726' title='bbox 3808 3988 3880 4036; x_wconf 78' lang='lat' dir='ltr'><strong>est</strong></span> 
     </span>
    </p>
   </div>
   <div class='ocr_carea' id='block_1_100' title="bbox 2167 4071 3874 4148">
    <p class='ocr_par' dir='ltr' id='par_1_100' title="bbox 2167 4071 3874 4148">
     <span class='ocr_line' id='line_1_100' title="bbox 2167 4071 3874 4148; baseline -0.005 -16"><span class='ocrx_word' id='word_1_727' title='bbox 2167 4094 2268 4148; x_wconf 89' lang='lat' dir='ltr'><strong>per</strong></span> <span class='ocrx_word' id='word_1_728' title='bbox 2315 4093 2450 4144; x_wconf 89' lang='lat' dir='ltr'><strong>eam,</strong></span> <span class='ocrx_word' id='word_1_729' title='bbox 2521 4078 2731 4146; x_wconf 85' lang='lat' dir='ltr'><strong>eritque</strong></span> <span class='ocrx_word' id='word_1_730' title='bbox 2786 4077 2974 4129; x_wconf 88' lang='lat' dir='ltr'><strong>clausa</strong></span> <span class='ocrx_word' id='word_1_731' title='bbox 3019 4075 3260 4144; x_wconf 83' lang='lat' dir='ltr'><strong>principi</strong></span> <span class='ocrx_word' id='word_1_732' title='bbox 3305 4072 3510 4142; x_wconf 87' lang='lat' dir='ltr'><strong>(ibid.),</strong></span> <span class='ocrx_word' id='word_1_733' title='bbox 3562 4071 3714 4140; x_wconf 86' lang='lat' dir='ltr'><strong>quia</strong></span> <span class='ocrx_word' id='word_1_734' title='bbox 3778 4071 3874 4126; x_wconf 87' lang='lat' dir='ltr'><strong>etsi</strong></span> 
     </span>
    </p>
   </div>
   <div class='ocr_carea' id='block_1_101' title="bbox 2170 4158 3870 4235">
    <p class='ocr_par' dir='ltr' id='par_1_101' title="bbox 2170 4158 3870 4235">
     <span class='ocr_line' id='line_1_101' title="bbox 2170 4158 3870 4235; baseline -0.004 -14"><span class='ocrx_word' id='word_1_735' title='bbox 2170 4165 2446 4221; x_wconf 92' lang='lat' dir='ltr'><strong>divinitas</strong></span> <span class='ocrx_word' id='word_1_736' title='bbox 2489 4171 2748 4235; x_wconf 90' lang='lat' dir='ltr'><strong>penetrat</strong></span> <span class='ocrx_word' id='word_1_737' title='bbox 2803 4162 3000 4218; x_wconf 91' lang='lat' dir='ltr'><strong>matris</strong></span> <span class='ocrx_word' id='word_1_738' title='bbox 3047 4161 3475 4226; x_wconf 83' lang='lat' dir='ltr'><strong>conscientiam,</strong></span> <span class='ocrx_word' id='word_1_739' title='bbox 3521 4158 3644 4228; x_wconf 88' lang='lat' dir='ltr'><strong>ipse</strong></span> <span class='ocrx_word' id='word_1_740' title='bbox 3704 4161 3870 4224; x_wconf 89' lang='lat' dir='ltr'><strong>idem,</strong></span> 
     </span>
    </p>
   </div>
   <div class='ocr_carea' id='block_1_102' title="bbox 2170 4247 3876 4325">
    <p class='ocr_par' dir='ltr' id='par_1_102' title="bbox 2170 4247 3876 4325">
     <span class='ocr_line' id='line_1_102' title="bbox 2170 4247 3876 4325; baseline -0.005 -16"><span class='ocrx_word' id='word_1_741' title='bbox 2170 4254 2271 4325; x_wconf 91' lang='lat' dir='ltr'><strong>qui</strong></span> <span class='ocrx_word' id='word_1_742' title='bbox 2304 4253 2578 4308; x_wconf 85' lang='lat' dir='ltr'><strong>nascendi</strong></span> <span class='ocrx_word' id='word_1_743' title='bbox 2611 4253 2680 4308; x_wconf 92' lang='lat' dir='ltr'><strong>de</strong></span> <span class='ocrx_word' id='word_1_744' title='bbox 2707 4251 2950 4323; x_wconf 91' lang='lat' dir='ltr'><strong>Virgine</strong></span> <span class='ocrx_word' id='word_1_745' title='bbox 2988 4250 3252 4320; x_wconf 91' lang='lat' dir='ltr'><strong>princeps</strong></span> <span class='ocrx_word' id='word_1_746' title='bbox 3276 4257 3379 4316; x_wconf 90' lang='lat' dir='ltr'><strong>est,</strong></span> <span class='ocrx_word' id='word_1_747' title='bbox 3429 4261 3543 4302; x_wconf 94' lang='lat' dir='ltr'><strong>non</strong></span> <span class='ocrx_word' id='word_1_748' title='bbox 3576 4247 3876 4304; x_wconf 88' lang='lat' dir='ltr'><strong>imminuit</strong></span> 
     </span>
    </p>
   </div>
   <div class='ocr_carea' id='block_1_103' title="bbox 2168 4336 3875 4408">
    <p class='ocr_par' dir='ltr' id='par_1_103' title="bbox 2168 4336 3875 4408">
     <span class='ocr_line' id='line_1_103' title="bbox 2168 4336 3875 4408; baseline -0.005 -9"><span class='ocrx_word' id='word_1_749' title='bbox 2168 4342 2456 4399; x_wconf 90' lang='lat' dir='ltr'><strong>castitatis</strong></span> <span class='ocrx_word' id='word_1_750' title='bbox 2485 4341 2831 4397; x_wconf 90' lang='lat' dir='ltr'><strong>custodiam.</strong></span> <span class='ocrx_word' id='word_1_751' title='bbox 2874 4341 3136 4408; x_wconf 82' lang='lat' dir='ltr'><strong>Princeps</strong></span> <span class='ocrx_word' id='word_1_752' title='bbox 3185 4341 3302 4408; x_wconf 85' lang='lat' dir='ltr'><strong>ipse</strong></span> <span class='ocrx_word' id='word_1_753' title='bbox 3345 4336 3545 4392; x_wconf 88' lang='lat' dir='ltr'><strong>sedebit</strong></span> <span class='ocrx_word' id='word_1_754' title='bbox 3588 4338 3650 4390; x_wconf 88' lang='lat' dir='ltr'><strong>in</strong></span> <span class='ocrx_word' id='word_1_755' title='bbox 3713 4353 3782 4390; x_wconf 90' lang='lat' dir='ltr'><strong>ea</strong></span> <span class='ocrx_word' id='word_1_756' title='bbox 3819 4342 3875 4390; x_wconf 89' lang='lat' dir='ltr'><strong>ut</strong></span> 
     </span>
    </p>
   </div>
   <div class='ocr_carea' id='block_1_104' title="bbox 2103 4405 3873 4500">
    <p class='ocr_par' dir='ltr' id='par_1_104' title="bbox 2103 4405 3873 4500">
     <span class='ocr_line' id='line_1_104' title="bbox 2103 4405 3873 4500; baseline -0.003 -14"><span class='ocrx_word' id='word_1_757' title='bbox 2103 4405 2146 4458; x_wconf 70' lang='grc' dir='ltr'><strong>Β</strong></span> <span class='ocrx_word' id='word_1_758' title='bbox 2169 4431 2410 4487; x_wconf 75' lang='lat' dir='ltr'><strong>comedat</strong></span> <span class='ocrx_word' id='word_1_759' title='bbox 2477 4446 2672 4500; x_wconf 85' lang='lat' dir='ltr'><strong>panem</strong></span> <span class='ocrx_word' id='word_1_760' title='bbox 2745 4445 2926 4484; x_wconf 85' lang='lat' dir='ltr'><strong>coram</strong></span> <span class='ocrx_word' id='word_1_761' title='bbox 3001 4405 3224 4482; x_wconf 74' lang='lat' dir='ltr'><strong>Domino</strong></span> <span class='ocrx_word' id='word_1_762' title='bbox 3293 4425 3476 4494; x_wconf 87' lang='lat' dir='ltr'><strong>(ibid.,</strong></span> <span class='ocrx_word' id='word_1_763' title='bbox 3537 4424 3614 4493; x_wconf 84' lang='lat'><strong>3).</strong></span> <span class='ocrx_word' id='word_1_764' title='bbox 3667 4425 3873 4480; x_wconf 86' lang='lat' dir='ltr'><strong>Sedere</strong></span> 
     </span>
    </p>
   </div>
   <div class='ocr_carea' id='block_1_105' title="bbox 2167 4515 3868 4590">
    <p class='ocr_par' dir='ltr' id='par_1_105' title="bbox 2167 4515 3868 4590">
     <span class='ocr_line' id='line_1_105' title="bbox 2167 4515 3868 4590; baseline -0.002 -14"><span class='ocrx_word' id='word_1_765' title='bbox 2167 4526 2308 4576; x_wconf 61' lang='lat' dir='ltr'><strong>nos</strong></span> <span class='ocrx_word' id='word_1_766' title='bbox 2350 4519 2647 4590; x_wconf 90' lang='lat' dir='ltr'><strong>regnantis</strong></span> <span class='ocrx_word' id='word_1_767' title='bbox 2675 4525 2776 4575; x_wconf 89' lang='lat' dir='ltr'><strong>est.</strong></span> <span class='ocrx_word' id='word_1_768' title='bbox 2812 4519 2876 4574; x_wconf 87' lang='lat' dir='ltr'><strong>In</strong></span> <span class='ocrx_word' id='word_1_769' title='bbox 2901 4532 2969 4574; x_wconf 89' lang='lat' dir='ltr'><strong>ea</strong></span> <span class='ocrx_word' id='word_1_770' title='bbox 3019 4518 3213 4586; x_wconf 89' lang='lat' dir='ltr'><strong>itaque</strong></span> <span class='ocrx_word' id='word_1_771' title='bbox 3253 4517 3417 4581; x_wconf 89' lang='lat' dir='ltr'><strong>sedit,</strong></span> <span class='ocrx_word' id='word_1_772' title='bbox 3463 4515 3564 4586; x_wconf 91' lang='lat' dir='ltr'><strong>qui</strong></span> <span class='ocrx_word' id='word_1_773' title='bbox 3610 4515 3674 4570; x_wconf 90' lang='lat' dir='ltr'><strong>in</strong></span> <span class='ocrx_word' id='word_1_774' title='bbox 3723 4530 3868 4581; x_wconf 89' lang='lat' dir='ltr'><strong>eam,</strong></span> 
     </span>
    </p>
   </div>
   <div class='ocr_carea' id='block_1_106' title="bbox 2167 4602 3869 4679">
    <p class='ocr_par' dir='ltr' id='par_1_106' title="bbox 2167 4602 3869 4679">
     <span class='ocr_line' id='line_1_106' title="bbox 2167 4602 3869 4679; baseline -0.004 -16"><span class='ocrx_word' id='word_1_775' title='bbox 2167 4607 2499 4679; x_wconf 86' lang='lat' dir='ltr'><strong>virginitate</strong></span> <span class='ocrx_word' id='word_1_776' title='bbox 2551 4606 2746 4674; x_wconf 86' lang='lat' dir='ltr'><strong>illasa,</strong></span> <span class='ocrx_word' id='word_1_777' title='bbox 2802 4613 2865 4662; x_wconf 93' lang='lat' dir='ltr'><strong>ut</strong></span> <span class='ocrx_word' id='word_1_778' title='bbox 2921 4620 3025 4662; x_wconf 87' lang='lat' dir='ltr'><strong>rex</strong></span> <span class='ocrx_word' id='word_1_779' title='bbox 3073 4613 3417 4660; x_wconf 88' lang='lat' dir='ltr'><strong>naturarum</strong></span> <span class='ocrx_word' id='word_1_780' title='bbox 3477 4602 3723 4659; x_wconf 90' lang='lat' dir='ltr'><strong>introiit.</strong></span> <span class='ocrx_word' id='word_1_781' title='bbox 3792 4604 3869 4658; x_wconf 92' lang='lat' dir='ltr'><strong>Ibi</strong></span> 
     </span>
    </p>
   </div>
   <div class='ocr_carea' id='block_1_107' title="bbox 2168 4692 3867 4766">
    <p class='ocr_par' dir='ltr' id='par_1_107' title="bbox 2168 4692 3867 4766">
     <span class='ocr_line' id='line_1_107' title="bbox 2168 4692 3867 4766; baseline -0.003 -15"><span class='ocrx_word' id='word_1_782' title='bbox 2168 4711 2372 4766; x_wconf 85' lang='lat' dir='ltr'><strong>panem</strong></span> <span class='ocrx_word' id='word_1_783' title='bbox 2407 4709 2602 4751; x_wconf 90' lang='lat' dir='ltr'><strong>coram</strong></span> <span class='ocrx_word' id='word_1_784' title='bbox 2634 4695 2875 4750; x_wconf 93' lang='lat' dir='ltr'><strong>Domino</strong></span> <span class='ocrx_word' id='word_1_785' title='bbox 2905 4693 3171 4759; x_wconf 91' lang='lat' dir='ltr'><strong>comedit,</strong></span> <span class='ocrx_word' id='word_1_786' title='bbox 3225 4695 3365 4762; x_wconf 91' lang='lat' dir='ltr'><strong>quia</strong></span> <span class='ocrx_word' id='word_1_787' title='bbox 3409 4692 3618 4748; x_wconf 90' lang='lat' dir='ltr'><strong>electos</strong></span> <span class='ocrx_word' id='word_1_788' title='bbox 3668 4706 3867 4747; x_wconf 84' lang='lat' dir='ltr'><strong>omnes</strong></span> 
     </span>
    </p>
   </div>
   <div class='ocr_carea' id='block_1_108' title="bbox 2168 4781 3862 4851">
    <p class='ocr_par' dir='ltr' id='par_1_108' title="bbox 2168 4781 3862 4851">
     <span class='ocr_line' id='line_1_108' title="bbox 2168 4781 3862 4851; baseline -0.004 -11"><span class='ocrx_word' id='word_1_789' title='bbox 2168 4787 2225 4840; x_wconf 94' lang='lat' dir='ltr'><strong>in</strong></span> <span class='ocrx_word' id='word_1_790' title='bbox 2285 4785 2485 4840; x_wconf 91' lang='lat' dir='ltr'><strong>eodem</strong></span> <span class='ocrx_word' id='word_1_791' title='bbox 2543 4791 2704 4839; x_wconf 90' lang='lat' dir='ltr'><strong>utero</strong></span> <span class='ocrx_word' id='word_1_792' title='bbox 2773 4783 2878 4838; x_wconf 90' lang='lat' dir='ltr'><strong>sibi</strong></span> <span class='ocrx_word' id='word_1_793' title='bbox 2948 4781 3354 4850; x_wconf 79' lang='lat' dir='ltr'><strong>incorporavit.</strong></span> <span class='ocrx_word' id='word_1_794' title='bbox 3418 4783 3588 4847; x_wconf 81' lang='lat' dir='ltr'><strong>Meus,</strong></span> <span class='ocrx_word' id='word_1_795' title='bbox 3655 4781 3862 4851; x_wconf 87' lang='lat' dir='ltr'><strong>inquit,</strong></span> 
     </span>
    </p>
   </div>
   <div class='ocr_carea' id='block_1_109' title="bbox 2165 4869 3865 4938">
    <p class='ocr_par' dir='ltr' id='par_1_109' title="bbox 2165 4869 3865 4938">
     <span class='ocr_line' id='line_1_109' title="bbox 2165 4869 3865 4938; baseline -0.004 -11"><span class='ocrx_word' id='word_1_796' title='bbox 2165 4874 2316 4928; x_wconf 88' lang='lat' dir='ltr'><strong>cibus</strong></span> <span class='ocrx_word' id='word_1_797' title='bbox 2342 4877 2439 4938; x_wconf 87' lang='lat' dir='ltr'><strong>est,</strong></span> <span class='ocrx_word' id='word_1_798' title='bbox 2470 4877 2533 4926; x_wconf 93' lang='lat' dir='ltr'><strong>ut</strong></span> <span class='ocrx_word' id='word_1_799' title='bbox 2555 4873 2761 4938; x_wconf 78' lang='lat' dir='ltr'><strong>faciam</strong></span> <span class='ocrx_word' id='word_1_800' title='bbox 2790 4871 3116 4924; x_wconf 83' lang='lat' dir='ltr'><strong>voluntatem</strong></span> <span class='ocrx_word' id='word_1_801' title='bbox 3167 4871 3354 4923; x_wconf 86' lang='lat' dir='ltr'><strong>Patris</strong></span> <span class='ocrx_word' id='word_1_802' title='bbox 3401 4871 3507 4922; x_wconf 88' lang='lat' dir='ltr'><strong>mei</strong></span> <span class='ocrx_word' id='word_1_803' title='bbox 3551 4869 3749 4933; x_wconf 87' lang='lat' dir='ltr'><strong>(Joan.</strong></span> <span class='ocrx_word' id='word_1_804' title='bbox 3797 4884 3865 4931; x_wconf 75' lang='lat' dir='ltr'><strong>tv,</strong></span> 
     </span>
    </p>
   </div>
   <div class='ocr_carea' id='block_1_110' title="bbox 2166 4957 3867 5040">
    <p class='ocr_par' dir='ltr' id='par_1_110' title="bbox 2166 4957 3867 5040">
     <span class='ocr_line' id='line_1_110' title="bbox 2166 4957 3867 5040; baseline -0.004 -23"><span class='ocrx_word' id='word_1_805' title='bbox 2166 4962 2281 5030; x_wconf 75' lang='lat'><strong>34).</strong></span> <span class='ocrx_word' id='word_1_806' title='bbox 2313 4961 2476 5028; x_wconf 85' lang='lat' dir='ltr'><strong>Quod</strong></span> <span class='ocrx_word' id='word_1_807' title='bbox 2507 4968 2588 5016; x_wconf 90' lang='lat' dir='ltr'><strong>est</strong></span> <span class='ocrx_word' id='word_1_808' title='bbox 2629 4973 2822 5015; x_wconf 91' lang='lat' dir='ltr'><strong>coram</strong></span> <span class='ocrx_word' id='word_1_809' title='bbox 2871 4957 3128 5013; x_wconf 91' lang='lat' dir='ltr'><strong>Domino.</strong></span> <span class='ocrx_word' id='word_1_810' title='bbox 3187 4960 3283 5012; x_wconf 86' lang='lat' dir='ltr'><strong>Per</strong></span> <span class='ocrx_word' id='word_1_811' title='bbox 3325 4957 3650 5040; x_wconf 67' lang='lat' dir='ltr'><strong>vestibulum</strong></span> <span class='ocrx_word' id='word_1_812' title='bbox 3697 4963 3867 5026; x_wconf 74' lang='lat' dir='ltr'><strong>porta</strong></span> 
     </span>
    </p>
   </div>
   <div class='ocr_carea' id='block_1_111' title="bbox 2165 5045 3864 5118">
    <p class='ocr_par' dir='ltr' id='par_1_111' title="bbox 2165 5045 3864 5118">
     <span class='ocr_line' id='line_1_111' title="bbox 2165 5045 3864 5118; baseline -0.004 -14"><span class='ocrx_word' id='word_1_813' title='bbox 2165 5051 2493 5118; x_wconf 84' lang='lat' dir='ltr'><strong>ingreditur,</strong></span> <span class='ocrx_word' id='word_1_814' title='bbox 2527 5053 2577 5102; x_wconf 87' lang='lat' dir='ltr'><strong>et</strong></span> <span class='ocrx_word' id='word_1_815' title='bbox 2600 5065 2700 5118; x_wconf 86' lang='lat' dir='ltr'><strong>per</strong></span> <span class='ocrx_word' id='word_1_816' title='bbox 2736 5051 2883 5100; x_wconf 87' lang='lat' dir='ltr'><strong>viam</strong></span> <span class='ocrx_word' id='word_1_817' title='bbox 2909 5047 3024 5114; x_wconf 86' lang='lat' dir='ltr'><strong>ejus</strong></span> <span class='ocrx_word' id='word_1_818' title='bbox 3051 5047 3333 5114; x_wconf 84' lang='lat' dir='ltr'><strong>egreditur</strong></span> <span class='ocrx_word' id='word_1_819' title='bbox 3351 5045 3566 5116; x_wconf 81' lang='lat' dir='ltr'><strong>(Ezech.</strong></span> <span class='ocrx_word' id='word_1_820' title='bbox 3607 5060 3769 5114; x_wconf 83' lang='lat' dir='ltr'><strong>xuv,</strong></span> <span class='ocrx_word' id='word_1_821' title='bbox 3791 5047 3864 5111; x_wconf 87' lang='lat'><strong>3),</strong></span> 
     </span>
    </p>
   </div>
   <div class='ocr_carea' id='block_1_112' title="bbox 2165 5135 3865 5209">
    <p class='ocr_par' dir='ltr' id='par_1_112' title="bbox 2165 5135 3865 5209">
     <span class='ocr_line' id='line_1_112' title="bbox 2165 5135 3865 5209; baseline -0.004 -14"><span class='ocrx_word' id='word_1_822' title='bbox 2165 5153 2298 5195; x_wconf 88' lang='lat' dir='ltr'><strong>cum</strong></span> <span class='ocrx_word' id='word_1_823' title='bbox 2332 5152 2434 5209; x_wconf 89' lang='lat' dir='ltr'><strong>per</strong></span> <span class='ocrx_word' id='word_1_824' title='bbox 2460 5137 2864 5202; x_wconf 90' lang='lat' dir='ltr'><strong>humilitatem,</strong></span> <span class='ocrx_word' id='word_1_825' title='bbox 2901 5148 3033 5204; x_wconf 89' lang='lat' dir='ltr'><strong>qua</strong></span> <span class='ocrx_word' id='word_1_826' title='bbox 3077 5135 3306 5204; x_wconf 88' lang='lat' dir='ltr'><strong>proprie</strong></span> <span class='ocrx_word' id='word_1_827' title='bbox 3353 5141 3690 5189; x_wconf 89' lang='lat' dir='ltr'><strong>sanctorum</strong></span> <span class='ocrx_word' id='word_1_828' title='bbox 3742 5135 3865 5189; x_wconf 85' lang='lat' dir='ltr'><strong>ani-</strong></span> 
     </span>
    </p>
   </div>
   <div class='ocr_carea' id='block_1_113' title="bbox 2169 5222 3864 5296">
    <p class='ocr_par' dir='ltr' id='par_1_113' title="bbox 2169 5222 3864 5296">
     <span class='ocr_line' id='line_1_113' title="bbox 2169 5222 3864 5296; baseline -0.004 -14"><span class='ocrx_word' id='word_1_829' title='bbox 2169 5241 2292 5282; x_wconf 89' lang='lat' dir='ltr'><strong>mos</strong></span> <span class='ocrx_word' id='word_1_830' title='bbox 2323 5226 2508 5293; x_wconf 86' lang='lat' dir='ltr'><strong>vestit,</strong></span> <span class='ocrx_word' id='word_1_831' title='bbox 2559 5225 2735 5296; x_wconf 90' lang='lat' dir='ltr'><strong>Virgo</strong></span> <span class='ocrx_word' id='word_1_832' title='bbox 2783 5223 3156 5294; x_wconf 87' lang='lat' dir='ltr'><strong>gravidatur;</strong></span> <span class='ocrx_word' id='word_1_833' title='bbox 3221 5229 3277 5278; x_wconf 88' lang='lat' dir='ltr'><strong>et</strong></span> <span class='ocrx_word' id='word_1_834' title='bbox 3334 5229 3456 5292; x_wconf 91' lang='lat' dir='ltr'><strong>post</strong></span> <span class='ocrx_word' id='word_1_835' title='bbox 3511 5222 3864 5278; x_wconf 87' lang='lat' dir='ltr'><strong>exhaustum</strong></span> 
     </span>
    </p>
   </div>
   <div class='ocr_carea' id='block_1_114' title="bbox 2169 5310 3860 5378">
    <p class='ocr_par' dir='ltr' id='par_1_114' title="bbox 2169 5310 3860 5378">
     <span class='ocr_line' id='line_1_114' title="bbox 2169 5310 3860 5378; baseline -0.004 -8"><span class='ocrx_word' id='word_1_836' title='bbox 2169 5315 2318 5371; x_wconf 89' lang='lat' dir='ltr'><strong>idem</strong></span> <span class='ocrx_word' id='word_1_837' title='bbox 2354 5315 2675 5370; x_wconf 91' lang='lat' dir='ltr'><strong>sacrarium</strong></span> <span class='ocrx_word' id='word_1_838' title='bbox 2715 5313 2826 5369; x_wconf 88' lang='lat' dir='ltr'><strong>sub</strong></span> <span class='ocrx_word' id='word_1_839' title='bbox 2871 5312 3070 5368; x_wconf 90' lang='lat' dir='ltr'><strong>eadem</strong></span> <span class='ocrx_word' id='word_1_840' title='bbox 3121 5311 3234 5378; x_wconf 90' lang='lat' dir='ltr'><strong>via,</strong></span> <span class='ocrx_word' id='word_1_841' title='bbox 3285 5311 3340 5366; x_wconf 93' lang='lat' dir='ltr'><strong>id</strong></span> <span class='ocrx_word' id='word_1_842' title='bbox 3383 5319 3466 5365; x_wconf 90' lang='lat' dir='ltr'><strong>est</strong></span> <span class='ocrx_word' id='word_1_843' title='bbox 3527 5310 3860 5374; x_wconf 85' lang='lat' dir='ltr'><strong>intentione,</strong></span> 
     </span>
    </p>
   </div>
   <div class='ocr_carea' id='block_1_115' title="bbox 2167 5399 3861 5472">
    <p class='ocr_par' dir='ltr' id='par_1_115' title="bbox 2167 5399 3861 5472">
     <span class='ocr_line' id='line_1_115' title="bbox 2167 5399 3861 5472; baseline -0.004 -13"><span class='ocrx_word' id='word_1_844' title='bbox 2167 5403 2285 5460; x_wconf 90' lang='lat' dir='ltr'><strong>vita</strong></span> <span class='ocrx_word' id='word_1_845' title='bbox 2341 5403 2705 5472; x_wconf 90' lang='lat' dir='ltr'><strong>transigitur.</strong></span> <span class='ocrx_word' id='word_1_846' title='bbox 2768 5400 2886 5456; x_wconf 89' lang='lat' dir='ltr'><strong>Sub</strong></span> <span class='ocrx_word' id='word_1_847' title='bbox 2938 5414 3058 5470; x_wconf 91' lang='lat' dir='ltr'><strong>qua</strong></span> <span class='ocrx_word' id='word_1_848' title='bbox 3095 5400 3248 5456; x_wconf 86' lang='lat' dir='ltr'><strong>enim</strong></span> <span class='ocrx_word' id='word_1_849' title='bbox 3299 5399 3514 5454; x_wconf 90' lang='lat' dir='ltr'><strong>vilitate</strong></span> <span class='ocrx_word' id='word_1_850' title='bbox 3557 5413 3619 5454; x_wconf 89' lang='lat' dir='ltr'><strong>se</strong></span> <span class='ocrx_word' id='word_1_851' title='bbox 3662 5400 3861 5469; x_wconf 81' lang='lat' dir='ltr'><strong>egerit,</strong></span> 
     </span>
    </p>
   </div>
   <div class='ocr_carea' id='block_1_116' title="bbox 2171 5482 3860 5556">
    <p class='ocr_par' dir='ltr' id='par_1_116' title="bbox 2171 5482 3860 5556">
     <span class='ocr_line' id='line_1_116' title="bbox 2171 5482 3860 5556; baseline -0.004 -13"><span class='ocrx_word' id='word_1_852' title='bbox 2171 5497 2308 5544; x_wconf 90' lang='lat' dir='ltr'><strong>teste</strong></span> <span class='ocrx_word' id='word_1_853' title='bbox 2384 5494 2469 5542; x_wconf 93' lang='lat' dir='ltr'><strong>est</strong></span> <span class='ocrx_word' id='word_1_854' title='bbox 2527 5483 2927 5556; x_wconf 82' lang='lat' dir='ltr'><strong>Evangelium,</strong></span> <span class='ocrx_word' id='word_1_855' title='bbox 2973 5499 3107 5541; x_wconf 91' lang='lat' dir='ltr'><strong>cum</strong></span> <span class='ocrx_word' id='word_1_856' title='bbox 3150 5483 3406 5539; x_wconf 91' lang='lat' dir='ltr'><strong>defertur</strong></span> <span class='ocrx_word' id='word_1_857' title='bbox 3451 5482 3525 5538; x_wconf 88' lang='lat' dir='ltr'><strong>ad</strong></span> <span class='ocrx_word' id='word_1_858' title='bbox 3581 5485 3860 5554; x_wconf 85' lang='lat' dir='ltr'><strong>templum</strong></span> 
     </span>
    </p>
   </div>
   <div class='ocr_carea' id='block_1_117' title="bbox 2171 5573 3019 5646">
    <p class='ocr_par' dir='ltr' id='par_1_117' title="bbox 2171 5573 3019 5646">
     <span class='ocr_line' id='line_1_117' title="bbox 2171 5573 3019 5646; baseline -0.007 -13"><span class='ocrx_word' id='word_1_859' title='bbox 2171 5575 2454 5646; x_wconf 89' lang='lat' dir='ltr'><strong>parvulus</strong></span> <span class='ocrx_word' id='word_1_860' title='bbox 2476 5573 2663 5629; x_wconf 80' lang='lat' dir='ltr'><strong>officio</strong></span> <span class='ocrx_word' id='word_1_861' title='bbox 2693 5580 3019 5642; x_wconf 92' lang='lat' dir='ltr'><strong>parentum.</strong></span> 
     </span>
    </p>
   </div>
   <div class='ocr_carea' id='block_1_118' title="bbox 2242 5659 3864 5728">
    <p class='ocr_par' dir='ltr' id='par_1_118' title="bbox 2242 5659 3864 5728">
     <span class='ocr_line' id='line_1_118' title="bbox 2242 5659 3864 5728; baseline -0.002 -10"><span class='ocrx_word' id='word_1_862' title='bbox 2242 5663 2468 5718; x_wconf 84' lang='lat' dir='ltr'><strong>Clarius</strong></span> <span class='ocrx_word' id='word_1_863' title='bbox 2497 5663 2638 5716; x_wconf 84' lang='lat' dir='ltr'><strong>omni</strong></span> <span class='ocrx_word' id='word_1_864' title='bbox 2663 5666 2918 5715; x_wconf 84' lang='lat' dir='ltr'><strong>creatura</strong></span> <span class='ocrx_word' id='word_1_865' title='bbox 2957 5659 3134 5714; x_wconf 84' lang='lat' dir='ltr'><strong>Deum</strong></span> <span class='ocrx_word' id='word_1_866' title='bbox 3167 5659 3318 5714; x_wconf 77' lang='lat' dir='ltr'><strong>videt</strong></span> <span class='ocrx_word' id='word_1_867' title='bbox 3369 5663 3422 5714; x_wconf 82' lang='lat' dir='ltr'><strong>et</strong></span> <span class='ocrx_word' id='word_1_868' title='bbox 3461 5662 3760 5728; x_wconf 80' lang='lat' dir='ltr'><strong>cognoscit.</strong></span> <span class='ocrx_word' id='word_1_869' title='bbox 3805 5688 3864 5702; x_wconf 95' lang='lat'><strong>—</strong></span> 
     </span>
    </p>
   </div>
  </div>
