3956 6426
83 393 178 449 545

1443 389 1534 443 DE
1577 387 1808 442 LAUDE
1846 386 1903 442 S.
1948 385 2211 441 ΗΑΒΙᾸΞ.

3481 387 3586 439 546

83 523 205 578 Post
232 522 481 593 plurima
508 536 742 593 quoque
783 519 1207 592 subjungitur:
1250 522 1413 574 Porta
1448 519 1582 571 atrii
1633 519 1769 571 inte-
1809 517 2052 572 Aetiam
2080 516 2338 572 exterius
2367 516 2564 572 hmret.
2597 515 2768 572 Porta
2807 523 3002 573 autem
3055 516 3285 584 deforis,
3333 518 3450 588 ipse
3501 527 3587 576 est

82 614 236 676 riori,
292 628 410 680 qua?
464 614 692 680 resliicit
774 610 848 664 ad
940 611 1211 666 Orientem
1275 610 1378 660 erit
1426 608 1612 660 clausa
1681 621 1777 660 sea:

83 701 265 755 diebus
318 701 530 769 (Ezech.
605 715 754 766 XLVI,
817 697 890 769 l).
947 698 1175 753 Atrium
1236 696 1498 761 interius,
1565 695 1618 750 id
1693 703 1776 750 est

83 790 235 859 quod
267 789 324 843 in
375 791 485 844 Deo
534 788 822 859 diligendo
870 786 1226 856 potissimum
1277 785 1455 839 fervet
1509 784 1776 838 intrinse-

83 892 203 933 cus.
241 877 406 933 Porta
445 879 643 947 itaque
683 876 810 932 atrii
863 875 1153 930 interioris
1207 877 1325 943 ipsa
1378 874 1553 942 Virgo
1603 887 1778 942 puer-

83 979 220 1034 pera
251 973 352 1032 est,
389 980 490 1035 per
522 980 698 1035 quam
735 965 794 1019 ﬁt
832 964 997 1020 nobis
1036 964 1227 1018 aditus
1274 963 1486 1017 divinzn
1531 962 1778 1031 agnitio-

80 1053 216 1107 nis:
261 1068 294 1108 a
345 1054 572 1108 nemine
622 1052 773 1107 enim
829 1052 1028 1118 scitur,
1078 1065 1112 1106 a
1163 1065 1280 1121 quo
1332 1065 1447 1105 non
1495 1049 1777 1120 diligitur.

77 1142 243 1197 Porta
288 1156 424 1213 ergo
473 1142 606 1198 atrii
656 1141 942 1197 interioris
995 1149 1099 1207 est,
1157 1154 1256 1209 per
1305 1141 1477 1210 cujus
1528 1151 1774 1208 praecor-

78 1230 284 1286 dialem
326 1245 579 1286 amorem
611 1231 682 1285 ad
726 1230 1049 1300 purissimae
1097 1229 1224 1284 ﬁdei
1269 1228 1642 1284 excurrimus
1690 1227 1777 1282 in-

78 1319 386 1387 tellectum,
420 1319 522 1390 qui
552 1319 732 1390 ipsius
761 1319 889 1374 ﬁdei
922 1319 1146 1374 fructus
1177 1325 1280 1383 est,
1318 1331 1391 1373 ex
1442 1331 1560 1386 quo
1615 1315 1784 1371 senti-

79 1423 212 1463 mus
243 1410 532 1479 quomodo
561 1409 670 1464 sub
695 1409 894 1464 eadem
925 1420 1189 1477 persona,
1231 1413 1286 1462 et
1339 1405 1480 1476 quid
1530 1406 1683 1461 Deus
1728 1411 1784 1460 et

75 1497 248 1552 homo
298 1504 400 1553 est.
456 1497 630 1552 Porro
686 1497 855 1552 etiam
913 1504 1078 1565 porta
1137 1494 1263 1550 atrii
1313 1493 1615 1565 ginterioris
1661 1494 1784 1563 ipsa

76 1592 179 1651 est,
216 1600 348 1656 quze
380 1600 494 1641 non
527 1593 641 1640 tam
675 1585 838 1655 prius
879 1598 1057 1654 quam
1100 1584 1356 1639 omnium
1409 1583 1784 1638 excellentius

77 1675 149 1729 ad
191 1688 482 1729 summam
529 1674 628 1729 Dei
685 1673 943 1728 notitiam
996 1672 1324 1728 intromissa
1377 1679 1502 1741 est;
1565 1678 1619 1725 et
1668 1685 1784 1740 quo

78 1764 205 1833 ipsa
236 1763 443 1832 spiritu
476 1764 668 1829 sensit,
704 1776 806 1832 per
835 1761 1099 1818 eumdem
1129 1761 1378 1830 idipsum
1437 1759 1602 1815 nobis
1649 1774 1782 1815 sen-

76 1854 186 1908 tire
239 1866 444 1907 causas
488 1852 658 1906 dedit.
715 1851 845 1906 Haec
888 1850 1112 1919 respicit
1158 1851 1232 1904 ad
1279 1849 1589 1918 Orientem,
1646 1848 1785 1917 quia

26 2005 29 2014 ι
78 1956 198 2011 quo
222 1941 421 1996 nullus
437 1939 788 2005 mortalium,
815 1939 926 1994 imo
947 1939 1109 1994 nulla
1129 1947 1525 1993 creaturarum
1544 1937 1788 1992 rationa-

26 2015 30 2038 ί
79 2031 226 2085 lium
259 2029 361 2084 vix
393 2028 726 2095 scintillare,
767 2027 1091 2097 praevaluit,
1143 2027 1280 2082 illuc
1325 2027 1448 2090 ista,
1498 2025 1556 2080 in
1606 2026 1783 2080 Deum

26 2187 28 2194 ι
77 2119 350 2173 videlicet
393 2125 683 2172 auctorem
727 2117 964 2172 luminis
1008 2115 1297 2171 liberrime
1344 2121 1587 2170 mentem
1640 2114 1782 2168 ﬁxit.

26 2270 30 2280 ν
79 2208 219 2262 Hmc
249 2207 542 2262 clauditur
573 2220 672 2260 sex
709 2206 911 2260 diebus
961 2206 1016 2259 in
1062 2205 1278 2274 quibus
1325 2218 1470 2273 opus
1519 2204 1597 2268 ﬁt,
1649 2203 1790 2273 quia

26 2293 30 2366 ξ
78 2294 474 2364 conceptionis
525 2295 650 2364 ejus
707 2293 1064 2363 mysterium,
1106 2307 1178 2347 ex
1225 2306 1344 2362 qua
1400 2292 1671 2347 introitus
1719 2291 1789 2346 ad

79 2385 268 2439 vitam
324 2383 541 2439 homini
598 2383 805 2452 patuit,
857 2396 1088 2437 omnem
1151 2381 1210 2436 in
1273 2381 1535 2450 praesenti
1579 2380 1790 2435 saeculo

26 2457 32 2540 '_
75 2481 360 2529 naturam
395 2471 572 2541 (quod
607 2470 930 2541 signiﬁcare
977 2485 1077 2525 sex
1133 2469 1252 2525 dies
1307 2469 1570 2538 assolent)
1625 2468 1792 2524 latuit

26 2557 34 2644 μ
83 2569 141 2618 et
183 2561 404 2616 latebit.
437 2560 618 2630 Cujus
647 2560 693 2615 si
724 2559 1031 2629 corrigiam
1062 2559 1280 2614 solvere
1308 2559 1520 2628 dignus
1552 2573 1662 2613 non
1686 2565 1788 2621 est,

26 2655 34 2724 ς,
82 2665 205 2720 quo
239 2649 424 2718 major
458 2649 513 2703 in
541 2648 690 2702 natis
719 2647 1026 2702 mulierum
1064 2646 1264 2702 nullus
1292 2655 1395 2709 est,
1446 2646 1579 2716 quis
1626 2654 1794 2716 putas

26 2725 32 2750 ¹
80 2738 322 2793 interim
352 2738 488 2792 dum
523 2736 817 2792 advivitur
847 2735 1058 2805 dignus
1087 2736 1216 2791 est?

26 2893 30 2904 _
157 2830 233 2881 De
264 2824 469 2879 visione
500 2826 764 2893 beatiﬁca.
793 2853 863 2864 —
895 2825 997 2877 Die
1026 2829 1206 2877 autem
1235 2823 1469 2877 Sabbati
1495 2827 1791 2892 aperietur,

26 2917 32 2996 ξ
77 2912 270 2984 (ibid)
307 2913 361 2968 Si
388 2926 486 2968 sex
521 2913 723 2968 diebus
745 2927 1000 2981 praesens
1028 2911 1324 2976 saeculum,
1361 2912 1419 2966 in
1451 2927 1566 2982 quo
1612 2913 1790 2982 perfe-

75 3011 315 3059 ctorum
350 3002 630 3056 habemus
659 3002 999 3056 exercitium
1027 3015 1290 3070 operum,
1317 3002 1430 3070 {per
1477 3001 1792 3057 Sabbatum

1885 606 2076 660 aditus
2115 613 2170 661 et
2226 607 2417 661 exitus
2462 605 2803 675 virginalis;
2855 606 3003 660 sicut
3061 615 3228 676 porta
3276 607 3589 664 intrinseca

1885 708 2150 763 egressus
2183 694 2422 765 intelligi
2476 702 2653 764 potest
2696 695 2764 750 de
2813 703 3029 750 secreta
3077 696 3322 751 essentia
3371 698 3578 754 Patris.

1885 783 2154 852 Princeps
2184 797 2323 853 ergo
2352 784 2587 839 intrabit
2617 798 2714 852 per
2745 784 2898 838 viam
2943 785 3212 840 vestibuli
3260 793 3436 855 portae
3485 787 3589 843 de-

1884 870 2042 938 foris,
2079 886 2208 927 cum
2243 886 2340 940 per
2363 873 2514 940 ipsos
2540 887 2653 928 non
2678 873 2797 942 jam
2830 873 3084 942 passives
3109 874 3361 942 corporis
3388 890 3591 933 sensus

1886 969 2223 1030 penetratur
2273 963 2478 1026 virtus,
2523 975 2590 1016 ac
2622 961 2833 1016 veritas
2865 961 3139 1030 virginea:
3169 965 3580 1032 conceptionis.

1887 1049 2202 1120 Sequitur:
2245 1053 2316 1104 Et
2364 1049 2531 1103 stabit
2575 1052 2633 1103 in
2679 1051 2865 1103 limine
2911 1056 3082 1118 porte
3128 1051 3334 1122 (ibid).
3395 1054 3590 1110 Limen

1888 1145 2064 1208 portae
2095 1151 2322 1193 summa
2347 1145 2431 1193 est
2462 1137 2764 1207 virginalis
2793 1138 3152 1206 obedientia},
3200 1139 3255 1194 in
3285 1155 3404 1210 qua
3436 1143 3593 1210 prin-

1890 1240 2019 1294 ceps
2073 1233 2213 1281 tunc
2286 1227 2478 1292 stabit,
2533 1241 2664 1282 cum
2717 1241 2816 1296 per
2874 1227 3196 1282 divinitatis
3252 1231 3586 1300 potentiam,

1887 1329 2038 1386 quae,
2073 1315 2239 1370 motis
2285 1315 2575 1380 omnibus,
2629 1329 2854 1384 semper
2883 1322 3014 1381 stat,
3063 1316 3347 1386 virginem
3395 1333 3455 1374 se
3503 1319 3590 1375 fe-

1889 1404 2190 1469 cundasse,
2225 1407 2428 1473 etquo
2471 1403 2637 1458 modo
2690 1418 2790 1473 per
2834 1403 3112 1472 Spiritum
3157 1414 3420 1462 sanctum
3465 1422 3591 1464 eam

1890 1492 2310 1560 fecundaverit,
2346 1492 2748 1562 virginemque
2775 1492 3054 1548 dimiserit
3081 1493 3198 1563 ipse
3227 1497 3590 1553 monstrabit.

1965 1584 2032 1636 Et
2078 1583 2286 1646 facient
2347 1581 2652 1635 sacerdotes
2698 1582 3010 1635 holocausta
3057 1586 3210 1651 ejus;
3261 1590 3310 1637 et
3357 1587 3595 1655 paciﬁca

1891 1672 2008 1738 ejus
2041 1670 2249 1740 (ibid.).
2283 1671 2693 1726 l-Iolocaustum
2729 1678 2910 1725 totum
2945 1671 3247 1727 incensum
3275 1683 3375 1729 est.
3420 1675 3596 1730 Holo-

1893 1767 2093 1814 causta
2121 1760 2246 1830 ejus
2275 1773 2378 1828 per
2408 1759 2729 1813 sacerdotes
2771 1759 2932 1822 ﬁunt.
2983 1774 3114 1814 cum
3165 1761 3220 1814 in
3269 1764 3595 1819 considera-

1898 1847 2048 1903 tione
2079 1847 2235 1902 illius
2286 1861 2357 1902 ex
2399 1847 2623 1918 virgine
2668 1847 3044 1903 humanitatis
3093 1856 3205 1903 tam
3260 1852 3598 1908 mirabiliter

1897 1944 2228 2006 assumptis.
2262 1949 2428 2006 reges
2451 1935 2571 2005 jam
2597 1943 2652 1991 et
2700 1937 3022 1991 sacerdotes
3070 1950 3104 1991 a
3151 1938 3264 1992 Deo
3307 1939 3437 1995 facti
3484 1942 3598 1995 mi-

1897 2039 2120 2089 ramur,
2154 2033 2209 2080 et
2239 2029 2540 2080 Auctorem
2575 2024 2834 2079 omnium
2865 2026 3085 2095 angelis
3118 2027 3337 2082 minora
3376 2030 3592 2097 tulisse,

1897 2115 2190 2183 perpetuis
2230 2113 2643 2168 desideriorum
2687 2113 2927 2168 iBSllbUS
2976 2129 3347 2184 nequaquam
3397 2119 3596 2176 ardere

1898 2203 2243 2258 desistimus.
2298 2201 2540 2257 Paciﬁca
2573 2201 2716 2271 ejus,
2785 2201 2840 2255 id
2898 2211 2978 2257 est
3035 2203 3328 2275 principis,
3385 2209 3598 2276 pariter

1899 2292 2068 2357 ﬁunt,
2099 2305 2232 2346 cum
2272 2291 2450 2345 sancti
2497 2290 2843 2344 immutabili
2894 2293 3373 2362 contemplatione
3420 2297 3597 2367 hujus

1903 2387 2074 2436 tanta}
2117 2379 2461 2446 dulcedinis,
2517 2386 2571 2434 et
2617 2379 3079 2448 impet‘turbabili
3123 2381 3244 2451 jam
3294 2385 3598 2441 securitate

1946 2470 2231 2525 uiescunt.

1946 2486 2231 2525 uiescunt.

1903 2486 1938 2540 q
1974 2557 2295 2611 Obedientia
2340 2572 2408 2610 ea:
2448 2557 2774 2622 humilitate,
2828 2557 3109 2612 humilitas
3159 2566 3338 2614 autem
3391 2579 3458 2616 ex
3495 2564 3596 2618 ad-

1903 2649 2163 2701 versitate
2188 2645 2476 2715 probatur.
2509 2675 2577 2684 --
2624 2648 2693 2700 Et
2724 2646 2979 2699 adorabit
3006 2661 3169 2716 super
3201 2650 3364 2704 limen
3404 2659 3598 2720 portae,

1903 2742 1953 2790 et
1986 2735 2293 2803 egredietur
2324 2735 2500 2804 (ibid).
2554 2734 2750 2788 Limen
2803 2742 2980 2803 porta:
3024 2739 3294 2806 superius
3334 2739 3600 2796 obedien-

1905 2825 2042 2881 tiam
2078 2823 2353 2888 diximus,
2382 2838 2516 2892 quae
2549 2823 2872 2877 obedientia
2901 2823 3010 2879 dici
3068 2840 3181 2880 non
3234 2837 3438 2897 potest,
3490 2831 3600 2886 nisi

1903 2927 1975 2969 ex
2007 2921 2160 2968 certa
2192 2911 2514 2966 humilitate
2545 2910 2844 2979 firmetur;
2879 2920 3035 2967 certa
3064 2923 3257 2970 autem
3305 2916 3601 2973 humilitas

1905 3011 2045 3058 tunc
2073 3015 2191 3057 esse
2229 3000 2588 3055 solummodo
2638 3000 2914 3067 noscitur,
2972 3016 3103 3070 qua)
3159 3017 3232 3058 ex
3285 3007 3600 3076 emergenti

76 3091 433 3162 intelligitur
466 3090 694 3160 requies
719 3090 1069 3155 animarum,
1106 3090 1162 3144 in
1203 3103 1321 3158 qua
1360 3089 1570 3146 clausae
1617 3097 1791 3158 portae
1830 3088 1871 3145 C
1904 3091 2249 3147 adversitate
2287 3089 2431 3144 inter
2470 3088 2852 3144 obediendum
2896 3090 3192 3158 probatur.
3231 3091 3388 3148 Sicut
3435 3095 3602 3163 plane

77 3189 229 3237 tunc
266 3179 603 3249 mysterium
634 3179 912 3248 aperitur,
946 3180 1088 3248 quia
1117 3179 1306 3233 carnis
1335 3178 1548 3234 dimoto
1599 3178 1794 3248 parie-

26 3283 32 3286 '
76 3277 153 3336 te,
187 3269 348 3341 quod
383 3282 482 3337 per
510 3268 805 3336 speculum
845 3275 896 3322 et
931 3267 988 3321 in
1037 3267 1343 3337 aenigmate
1396 3281 1553 3322 nunc
1602 3266 1794 3322 cerni-

77 3366 202 3424 tur,
240 3371 459 3428 magna
485 3371 556 3412 ex
586 3364 745 3425 parte
780 3355 1122 3425 perspicitur
1154 3371 1166 3409 :
1214 3371 1330 3425 quo
1374 3356 1526 3411 enim
1575 3356 1796 3425 absque

26 3453 33 3522 ξ
75 3448 270 3503 solitis
311 3447 432 3501 suis
481 3446 891 3515 integumentis
938 3444 1273 3514 simplicior,
1327 3459 1392 3499 eo
1440 3452 1632 3499 noster
1680 3445 1795 3513 spi-

26 3525 30 3610 ί
74 3542 232 3593 ritus
262 3549 378 3589 non
413 3533 596 3589 solum
627 3533 698 3587 ad
728 3539 1078 3588 secretorum
1127 3532 1434 3598 notionem,
1486 3531 1584 3588 sed
1623 3538 1678 3588 et
1724 3531 1797 3588 ad

26 3629 27 3632 “
74 3626 276 3696 ipsam
309 3623 368 3678 ﬁt
403 3623 496 3678 Dei
529 3623 806 3677 visionem
836 3621 1078 3676 acutior.
1111 3619 1222 3674 Sed
1269 3623 1328 3674 in
1380 3621 1467 3673 die
1516 3620 1797 3674 Kalenda-

26 3784 28 3786 _
70 3731 204 3768 rum
232 3715 516 3782 aperietur
544 3711 756 3780 (ibid).
791 3710 921 3764 Dies
951 3717 1036 3765 est
1065 3717 1264 3779 aperta
1299 3709 1393 3763 Dei
1426 3717 1478 3764 et
1535 3709 1797 3764 omnium

69 3804 424 3859 divinorum
455 3798 908 3869 comprehensio.
946 3797 1106 3854 Unde
1140 3797 1357 3853 Paulus
1390 3813 1401 3851 :
1436 3797 1643 3866 Sequor
1690 3813 1798 3851 au-

27 3887 187 3946 tem
249 3893 304 3945 si
364 3888 829 3958 comprehendam,
891 3891 1121 3955 tuncque
1186 3902 1500 3953 cognoscam
1559 3889 1702 3941 sicut
1749 3893 1800 3940 et

26 3963 28 3996 ⁵
73 3982 341 4049 coynitus
369 3994 488 4032 sum
515 3977 778 4046 (Philipp.
815 3991 893 4041 ιιι,
932 3977 1036 4044 l2.)
1067 3975 1338 4031 Kalendae
1377 3989 1533 4042 vero,
1585 3990 1717 4046 quae
1765 3988 1800 4030 a

73 4069 505 4125 convocatione
534 4073 669 4122 sunt
699 4065 884 4131 dictae,
917 4065 1067 4120 diem
1113 4064 1443 4134 signiﬁcant
1493 4078 1797 4135 regenera-

77 4157 264 4214 tionis
303 4163 547 4222 nostrm;
582 4154 638 4209 in
688 4168 808 4224 qua
847 4154 970 4209 sine
1015 4153 1194 4208 dubio
1250 4153 1399 4209 sicut
1435 4153 1666 4221 animae,
1719 4153 1801 4210 sic

71 4245 317 4316 corpori
346 4245 485 4300 dum
513 4243 914 4300 cumulabitur
959 4242 1257 4312 plenitudo
1308 4241 1524 4313 gloriae,
1575 4243 1647 4298 ad
1698 4242 1794 4297 in—

73 4344 324 4406 tegrum
357 4347 590 4404 quoque
622 4331 972 4402 praebebitur
999 4330 1236 4386 scientia
1275 4330 1484 4386 Christi
1529 4331 1798 4386 incarna-

75 4424 263 4482 tionis
294 4423 353 4477 in
397 4421 653 4492 Virgine,
699 4427 754 4476 et
815 4419 1256 4490 dispensationis
1313 4419 1371 4473 in
1429 4418 1678 4475 homine.
1733 4420 1798 4474 In

73 4515 195 4571 hac
230 4513 421 4584 igitur
459 4510 668 4565 interni
706 4509 940 4564 luminis
992 4509 1148 4564 omni
1199 4507 1470 4564 moditate
1516 4507 1793 4577 aperitur,

66 4606 224 4660 dum
261 4600 556 4672 quidquid
608 4599 678 4656 de
736 4599 863 4669 ejus
914 4599 1113 4654 divina
1161 4605 1216 4654 et
1273 4597 1533 4653 humana
1588 4603 1802 4653 natura

66 4691 394 4749 sciendum
427 4697 529 4755 est,
563 4687 764 4744 scitur.

147 4783 235 4836 Et
268 4778 508 4833 intrabit
533 4780 790 4846 princeps
811 4792 912 4845 per
955 4779 1104 4830 viam
1143 4775 1400 4830 vestibuli
1436 4779 1608 4843 porta:
1645 4773 1800 4840 defo-

65 4875 151 4926 ris
188 4869 420 4942 (Ezech.
457 4881 607 4934 xuv,
632 4867 706 4935 2).
740 4865 1097 4923 Vestibulum
1125 4871 1308 4934 potest
1331 4863 1570 4934 intelligi
1594 4877 1804 4933 corpus

71 4969 402 5020 nostrum;
439 4955 580 5026 quia
629 4954 809 5011 veluti
849 4954 1058 5009 domus
1105 4952 1446 5022 praetexitur
1493 4951 1798 5019 vestibulo,

66 5051 159 5104 sic
190 5047 408 5104 anima
435 5043 629 5099 carnis
661 5042 980 5098 obstaculo.
1015 5041 1197 5112 Cujus
1227 5041 1322 5096 via
1347 5048 1432 5096 est
1461 5041 1804 5096 sensualitas

64 5141 229 5210 ipsa,
269 5148 410 5206 quae
436 5133 564 5188 licet
593 5131 905 5202 corporalis
936 5131 1026 5198 sit,
1062 5138 1251 5186 tamen
1279 5130 1336 5185 in
1361 5128 1807 5198 incorruptibili-

65 5238 260 5285 tatem
303 5221 964 5292 impassibilitatemque,
1014 5233 1202 5285 versa,
1249 5227 1469 5289 quanto
1516 5217 1802 5288 spirituali

66 5313 355 5388 potentia
378 5313 499 5382 jam
532 5309 882 5381 prteeminet,
917 5317 1095 5376 tanto,
1128 5307 1176 5362 si
1207 5308 1392 5363 dicere
1432 5308 1698 5374 audeam,
1743 5306 1805 5361 in

65 5404 474 5462 subtilitatem
510 5399 748 5454 rationis
788 5411 888 5468 per
935 5398 1052 5452 vim
1099 5396 1534 5452 resurrectionis
1579 5394 1804 5451 acumi-

69 5503 245 5560 nata,
305 5490 518 5562 purius
566 5488 665 5544 Dei
721 5487 924 5543 faciem
974 5485 1349 5555 contemplari
1399 5485 1706 5555 przevalet;
1752 5491 1808 5540 et

66 5590 315 5656 quanto
405 5576 685 5634 torasticis
763 5575 1213 5632 distensionibus
1279 5581 1456 5639 caret,
1521 5581 1681 5629 tanto
1733 5573 1804 5629 ad

67 5684 275 5731 unum
311 5666 574 5729 collecta,
603 5665 650 5720 ei
687 5665 781 5721 cui
815 5665 1129 5720 introrsum
1161 5661 1808 5718 inhiatimmutabiliter

1905 3180 2078 3236 limen
2113 3185 2287 3247 portae
2327 3177 2508 3232 instar
2555 3176 2916 3232 fundamenti
2958 3179 3222 3246 subsidit,
3271 3188 3326 3236 et
3381 3183 3602 3239 cunctis

1905 3268 2260 3324 intrantibus
2308 3266 2566 3335 pervium
2635 3273 2873 3332 constat,
2933 3267 3014 3321 sic
3078 3268 3383 3325 ineﬁabilis
3430 3271 3602 3341 Virgo

1904 3357 2034 3413 licet
2064 3357 2208 3410 alias
2238 3369 2473 3424 prorsus
2520 3353 2876 3409 inimitabilis
2927 3355 3228 3424 habeatur,
3277 3371 3451 3427 super
3499 3361 3606 3416 hoc

1905 3459 2048 3517 pene
2077 3445 2194 3500 solo
2226 3443 2630 3499 universorum
2655 3442 2918 3512 exemplo
2951 3445 3310 3513 proponitur.

1980 3536 2046 3589 In
2125 3531 2396 3588 anteriori
2469 3531 2635 3586 tracti
2694 3531 3003 3587 vehemens
3050 3533 3398 3590 miraculum
3457 3541 3606 3590 ειη

1906 3623 2189 3681 exstitisse
2218 3619 2614 3692 probavimus,
2673 3620 2828 3690 quod
2882 3621 2952 3676 ad
3004 3629 3118 3676 tam
3174 3623 3609 3693 insuspicabilia

1908 3712 2130 3770 cunctis
2155 3710 2434 3782 promissa
2490 3709 2833 3766 mortalibus
2877 3712 2998 3766 sine
3041 3711 3439 3769 exhortatione
3489 3729 3607 3770 mo-

1909 3817 2060 3867 rosa,
2101 3802 2224 3856 sine
2257 3799 2432 3855 ullius
2459 3799 2748 3854 oblatione
2785 3800 3048 3869 exempli,
3097 3801 3253 3856 illius
3297 3803 3609 3860 benedicta:

1902 3891 2234 3964 juvenculaa
2289 3889 2501 3944 inﬂecti
2551 3888 2798 3944 valuerit
2845 3888 2986 3944 adeo
3053 3889 3309 3946 celeriter
3355 3893 3605 3948 animus.

1909 3982 2012 4038 Cui
2045 3979 2345 4051 quidpiam
2378 3993 2493 4033 non
2525 3977 2718 4033 minus
2748 3977 2962 4032 mirum
2996 3978 3052 4032 in
3085 3978 3194 4033 hac
3220 3979 3341 4049 ipsa
3382 3981 3610 4036 obtem—

1910 4072 2200 4142 peratione
2239 4067 2655 4124 subnectimus.
2707 4067 2762 4122 Si
2817 4068 3224 4123 communibus
3277 4069 3606 4140 virginibus

1909 4174 1980 4216 ex
2023 4157 2394 4213 nobilissimis
2441 4170 2590 4226 quos
2635 4163 2822 4210 essent
2870 4155 3158 4212 sortiturae
3209 4158 3449 4225 maritis,
3509 4158 3610 4213 ﬁlii

1907 4247 2216 4304 nobiliores
2246 4244 2424 4301 futuri
2459 4245 2737 4314 praesagio
2768 4244 2964 4314 aliquo
3009 4245 3431 4314 sponderentur
3477 4261 3609 4317 pro-

1838 4375 1882 4429 D
1910 4337 2054 4392 fecto
2084 4335 2184 4402 eis,
2212 4342 2266 4389 et
2300 4333 2550 4389 marium
2579 4332 2847 4401 voluptas
2879 4332 3216 4404 insignium,
3263 4344 3318 4390 et
3363 4335 3613 4405 gloriosa

1910 4425 2212 4496 posteritas
2242 4422 2479 4478 indubie
2507 4420 2929 4477 blandirentur.
2957 4423 3030 4478 At
3060 4437 3198 4478 vero
3231 4424 3357 4480 istic
3387 4439 3611 4480 summe

1909 4512 2259 4582 dispariter:
2321 4525 2452 4581 quae
2499 4509 2672 4575 enim,
2732 4517 2798 4564 ut
2854 4523 3032 4579 supra
3078 4511 3438 4581 disputatum
3505 4520 3608 4578 est,

1907 4609 2158 4656 mentem
2190 4608 2481 4670 perpetuae
2508 4597 2824 4668 virginitati
2874 4598 3213 4669 addixerat;
3265 4616 3396 4670 qum
3438 4601 3612 4657 etiam

1909 4688 2179 4758 quamvis
2227 4687 2415 4757 specie
2468 4695 2636 4743 tenus
2686 4687 2744 4740 in
2794 4686 2890 4757 jus
2953 4687 3118 4743 virile
3169 4689 3289 4759 jam
3343 4695 3609 4756 cesserat,

1910 4778 2085 4845 unde,
2146 4791 2365 4847 quaeso,
2413 4784 2527 4832 tam
2591 4775 2740 4831 facili
2792 4777 3050 4831 oratione
3080 4775 3477 4846 obtemperare
3532 4779 3613 4834 sic

1912 4865 2145 4936 potuit?
2175 4879 2306 4935 quae
2338 4873 2487 4920 certe
2519 4864 2876 4928 humanitus,
2909 4864 3014 4920 etsi
3046 4879 3161 4919 non
3205 4865 3474 4933 aliorum,
3528 4874 3613 4922 ta-

1909 4969 2040 5008 men
2070 4954 2198 5024 ejus
2231 4952 2334 5022 qui
2367 4953 2610 5008 maritus
2648 4951 2958 5008 videbatur
3004 4952 3346 5009 scandalum
3395 4955 3610 5011 timuit.

1908 5041 2092 5110 Cujus
2119 5048 2379 5097 tactuum
2407 5041 2618 5104 nescia,
2649 5040 2708 5095 in
2734 5041 2933 5097 eadem
2985 5041 3446 5112 participatione,
3497 5059 3614 5100 non

1912 5129 2060 5187 fuit:
2091 5132 2226 5194 Quae
2260 5144 2348 5185 res
2377 5144 2510 5185 cum
2541 5137 2764 5199 quanto
2803 5131 3068 5197 latuerat,
3123 5138 3278 5186 tanto
3329 5134 3388 5188 in
3437 5133 3616 5206 hujus

1913 5219 2274 5275 traductione
2307 5218 2509 5274 secreti
2545 5233 2702 5275 more
2746 5219 3003 5275 humano
3044 5219 3351 5277 sollicitare
3400 5222 3613 5279 debue-

1913 5315 2022 5364 rat.
2061 5307 2166 5364 Ubi
2213 5322 2350 5378 ergo
2406 5307 2550 5363 nihil
2599 5309 2754 5378 quod
2793 5309 3103 5365 carnaliter
3143 5324 3271 5365 eam
3311 5310 3617 5368 delectaret

1913 5395 1974 5450 in
2029 5403 2308 5464 conceptu
2367 5394 2604 5449 suberat
2660 5395 2771 5450 imo
2827 5402 3051 5451 tantum
3119 5397 3454 5466 mysterium
3512 5413 3614 5454 ne-

1915 5483 2228 5540 scientibus
2259 5482 2568 5552 suspicioni
2600 5491 2701 5538 aut
2731 5483 2940 5551 probro
2973 5484 3235 5553 patebat:
3290 5486 3440 5541 mira
3489 5487 3617 5557 ejus

1915 5571 2236 5628 obedientia
2268 5571 2376 5628 sub
2409 5571 2516 5626 hac
2548 5571 2875 5628 humilitate
2906 5572 3203 5642 probatur,
3241 5589 3374 5644 qua
3419 5576 3476 5630 in
3498 5582 3616 5632 tam

1917 5660 2194 5731 passibili.
2225 5661 2338 5717 imo
2371 5660 2634 5730 angelica
2665 5659 2941 5729 castitate,
2991 5663 3170 5718 totius
3197 5663 3498 5733 popularis
3525 5663 3616 5718 in-
