3956 6410
407 394 510 448 547

1296 393 1356 448 ν.
1398 393 1735 451 GUIBERTI
1775 393 2068 449 ABBATIS

2277 394 2448 451 {Rw
2487 395 2576 450 DE
2614 396 2819 452 NOVIG
2828 397 3006 453 ΕΝΤο
3795 404 3873 456 548

408 525 596 582 famia
625 524 970 581 omnimodis
1001 524 1291 581 incuriosa
1312 525 1562 581 videtur.
1594 524 1746 590 Quos
1774 525 1930 580 enim
1979 525 2105 580 anl-
2145 529 2193 584 Α
2223 545 2355 589 rum
2387 535 2626 596 mentes,
2657 527 2838 584 fuitne
2863 537 2994 585 ante
3035 529 3212 586 verba
3258 530 3449 601 angeli
3490 530 3605 588 vita
3657 530 3878 604 Virginis

408 628 532 670 mos
563 614 748 685 magis
775 614 963 669 munit
996 613 1292 684 pudicitia,
1325 627 1391 669 eo
1433 614 1666 682 gravior
1710 613 1881 668 etiam
1933 627 2108 683 super
2213 619 2292 676 ita
2321 617 2502 676 divini
2535 616 2756 686 saporis
2784 631 3012 686 expers,
3046 626 3111 674 ut
3139 619 3294 688 quod
3342 619 3399 674 in
3445 620 3592 687 aliis,
3645 623 3876 678 omnium

407 717 640 759 rumore
672 703 974 759 falsissimo
1003 707 1177 773 atque
1207 702 1500 758 rarissimo
1547 715 1760 756 vexare
1807 702 2106 758 consuevit

406 791 772 847 verecundia.
806 791 871 846 In
902 805 1018 861 quo
1046 793 1238 846 tamen
1265 791 1392 860 ejus
1424 790 1562 845 fides
1592 789 1681 844 vel
1715 791 1966 846 maxime
2005 805 2104 845 su-

405 893 506 948 per
531 879 638 935 hoc
673 881 1045 950 approbatur,
1093 893 1224 949 qua
1269 885 1325 934 et
1375 879 1470 934 Dei
1529 878 1808 949 promissa
1853 887 2101 950 quanta-

405 982 640 1038 cunque
687 967 888 1034 forent,
945 967 1093 1022 sicut
1141 967 1545 1022 incunctanter
1583 968 1843 1034 credidit,
1897 968 1978 1024 sic
2035 982 2104 1024 ea

405 1055 592 1124 ipsum
622 1055 902 1124 ordinate,
937 1056 1168 1112 honeste
1198 1069 1264 1111 ac
1307 1055 1589 1111 saculum
1631 1071 1689 1112 se
1717 1063 2104 1126 competenter

405 1145 840 1200 moderaturum
894 1145 1108 1214 pariter
1149 1144 1335 1199 scivit.
1391 1143 1661 1214 Princeps
1729 1158 1866 1214 ergo
1929 1158 2104 1214 super

407 1233 515 1289 hoc
545 1233 716 1287 limen
746 1233 966 1300 adorat,
1009 1247 1142 1289 cum
1190 1232 1664 1289 aﬂ‘ectuosissime
1715 1235 2102 1290 venerandam

403 1328 577 1376 tanta
657 1321 1003 1377 humilitatis
1095 1321 1482 1377 obedientiam
1564 1321 1828 1379 omnium
1924 1322 2102 1379 menti

399 1409 664 1466 Christus
731 1409 1008 1465 insinuat.
1077 1411 1238 1467 Iuste
1293 1412 1446 1466 enim
1497 1410 1769 1467 honorari
1821 1420 2098 1480 meretur,

399 1511 530 1567 qua
568 1505 624 1553 et
655 1511 828 1567 super
852 1512 912 1553 se
941 1499 1200 1564 credidit,
1232 1506 1287 1554 et
1319 1499 1375 1554 in
1401 1513 1466 1554 eo
1497 1499 1653 1569 quod
1697 1500 1804 1556 sibi
1857 1501 2098 1570 promit~

398 1585 630 1641 tebatur
661 1587 808 1642 nihil
857 1586 1018 1642 carni
1067 1587 1362 1656 placitum,
1417 1589 1514 1643 sed
1556 1603 1673 1658 quo
1721 1589 2100 1659 spiritualiter

398 1676 589 1744 potius
618 1675 1038 1745 praemineret,
1073 1676 1340 1732 attendit.

1084 1815 1312 1874 CAPUT
1353 1817 1422 1875 ν.

467 1942 640 1996 Beata
702 1944 868 2010 Virgo
913 1945 1099 2010 gratia
1145 1943 1294 1996 haud
1339 1943 1414 1996 ad
1457 1947 1666 2012 tempus
1709 1943 1804 1998 sed
1848 1947 2098 1999 continuo

392 2032 558 2100 plena
608 2031 931 2085 ostenditur.
981 2061 1050 2071 —
1099 2031 1204 2087 Sed
1265 2032 1550 2102 quispiam
1600 2032 1815 2087 inﬁdeli
1854 2033 2100 2088 deterior

397 2119 644 2189 objicere
690 2121 895 2188 poterit
939 2120 1092 2190 quod
1142 2120 1392 2189 puellam
1443 2120 1596 2175 illam
1646 2135 1841 2176 rerum
1879 2121 2100 2176 divina-

395 2221 528 2262 rum
563 2222 800 2276 prorsus
827 2207 1092 2274 insciam,
1140 2209 1279 2278 quia
1327 2208 1713 2278 perfunctorie
1756 2217 1828 2264 ad
1873 2217 2098 2280 tempus

402 2295 651 2366 Spiritus
677 2304 913 2351 sanctus
944 2295 1284 2366 impleverit.
1310 2297 1472 2362 Quod
1524 2298 1569 2351 si
1619 2299 1698 2352 ita
1745 2306 1849 2363 est,
1901 2313 2097 2368 quaso

403 2383 544 2454 quid
577 2391 660 2439 est
688 2384 844 2454 quod
871 2383 1030 2454 apud
1069 2385 1251 2440 Deum
1301 2384 1547 2455 gratiam
1603 2385 1886 2441 invenisse
1942 2387 2095 2443 dicta

403 2473 540 2527 est?
573 2471 748 2528 Plane
789 2472 836 2528 si
897 2472 1188 2528 invenisse
1235 2474 1468 2538 dicitur,
1525 2475 1772 2530 inveniri
1821 2475 1929 2530 dici
1979 2490 2095 2531 non

400 2567 603 2630 potest,
647 2560 758 2616 nisi
812 2575 988 2630 super
1039 2575 1105 2616 eo
1157 2562 1311 2630 quod
1371 2564 1680 2632 quasitum
1731 2563 2092 2633 intelligitur.

397 2649 550 2718 Ergo
598 2649 644 2704 si
702 2649 949 2719 gratiam
1009 2648 1248 2716 invenit,
1300 2651 1710 2720 quoquomodo
1751 2653 2092 2722 quasierat;

397 2743 453 2791 et
481 2751 614 2806 qua
642 2745 726 2792 est
751 2736 962 2792 ancilla
1017 2739 1178 2792 toties
1231 2740 1287 2792 in
1345 2739 1596 2808 psalmis,
1661 2753 1730 2794 ac
1778 2741 2097 2811 Evangelio

396 2823 566 2892 dicta,
594 2825 640 2880 si
675 2838 708 2880 a
737 2827 944 2895 quovis
973 2825 1248 2896 obsequio
1279 2827 1496 2882 exstitit
1527 2827 1752 2882 otiosa?
1789 2828 1914 2884 Non
1965 2843 2093 2899 pos-

396 2925 527 2968 sum
563 2913 884 2982 exprimere
913 2913 1272 2978 ancillatum,
1302 2915 1403 2984 qui
1435 2915 1687 2986 aliquem
1721 2930 1826 2972 suo
1857 2917 2096 2974 Domino

396 3008 499 3056 aut
528 3001 776 3058 domina
806 3017 921 3058 non
971 3003 1228 3072 rependit
1277 3003 1647 3060 famulatum.
1699 3003 1956 3060 Plurima
2010 3012 2093 3061 est

2213 707 2282 762 ad
2340 705 2818 774 comparationem
2881 703 3060 776 hujus
3115 706 3438 763 minoribus
3499 710 3739 780 negotiis
3790 725 3883 766 non

2213 801 2404 864 negat,
2463 792 2569 848 sibi
2617 792 2721 862 ipsi
2775 800 3016 849 matrem
3075 795 3393 864 coaptando
3445 809 3559 850 non
3613 797 3882 866 prabeat?

2213 882 2266 938 Si
2297 881 2701 953 philosophica
2729 881 2936 937 mentis
2963 888 3047 937 est
3075 882 3132 937 in
3179 883 3381 938 mediis
3431 883 3766 954 frequentiis
3812 900 3884 941 so-

2211 971 2511 1028 litudinem
2543 969 2648 1026 sibi
2682 970 2886 1034 facere,
2916 978 2970 1026 et
3001 978 3192 1028 tamen
3235 986 3308 1027 ex
3355 973 3630 1028 comitatu
3679 976 3885 1030 rationis

2210 1059 2388 1116 solam
2442 1074 2564 1115 esse
2621 1072 2734 1114 non
2795 1072 2976 1128 posse,
3039 1059 3193 1129 quod
3243 1067 3517 1129 putamus
3575 1063 3885 1132 repurgium

2211 1147 2390 1203 Filius
2421 1147 2516 1202 Dei
2550 1146 2608 1201 in
2641 1145 2796 1201 illius
2843 1145 3070 1201 femina
3115 1146 3284 1202 corde
3331 1147 3543 1214 fecerit,
3595 1151 3884 1218 quomodo,

2212 1248 2284 1291 ne
2350 1234 2422 1290 ad
2475 1240 2829 1289 momentum
2879 1233 3134 1303 quidem,
3189 1233 3262 1289 ab
3329 1234 3456 1305 ejus
3531 1235 3886 1292 illustratione

2210 1324 2461 1384 recessit.
2517 1334 2692 1392 quam
2752 1321 2823 1375 ad
2879 1320 3141 1378 futurum
3198 1337 3318 1377 sua
3359 1325 3604 1394 propria
3636 1333 3690 1380 et
3737 1328 3887 1380 totius

2207 1409 2651 1467 Christianitatis
2725 1409 2997 1464 honorem
3079 1412 3459 1466 maternitatis
3527 1413 3770 1468 ascivit?
3830 1413 3888 1468 Et

2207 1498 2496 1568 quomodo
2528 1497 2614 1551 vel
2645 1496 2718 1551 ad
2751 1505 3029 1566 punctum
3056 1497 3128 1563 ei,
3163 1512 3236 1554 ex
3270 1513 3386 1568 quo
3428 1499 3618 1570 genita
3650 1508 3750 1569 est,
3799 1502 3886 1556 de-

2207 1585 2336 1652 fuit,
2369 1587 2472 1656 qui
2503 1585 2658 1656 quod
2704 1598 2776 1640 ex
2805 1599 2873 1639 ea
2916 1593 3259 1656 sumpturus
3300 1595 3446 1657 erat,
3498 1588 3704 1657 Verbo,
3751 1591 3884 1660 quod

2210 1675 2328 1745 ipse
2357 1682 2459 1739 est,
2493 1680 2625 1729 ante
2653 1674 2825 1729 etiam
2872 1673 3085 1728 sacula
3129 1674 3435 1730 counivit?
3489 1677 3605 1746 ipse
3652 1677 3799 1732 enim
3842 1677 3887 1732 in

2206 1762 2540 1834 Apocalypsi
2571 1761 2823 1817 dicitur:
2856 1763 3048 1828 Agnus
3089 1765 3294 1818 occisus
3339 1764 3409 1818 ab
3465 1767 3674 1834 origine
3713 1767 3886 1820 mundi

2137 1824 2178 1878 Β
2206 1824 2565 1922 (Ᾰῃοσίιξιιι,
2601 1850 2673 1919 8).

2281 1943 2384 1999 Ubi
2415 1954 2651 2011 quoque
2682 1938 2998 1994 notandum
3027 1938 3182 2009 quod
3214 1952 3332 1994 non
3363 1939 3576 1997 dicitur
3613 1947 3731 1998 Ave
3768 1960 3879 2011 gra-

2210 2036 2288 2086 tia
2314 2029 2610 2098 implenda,
2643 2027 2738 2083 sed
2785 2029 2972 2095 gratia
2993 2027 3186 2096 plena.
3219 2028 3333 2084 Nec
3363 2030 3556 2086 minus
3601 2032 3887 2087 attenden-

2207 2120 2368 2184 dum,
2407 2117 2559 2186 quod
2601 2116 2942 2184 priusquam
2987 2123 3330 2184 conceptum
3380 2117 3504 2186 ipsi,
3555 2128 3887 2189 partumque

2199 2203 2523 2270 denuntiet,
2557 2205 2758 2274 gratia
2809 2205 2857 2258 ei
2912 2203 3323 2272 plenitudinem
3378 2205 3558 2262 inesse
3602 2206 3786 2274 docet,
3831 2221 3888 2262 ne

2207 2297 2331 2360 post
2371 2290 2827 2347 enuntiationem
2881 2295 3031 2344 τοι
3086 2301 3394 2361 conceptus
3443 2295 3757 2365 quisquam
3800 2310 3890 2352 au-

2206 2386 2386 2437 tumet
2408 2394 2476 2436 ea
2526 2382 2711 2449 gratia
2767 2379 2836 2434 de
2897 2386 3123 2447 repente
3179 2379 3495 2449 profusam,
3555 2395 3736 2452 quam
3790 2395 3888 2437 non

2207 2472 2479 2527 habuerit
2530 2479 2661 2527 ante
2718 2471 2936 2526 horam.
3001 2470 3066 2526 Et
3125 2478 3274 2526 certe
3328 2472 3466 2528 fides
3522 2474 3889 2542 praeveniente

2206 2561 2391 2631 gratia
2419 2574 2490 2615 ex
2530 2560 2706 2616 libero
2747 2562 2997 2615 maxime
3043 2559 3280 2615 arbitrio
3323 2569 3565 2618 constat.
3615 2563 3780 2620 Unde
3823 2577 3890 2618 er-

2205 2663 2277 2718 go
2334 2647 2499 2703 beata
2573 2648 2644 2704 ab
2718 2647 3010 2703 Elisabeth
3085 2647 3225 2718 quia
3287 2650 3608 2713 crediderit,
3695 2649 3891 2706 dicitur

2207 2738 2359 2804 (Luc.
2394 2751 2430 2802 l,
2463 2737 2570 2800 45),
2606 2736 2652 2790 si
2685 2735 2814 2790 lidei
2843 2735 3200 2792 admiranda
3231 2738 3500 2794 meritum
3540 2737 3703 2794 nullo
3738 2741 3793 2792 in
3837 2751 3890 2792 ea

2199 2827 2334 2895 jure
2364 2823 2756 2892 pradicatur?
2785 2822 2931 2889 Quid
2964 2821 3125 2892 quod
3153 2824 3226 2879 ab
3271 2825 3468 2880 eodem
3517 2827 3728 2895 angelo
3777 2833 3896 2880 ante

2207 2913 2362 2968 illius
2387 2911 2881 2968 denuntiationem
2907 2923 3010 2980 pro
3038 2924 3157 2981 qua
3205 2920 3444 2968 venerat
3493 2927 3706 2980 causa,
3762 2915 3893 2968 inter

2204 2999 2476 3055 mulieres
2504 2998 2800 3055 benedicta
2831 3006 3091 3066 vocatur,
3127 2999 3236 3055 nisi
3285 2999 3440 3070 quod
3491 3000 3545 3055 in
3599 2999 3711 3056 hoc
3761 3001 3888 3071 ejus.

397 3089 600 3158 procul
627 3090 806 3146 dubio
839 3091 1063 3147 ancilla
1106 3091 1420 3155 humilitas,
1471 3106 1646 3162 quam
1703 3093 1858 3149 Deus
1903 3101 2096 3149 tanto-
2136 3117 2177 3173 ο
2209 3093 2272 3142 ut
2315 3085 2398 3141 sic
2428 3086 2636 3152 dicam,
2671 3087 2949 3142 idoneitas
2973 3086 3044 3141 ad
3079 3085 3510 3156 suscipiendum
3554 3089 3648 3144 Dei
3696 3089 3887 3144 Filium

399 3191 531 3247 pere
563 3179 862 3249 dignatur,
895 3186 960 3236 ut
1007 3194 1134 3236 eam
1187 3181 1504 3251 respexisse
1554 3180 1802 3238 dicatur,
1855 3181 1910 3237 Si
1960 3195 2096 3254 ergo
2208 3173 2514 3244 principali
2543 3174 2944 3244 singularitate
2973 3174 3255 3231 notatur?
3282 3174 3442 3242 Quod
3490 3176 3536 3231 si
3583 3177 3658 3232 ab
3693 3177 3888 3248 ignava

394 3265 695 3322 humilitas
725 3268 995 3323 meritum
1033 3275 1137 3332 est,
1183 3276 1238 3323 et
1281 3283 1396 3324 non
1446 3267 1802 3338 populariter
1855 3269 2093 3336 bonum,

393 3353 492 3409 sed
561 3354 1036 3410 excellentissime
1112 3355 1278 3411 bonis
1352 3353 1480 3410 aliis
1555 3355 1933 3425 praeminens
1989 3362 2092 3422 est,

394 3455 572 3512 quam
605 3443 924 3512 respexisse
973 3443 1156 3498 Deum
1213 3443 1518 3512 probatum
1562 3450 1667 3510 est,
1721 3443 1794 3498 ad
1837 3442 2096 3498 subitum

391 3542 522 3586 eam
551 3533 817 3586 sanctum
865 3529 1142 3599 Spiritum
1184 3529 1458 3586 imbuisse
1503 3529 1795 3600 quomodo
1841 3530 2096 3586 verum?

393 3615 558 3683 Quod
589 3616 635 3672 si
667 3617 1057 3686 temporaliter
1088 3623 1150 3672 ut
1198 3617 1259 3672 in
1311 3617 1540 3673 Balaam
1591 3619 1990 3688 prophetante,
2041 3625 2096 3674 et

392 3705 558 3760 asina
585 3705 872 3776 loquente,
905 3718 974 3760 ac
1001 3704 1273 3776 angelum
1308 3707 1536 3762 vidente
1563 3707 1744 3776 (Num.
1776 3721 1924 3774 xxii,
1975 3709 2089 3777 23),

393 3793 742 3849 miraculum
787 3801 983 3850 actum
1029 3802 1135 3861 est,
1189 3795 1600 3852 insensibiliter
1641 3795 1902 3852 Christus
1951 3809 2094 3850 con-

391 3887 591 3950 ceptus
637 3888 743 3947 est,
798 3881 954 3950 quod
1010 3895 1240 3937 summa
1293 3881 1596 3938 Gcnitricis
1653 3897 1720 3938 ac
1761 3882 1950 3939 Geniti
1999 3883 2092 3937 in-

391 3967 646 4040 dignitas
672 3977 774 4025 est.
808 3969 974 4039 Apud
1000 3969 1340 4026 Suetonium
1377 3971 1590 4042 legitur
1632 3972 1786 4042 quod
1839 3972 1898 4027 in
1940 3985 2094 4027 som-

391 4058 484 4114 nis
511 4057 585 4114 sit
614 4057 822 4114 claudo
852 4058 1105 4128 cuipiam
1145 4059 1512 4130 imperatum,
1568 4068 1634 4117 ut
1680 4061 1752 4116 ad
1793 4061 2092 4130 Vespasia-

389 4159 534 4201 num
562 4145 843 4202 Casarem
875 4144 1016 4202 iret:
1049 4147 1250 4216 pollice
1277 4147 1465 4203 dextri
1497 4148 1658 4218 pedis
1689 4149 1816 4220 ejus
1862 4149 2092 4205 clunem

391 4233 594 4290 Iasum
625 4234 941 4304 impeleret,
983 4233 1183 4304 sicque
1213 4249 1518 4306 gressuum
1549 4237 1823 4307 aquitate
1855 4239 2090 4294 mattin-

395 4328 575 4392 geret,
604 4323 760 4392 quod
789 4328 846 4377 et
875 4321 1090 4378 factum
1116 4331 1219 4378 est.
1253 4322 1308 4378 Si
1359 4323 1540 4395 igitur
1576 4333 1710 4380 ante
1753 4333 2090 4396 conceptum

2204 3269 2260 3318 et
2289 3263 2510 3318 caterls
2543 3277 2760 3318 morem
2787 3273 3017 3333 gerente
3045 3263 3373 3333 virginibus
3402 3265 3593 3334 puella
3621 3273 3787 3322 tanta
3819 3281 3889 3322 res

2203 3351 2478 3422 exigitur,
2515 3365 2631 3406 non
2660 3351 2896 3422 majoris
2925 3352 3122 3422 gloria
3173 3365 3296 3408 esse
3341 3352 3571 3409 videtur
3612 3363 3889 3424 quantum

2203 3438 2276 3493 ad
2309 3438 2605 3510 Virginem
2635 3446 2872 3508 spectat,
2900 3453 3076 3509 quam
3111 3441 3265 3510 quod
3293 3441 3449 3510 apud
3494 3441 3700 3496 Isaiam
3733 3453 3891 3512 super

2203 3527 2349 3598 Cyro
2389 3527 2643 3583 flendum
2694 3535 3093 3598 prasagatur:
3134 3527 3352 3597 quibus
3391 3527 3558 3584 dictis
3598 3528 3892 3601 subjungi-

2203 3622 2342 3672 tur:
2373 3616 2614 3670 Λίξσίηωί
2643 3620 2716 3680 te,
2745 3620 2796 3669 et
2837 3629 2944 3669 non
2987 3617 3283 3684 cognovisti
3329 3631 3410 3670 me
3453 3617 3584 3687 (Isa.
3635 3633 3774 3685 XLV,
3829 3619 3889 3686 5).

2199 3703 2327 3760 Non
2359 3718 2592 3775 quoque
2623 3704 2924 3774 quidpiam
2956 3707 3148 3776 majus
3191 3719 3370 3775 quam
3415 3706 3568 3776 quod
3617 3707 3679 3762 in
3731 3707 3893 3777 virgis

2203 3793 2380 3863 Moysi
2408 3801 2464 3849 et
2495 3798 2680 3849 Aaron
2709 3793 3052 3862 celebratur,
3083 3806 3334 3862 quarum
3387 3793 3572 3849 altera.
3611 3794 3895 3866 effigiatur

2203 3882 2262 3937 in
2311 3881 2638 3949 colubrum,
2692 3880 2872 3937 altera
2911 3881 3192 3951 expressit
3249 3881 3642 3952 amygdalum,
3698 3887 3747 3939 si
3799 3884 3891 3939 sibi

2201 3969 2324 4024 hac
2350 3969 2540 4039 gratia
2586 3967 2777 4038 erupit
2821 3967 2892 4022 ad
2941 3968 3223 4035 subitum,
3285 3970 3428 4039 quid
3469 3970 3680 4026 exinde
3727 3971 3892 4027 beati-

2200 4056 2419 4112 tudinis
2459 4056 2587 4126 ejus
2641 4055 2832 4125 attigit
2882 4055 3166 4122 animum,
3226 4055 3326 4111 ubi
3381 4069 3487 4112 nec
3527 4057 3585 4112 in
3641 4057 3889 4114 interiori

2198 4144 2326 4215 ejus
2356 4143 2538 4215 gloria
2564 4142 2709 4198 tanti
2738 4142 2876 4199 boni
2923 4144 3147 4198 novitas
3199 4143 3400 4198 futura
3449 4143 3793 4214 praluserit,
3841 4152 3885 4200 et

2198 4233 2425 4303 expleto
2455 4232 2642 4289 oflicio
2671 4232 2730 4288 in
2761 4232 2994 4289 modum
3041 4231 3302 4288 scintilla
3338 4232 3665 4290 destiterit?
3710 4235 3768 4292 Si
3814 4235 3886 4290 sic

2200 4329 2398 4392 pectus
2441 4323 2611 4391 gessit
2662 4333 2697 4376 a
2734 4321 3011 4392 primavo
3059 4321 3351 4392 stolidum,
3405 4323 3548 4394 quid
3597 4333 3684 4380 est
3741 4323 3884 4396 quod

398 4409 572 4480 Virgo
600 4411 669 4465 de
696 4411 810 4466 Deo
839 4417 940 4466 aut
967 4424 1193 4480 parum,
1235 4421 1338 4468 aut
1367 4413 1450 4468 nil
1477 4412 1691 4483 sapuit.
1713 4413 1854 4484 quid
1876 4414 2087 4484 Vespa-
2122 4417 2166 4470 D
2197 4417 2314 4466 tam
2372 4409 2666 4466 moraliter
2712 4417 2906 4467 cantat
2951 4412 3157 4481 deponi
3208 4413 3370 4470 sedes
3424 4413 3764 4484 potentium,
3837 4419 3886 4467 et

389 4497 552 4555 siano
580 4506 636 4555 et
662 4498 870 4554 claudo
900 4499 1031 4569 plus
1060 4499 1311 4556 habuit?

461 4585 518 4642 Si
575 4601 806 4658 parasse
853 4587 1152 4644 lucernam
1216 4588 1432 4646 dicitur
1486 4589 1712 4647 Christo
1759 4603 1866 4647 suo
1920 4590 2088 4662 (Psal.

391 4689 598 4743 cxxxr,
677 4677 756 4746 l7)
805 4677 977 4745 Deus,
1035 4677 1193 4734 illius
1244 4691 1360 4734 non
1418 4685 1662 4748 paratur
1713 4678 1966 4746 animus,
2023 4693 2093 4736 ac

390 4772 613 4834 uterus,
647 4779 764 4836 quo
788 4779 847 4821 se
877 4767 1219 4836 pariendum
1252 4766 1660 4823 universaliter
1687 4767 1930 4824 contulit
1978 4769 2094 4838 ipse

391 4853 688 4910 Christus!
722 4855 795 4911 Et
823 4855 1001 4925 ipsius
1031 4863 1184 4913 certe
1210 4855 1502 4912 Elisabeth
1537 4857 1767 4926 justitia
1815 4865 1981 4912 vetus
2033 4857 2094 4912 in

393 4941 706 5012 Evangelio
735 4956 851 4998 non
881 4951 1122 5012 tacetur,
1155 4957 1288 5014 qua
1314 4955 1447 5000 cum
1493 4944 1614 5014 ipsa
1663 4945 1823 5014 prole
1851 4946 2092 5016 prophe-

394 5027 508 5083 tico
533 5027 744 5097 spiritu
767 5029 1133 5099 adimpletur,
1183 5037 1243 5086 et
1295 5030 1388 5087 isti
1443 5033 1617 5086 etiam
1672 5032 1911 5089 intentio
1964 5041 2097 5088 ante

395 5122 736 5184 conceptum
789 5116 1059 5188 religiosa
1105 5118 1474 5174 detrahitur?
1537 5119 1592 5174 Si
1639 5121 1918 5190 propheta
1963 5122 2096 5176 Em-

394 5202 720 5259 manualem
751 5213 935 5271 vocat,
987 5205 1143 5274 quod
1185 5213 1270 5261 est
1318 5207 1606 5262 Nobiscum
1659 5209 1824 5277 Deus,
1869 5222 1976 5264 nec
2023 5208 2095 5264 ab

393 5289 513 5345 ullo
537 5303 656 5344 non
684 5289 977 5362 creditur;
1017 5291 1259 5362 angelus
1283 5295 1383 5364 qui
1415 5301 1537 5363 post
1563 5296 1682 5350 Ave
1697 5295 1746 5350 ei
1770 5295 2091 5365 pracinuit‘

395 5375 661 5430 Dominus
719 5379 894 5430 tecum
940 5377 1094 5446 (Luc.
1151 5392 1192 5444 ι,
1249 5382 1365 5448 28),
1421 5393 1562 5451 ergo
1626 5379 1953 5436 mentitur?
2025 5381 2098 5454 Et

396 5475 528 5532 qua
557 5461 654 5518 Dei
689 5461 903 5518 amoris
928 5463 978 5519 ei
1012 5463 1344 5534 ignorantia
1369 5467 1572 5534 inerat,
1621 5467 1670 5523 si
1699 5480 1833 5524 cum
1879 5467 2098 5524 exube-

395 5551 588 5607 rantia
617 5551 818 5622 gratia
861 5553 1144 5608 Dominus
1181 5553 1232 5610 ei
1266 5569 1456 5611 comes
1493 5557 1666 5612 erat?
1719 5555 1776 5611 Si
1815 5555 2100 5613 Dominus

396 5637 516 5708 ipse
571 5638 732 5695 vadit
785 5653 990 5709 parare
1043 5641 1386 5710 mansiones,
1441 5642 1498 5698 id
1547 5649 1629 5700 est
1679 5643 1818 5700 locis
1861 5655 2099 5700 manso-

2195 4497 2440 4552 exaltari
2471 4497 2827 4554 humilium?
2857 4497 3010 4566 (Luc.
3048 4515 3092 4566 ι,
3140 4501 3254 4572 52.)
3298 4503 3470 4558 Plane
3511 4502 3558 4558 si
3607 4509 3772 4558 tanta
3821 4501 3886 4557 fa-

2199 4585 2411 4642 cilitate
2441 4586 2780 4656 conciperet,
2813 4588 3150 4657 mysterium
3183 4604 3406 4659 eorum,
3457 4604 3589 4662 qua
3635 4592 3793 4662 apud
3831 4605 3883 4647 se

2200 4673 2518 4730 secundum
2551 4675 2708 4746 quod
2736 4675 3024 4746 objicitur,
3059 4685 3171 4734 tam
3205 4678 3495 4750 inopinate
3537 4687 3880 4751 susceperat,

2200 4762 2444 4832 puellari
2476 4763 2710 4818 forsitan
2742 4763 3008 4820 futilitate
3026 4765 3286 4836 jactaret,
3320 4783 3454 4836 non,
3478 4770 3652 4840 juxta
3699 4772 3884 4826 Evan-

2199 4850 2437 4920 gelium,
2490 4851 2834 4908 conferendo
2885 4863 3141 4910 servaret
3195 4856 3352 4924 (Luc.
3425 4871 3486 4924 ιι,
3557 4857 3670 4928 19).
3743 4860 3884 4927 Ergo

2203 4945 2389 4994 mater
2461 4937 2698 4994 Samson
2751 4951 2856 5010 pro
2905 4941 3160 5011 ejusdem
3218 4944 3496 5001 nascituri
3572 4945 3886 5003 reverentia

2202 5027 2559 5084 caremoniis
2582 5027 2874 5085 addicitur
2903 5030 3101 5100 (ludio.
3134 5047 3250 5100 xm,
3282 5036 3367 5102 l3,
3422 5033 3532 5103 l4),
3579 5042 3636 5090 et
3684 5037 3887 5092 Aucto-

2202 5113 2284 5170 ris
2305 5113 2565 5170 omnium
2597 5123 2778 5171 mater
2805 5117 2998 5173 subito
3031 5119 3214 5176 instar
3243 5121 3523 5178 dementis
3566 5119 3889 5194 arripitur?

2273 5202 2456 5265 Quare
2505 5203 2567 5256 B.
2623 5203 2786 5273 Virgo
2827 5207 2886 5258 in
2930 5207 3260 5262 salutatione
3310 5209 3554 5275 angelica
3616 5211 3885 5265 turbatur.

2202 5317 2271 5328 —
2300 5287 2381 5343 Ad
2413 5288 2519 5344 hoc
2544 5289 2716 5345 etiam
2748 5292 3228 5352 considerandum
3274 5297 3450 5367 quod,
3499 5299 3694 5370 angeli
3737 5300 3886 5356 salu-

2205 5376 2418 5433 tatione
2477 5381 2770 5448 pramissa
2827 5383 3184 5454 subjicitur:
3244 5387 3372 5452 Qua
3437 5403 3558 5442 cum
3632 5391 3884 5456 audisset,

2204 5465 2430 5519 turbata
2469 5472 2549 5522 est
2571 5471 2627 5522 in
2681 5484 2920 5526 sermone
2959 5471 3096 5542 ejus,
3145 5478 3196 5528 et
3237 5475 3513 5541 cogitabat
3549 5479 3736 5546 quatis
3767 5481 3885 5534 esset

2202 5553 2314 5607 ista
2336 5555 2598 5610 salutatio
2625 5558 2780 5626 (Luc.
2812 5573 2852 5628 ι,
2885 5560 2996 5631 29).
3028 5561 3177 5619 Nota
3203 5563 3517 5620 verborum
3557 5567 3887 5636 qualitatem

2205 5648 2418 5704 nostris
2461 5657 2517 5705 et
2559 5665 2702 5720 pene
2753 5654 3163 5714 universorum
3233 5658 3563 5717 inusitatam
3617 5664 3886 5721 moribus.
