3956 6428
93 402 200 455 549

1471 398 1563 452 DE
1606 397 1840 454 LAUDE
1881 396 1935 452 S.
1975 396 2240 453 ΜΑΒῙιΕ.

3511 404 3615 456 550

82 532 338 588 Laudari
383 538 677 600 tantopere
707 544 786 596 se,
817 529 965 585 etab
1002 543 1068 584 eo
1091 542 1264 599 quem
1309 527 1581 598 angelum
1628 512 1799 583 indu-
1837 528 1885 582 Α
1917 526 2106 593 tiores,
2137 527 2390 583 scientiae
2446 542 2506 584 se
2557 527 2843 587 aestimant
2888 530 3223 602 egentiores.
3269 531 3493 599 Quibus
3529 537 3615 587 est

80 621 181 677 bie
213 628 475 683 noverat,
524 619 705 675 audit.
746 620 818 674 Et
841 633 972 688 qua;
1012 631 1186 673 causa
1216 625 1426 685 motus,
1463 632 1594 687 qua:
1623 630 1800 672 causa

81 709 444 765 turbarum?
484 708 604 762 Etsi
648 707 847 763 mirari
890 707 1093 776 potuit,
1145 714 1210 761 ut
1266 713 1523 774 putatur,
1574 704 1797 760 turbari

76 811 206 853 non
254 798 474 853 debuit.
518 797 627 853 Res
680 804 766 852 est
819 810 950 867 quae
1010 794 1152 850 viris
1209 794 1381 849 etiam
1421 793 1798 849 sanctissimis

76 886 341 942 multant
364 893 569 956 argute
599 884 872 954 subripit,
900 892 966 939 ut
985 898 1117 939 cum
1150 883 1413 938 videlicet
1441 882 1515 937 ab
1544 882 1798 937 instabili

77 989 204 1029 non
236 974 358 1029 sine
384 973 714 1029 adulatione
746 973 1050 1043 aliquoties
1076 974 1252 1041 vulgo
1276 972 1611 1037 laudantur,
1646 970 1798 1026 illico

80 1062 223 1118 illac
254 1077 398 1132 pene
437 1061 887 1133 pracordialiter
926 1061 1317 1117 inﬂectantur.
1363 1060 1436 1115 At
1468 1074 1604 1115 vero
1656 1059 1799 1114 istac

75 1150 248 1206 omni
282 1152 425 1206 miro
454 1150 779 1206 mirabilius
807 1157 892 1205 est
924 1150 1079 1219 quod
1109 1149 1353 1218 angelus
1386 1162 1485 1217 per
1515 1162 1575 1204 se
1608 1148 1797 1204 unde-

74 1252 325 1309 cunque
353 1252 553 1303 verax,
582 1251 655 1293 ex
690 1236 889 1292 divina
913 1238 964 1292 ei
986 1236 1157 1292 etiam
1180 1235 1464 1291 sententia
1504 1234 1797 1305 proloqui-

74 1333 206 1392 tur,
256 1333 312 1382 et
359 1334 551 1382 tamen
599 1338 772 1394 super
820 1328 979 1380 tanta
1044 1323 1350 1380 testimonii
1398 1322 1609 1378 latione
1668 1330 1799 1379 tur-

80 1415 287 1471 batur.

161 1504 261 1559 Est
289 1518 427 1574 ergo
476 1503 556 1560 rei
615 1504 793 1574 hujus
844 1500 1135 1558 attentiori
1168 1500 1363 1557 animo
1423 1500 1798 1571 contemplari

75 1592 415 1648 materiam.
477 1591 873 1647 Perfectissimi
916 1591 1050 1647 boni
1102 1597 1313 1645 natura
1350 1597 1454 1657 est,
1504 1604 1621 1660 quo
1682 1603 1800 1645 am-

74 1681 258 1752 pliori
291 1695 485 1736 amore
515 1680 749 1737 virtutis
778 1681 1064 1748 inzestuat,
1103 1688 1262 1735 tanto
1291 1678 1395 1734 sibi
1420 1678 1651 1734 miseria
1683 1679 1796 1735 fra-

73 1770 345 1841 gilitatis,
378 1779 479 1825 aut
512 1768 870 1839 perminimae
901 1783 1067 1824 noxze
1086 1769 1432 1838 cujuspiam,
1463 1769 1555 1823 cui
1588 1768 1798 1837 subjici

71 1859 283 1913 adhuc
312 1873 371 1914 se
413 1858 676 1924 aestimat,
732 1856 791 1912 in
822 1858 1275 1913 consideratione
1318 1857 1604 1913 redundat
1646 1872 1659 1910 :
1694 1871 1801 1913 nec

75 1948 392 2019 perpendit
422 1948 563 2017 quid
605 1948 833 2013 habeat,
865 1948 963 2002 sed
993 1946 1088 2002 cui
1126 1947 1448 2002 necessitati
1477 1945 1797 2015 subiaceat.

75 2038 161 2091 Et
206 2051 339 2091 cum
396 2035 577 2091 divini
632 2036 937 2091 instinctus
983 2048 1186 2104 sapore
1233 2042 1495 2089 nectarco
1554 2035 1801 2091 interius

78 2126 379 2180 irremisse
424 2132 710 2194 pascatur,
763 2136 1139 2193 nequaquam
1182 2123 1250 2178 de
1300 2123 1393 2178 his
1436 2138 1569 2193 quae
1637 2124 1799 2194 adja-

76 2221 224 2269 cent
249 2214 599 2283 gratulatur,
639 2213 693 2267 id
726 2213 920 2281 potius
960 2211 1253 2267 tantillum
1288 2211 1444 2281 quod
1482 2212 1674 2267 adhuc
1704 2213 1799 2267 vi-

77 2302 265 2357 detur
317 2301 566 2369 ofﬁcere,
622 2300 992 2356 lamentatur.
1051 2300 1212 2356 Unde
1262 2300 1442 2354 David
1486 2314 1544 2355 se
1598 2299 1798 2355 crebro

75 2404 342 2461 egenum
366 2398 422 2446 et
455 2403 764 2460 pauperem
801 2391 965 2455 (Psal.
1002 2403 1204 2456 Lxxxr,
1233 2389 1307 2455 4).
1358 2389 1636 2444 Jeremias
1676 2388 1799 2444 cla-

78 2486 232 2534 mat.
268 2481 381 2546 Ego
431 2485 518 2533 vir
561 2481 751 2534 videns
810 2483 1198 2548 paupertatem
1236 2493 1409 2531 meam
1456 2478 1680 2546 (Thren.
1714 2493 1797 2546 tu,

84 2568 167 2635 l).
200 2568 375 2624 Plane
398 2568 542 2624 alter
571 2569 837 2625 audierat
868 2582 881 2621 :
913 2569 1104 2621 Inveni
1145 2571 1325 2620 virum
1364 2567 1662 2621 secundum
1708 2582 1801 2621 cor

76 2673 271 2711 meum
303 2657 451 2727 (Act.
485 2672 605 2720 xm,
653 2658 762 2727 22),
797 2657 940 2712 alter
982 2655 1181 2725 procul
1214 2655 1419 2725 dubio;
1468 2658 1798 2721 Priusquam

79 2750 272 2800 emircs
329 2746 394 2799 de
443 2748 609 2800 vulva
645 2748 986 2814 sanctiﬁcavi
1016 2748 1066 2797 te
1114 2744 1244 2813 (Jer.
1289 2759 1326 2810 ι,
1374 2744 1450 2812 5).
1489 2747 1556 2800 Et
1608 2752 1799 2801 tamen

80 2843 343 2905 uterque
374 2834 591 2904 quibus
620 2848 677 2890 se
704 2833 1131 2889 humilitatibus
1150 2833 1501 2889 addixerunt
1532 2833 1591 2888 in
1614 2847 1803 2902 prom-

80 2932 197 2993 ptu
227 2931 331 2979 est.
358 2924 638 2978 Joannem
671 2936 788 2977 non
812 2922 1023 2977 latebat
1044 2921 1329 2991 quidquid
1352 2921 1425 2976 ab
1452 2921 1800 2992 archangelo

161 3280 384 3346 Quanto
412 3284 535 3345 quis
578 3282 872 3333 sanctitate
902 3278 1207 3342 sublimior,
1242 3281 1395 3330 tanto
1442 3280 1502 3329 in
1534 3292 1588 3330 sc
1632 3276 1804 3330 humi-

85 3372 218 3424 lior.
261 3398 332 3409 ——
386 3368 491 3424 Sed
538 3367 887 3438 impossibile
933 3366 1165 3423 videtur
1207 3365 1506 3435 aliquibus
1555 3371 1621 3420 ut
1666 3378 1803 3421 cum

84 3459 225 3514 aliis
274 3458 510 3513 meliora
542 3459 674 3527 quis
719 3455 976 3527 gesserit,
1030 3454 1312 3511 deteriora
1356 3454 1426 3509 de
1476 3468 1535 3509 se
1570 3452 1798 3509 sentiat.

82 3547 256 3615 Quod
301 3545 582 3616 exemplis
618 3545 885 3601 facilibus
927 3544 1010 3600 sic
1058 3543 1355 3613 probatur.
1406 3542 1578 3599 Vides
1618 3542 1802 3597 homi-

84 3650 194 3692 nes
244 3635 628 3706 pecuniarum
667 3634 926 3700 avidum,
975 3632 1126 3705 gazis
1171 3632 1491 3689 exuberare
1539 3631 1804 3687 sublimi-

85 3725 223 3791 bus,
255 3731 310 3780 et
341 3723 483 3779 nulli
523 3722 762 3779 utilibus
800 3722 1099 3777 exundare
1138 3721 1371 3775 divitiis.
1405 3719 1511 3786 Qui
1562 3735 1679 3790 quo
1706 3734 1804 3776 eas

84 3812 531 3883 multipliciores
561 3811 821 3878 attendit,
862 3825 928 3866 eo
958 3824 1017 3866 se
1054 3810 1126 3864 ad
1169 3808 1437 3864 habenda
1479 3809 1806 3878 proripiens

85 3903 287 3959 animo
317 3902 633 3971 egentiores
663 3900 911 3966 festinat,
953 3906 1009 3955 et
1055 3897 1253 3953 habita
1282 3912 1395 3952 non
1446 3898 1807 3967 appretiatur

89 3991 237 4047 dum
272 3989 553 4046 habendis
581 3988 819 4059 aspirat.
854 3990 976 4053 Quo
1002 4002 1140 4059 ergo
1174 3994 1258 4043 est
1287 3986 1459 4042 ditior
1491 4000 1806 4056 pauperem

88 4094 151 4135 se
198 4087 446 4149 reputat,
492 4078 634 4134 dum
693 4077 885 4133 aliena
930 4075 1177 4132 allectat.
1222 4076 1295 4131 Et
1353 4075 1630 4131 aliorsum
1678 4075 1807 4130 vide

89 4167 390 4238 quispiam
423 4166 480 4222 in
513 4173 676 4237 gestu
708 4179 994 4233 amorum,
1028 4165 1085 4220 in
1113 4164 1425 4220 directione
1475 4164 1804 4231 missilium,

90 4256 151 4312 in
187 4271 398 4312 vocum
426 4255 775 4321 discrimine,
806 4254 866 4310 in
915 4253 1272 4310 anfractibus
1318 4260 1422 4310 aut
1475 4254 1809 4310 choraulica

92 4345 423 4415 disciplina,
454 4352 526 4408 et,
578 4358 650 4399 ne
698 4357 906 4407 morer,
947 4343 1136 4398 omnis
1180 4356 1294 4397 non
1353 4342 1538 4398 solum
1591 4342 1695 4412 qui
1750 4344 1810 4398 in

96 4434 365 4503 qualibet
402 4433 551 4500 utili,
602 4432 697 4488 sed
732 4432 833 4502 qui
867 4439 1115 4488 vexatur
1168 4431 1226 4486 in
1278 4438 1400 4486 arte
1448 4430 1692 4499 ludicra,
1734 4446 1804 4488 ex
1846 4429 1891 4485 D

93 4536 225 4591 sua,
260 4522 533 4593 quamvis
572 4521 830 4592 ignobili,
882 4521 1263 4576 intumescere
1309 4520 1627 4587 consuevit,
1659 4528 1716 4576 et
1744 4535 1805 4576 se

93 4612 226 4667 aliis
245 4610 421 4667 etiam
463 4610 714 4666 honestis
744 4610 1012 4680 praeferre
1044 4608 1304 4665 scientia.
1354 4607 1411 4664 Si
1451 4608 1630 4679 igitur
1658 4622 1805 4665 ava-

96 4714 202 4755 rus
231 4699 402 4771 quasi
424 4713 498 4755 ex
518 4698 695 4768 copiis
730 4699 1113 4769 pauperascit,
1146 4696 1379 4754 virtutis
1399 4710 1563 4754 amor
1588 4705 1806 4755 tractus

96 4788 331 4845 interna
371 4787 674 4844 dulcedine
729 4795 949 4858 quanto
985 4786 1238 4857 amplius
1283 4786 1439 4855 apud
1478 4800 1536 4839 se
1574 4799 1680 4841 suo
1708 4785 1807 4841 in-

96 4876 255 4933 tuitu
290 4876 604 4933 inanescit?
645 4877 701 4931 Si
732 4877 885 4933 enim
932 4889 1135 4931 verum
1174 4882 1280 4941 est,
1312 4875 1471 4945 quod
1517 4882 1622 4940 est,
1664 4876 1806 4946 quia

98 4964 202 5020 ubi
237 4965 552 5021 intenderis
581 4964 899 5036 ingenium,
936 4964 1011 5019 ibi
1040 4963 1211 5031 valet,
1245 4966 1385 5033 quia
1424 4963 1675 5033 quisque
1704 4970 1807 5020 aut

97 5064 258 5119 vera,
289 5061 392 5109 aut
434 5051 575 5108 falsa
605 5053 916 5108 intentione
941 5067 1000 5108 se
1030 5052 1273 5118 debriat,
1317 5052 1375 5107 in
1418 5052 1546 5121 ejus
1578 5052 1658 5107 rei
1688 5059 1807 5108 stu-

98 5139 194 5196 dio
240 5142 464 5197 caeteris
517 5149 787 5211 praestare
832 5156 890 5198 se
953 5148 1135 5211 putat.
1189 5141 1333 5197 Dum
1378 5140 1531 5196 enim
1583 5141 1656 5196 ad
1699 5141 1807 5197 hoc

100 5228 289 5285 solum
315 5228 551 5285 oculum
589 5229 806 5301 dirigit,
841 5229 899 5285 in
930 5244 1047 5300 quo
1077 5228 1167 5285 vel
1218 5229 1469 5284 inaniter
1496 5228 1603 5284 sibi
1635 5228 1806 5299 quasi

101 5320 481 5385 praeeminere
530 5318 779 5386 videtur,
827 5318 967 5374 dum
1007 5318 1255 5374 aliorum
1306 5316 1653 5374 utilitatibus
1702 5316 1807 5373 de-

104 5408 408 5474 spiciendis
472 5407 825 5477 supersedet,
888 5421 961 5464 ex
1028 5405 1262 5477 propria
1316 5406 1651 5477 arrogantia
1701 5405 1805 5461 de-

105 5508 234 5551 men
243 5503 419 5554 tatur.

179 5586 413 5644 Summae
448 5592 505 5642 in
554 5588 617 5642 B.
661 5588 886 5656 Virgine
942 5587 1271 5641 humilitatis
1320 5590 1482 5640 ratio.
1534 5615 1601 5625 —
1662 5583 1806 5642 Sunt

108 5672 304 5745 itaque
327 5677 703 5734 valentissimi
740 5685 794 5733 et
827 5676 1097 5743 illustres,
1130 5676 1231 5746 qui
1275 5689 1392 5746 quo
1430 5682 1567 5732 sunt
1615 5674 1806 5731 scien-

1910 616 2400 686 philsosophicum
2433 616 2578 674 illud
2612 634 2625 673 :
2655 639 2683 667 «
2723 619 2842 675 Hoc
2870 628 3098 677 tantum
3132 622 3277 689 scio,
3317 621 3474 691 quod
3505 634 3611 676 ne-

1904 705 2038 760 scio.
2078 726 2099 752 »
2160 706 2333 762 Porro
2381 707 2482 776 qui
2535 706 2676 764 alios
2732 709 3082 780 contemptui
3145 710 3368 779 primus
3418 709 3609 775 duxit,

1905 793 2153 849 sublime
2174 808 2344 850 omne
2376 794 2665 865 quidquid
2710 805 2814 865 est,
2863 798 3035 854 videt.
3079 798 3241 854 Unde
3281 805 3336 854 et
3365 798 3611 855 verbum

1905 882 2061 952 quod
2094 891 2179 938 est
2208 884 2516 953 despicere,
2572 885 2628 940 id
2652 894 2737 941 est
2782 886 3053 942 deorsum
3085 886 3338 957 aspicere
3376 886 3609 954 dicitur,

1904 969 2045 1039 quia
2109 969 2261 1025 infra
2297 985 2358 1027 se
2399 972 2602 1041 aspicit
2649 987 2799 1044 quos
2846 975 3180 1031 contemnit.
3235 975 3409 1046 Virgo
3474 989 3613 1045 ergo

1904 1058 2061 1114 omni
2109 1067 2377 1115 creatura
2421 1062 2812 1130 excellentior,
2875 1062 3098 1120 insolito
3140 1064 3475 1135 archangeli
3519 1065 3613 1119 fa-

1904 1161 2043 1204 vore
2075 1148 2364 1216 turbatur,
2395 1163 2526 1219 qua:
2554 1159 2775 1220 quanto
2799 1153 3100 1222 copiosiori
3128 1153 3285 1222 apud
3308 1167 3367 1209 se
3408 1153 3612 1209 merito

1904 1243 2234 1303 coornatur,
2265 1244 2422 1293 tanto
2450 1238 2557 1294 sibi
2600 1240 2890 1310 indignior
2916 1255 2989 1295 ex
3036 1254 3145 1297 sua
3183 1242 3351 1311 quasi
3399 1241 3614 1298 inutili-

1905 1332 2019 1381 tate
2049 1334 2330 1395 putatur:
2365 1327 2489 1396 ipsa
2535 1328 2687 1383 enim
2738 1343 2871 1398 quae
2910 1329 3268 1400 singularias
3312 1330 3465 1385 omni
3498 1345 3611 1386 an-

1906 1414 2032 1483 gelo
2079 1429 2146 1470 ac
2190 1415 2422 1471 homine
2466 1416 2696 1471 Domini
2742 1418 3001 1487 pedibus,
3052 1423 3201 1472 194
3246 1417 3422 1487 juxta
3466 1418 3611 1474 illud

1906 1502 2239 1570 Mosaicum,
2324 1505 2834 1575 appropinquavit,
2895 1507 3202 1575 specialius
3264 1507 3485 1563 caeteris
3538 1507 3608 1563 de

1908 1590 2088 1659 ipsius
2133 1590 2396 1646 doctrina
2435 1591 2672 1661 accepit,
2726 1607 2859 1662 quae
2907 1607 3020 1648 non
3060 1594 3169 1649 nisi
3219 1595 3602 1651 humilitatem

1908 1679 2035 1734 Filii
2064 1679 2156 1734 sui
2191 1679 2364 1734 verbo
2384 1694 2451 1734 ac
2467 1694 2635 1748 opere
2665 1682 2878 1745 sonuit,
2911 1682 2984 1737 ab
3014 1696 3080 1736 eo
3111 1682 3265 1737 enim
3310 1684 3462 1739 mitis
3488 1698 3611 1738 esse

1907 1780 1974 1822 ac
1999 1766 2235 1823 humilis
2262 1768 2432 1823 corde
2460 1768 2756 1825 didicerat.
2794 1769 2975 1840 Cujus
3020 1770 3433 1839 plenitudinem
3467 1785 3608 1842 gra-

1910 1857 1999 1913 tiae
2028 1866 2341 1927 antequam
2372 1867 2706 1915 nasceretur
2729 1872 2803 1915 ex
2827 1859 2951 1929 ipsa
2986 1860 3359 1917 combiberat.

1977 2002 2043 2057 In
2073 1999 2260 2071 angeli
2296 2001 2493 2071 itaque
2524 2015 2638 2057 non
2672 2001 2909 2065 visione,
2958 2002 3055 2057 sed
3114 2016 3372 2059 sermone
3419 2002 3613 2058 turba-

1906 2098 2020 2158 tur,
2053 2104 2185 2160 quze
2237 2088 2382 2144 nihil
2432 2104 2630 2146 eorum
2681 2104 2813 2161 quae
2843 2090 3195 2157 ferebantur,
3232 2092 3288 2146 in
3319 2107 3376 2146 se
3409 2091 3611 2147 haberi

1904 2178 2251 2235 omnimodis
2290 2178 2630 2235 arbitratur.
2674 2178 2788 2235 Nec
2829 2188 2993 2249 putes
3040 2181 3191 2250 quod
3226 2182 3405 2250 ipsam
3437 2180 3612 2236 etiam

1906 2266 2012 2323 sibi
2044 2267 2316 2323 virtutem
2377 2267 2719 2323 humilitatis
2765 2269 3036 2335 ascribat,
3080 2283 3256 2339 quam
3298 2270 3613 2338 respexisse

1906 2356 2089 2413 Deum
2131 2355 2302 2424 dicat,
2353 2355 2449 2411 sed
2499 2355 2877 2412 humilitatem
2914 2358 3059 2426 (Luc.
3111 2372 3150 2424 1,
3177 2357 3291 2426 48),
3324 2372 3439 2413 non
3504 2356 3614 2412 nisi

1906 2445 2029 2500 suis
2052 2444 2230 2515 ipsius
2255 2445 2533 2501 vilitatem
2563 2445 2829 2515 appellat.
2866 2446 3181 2514 Turbatur,
3218 2446 3476 2516 inquam,
3520 2460 3616 2501 cu-

1900 2534 1999 2602 jus
2025 2533 2152 2589 laus
2181 2533 2352 2589 etiam
2397 2548 2649 2604 superna
2698 2548 2815 2590 non
2868 2542 3126 2602 penetrat
3179 2533 3610 2589 conscientiam.

1904 2622 2269 2679 Oinlinitum
2332 2622 2512 2679 robur
2563 2622 2762 2690 animi,
2821 2622 2916 2678 cui
2962 2623 3008 2678 si
3056 2622 3246 2688 vellet,
3296 2630 3446 2679 certe
3496 2637 3613 2678 non

1906 2717 2093 2782 posset
2129 2711 2516 2782 archangelus
2561 2710 2828 2767 adulari!
2881 2727 2913 2767 o
2966 2710 3309 2768 beatissimm
3366 2711 3615 2767 insolens

1906 2801 2105 2867 robur,
2139 2815 2270 2871 quae
2300 2801 2472 2857 etiam
2509 2814 2581 2856 ex
2615 2801 2797 2870 ipsius
2827 2800 2925 2856 Dei
2973 2800 3387 2871 approbatione
3430 2814 3615 2855 vexa-

1907 2890 2032 2952 tur;
2066 2882 2163 2937 sed
2195 2882 2322 2938 licet
2351 2897 2543 2938 coram
2580 2884 2690 2938 Deo
2731 2883 2884 2953 apud
2929 2898 2988 2939 se
3014 2884 3153 2938 dum
3180 2883 3367 2939 ellerri
3410 2897 3469 2939 se
3516 2896 3617 2938 au-

1907 2971 2009 3037 dit,
2040 2971 2317 3041 pudorem
2348 2971 2499 3026 unde
2526 2972 2801 3028 turbatur
2830 2972 2924 3043 pia
2955 2972 3210 3042 patiatur
3240 2971 3499 3037 intentio,
3527 2986 3616 3027 co-

1909 3059 2052 3131 gitat
2118 3067 2311 3115 tamen
2369 3059 2560 3129 qualis
2620 3061 2694 3115 sit
2761 3059 2867 3115 ista
2916 3060 3186 3115 salutatio
3253 3060 3433 3130 (ibid.,
3503 3062 3611 3125 29),

1909 3147 2097 3202 virtus
2124 3147 2278 3203 enim
2330 3146 2621 3203 insensata
2660 3162 2764 3203 nec
2791 3147 2922 3214 dici,
2952 3162 3057 3203 nec
3089 3156 3267 3217 potest
3296 3163 3437 3203 esse.
3473 3146 3612 3214 Quae

1906 3234 2009 3291 etsi
2058 3235 2211 3306 quod
2238 3235 2513 3291 laudatur
2539 3236 2849 3291 exhorrere
2892 3252 3006 3291 non
3060 3243 3261 3302 cessat,
3295 3235 3616 3291 accidentes

1907 3331 2099 3379 tamen
2128 3338 2202 3379 ex
2251 3324 2469 3380 meritis
2513 3338 2718 3380 causas
2765 3324 2875 3380 sub
2915 3325 3113 3380 divina
3162 3326 3253 3396 agi
3310 3324 3616 3395 aliquoties

1910 3412 2280 3483 dispositione
2335 3419 2627 3469 retractat.
2686 3412 2823 3481 Quae
2885 3413 3053 3484 plane
3112 3414 3210 3469 Dei
3276 3408 3618 3483 sapientiam

1910 3502 2173 3573 paritura
2205 3501 2410 3569 fuerat,
2448 3516 2563 3556 non
2596 3501 2667 3556 ad
2703 3502 2973 3557 stolidum
3008 3502 3221 3572 sapuit,
3251 3500 3350 3557 sed
3392 3502 3450 3557 in
3495 3501 3618 3557 dis-

1910 3591 2193 3647 cutiendis
2216 3590 2550 3646 divinarum
2600 3590 3030 3646 ordinationum
3073 3591 3379 3645 eventibus
3408 3589 3515 3646 fuit
3544 3603 3619 3645 ex

1912 3680 2034 3750 ipsa
2086 3678 2425 3735 mirabiliter
2484 3678 2809 3735 humilitate
2855 3678 3103 3745 subtilis,
3157 3679 3312 3750 quod
3352 3679 3525 3734 etiam
3565 3684 3620 3734 et

1909 3773 2013 3833 est,
2041 3773 2097 3821 et
2120 3766 2390 3836 competit
2421 3766 2480 3821 in
2506 3767 2776 3822 omnibus
2811 3768 3022 3823 sanctis
3066 3768 3229 3837 viris;
3260 3768 3363 3822 etsi
3414 3779 3620 3836 nempe

1912 3854 2243 3910 beatissima
2274 3854 2370 3909 illa
2398 3863 2612 3911 statum
2642 3870 2813 3911 suum
2847 3857 3258 3925 parvipendere
3289 3855 3616 3921 videbatur,

1911 3958 2026 3999 non
2076 3951 2267 3999 tamen
2301 3943 2472 3999 inane
2518 3942 2860 4012 aestimabat,
2909 3945 3063 4014 quod
3111 3944 3388 4013 peculiari
3444 3957 3621 4014 super

1911 4046 2108 4109 omnes
2162 4031 2219 4087 in
2256 4046 2316 4088 se
2348 4030 2527 4087 divini
2562 4032 2774 4087 amoris
2824 4046 3064 4087 munere
3108 4032 3435 4103 gerebatur.
3495 4031 3619 4088 Nisi

1912 4135 2051 4177 sane
2082 4120 2388 4191 quaeintra
2422 4136 2481 4177 se
2511 4121 2837 4192 agebantur
2865 4112 2937 4176 ad
2989 4119 3278 4191 liquidum
3323 4121 3618 4177 discerne-

1915 4217 2019 4275 ret,
2055 4224 2285 4279 compos
2334 4209 2568 4265 virtutis
2627 4208 2842 4265 intima)
2876 4209 3212 4266 nullatenus
3267 4216 3442 4280 esset;
3488 4224 3621 4279 quae

1916 4299 2256 4355 contuendae
2305 4314 2425 4355 suae
2465 4297 2642 4355 menti
2690 4298 2830 4354 adeo
2871 4298 3230 4370 majestativa
3275 4298 3619 4355 auctoritate

1919 4386 2203 4456 praesedit,
2253 4394 2313 4443 ut
2362 4386 2572 4442 liducia
2613 4400 2733 4442 suae
2782 4386 3401 4457 incomprehensibilis,
3444 4386 3617 4458 cujus

1918 4475 2025 4531 sibi
2056 4476 2305 4544 conscia,
2328 4475 2627 4531 munditiae
2661 4474 2809 4531 dicto
2828 4475 2997 4532 citius
3027 4475 3300 4549 angelicae
3350 4475 3622 4548 legationi

1912 4565 2323 4621 subscriberet.

1983 4690 2178 4746 Gratia
2226 4706 2329 4759 pro
2400 4692 2719 4744 remissione
2789 4693 3140 4758 peccatorum
3194 4692 3454 4744 sumitur.
3523 4689 3620 4744 Se-

1912 4779 2152 4833 cundum
2197 4780 2479 4834 Platonem
2520 4782 2684 4847 prius
2719 4783 2979 4832 creantur
3020 4779 3252 4846 spiritus
3291 4792 3457 4843 quam
3496 4792 3622 4831 cor-

1904 4884 2068 4938 pora.
2107 4898 2178 4907 —
2216 4870 2287 4922 At
2330 4880 2466 4922 vero
2506 4866 2656 4922 elabi
2707 4880 2821 4922 non
2861 4866 3026 4921 debet
3057 4866 3199 4936 quid
3240 4866 3313 4920 sit
3358 4878 3490 4935 quae
3543 4863 3622 4920 illi

1913 4956 2262 5027 pradicatur
2290 4954 2465 5012 allore
2496 4956 2701 5025 gratia.
2733 4953 2872 5020 Quae
2899 4956 3071 5010 etiam
3115 4953 3375 5023 ejusdem
3419 4953 3621 5023 gratiae

1914 5044 2226 5116 plenitudo.
2270 5045 2462 5101 Gratia
2519 5058 2622 5114 pro
2673 5042 3006 5099 remissione
3062 5042 3297 5113 ponitur
3350 5050 3621 5113 peccato-

1912 5147 2064 5200 rum,
2100 5141 2165 5189 ut
2192 5140 2276 5189 est
2303 5133 2363 5188 in
2408 5131 2730 5201 apostolicis
2777 5131 3023 5187 litteris:
3072 5130 3286 5199 Gratia,
3334 5130 3524 5201 inquit
3570 5134 3623 5185 et

1905 5239 2027 5292 pan:
2060 5223 2212 5277 vobis
2250 5223 2646 5291 multiplicetur
2675 5222 2722 5285 (ι
2765 5222 2912 5276 Petr.
2954 5236 2991 5286 ι,
3029 5220 3104 5290 2).
3152 5219 3423 5275 Rcmissis
3463 5220 3620 5276 enim

1913 5312 2158 5381 peccatis
2214 5310 2589 5381 paciﬁcamur
2644 5310 2777 5366 Deo.
2812 5309 2866 5366 Si
2925 5310 2995 5367 de
3042 5318 3272 5380 peccato
3311 5309 3401 5366 vel
3450 5307 3623 5380 origi-

1911 5407 2053 5476 nali,
2080 5408 2172 5464 vel
2203 5407 2417 5464 actuali
2444 5406 2574 5477 ejus
2611 5409 2827 5479 agitur,
2868 5422 2969 5477 per
3003 5415 3269 5464 sanctum
3301 5408 3403 5478 qui
3445 5407 3497 5463 ei
3544 5420 3621 5463 ex

1912 5503 2077 5554 utero
2101 5497 2315 5553 coaluit
2362 5496 2660 5566 Spiritum,
2694 5496 2750 5552 id
2785 5505 3093 5568 purgatur.
3139 5496 3194 5552 Si
3226 5496 3318 5552 via
3360 5496 3477 5552 Deo
3517 5509 3620 5566 per

1913 5599 2090 5657 quam
2122 5585 2195 5641 ad
2224 5598 2324 5641 cor
2353 5586 2548 5641 veniat
2583 5585 2873 5656 cujusque
2915 5585 3097 5642 fidelis
3125 5586 3320 5656 parari
3353 5584 3616 5657 iubetur,

1913 5682 2097 5731 mater
2142 5675 2234 5731 cui
2266 5688 2327 5732 se
2363 5674 2755 5745 generandum
2794 5674 3039 5731 contulit
3071 5674 3330 5745 squalori
3362 5682 3416 5730 et
3459 5673 3620 5730 incu-
