3956 6448
386 401 480 452 551

1281 397 1341 455 ν.
1382 399 1714 456 GUIBERTI
1753 396 2044 454 ABBATIS
2080 397 2136 453 S.
2177 395 2420 452 IARIJE
2454 395 2548 452 DE
2593 391 2993 452 NOVIGENTO

3773 399 3846 450 552

381 531 482 587 rise
507 529 862 586 dimittetur?
887 529 1046 586 verbi
1085 529 1269 601 gratia
1299 529 1430 600 (25).
1461 528 1621 585 Certe
1659 528 1704 582 si
1761 527 2079 585 secundum
2118 529 2167 582 Α
2198 526 2320 596 pari
2351 525 2603 582 omnimo
2639 540 2762 581 sese
2815 525 3077 581 ciborum
3123 529 3274 580 095
3315 525 3642 596 quantitate
3692 525 3849 582 disten.

382 619 730 676 Platonicam
771 619 1111 675 sententiam
1151 618 1389 688 spiritus
1430 617 1610 672 nostri
1672 617 1836 686 prius
1882 631 2084 673 creau-

379 716 479 765 tur
505 722 683 778 quam
708 721 965 778 corpora,
1011 714 1195 777 posset
1225 707 1376 762 Deus
1413 705 1659 774 cuipiam
1708 705 1937 775 spiritui
1973 720 2082 775 op-

378 797 588 852 tionem
611 796 748 852 dare
796 810 914 868 qua
946 796 1112 852 vellet
1155 795 1442 865 procreari
1490 809 1563 850 ex
1598 802 1800 850 matre.
1831 793 1991 861 Quod
2035 794 2081 849 si

380 886 556 953 fieret,
591 898 767 956 quam
803 892 972 954 putas
1017 885 1107 939 ille
1155 897 1455 953 personam
1486 883 1589 938 sibi
1623 883 1726 952 ipsi
1761 884 2083 937 conscirc:?

379 973 461 1028 De
492 972 745 1043 corporis
783 971 967 1027 forma
1002 986 1069 1027 ac
1099 971 1437 1027 habitudine
1462 971 1678 1026 sileam.
1713 970 1862 1037 Quid
1914 971 2082 1025 hone-

380 1061 561 1123 statis,
591 1061 730 1132 quid
764 1061 1081 1131 prudentia;
1115 1060 1308 1116 animo
1335 1059 1462 1130 ejus
1502 1073 1570 1114 ac
1620 1059 1878 1114 moribus
1919 1073 2080 1114 com-

379 1154 647 1217 portaret,
689 1146 769 1202 nil
817 1145 1012 1215 procul
1073 1145 1250 1201 dubio
1303 1144 1380 1200 illi
1429 1145 1726 1211 adimeret,
1779 1159 1896 1215 quo
1955 1145 2079 1214 ipsa

379 1234 508 1291 aliis
561 1234 845 1290 invidiosa
891 1248 1007 1290 non
1057 1240 1222 1289 esset.
1279 1233 1333 1288 Si
1383 1233 1464 1288 sic
1522 1232 1772 1288 hominis
1815 1231 2074 1302 spiritus,

377 1323 666 1378 civitatem
699 1321 998 1392 virginalis
1048 1319 1216 1386 uteri,
1246 1333 1423 1390 quam
1467 1319 1574 1375 sibi
1619 1319 1822 1375 fundat
1862 1318 2079 1374 Altissi-

375 1426 528 1477 mus,
585 1425 704 1482 quo
761 1409 1044 1481 potentior
1094 1416 1198 1474 est,
1249 1422 1442 1464 nonne
1489 1408 1584 1463 Dei
1648 1408 1829 1464 multo
1893 1408 2076 1478 magis

375 1509 643 1573 perornat
686 1498 968 1570 Spiritus?
1018 1497 1268 1554 Securus
1309 1496 1456 1563 dico,
1506 1497 1552 1551 si
1594 1495 1808 1552 civium
1859 1499 2076 1566 pariter

374 1603 758 1661 supernorum
811 1587 1000 1643 cordis
1047 1586 1174 1655 ejus
1215 1593 1559 1655 apparatum
1602 1585 1893 1654 explicare
1951 1600 2074 1654 pro-

374 1687 654 1752 ponerent
703 1689 943 1747 organa,
1030 1681 1162 1730 ante
1219 1674 1528 1729 deficerent
1591 1687 1770 1743 quam
1821 1674 2073 1731 dicerent

374 1769 569 1840 digna.
595 1767 739 1823 Nam
769 1765 815 1820 si
836 1765 1008 1835 juxta
1030 1762 1383 1832 Apostolum,
1419 1762 1841 1832 principatibus
1867 1771 1922 1818 et
1965 1777 2072 1832 po-

375 1855 674 1913 testatibus
728 1852 978 1908 innotuit
1025 1865 1128 1922 per
1185 1851 1497 1906 Ecclesiam
1554 1850 1924 1906 multiformis
1987 1865 2075 1906 sa-

2195 615 2362 683 dunt,
2424 615 2502 670 ita
2556 615 2651 670 Dei
2731 615 2977 685 gratiam
3049 612 3216 684 longe
3283 614 3631 684 dispariliori
3679 624 3849 670 mentes

2195 703 2598 760 distributione
2647 710 3022 773 cognoscunt.
3083 702 3206 769 Quo
3263 717 3468 773 nempe
3521 704 3616 759 Dei
3687 705 3848 774 majori

2193 793 2326 863 quis
2379 806 2574 848 amore
2628 791 3000 861 examplatur
3052 791 3142 862 [f.,
3201 791 3635 865 exampliatur],
3684 807 3757 858 eo,
3804 801 3850 848 ut

2191 881 2273 936 sic
2303 880 2509 948 dicam,
2551 880 2854 936 concavior
2887 881 3138 949 receptui
3181 879 3379 936 divino
3419 881 3708 950 probatur.
3737 881 3850 936 Aliis

2189 970 2322 1025 sola
2351 968 2859 1038 cmnpunctionum
2889 968 3149 1024 scintillae
3177 967 3512 1034 sufficiunt;
3540 968 3637 1024 alii
3672 982 3849 1038 super-

2188 1072 2277 1114 naa
2315 1057 2810 1127 contemplationis
2842 1057 2994 1112 focos
3039 1056 3252 1112 ferunt.
3304 1057 3412 1113 Pro
3461 1056 3730 1112 tenuitate
3765 1057 3846 1110 ita-

2186 1159 2301 1215 que
2332 1145 2650 1201 intellectus
2680 1152 2735 1200 et
2757 1145 2882 1200 ﬁdei
2916 1144 3094 1215 aliqui
3131 1158 3309 1215 parvo
3344 1145 3669 1215 implentur,
3699 1145 3848 1214 aliqui

2185 1248 2286 1304 pro
2315 1242 2518 1304 captus
2541 1233 2921 1304 amplitudine
2948 1247 3048 1304 per
3072 1233 3295 1289 inﬁnita
3336 1235 3670 1292 tenduntur.
3710 1233 3852 1289 Vides

2182 1337 2319 1393 ergo
2375 1322 2726 1379 benedictam
2786 1321 2935 1378 inter
2990 1330 3286 1378 creaturas
3341 1323 3634 1394 Virginem
3697 1335 3851 1392 quam

2184 1411 2490 1481 peregrina
2534 1411 2680 1467 inter
2729 1411 2871 1467 alios
2921 1411 3242 1482 gratiarum
3296 1411 3648 1482 plenitudine
3687 1411 3847 1481 pollet,

2183 1498 2456 1555 nimirum
2488 1513 2618 1570 quae
2649 1498 2824 1554 totius
2854 1498 3053 1569 gratiae
3083 1499 3390 1554 Auctorem
3422 1499 3587 1554 beata
3607 1495 3729 1553 alvo
3762 1511 3850 1550 cte-

2184 1587 2302 1644 lum
2339 1587 2485 1643 facta
2517 1589 2788 1643 continet.

2251 1676 2367 1732 Nec
2407 1676 2546 1731 illud
2589 1676 2857 1747 denique,
2897 1675 3025 1732 licet
3075 1689 3323 1746 pravum
3373 1675 3658 1741 videatur,
3701 1672 3850 1728 omit-

2185 1773 2322 1830 tam,
2375 1765 2530 1834 quod
2570 1765 2782 1835 virgini
2829 1765 2902 1820 ab
2947 1765 3151 1834 angelo
3202 1764 3493 1820 Elisabetb
3538 1765 3688 1819 senis
3730 1778 3849 1818 cou-

2181 1861 2397 1924 ceptus,
2430 1867 2498 1908 ac
2547 1853 2594 1908 si
2655 1867 2757 1923 pro
2805 1853 3117 1909 astruenda
3168 1851 3275 1907 ﬁde
3320 1853 3676 1922 proponitur,
3716 1851 3848 1921 quod

371 1943 585 2016 pientia
615 1942 712 1998 Dei
748 1940 946 2012 (Ephes
993 1955 1073 2006 Ill,
1111 1941 1214 2006 l0),
1267 1939 1602 2008 mysterium
1650 1940 1803 2008 quod
1850 1938 1907 1994 in
1949 1939 2072 1994 Ma-
2179 1956 2485 2012 nunquam
2549 1940 2799 2010 exempli
2847 1942 3036 2012 gratia
3091 1940 3164 1996 ab
3238 1941 3432 1996 eodem
3504 1941 3852 1996 induceretur

371 2033 456 2089 ria
485 2039 674 2088 actum
699 2038 800 2094 est,
835 2031 1003 2098 cujus
1034 2027 1431 2098 perminimam
1483 2029 1858 2097 quaestionem
1896 2029 2073 2084 Joan-
2179 2031 2286 2086 nisi
2321 2038 2385 2086 ut
2431 2044 2709 2100 magnum
2759 2029 2969 2099 virgini
3003 2029 3318 2085 videretur.
3367 2029 3540 2085 Porro
3590 2030 3700 2084 Deo
3729 2027 3850 2098 quid

371 2136 472 2177 nes
510 2121 568 2176 in
617 2119 770 2175 natis
807 2117 1113 2174 mulierum
1153 2115 1338 2186 major
1379 2115 1682 2171 enucleare
1723 2130 1838 2171 non
1889 2123 2070 2186 potest

369 2207 588 2279 (Matth.
648 2221 726 2270 XI,
783 2205 897 2275 il),
948 2203 1238 2274 quomodo
1290 2202 1442 2272 apud
1495 2203 1643 2272 ipsos
1700 2203 2069 2272 expressibile

367 2297 488 2355 est?
519 2297 574 2352 Si
604 2310 677 2351 ex
714 2293 804 2350 bis
830 2307 962 2364 quae
999 2293 1152 2348 circa
1192 2306 1296 2346 nos
1346 2291 1475 2347 fecit
1507 2305 1608 2360 per
1652 2291 1858 2347 Filium
1915 2292 2070 2348 Deus

369 2401 500 2457 quae
520 2383 836 2455 aliquando
869 2381 1208 2447 nescierant,
1255 2380 1598 2444 didicerunt,
1623 2393 1754 2450 quae
1781 2380 1840 2435 in
1883 2393 2067 2449 seipse

367 2473 628 2532 Christus
663 2471 844 2542 egerit
869 2469 1155 2540 quomodo
1187 2467 1713 2537 comprehendent?

438 2562 693 2618 Gratiam
741 2573 877 2628 ergo
923 2557 1004 2613 sic
1059 2556 1428 2626 accipiamus,
1486 2562 1547 2610 ut
1609 2555 1892 2626 quidquid
1943 2556 2066 2626 ipsa

367 2651 496 2717 fuit,
529 2647 901 2720 singulariter
937 2645 1208 2702 selectum
1248 2644 1320 2700 ab
1363 2643 1517 2700 omni
1569 2641 1826 2700 humana
1873 2645 2066 2701 tradu-

366 2739 552 2796 ctione
605 2737 928 2803 credamus,
989 2741 1054 2790 ut
1100 2741 1230 2803 pote
1285 2747 1462 2804 quam
1525 2733 1784 2789 inaudito
1839 2734 2065 2790 szeculis

367 2826 667 2900 privilegio
709 2838 743 2880 a
796 2826 957 2880 Patre
1002 2830 1055 2878 et
1099 2837 1156 2878 se
1212 2821 1315 2877 sibi
1378 2829 1612 2877 noverat
1661 2822 2060 2892 delegandam,

367 2930 470 2987 per
523 2921 785 2971 sanctum
838 2911 1111 2982 Spiritum
1165 2910 1335 2966 tantis
1389 2910 1593 2966 ofﬁciis
1658 2909 2058 2978 affectandam,

366 3004 525 3061 haud
571 3002 832 3069 dubium,
883 3001 929 3056 si
986 2999 1230 3056 audeam
1275 2999 1480 3060 dicere.
1534 2999 1689 3070 quod
1739 3006 1795 3055 et
1851 3000 2058 3068 dicam,

2175 2133 2453 2189 magnum
2500 2118 2608 2174 fuit
2637 2119 2683 2174 si
2715 2117 2958 2188 virginis
2990 2132 3063 2173 ex
3096 2117 3312 2187 Spiritu
3345 2127 3543 2174 venter
3574 2117 3848 2182 intumuit,

2176 2208 2280 2279 qui
2323 2207 2457 2262 olim
2507 2214 2568 2263 ut
2613 2221 2711 2262 eas
2756 2206 3091 2262 fecundaret
3153 2207 3324 2276 aquis
3371 2206 3674 2263 incubuit?
3723 2208 3848 2261 Anui

2175 2295 2311 2352 dare
2382 2302 2717 2364 conceptum
2766 2309 2881 2350 non
2954 2294 3161 2350 minori
3212 2294 3480 2350 facilitate
3559 2294 3849 2366 subjacuit.

2173 2384 2247 2440 At
2278 2384 2426 2440 inter
2475 2398 2578 2439 nos
2634 2397 2749 2438 non
2799 2383 3107 2439 minimum
3153 2397 3245 2439 res
3287 2383 3395 2439 ista
3433 2383 3850 2453 constringitur,

2172 2473 2272 2530 ubi
2341 2471 2650 2528 difﬁcultas
2714 2473 2889 2527 totius
2963 2479 3207 2536 naturae,
3266 2471 3378 2527 imo
3443 2469 3853 2541 impossibilitas

2170 2561 2495 2617 denotatur.
2537 2559 2592 2615 Si
2635 2559 2790 2616 enim
2847 2558 3022 2630 Virgo
3078 2573 3150 2615 ex
3210 2561 3320 2615 Deo
3367 2559 3732 2626 fecundatur,
3786 2559 3852 2613 nil

2171 2649 2382 2704 mirum
2441 2655 2526 2704 est
2587 2648 2727 2718 quia
2776 2655 3179 2703 creaturarum
3237 2661 3369 2718 quas
3415 2647 3536 2703 sine
3598 2647 3854 2703 masculis

2169 2744 2447 2808 generant
2518 2739 2780 2805 exemplo
2857 2735 3170 2807 levigatur.
3243 2734 3373 2791 Sola
3457 2743 3584 2806 post
3662 2749 3851 2806 parum

2168 2825 2519 2896 virginitatis
2615 2825 2974 2880 conservatio
3056 2824 3250 2895 magni
3343 2823 3854 2893 incomparabiliter

2168 2914 2508 2970 aestimatur.
2564 2913 2646 2969 illi
2703 2913 2848 2969 nihil
2901 2912 3135 2970 omnino
3182 2911 3564 2982 componitur,
3623 2913 3764 2984 quia
3808 2919 3854 2966 et

2168 3002 2432 3058 divinum
2482 3009 2568 3058 est
2624 3002 2777 3073 quod
2817 3009 3175 3072 procreatur,
3221 3009 3276 3057 et
3328 3001 3534 3072 prodit,
3574 3009 3632 3057 et
3685 3003 3740 3057 in
3772 3015 3852 3057 na-

367 3093 510 3166 quin
543 3092 600 3146 in
639 3088 919 3147 creaturis
965 3088 1238 3144 omnibus
1283 3087 1389 3143 sibi
1436 3087 1540 3142 soli
1587 3087 1643 3143 in
1693 3095 1866 3158 terra,
1920 3090 2058 3145 dum
2099 3115 2140 3172 ρ
2170 3091 2318 3146 turis
2372 3105 2489 3146 non
2543 3090 3020 3160 exemplificatur.
3089 3091 3155 3145 In
3231 3090 3466 3146 senibus
3539 3099 3739 3146 autem
3809 3097 3853 3144 et

365 3181 678 3244 adviveret,
712 3185 767 3234 et
799 3191 956 3233 nunc
989 3177 1045 3232 in
1070 3175 1211 3232 cmlo
1261 3176 1592 3232 secundam.
1631 3175 1827 3233 Gratia
1865 3185 2058 3235 autem

364 3267 473 3324 hoc
492 3275 696 3334 totum,
733 3265 858 3323 licet
889 3264 1218 3321 omnimodo
1247 3265 1532 3320 virtutum
1578 3265 1800 3321 ambitu
1840 3266 1897 3322 id
1929 3281 2059 3337 pro-

362 3363 725 3428 sequeretur,
754 3353 883 3422 fuit,
925 3353 1065 3424 quia
1101 3352 1266 3408 nulla
1317 3353 1524 3419 virtus,
1566 3353 1794 3410 nullum
1833 3355 2059 3412 exerci-

363 3445 530 3512 tium,
582 3458 699 3500 non
729 3442 1135 3512 cujuscunque
1185 3440 1372 3496 meriti
1412 3439 1576 3496 labor
1622 3440 1934 3511 impensus,
1987 3442 2056 3498 ad

363 3529 726 3587 emerendam
756 3527 1009 3598 cuipiam
1039 3525 1264 3581 femina:
1295 3526 1393 3582 Dei
1425 3527 1849 3596 conceptionem
1890 3528 2056 3585 suffi-

363 3625 532 3686 ceret,
569 3616 679 3673 nisi
729 3616 936 3686 gratia,
967 3623 1022 3672 et
1057 3614 1181 3671 haec
1220 3630 1333 3671 non
1386 3615 1550 3671 modo
1595 3614 1918 3682 ineffabilis,
1958 3617 2057 3674 sed

363 3703 822 3777 inexcogitabilis
862 3703 1017 3759 omni
1069 3711 1274 3774 praeter
1335 3703 1513 3760 Deum
1545 3711 1769 3760 naturae
1808 3705 2053 3774 przeiret.

434 3794 539 3851 Sed
566 3794 691 3865 ipsa
731 3793 1024 3863 plenitudo
1060 3807 1192 3864 quae
1229 3794 1320 3860 sit,
1359 3793 1574 3862 pariter
1610 3793 2053 3864 attendendum;

362 3898 499 3941 nam
529 3883 762 3940 forsitan
802 3882 908 3953 ipsi
938 3881 1261 3953 specialitas
1290 3881 1495 3938 deferri
1529 3897 1645 3938 non
1691 3890 1888 3951 potest,
1925 3897 2055 3952 quae

361 3973 558 4030 multis
605 3972 934 4030 ascribitur.
974 3971 1030 4028 Si
1078 3971 1228 4028 enim
1284 3971 1409 4027 haec
1451 3969 1620 4040 plena
1659 3969 1810 4041 (Luc.
1859 3985 1898 4037 ι,
1941 3972 2050 4040 28),

359 4069 414 4119 et
445 4062 736 4119 Elisabetb
781 4061 994 4117 dicitur
1041 4060 1255 4130 repleta
1303 4059 1482 4129 (ibid.,
1539 4058 1652 4129 41),
1695 4066 1750 4115 et
1779 4059 1847 4115 de
1877 4057 2055 4129 pluri-

357 4153 467 4207 mis
500 4150 643 4206 alias
690 4150 842 4206 idem
884 4148 1101 4206 affatim
1144 4148 1449 4219 reperitur,
1494 4147 1591 4204 sed
1623 4147 1830 4204 barum
1870 4148 2051 4218 pleni-

357 4240 630 4298 tudinum
696 4245 858 4294 tanta
907 4251 1030 4293 esse
1098 4235 1456 4308 dignoscitur
1508 4249 1649 4305 pene
1727 4236 2049 4309 diversitas,

359 4335 584 4400 quanta
641 4326 927 4382 bonorum
986 4323 1312 4382 animorum
1369 4331 1454 4382 est
1503 4324 1722 4396 ubique
1783 4326 2049 4385 varietas.

2167 3178 2335 3235 effeto
2388 3192 2620 3248 corpore
2665 3192 2702 3233 a
2751 3177 2984 3249 genitali
3045 3177 3294 3248 potentia
3353 3177 3669 3248 utrobique
3735 3177 3854 3233 sub-

2168 3265 2375 3333 ductis,
2437 3265 2518 3321 nil
2570 3267 2764 3322 minus
2809 3267 3098 3336 appretior
3148 3266 3196 3321 si
3250 3273 3542 3335 generent,
3591 3281 3776 3337 quam
3817 3266 3854 3321 si

2168 3354 2268 3411 fiat
2326 3355 2655 3426 bujusmodi
2715 3354 3119 3410 commercium
3180 3353 3360 3411 fertile
3410 3353 3465 3409 in
3529 3355 3854 3426 impubibus

2166 3443 2354 3500 annis.
2414 3445 2486 3499 At
2541 3443 2723 3499 multo
2780 3441 3004 3512 minus;
3065 3455 3200 3498 nam
3265 3443 3323 3498 in
3374 3444 3565 3512 pueris
3619 3452 3855 3500 natura-

2166 3531 2295 3589 liter
2343 3532 2606 3588 coalescit
2681 3531 2856 3600 calor,
2911 3538 2967 3587 et
3017 3530 3248 3601 physice
3304 3539 3718 3589 veteranorum
3779 3532 3853 3586 in-

2162 3620 2474 3677 efficaciam
2520 3620 2592 3676 ad
2641 3618 2996 3690 gignendum
3041 3617 3230 3688 juvat,
3257 3617 3396 3674 dum
3449 3618 3610 3689 quod
3663 3619 3723 3676 in
3781 3619 3856 3675 his

2163 3709 2482 3780 congelatio
2537 3707 2839 3779 sanguinis
2889 3705 3148 3776 impedit,
3201 3707 3259 3762 in
3300 3706 3492 3763 alteris
3547 3707 3856 3778 primaevus

2167 3797 2356 3853 fervor
2409 3795 2679 3867 explicat.
2726 3797 2791 3851 in
2847 3808 3072 3852 summe
3116 3808 3255 3866 ergo
3306 3795 3610 3865 decrepitis
3665 3811 3757 3854 res
3804 3798 3855 3852 fit

2165 3893 2426 3956 prompta
2499 3884 2796 3954 miraculo,
2846 3883 2988 3940 dum
3045 3883 3180 3940 hinc
3244 3883 3587 3941 mulieribus
3667 3892 3857 3942 treme-

2166 3975 2360 4030 bundo
2392 3973 2514 4045 jam
2569 3973 2728 4030 senio
2786 3987 2902 4028 non
2960 3971 3233 4028 incidenti
3271 3971 3469 4042 aliqua
3523 3972 3854 4030 inﬁrmitate

2160 4063 2525 4130 vacantibus,
2560 4062 2716 4118 illine
2761 4061 2987 4117 viribus
3015 4074 3050 4116 a
3073 4061 3234 4118 solito
3275 4060 3462 4116 calore
3501 4073 3572 4117 ac
3620 4063 3853 4120 humore

2160 4151 2476 4218 exhaustis,
2532 4150 2678 4206 nihil
2728 4157 2814 4206 est
2856 4149 3105 4219 profecto
3155 4148 3370 4205 residui
3412 4150 3568 4220 quod
3637 4159 3850 4208 motum

2160 4239 2510 4310 cujuspiam,
2588 4253 2702 4295 non
2769 4237 2894 4294 dico
2951 4237 3264 4307 voluptatis
3317 4238 3416 4294 sed
3482 4239 3571 4295 vel
3641 4242 3852 4298 tenuis-

2160 4329 2320 4384 simae
2350 4327 2668 4384 voluntatis
2704 4326 3033 4383 exsuscitet.
3077 4327 3237 4383 Unde
3284 4326 3499 4384 Paulus
3545 4327 3726 4386 fidem
3764 4345 3851 4386 su-

356 4415 554 4484 Quotw
583 4414 752 4485 plane
777 4421 914 4471 sunt
951 4411 1464 4513 innumerabilium
1512 4412 1855 4512 capacitates
1887 4431 2052 4472 vaso-
2090 4457 2134 4513 ο
2167 4431 2268 4486 per
2328 4417 2436 4473 hoc
2518 4416 2767 4473 Abrahae
2829 4415 2918 4471 vel
2983 4414 3342 4485 potissimum
3404 4415 3635 4486 probat,
3708 4419 3853 4490 quod

353 4518 509 4573 rum,
560 4509 642 4560 tot
691 4503 807 4560 fere
857 4509 1117 4559 constant
1147 4501 1298 4560 modi
1359 4509 1617 4560 statuum
1673 4501 2048 4560 internarum.

357 4591 687 4648 Secundum
770 4590 1066 4662 propriam
1125 4590 1336 4647 etenim
1399 4590 1686 4662 cujusque
1753 4591 2053 4648 virtutem.

349 4681 510 4753 justa
566 4679 949 4752 Evangelium
1009 4679 1080 4738 de
1127 4677 1358 4737 talentis
1403 4679 1623 4751 (Matth.
1669 4693 1803 4746 xxv,
1841 4682 1950 4749 15),
1995 4681 2058 4736 ﬁ-

354 4770 580 4842 deique,
623 4770 796 4842 juxta
832 4769 1186 4840 Apostolum,
1235 4781 1571 4824 mensuram
1616 4768 1789 4838 (Rom.
1839 4783 1938 4837 xn,
1972 4768 2050 4839 3),

353 4857 411 4914 id
438 4867 521 4916 est
548 4859 868 4916 secundum
900 4857 1057 4929 quod
1097 4871 1392 4928 quemque
1419 4871 1621 4927 capere
1658 4856 1920 4926 possibile
1946 4861 2051 4924 est,

351 4941 750 4997 munificentia
791 4939 890 4996 Dei
931 4949 1034 4998 est.
1085 4941 1228 5011 Ipsae
1288 4954 1523 5010 quoque
1572 4939 1916 5010 capacitates
1950 4955 2054 5011 pro

353 5041 662 5098 corporum
717 5027 1166 5100 animorumque
1209 5027 1495 5096 aetatibus,
1539 5035 1642 5084 aut
1695 5027 2052 5085 deterioran-

352 5121 472 5182 tur,
527 5123 630 5172 aut
683 5125 970 5172 crescunt.
1026 5117 1207 5174 Aliter
1250 5119 1403 5174 enim
1464 5117 1641 5173 sensit
1683 5117 1932 5173 Joannes
1990 5117 2051 5174 in

353 5216 552 5274 puero,
610 5203 780 5260 aliter
829 5217 1064 5274 corpore
1125 5205 1408 5262 intellexit
1463 5204 1678 5261 adulto.
1751 5205 2053 5261 Plenitudo

353 5291 535 5362 igitur
565 5305 668 5362 pro
721 5291 819 5347 Dei
866 5299 1126 5358 munere,
1173 5301 1229 5349 et
1268 5307 1378 5350 sua
1430 5293 1733 5350 devotione
1773 5293 1904 5362 plus
1945 5293 2054 5348 mi-

352 5392 537 5436 nusve
565 5378 786 5449 recipit.
819 5378 979 5436 Sicut
1014 5381 1169 5438 enim
1198 5381 1618 5438 comedentium
1666 5388 1894 5438 ventres
1928 5379 2052 5436 dis-

423 5567 534 5638 (25)
557 5565 702 5628 Vide
736 5571 935 5624 notam
967 5567 984 5604 ¹
1010 5566 1085 5625 ad
1107 5567 1320 5626 calcem
1347 5568 1618 5639 Operam.

2166 4509 2468 4559 mortuum
2523 4519 2720 4574 corpus
2775 4518 2936 4559 suum
2983 4507 3035 4558 et
3085 4509 3384 4559 emortuam
3429 4506 3658 4562 vulvam
3715 4508 3854 4563 Sara

2163 4594 2340 4665 (Rom.
2405 4607 2482 4656 ιν,
2555 4593 2644 4662 19)
2715 4592 2942 4659 viderit,
3010 4599 3068 4648 et
3147 4601 3350 4649 contra
3415 4607 3576 4664 spem
3643 4595 3708 4652 in
3767 4611 3853 4666 spe

2159 4679 2479 4738 crediderit.
2539 4679 2594 4736 Si
2653 4687 2862 4750 praeter
2940 4686 3166 4736 naturae
3237 4679 3388 4752 leges
3449 4681 3525 4737 ab
3586 4685 3852 4740 omnibus

2159 4767 2481 4824 aestimatur
2516 4768 2673 4839 quod
2703 4767 2859 4837 apud
2915 4767 3328 4838 Hieronymum
3381 4781 3528 4838 puer
3575 4771 3852 4829 novennis

2157 4869 2294 4913 eum
2332 4856 2675 4913 muliercula
2721 4858 2916 4924 coisse,
2955 4863 3011 4912 et
3058 4856 3272 4926 prolem
3309 4856 3594 4914 extulisse
3643 4860 3852 4918 descri—

2159 4941 2335 5009 bitur,
2363 4943 2567 5010 multo,
2597 4943 2770 4999 utsic
2799 4943 3009 5010 dicam,
3035 4942 3438 5000 exnaturalius
3463 4951 3550 5000 est
3582 4947 3749 5017 quod
3785 4947 3852 5014 hi,

2158 5030 2376 5102 quibus
2397 5031 2585 5086 omnis
2613 5031 2906 5102 ingenitus
2935 5030 3126 5086 fervor
3170 5030 3418 5097 refrixit,
3457 5032 3530 5088 ad
3567 5034 3854 5108 integrum

2161 5132 2268 5174 nec
2311 5117 2650 5174 alterutrius
2701 5117 2979 5174 vivacitas
3032 5125 3216 5188 potest
3280 5119 3570 5190 suppleri,
3616 5130 3855 5196 utroque

2163 5213 2422 5276 torpente
2472 5220 2574 5276 per
2603 5205 2846 5262 alterum
2888 5205 3376 5276 expergiscantur
3417 5209 3488 5264 ad
3535 5208 3749 5268 fetum.

2229 5294 2357 5350 Non
2396 5293 2577 5365 igitur
2621 5293 2697 5350 ab
2738 5308 2800 5350 re
2841 5293 3137 5350 Elisabetb
3179 5303 3427 5366 cognata
3471 5296 3682 5358 Mariae
3733 5314 3855 5373 pro-

2160 5381 2414 5452 ponitur,
2467 5381 2611 5452 quia
2652 5381 2762 5438 nisi
2810 5381 3154 5438 omnimodis
3190 5383 3348 5452 apud
3375 5392 3626 5444 cunctos
3673 5388 3853 5460 inspe-
