3956 6414
134 323 239 375 5Ξὶ3

1503 319 1596 375 DE
1646 317 1889 375 LAUDE
1922 318 1959 373 S
2034 318 2297 374 ΜΑΒΙᾸΞ.

3549 325 3651 376 554

132 460 265 508 rata
297 452 534 523 physica
578 448 867 506 obnitente
915 463 1008 505 res
1050 457 1217 516 esset,
1265 463 1570 520 nunquam
1620 450 1833 505 Zacha-
1871 453 1918 504 A
2016 449 2297 517 Secunda,
2357 450 2511 521 quod
2563 463 2666 520 per
2720 450 2947 507 laticem
3004 466 3110 507 suo
3155 465 3229 507 ex
3282 451 3457 508 latere
3507 467 3642 522 pro-

132 540 253 596 rias
325 540 503 596 verba
576 539 855 595 Gabrielis
936 546 1053 594 tam
1128 537 1409 594 obstinate
1475 539 1837 594 discrederet.

137 629 254 684 Nec
308 628 367 682 in
423 626 686 697 exemplo
733 626 987 682 adhibito
1044 639 1275 682 navum
1335 626 1650 697 quisquam
1706 626 1837 681 bea-

132 716 372 773 tissima
425 714 653 786 Virgini
702 714 869 786 quasi
920 714 993 770 ad
1049 713 1400 770 credendum
1454 714 1702 785 alicujus
1743 715 1839 769 de-

130 804 433 861 tractionis
461 804 674 871 inurat,
720 817 896 874 quam
928 817 1033 859 nos
1079 817 1194 858 non
1234 802 1517 859 immerito
1566 817 1669 873 pro
1710 802 1840 859 fidei

131 893 390 947 faciltate
442 891 705 948 laudasse
762 891 1164 957 meminimus;
1227 890 1322 945 sed
1371 891 1512 945 sciat
1566 890 1837 960 angelum

126 994 206 1036 ex
271 980 594 1036 abundanti
645 979 859 1035 factum
906 980 965 1035 in
1025 978 1219 1035 vetula
1260 978 1524 1035 retulisse
1590 981 1840 1034 miracu-

132 1068 282 1137 lum,
329 1076 393 1125 ut
445 1076 500 1125 et
555 1068 682 1124 fidei
731 1068 859 1139 ejus
903 1067 1320 1123 adminiculum
1357 1067 1729 1132 ministraret,
1786 1074 1842 1123 ot

129 1157 206 1212 de
261 1157 436 1213 tantis
508 1157 632 1227 ipsa
711 1163 971 1228 cognata
1043 1155 1421 1226 proventibus
1500 1155 1836 1211 exsultaret.

129 1246 288 1312 Quin
332 1254 387 1301 et
427 1254 633 1301 mutuo
677 1246 884 1315 pudori
930 1244 1314 1311 consulerent,
1366 1244 1523 1314 quod
1578 1243 1843 1299 videlicet

133 1334 264 1403 ipsa
316 1349 404 1399 eo,
453 1334 548 1389 cui
599 1333 941 1404 desponsata
974 1333 1184 1396 fuerat,
1246 1332 1424 1387 inscio
1468 1332 1837 1402 concepisset,

128 1422 244 1478 ista
297 1436 440 1478 vero
485 1423 631 1477 citra
680 1422 941 1477 omnium
988 1436 1147 1491 spem
1192 1420 1477 1491 juvenilia
1525 1421 1837 1491 repetisset.

131 1510 298 1566 Unde
336 1518 391 1566 et
440 1510 537 1565 illa
584 1524 717 1566 cum
768 1510 1128 1565 festinatione
1175 1511 1231 1564 in
1283 1517 1554 1565 montana
1605 1524 1839 1580 progre-

128 1597 316 1663 ditur,
373 1611 537 1652 mora
590 1596 826 1653 latitura
883 1596 1037 1666 apud
1099 1610 1225 1651 eam
1285 1595 1575 1661 trimestri,
1638 1595 1716 1651 ita
1770 1609 1842 1650 ne

128 1692 428 1755 stuporem
477 1684 808 1740 videntibus
851 1683 1077 1754 sibique
1123 1684 1396 1739 ruborem
1443 1691 1687 1754 pareret,
1739 1696 1851 1739 ser

126 1774 432 1830 mensibus
486 1773 829 1829 occultatur.
892 1773 962 1828 Et
1021 1772 1162 1835 hac,
1226 1771 1435 1842 inquit,
1494 1779 1550 1827 et
1609 1771 1712 1826 tibi
1775 1785 1842 1827 ac

128 1863 277 1918 anui
318 1861 399 1917 illi
445 1861 681 1917 indubie
727 1868 1082 1932 proventura
1127 1860 1485 1931 cognoveris,
1534 1859 1674 1930 quia
1725 1874 1842 1915 non

128 1950 246 2007 erit
303 1949 654 2020 impossibile
706 1963 875 2005 omne
932 1948 1177 2004 verbum
1237 1948 1389 2018 apud
1450 1948 1631 2004 Deum
1691 1949 1838 2018 (Luc.

132 2057 173 2109 ι,
204 2042 314 2106 37),
356 2040 459 2110 qui
499 2040 782 2110 virginem
821 2052 986 2109 aque
1021 2045 1082 2093 ut
1114 2036 1382 2105 sterilem,
1416 2052 1550 2093 cum
1588 2037 1839 2106 libuerit,

130 2128 310 2184 solvit
342 2127 403 2183 in
431 2134 683 2198 partum.

810 2195 1044 2252 CAPUT
1083 2195 1178 2253 Vl.

212 2305 336 2359 Dies
388 2308 467 2358 est
521 2305 564 2358 B
600 2304 799 2360 Maria.
857 2331 926 2344 —
975 2301 1109 2357 Hac
1152 2302 1332 2373 igitur
1372 2300 1698 2365 beatissima
1728 2301 1847 2357 dies

132 2400 227 2448 est
295 2392 357 2447 B.
426 2391 629 2459 Maria,
691 2405 870 2462 quam
936 2390 1064 2447 fecit
1138 2389 1462 2461 specialiter
1533 2391 1842 2459 Dominus;

134 2480 500 2537 exsultemus
542 2487 596 2536 et
652 2480 912 2535 la-temur
964 2479 1022 2534 in
1050 2494 1118 2536 ea
1149 2495 1162 2533 :
1197 2495 1331 2536 cum
1372 2480 1528 2535 enim
1574 2479 1645 2535 de
1703 2480 1847 2535 Filio

136 2569 404 2637 dixisset,
461 2583 529 2624 ac
580 2570 624 2624 si
682 2570 750 2625 de
812 2568 998 2638 lapide
1059 2567 1158 2638 qui
1211 2567 1395 2624 factus
1450 2576 1534 2623 est
1584 2567 1641 2623 in
1672 2573 1847 2637 caput

138 2658 349 2729 anguli
411 2657 641 2728 (Matth.
704 2672 799 2711 xxr
854 2657 963 2725 42),
1017 2664 1071 2711 et
1135 2657 1239 2711 hoc
1300 2657 1559 2711 mirabile
1619 2657 1677 2712 in
1744 2671 1844 2711 no-

138 2747 278 2803 stris
351 2746 530 2802 oculis
601 2746 768 2816 (Psat.
836 2760 1009 2813 cxvn,
1072 2747 1184 2815 23),
1241 2759 1274 2800 a
1337 2747 1576 2801 Domino
1631 2745 1846 2801 factum

141 2834 552 2905 perbibuisset,
588 2833 664 2889 ad
702 2834 851 2889 hanc
894 2834 1043 2889 illico
1082 2834 1257 2889 verba
1289 2833 1669 2904 transposuit;
1703 2834 1843 2902 hac,

140 2925 410 2993 Inquam,
443 2922 563 2978 dies
590 2929 694 2988 est,
748 2937 879 2992 qua
933 2923 1107 2977 solem
1149 2922 1388 2993 justitia
1435 2921 1688 2991 protulit,
1745 2922 1848 2992 qui

1953 536 2224 593 ﬂuentem
2293 538 2350 592 in
2419 538 2620 594 eadem
2689 552 2860 594 cruce
2912 538 3197 609 baptisma
3250 540 3515 597 sancivit.
3586 541 3651 597 In

1951 638 2070 696 qua
2129 625 2388 695 passione
2456 626 2514 681 in
2562 633 2791 682 tantum
2862 626 3089 683 diabolo
3161 628 3313 683 vires
3384 629 3655 699 antiquas

1949 715 2211 775 extorsit,
2276 721 2340 770 ut
2384 722 2517 770 ante
2554 714 2756 785 judicii
2806 715 2955 771 diem
3005 716 3126 786 jam
3177 716 3368 786 puniri
3400 716 3654 787 incape—

1949 802 2072 857 rit:
2106 801 2243 858 dicit
2283 802 2435 857 enim
2488 816 2738 872 magnus
2788 803 3064 875 Origenes
3112 805 3266 875 quod
3317 814 3440 875 post
3470 806 3653 876 ipsam

1950 890 2293 960 passionem,
2345 898 2653 961 postquam
2694 898 2930 947 sanctus
2959 892 3249 963 quispiam
3302 901 3526 964 martyr
3553 902 3655 951 aut

1948 978 2238 1035 confessor
2296 979 2366 1035 de
2445 979 2710 1049 prasenti
2764 979 2948 1037 victor
3020 980 3237 1036 saculo
3318 981 3650 1053 emigraret,

1950 1067 2099 1123 sicut
2158 1065 2278 1137 ipse
2335 1066 2407 1123 ad
2467 1080 2740 1123 coronam
2785 1069 2990 1135 exiret,
3041 1069 3123 1125 sic
3177 1068 3358 1125 hostis
3411 1070 3502 1126 ille
3551 1070 3654 1142 qui

1947 1169 2083 1211 eum
2152 1155 2532 1224 spiritualiter
2592 1156 2982 1227 impugnarat,
3059 1157 3249 1213 statim
3324 1157 3384 1213 in
3439 1166 3656 1215 aterna

1950 1252 2237 1300 tormenta
2285 1244 2432 1300 nulli
2478 1244 2668 1300 denuo
2716 1247 3017 1302 nociturus
3066 1246 3327 1315 intraret,
3359 1254 3415 1302 et
3445 1248 3498 1302 id
3533 1262 3655 1304 esse

1950 1332 2106 1403 quod
2149 1331 2223 1387 ab
2276 1332 2412 1401 ipsis
2458 1332 2818 1388 daemonibus
2864 1333 3105 1388 Domino
3156 1333 3501 1390 dicebatur:
3559 1336 3655 1390 Ve-

1948 1424 2105 1486 nisti,
2178 1421 2475 1491 inquiunt,
2533 1426 2660 1475 ante
2712 1426 2919 1490 tempus
2976 1428 3224 1490 torquere
3269 1437 3366 1477 nos
3416 1422 3645 1493 (Matth.

1952 1523 2068 1574 vni,
2120 1508 2231 1577 29).
2297 1508 2431 1563 Inde
2496 1508 2667 1563 etiam
2731 1517 2919 1565 tantas
2973 1524 3123 1580 quas
3186 1524 3453 1567 exercere
3517 1511 3651 1566 olim

1949 1604 2369 1652 consueverant
2424 1596 2793 1652 fortitudines
2839 1598 3075 1653 obtusas
3127 1598 3484 1669 videbimus;
3547 1614 3654 1655 nec

1953 1684 2167 1740 mirum
2215 1698 2346 1739 cum
2399 1692 2523 1754 post
2580 1692 2661 1740 tot
2712 1693 3045 1741 sanctorum
3104 1685 3394 1755 victorias,
3448 1694 3529 1743 tot
3583 1688 3653 1743 de

1953 1772 2370 1842 potentioribus
2428 1772 2725 1828 damoniis
2793 1773 2847 1828 in
2921 1788 3119 1844 panas
3178 1774 3453 1831 decidisse
3523 1790 3652 1832 cre-

1950 1859 2176 1916 damus.

2020 1949 2229 2013 Tertia.
2263 1949 2401 2005 dum
2440 1963 2541 2020 per
2586 1950 3063 2006 resurrectionem
3106 1950 3313 2007 electos
3351 1951 3424 2007 ab
3454 1950 3654 2008 inferis

1950 2036 2119 2105 eruit,
2154 2038 2321 2108 cujus
2359 2039 2557 2109 gloria
2605 2042 2831 2094 tantum
2864 2053 3098 2109 quoque
3148 2039 3433 2110 privilegii
3483 2040 3653 2097 addi-

1951 2125 2053 2192 dit,
2086 2133 2172 2192 ut,
2217 2126 2389 2197 juxta
2428 2126 2826 2193 Prudentium,
2864 2127 3054 2182 virum
3085 2135 3349 2183 sanctum
3399 2136 3455 2184 et
3496 2128 3654 2185 nobi-

1951 2214 2085 2282 lem,
2142 2214 2256 2269 sint
2302 2221 2357 2270 et
2388 2213 2687 2284 spiritibus
2744 2228 2891 2284 sape
2948 2216 3288 2272 nocentibus
3347 2231 3650 2285 panarum

1951 2303 2202 2358 celebres
2231 2302 2340 2357 sub
2370 2311 2532 2372 styge
2563 2302 2737 2358 feria.
2781 2303 2885 2359 llla
2931 2312 3095 2360 nocte
3135 2318 3296 2360 sacer
3325 2319 3444 2375 qua
3487 2306 3654 2362 rediit

1953 2391 2104 2447 Deus
2133 2392 2351 2461 stagnis
2382 2391 2452 2445 ad
2482 2405 2719 2460 superos
2746 2406 2816 2447 ex
2848 2392 3240 2448 Acheronteis.

2022 2479 2258 2547 Quarta,
2311 2479 2465 2550 quod
2520 2494 2622 2549 per
2677 2480 2937 2537 eamdem
3008 2482 3236 2551 aperuit
3288 2482 3655 2539 credentibus

1950 2581 2135 2639 regna
2165 2566 2461 2623 calorum.

2023 2654 2277 2723 Quinta,
2368 2656 2521 2725 quod
2590 2655 3008 2714 humanitatem
3075 2666 3331 2714 nostram
3421 2659 3651 2728 Verbo,

1956 2744 2111 2815 quod
2164 2743 2283 2814 ipse
2339 2751 2442 2812 est,
2500 2745 2875 2814 personaliter
2933 2747 3339 2803 identiﬁcatam
3400 2753 3656 2817 paterna

1955 2834 2206 2890 dexterae
2228 2836 2604 2904 comparavit.

2027 2921 2218 2989 Sexta,
2296 2922 2449 2992 quod
2526 2921 2630 2993 qui
2706 2936 2937 2978 carnem
3008 2936 3081 2979 ex
3147 2923 3314 2980 nobis
3386 2939 3654 2995 sumpse—

138 3013 212 3069 de
245 3013 370 3068 suis
412 3011 821 3068 muniﬁcentiis
863 3011 1333 3081 praclarissimas
1388 3012 1739 3081 dignitatum
1789 3010 1845 3065 in
1888 3033 1927 3087 ρ
1955 3018 2065 3078 rat,
2094 3010 2452 3066 divinitatem
2497 3024 2684 3077 suam,
2728 3010 2883 3080 quod
2922 3018 3007 3066 est
3037 3010 3284 3082 Spiritus
3309 3012 3454 3083 ejus,
3489 3013 3656 3069 nobis

137 3101 402 3157 Ecclesia
448 3101 617 3156 horas
674 3100 942 3156 instituit.
1003 3100 1132 3170 Ipsa
1173 3108 1256 3155 est
1300 3100 1470 3156 etiam
1514 3106 1679 3170 porta
1717 3099 1847 3154 Jesu

138 3188 398 3254 Domini,
451 3202 554 3259 per
606 3201 783 3259 quam
830 3187 972 3258 justi
1021 3188 1266 3258 intrant;
1316 3188 1462 3244 nulli
1500 3188 1846 3260 enimjusti-

139 3279 287 3335 tiam
317 3280 735 3348 assequuntur,
783 3276 894 3331 nisi
926 3290 1027 3345 per
1081 3276 1248 3331 fidem
1284 3275 1697 3331 incarnationis
1724 3274 1850 3345 ejus

142 3368 453 3423 introeant.
512 3365 697 3435 Super
744 3364 917 3420 limen
985 3372 1165 3435 porta
1215 3363 1394 3435 hujus
1448 3364 1714 3435 princeps
1760 3364 1850 3419 ille

141 3455 305 3527 apud
358 3454 706 3510 Ezechielem
738 3453 910 3524 paulo
956 3460 1088 3509 ante
1144 3466 1179 3507 a
1225 3453 1391 3509 nobis
1438 3454 1754 3523 expositus,
1796 3460 1851 3508 et

44 3598 47 3605 .
142 3546 343 3601 adhuc
382 3543 777 3615 exponendus,
828 3543 1058 3611 adorat;
1111 3542 1212 3612 qui
1259 3556 1373 3597 non
1413 3542 1851 3611 superliminare

142 3630 466 3703 dignitatis,
501 3630 595 3685 sed
646 3629 818 3685 limen
866 3629 994 3700 ejus
1024 3628 1366 3685 humilitatis
1397 3630 1552 3700 quod
1583 3630 1853 3685 omnibus

144 3728 231 3777 est
286 3719 551 3790 pervium
600 3718 925 3785 adorantes,
982 3717 1037 3774 id
1086 3725 1171 3773 est
1211 3717 1268 3773 in
1310 3717 1641 3773 omnimoda
1680 3733 1847 3774 vene-

146 3810 370 3865 ratione
421 3808 698 3863 habentes
772 3807 1032 3877 inspirat.
1113 3807 1229 3863 Hoc
1282 3805 1451 3876 plane
1524 3806 1677 3861 Deus
1721 3807 1853 3876 jure

146 3898 336 3954 facere
394 3897 626 3964 dicitur,
702 3896 858 3967 quod
938 3895 1191 3951 ﬁendum
1265 3894 1393 3950 aliis
1465 3895 1850 3951 administrat.

148 3986 253 4043 Sed
315 3984 568 4057 prafata
625 3986 732 4041 diei
786 3984 1090 4041 redeamus
1159 3983 1230 4039 ad
1289 3984 1480 4040 horas.
1548 3985 1702 4052 Hac,
1763 3984 1852 4039 in-

151 4090 353 4147 quam,
400 4074 805 4131 ﬂorentissima
856 4074 977 4129 dies
1028 4082 1334 4143 postquam
1382 4072 1667 4129 luminare
1712 4073 1854 4130 illud

151 4165 366 4236 majus,
418 4177 565 4235 quos
600 4170 655 4219 et
701 4162 944 4233 seipsam
988 4162 1369 4233 potissimum,
1411 4169 1466 4218 et
1509 4162 1711 4218 lunam
1743 4164 1857 4219 Ec-

152 4252 363 4319 clesia,
419 4252 729 4323 stellasque
794 4250 1048 4307 fidelium
1112 4249 1393 4306 mirabilis
1466 4249 1856 4321 intelligentia

1957 3098 2222 3154 reddidit.

2029 3186 2297 3256 Septima,
2380 3186 2538 3257 quod
2607 3186 2871 3243 eumdem
2938 3184 3213 3257 Spiritum
3288 3202 3403 3244 non
3467 3187 3655 3245 solum

1959 3273 2273 3329 fruendum
2325 3272 2610 3342 attribuit,
2682 3273 2775 3329 sed
2838 3272 3008 3328 etiam
3084 3288 3184 3344 per
3241 3289 3452 3332 manus
3522 3289 3657 3345 apo-

1960 3362 2209 3429 stolicas,
2272 3370 2327 3417 et
2393 3375 2466 3417 ex
2548 3376 2613 3417 eo
2679 3361 3036 3432 pontiﬁcales
3115 3362 3241 3419 aliis
3306 3363 3432 3419 dari
3488 3379 3652 3420 cons-

1960 3452 2164 3507 stituit.

2030 3539 2264 3605 Octava,
2316 3538 2473 3609 quod
2523 3552 2623 3608 per
2673 3540 2978 3608 magistros
3030 3539 3315 3609 Ecclesia,
3358 3542 3514 3612 quod
3544 3542 3646 3598 soli

1959 3629 2068 3685 sibi
2103 3628 2438 3699 pertinebat,
2472 3636 2705 3697 peccata
2736 3628 2940 3685 dimitti
2968 3630 3210 3685 censuit.
3630 3638 3641 3641 ‘

2031 3718 2214 3784 Nona,
2253 3716 2407 3788 quod
2460 3716 2646 3783 Petro,
2701 3725 2757 3773 et
2791 3718 2849 3773 in
2905 3718 3071 3773 Petro
3119 3718 3440 3775 rectoribus
3495 3720 3659 3791 regni

1960 3806 2236 3862 calorum
2287 3805 2479 3861 claves
2522 3812 2836 3875 prarogat;
2890 3806 3045 3861 unde
3089 3813 3144 3861 et
3175 3807 3366 3864 Roma
3406 3808 3662 3886 quodam

1960 3894 2022 3951 in
2056 3895 2177 3951 loco
2208 3894 2259 3950 ei
2292 3892 2704 3965 praescribitur.
3180 3888 3187 3894 '

2109 4038 2326 4092 Terruit
2345 4037 2619 4104 angelicas
2646 4036 2788 4090 acies
2813 4035 3011 4089 collata
3038 4041 3277 4105 potestas

2111 4128 2290 4180 Tanta
2313 4127 2488 4193 Petro,
2521 4139 2795 4179 reservare
2822 4125 2970 4192 potos
3001 4129 3050 4177 et
3076 4139 3298 4193 pascere
3326 4127 3532 4182 caulas.

2038 4248 2292 4315 Decima,
2358 4248 2514 4319 quod
2563 4262 2679 4303 non
2736 4247 2958 4319 angelis
2982 4225 3350 4306 'commiserit
3406 4252 3664 4321 corporis

153 4343 334 4399 radiis
375 4341 685 4406 illuminat,
738 4340 1020 4397 ediderit:
1071 4339 1438 4395 attendamus
1498 4347 1850 4409 quantarum
1893 4333 2034 4393 Dac
2085 4335 2389 4407 sanguinis
2436 4333 2528 4390 sui
2591 4335 2893 4390 tractanda
2946 4336 3235 4405 mysteria,
3317 4336 3415 4392 sed
3471 4337 3663 4393 homi-

152 4433 371 4501 pariter
425 4430 761 4486 felicitatum
816 4427 1319 4485 determinationes
1366 4427 1687 4497 admiserit;
1745 4427 1854 4482 ba—

151 4530 287 4573 rum
339 4532 544 4589 nempe
582 4525 697 4573 tam
746 4515 907 4588 origo
951 4529 1125 4587 quam
1169 4514 1428 4571 ofﬁcialis
1471 4528 1648 4570 causa
1698 4513 1850 4571 fuit:

152 4622 270 4664 non
317 4608 472 4664 enim
524 4606 691 4663 aliter
744 4606 949 4673 voluit,
998 4604 1111 4661 imo
1163 4604 1362 4660 debuit
1417 4603 1596 4660 Filius
1643 4603 1741 4659 Dei
1782 4603 1854 4659 ad

152 4711 259 4753 nos
287 4695 504 4767 egredi,
558 4709 664 4751 nec
719 4694 930 4765 potuit;
985 4693 1126 4763 quia
1179 4706 1285 4748 nec
1332 4692 1528 4749 debuit
1575 4692 1859 4749 violenter

153 4791 307 4840 suo
375 4784 698 4854 irrumpere
747 4783 887 4854 jura
952 4781 1189 4849 diaboli,
1251 4780 1348 4837 cui
1418 4789 1615 4851 sponte
1688 4781 1858 4837 homo

157 4883 366 4926 manus
421 4869 701 4925 dederat:
762 4868 879 4935 sed,
936 4867 1107 4939 juxta
1176 4867 1329 4923 dicta
1399 4867 1545 4923 beati
1607 4867 1855 4923 Leonis:

157 4960 356 5026 Magno
412 4960 692 5027 aquitatis
746 4959 873 5025 iure
922 4957 1065 5011 inibi
1118 4958 1323 5011 certari
1372 4956 1600 5024 dignum
1650 4958 1854 5023 [iterat

160 5047 323 5104 Hanc
376 5061 514 5119 ergo
566 5061 640 5104 ex
698 5060 817 5118 qua
877 5053 1175 5102 crearetur
1228 5044 1434 5115 objecit
1491 5043 1737 5112 diabolo,
1794 5051 1858 5100 ut

160 5149 292 5191 cum
340 5150 473 5192 eum
535 5142 875 5205 capesseret,
938 5134 1020 5190 nil
1089 5133 1248 5190 aliud
1306 5140 1614 5203 putaretur
1680 5146 1858 5202 quam

161 5223 353 5281 homo.

233 5314 521 5369 Duodecim
557 5313 740 5380 felices
790 5312 950 5367 horas
994 5311 1244 5382 protulit.
1295 5341 1365 5350 —-
1417 5310 1611 5366 Prima
1685 5309 1865 5380 igitur

161 5399 306 5457 hora
360 5410 467 5471 est,
518 5401 673 5472 quod
736 5401 1053 5471 principem
1105 5399 1308 5455 mundi
1361 5400 1630 5466 extrusit,
1692 5412 1863 5453 mun-

166 5490 423 5563 dumque
472 5491 633 5558 vicit,
689 5497 744 5546 et
795 5489 902 5545 hoc
931 5487 1089 5545 cruci
1148 5502 1208 5544 se
1258 5487 1592 5556 addicendo,
1643 5501 1866 5557 nosque

167 5578 316 5637 hosti
348 5577 672 5652 praripuit.

521 5670 799 5735 Parnon.
853 5667 1058 5734 CLVI.

1962 4426 2155 4492 nibus,
2217 4410 2319 4481 etsi
2392 4424 2819 4495 peccatoribus;
2891 4424 3047 4493 quod
3104 4431 3160 4479 et
3238 4425 3308 4479 de
3381 4425 3665 4497 baptismo

1961 4513 2158 4571 itidem
2190 4512 2403 4569 factum
2436 4520 2539 4568 est.

2036 4603 2371 4668 Undecima,
2403 4602 2558 4672 quod
2590 4614 2798 4670 corpus
2827 4608 3085 4657 nostrum
3140 4602 3199 4657 in
3248 4604 3667 4659 resurrectione

1965 4691 2350 4762 contigurabit
2378 4690 2603 4760 corpori
2634 4689 2909 4745 claritatis
2935 4703 3075 4745 sua.

2042 4778 2410 4847 Duodecima,
2471 4777 2627 4848 quod
2683 4778 2739 4833 in
2794 4777 2992 4834 eadem
3057 4778 3494 4848 resurrectione,
3565 4780 3669 4837 sic-

1966 4876 2032 4928 ut
2062 4882 2298 4926 carncm
2331 4874 2584 4923 nostram
2639 4866 2698 4922 in
2732 4865 2872 4922 Filio
2920 4874 2976 4922 et
3029 4873 3229 4933 matre,
3276 4867 3465 4923 omnis
3502 4869 3670 4939 prin-

1966 4959 2192 5029 cipatus
2248 4964 2423 5027 atque
2497 4963 2745 5027 potestas
2819 4954 2876 5010 in
2949 4955 3090 5011 calo
3159 4956 3554 5026 venerabitur,
3614 4966 3671 5014 et

1969 5044 2268 5100 adorabit:
2301 5044 2379 5099 ita
2422 5059 2657 5114 quoque
2688 5046 2745 5097 hi
2797 5044 2898 5112 qui
2932 5045 2993 5098 in
3044 5044 3259 5100 Christo
3300 5050 3448 5111 sunt,
3479 5062 3671 5102 resur-

1969 5137 2095 5199 gent
2143 5133 2315 5202 primi
2346 5131 2393 5202 (ι
2446 5133 2601 5185 Thes.
2651 5147 2730 5199 iv,
2780 5132 2885 5202 i5).
2938 5132 3076 5187 Inde
3120 5138 3205 5188 est
3254 5133 3407 5203 quod
3455 5148 3671 5205 procu-

1972 5228 2129 5277 rator
2201 5219 2627 5291 patrisfamilias
2694 5233 2729 5274 a
2774 5218 3103 5276 novissimis
3162 5220 3468 5278 denarium
3537 5223 3674 5281 dare

1972 5308 2159 5378 coepit.
2212 5308 2357 5364 liuic
2408 5309 2702 5364 sententia
2751 5309 2968 5365 accedit
3015 5308 3170 5380 quod
3216 5324 3425 5367 nomen
3470 5327 3673 5371 eorum

1974 5412 2167 5453 coram
2223 5398 2341 5467 ipso
2403 5396 2734 5452 bonorabile
2789 5397 3056 5453 futurum
3114 5399 3344 5468 legitur.
3411 5399 3573 5467 Quod
3620 5403 3673 5457 si

1973 5501 2181 5543 nomen
2234 5485 2628 5542 Christianum
2686 5486 2796 5542 sub
2852 5494 3013 5542 tanto
3058 5495 3291 5544 auctore
3331 5488 3672 5557 honoratur,

1976 5575 2219 5646 intelligi
2280 5574 2528 5645 profecto
2569 5588 2796 5630 necesse
2850 5583 2931 5630 est
2998 5576 3150 5645 quod
3213 5577 3355 5633 alias
3397 5579 3530 5646 jure
3590 5580 3677 5634 his

3243 5671 3324 5728 18
