3956 6424
359 365 459 415 555

1253 363 1309 416 ν.
1351 361 1682 418 GUIBERTI
1725 361 2017 417 ABBATIS
2054 363 2112 417 S.
2153 362 2393 418 MARIIE
2435 363 2520 416 DE
2564 361 2958 417 NOVIGENTO
3760 369 3850 418 556

357 496 649 565 omnibus,
705 498 806 566 qui
869 497 1010 553 bene
1077 496 1272 552 vixere
1326 498 1435 554 sub
1488 497 1675 568 gratia
1747 497 2044 568 gloriosior
2081 496 2275 567 Aipso
2319 497 2624 563 tribuitur;
2679 497 2796 566 ipse
2853 497 2910 552 in
2968 496 3144 552 Matre
3211 505 3484 554 naturam
3533 501 3850 570 propriam,

358 584 790 640 retributionem
822 585 1201 654 prarogativa
1227 585 1519 640 reddatur.

425 673 602 728 Nubes
641 678 719 726 est
743 673 873 726 levis
901 689 1020 741 qua
1061 674 1280 742 pluvias
1315 673 1528 741 effudit.
1563 674 1738 738 Quam
1767 673 2046 726 sublimem

351 761 630 831 possideat
689 762 939 828 gloriam.
999 790 1066 801 —
1139 760 1448 816 Videamus
1520 759 1698 831 igitur
1769 775 1886 832 quo
1939 761 2046 830 pia

354 848 812 920 compunctionis
834 849 1039 920 jubilo,
1073 849 1185 904 diei
1219 848 1330 915 isti,
1371 863 1503 918 qua
1545 856 1660 904 tam
1701 849 1878 905 rutilo
1907 849 2043 917 sole,

353 937 515 1004 coelo,
569 936 788 1004 inferis,
841 944 1124 1006 terraque
1179 936 1568 1005 profunditur,
1640 937 2041 1007 gratulemur:

351 1039 452 1096 per
507 1039 684 1095 quam
736 1025 878 1080 dum
927 1023 1223 1080 introitum
1282 1024 1362 1079 sol
1423 1023 1516 1080 ille
1559 1025 1630 1080 ad
1675 1039 1777 1080 nos
1816 1025 2040 1095 habuit,

352 1113 424 1169 ad
453 1113 737 1168 infinitam
766 1112 876 1168 diei
925 1113 1106 1182 ipsius
1148 1111 1490 1179 claritatem,
1520 1120 1575 1168 et
1624 1112 1734 1169 sub
1783 1113 1905 1183 ipsa
1952 1113 2044 1170 die

351 1201 682 1272 degentium
712 1199 1202 1270 glorificationem,
1246 1208 1535 1269 perpetua
1566 1215 1686 1256 sua
1731 1208 1787 1256 et
1834 1209 2043 1258 nostra

351 1290 662 1346 nobilitatis
688 1289 962 1344 donativa
990 1289 1362 1344 circumtulit.
1396 1289 1530 1343 Hac
1575 1297 1660 1344 est
1707 1290 1892 1345 nubes
1943 1291 2042 1346 illa

350 1378 510 1444 levis,
555 1391 732 1447 quam
764 1375 846 1431 sol
875 1390 1048 1432 verus
1081 1375 1184 1431 iste
1217 1377 1568 1444 conscendit,
1606 1378 1778 1447 juxta
1809 1378 2037 1446 Isaiam,

347 1474 412 1522 ut
458 1466 813 1522 tenebrosam
873 1465 1075 1520 mundi
1133 1464 1310 1534 hujus
1364 1465 1680 1521 illustraret
1726 1467 2040 1536 )Egyptum

346 1557 480 1620 (Isa.
561 1569 703 1616 XIX,
768 1553 870 1622 t):
945 1567 1078 1624 qua
1149 1553 1346 1622 pluvia
1421 1554 1597 1608 totius
1679 1554 2041 1611 fecunditatis

346 1643 589 1699 interna
620 1651 981 1698 terrenorum
1031 1647 1327 1710 pectorum
1385 1641 1582 1712 glebas
1609 1642 1882 1698 emolliit:
1917 1643 2039 1713 ipsa

343 1731 496 1788 enim
552 1729 874 1787 salubrium
937 1729 1197 1785 omnium
1261 1729 1651 1785 doctrinarum
1721 1739 2038 1787 cataractas
2080 1771 2119 1826 Β

345 1819 594 1888 aperuit,
641 1816 957 1888 prasertim
1007 1831 1139 1888 qua
1181 1831 1386 1888 panem
1431 1818 1770 1887 angelorum
1822 1821 2040 1876 mundo

343 1907 630 1976 exposuit.
671 1905 810 1973 Qua
851 1913 1070 1962 tantam
1099 1919 1134 1961 a
1162 1905 1374 1974 peccati
1425 1907 1612 1961 omnis
1653 1907 2039 1964 additamento

347 1994 404 2049 in
433 2009 492 2050 se
542 1994 828 2050 levitatem
867 1993 1089 2062 habuit,
1123 2001 1404 2064 quantam
1451 2003 1834 2050 sacrosancta
1869 1995 2038 2051 Chri—

345 2083 416 2138 sti
449 2083 701 2153 dignitas
733 2082 926 2137 carnis
957 2081 1282 2152 animaque
1307 2082 1666 2138 commeruit.
1702 2085 1830 2152 Ipsa
1860 2084 2040 2154 igitur

343 2185 416 2226 ex
447 2184 565 2240 qua
613 2178 803 2226 tantos
849 2170 1058 2225 anima
1097 2184 1163 2226 ac
1211 2171 1466 2241 corporis
1516 2171 1823 2226 haurimus
1854 2171 2036 2226 hono-

344 2258 600 2328 resquid
647 2257 983 2314 excellentia
1034 2257 1261 2324 habeat,
1313 2258 1467 2327 quod
1500 2258 1600 2313 Dei
1650 2258 1856 2314 Filium
1912 2272 2037 2314 cor-

343 2346 612 2416 poraliter
667 2346 722 2400 in
771 2359 878 2401 sua
923 2359 1096 2401 carne
1147 2345 1475 2412 contulerit,
1545 2347 1929 2402 attendamus.
1977 2346 2036 2400 Si

344 2443 470 2504 post
523 2434 868 2489 exhaustam
926 2433 1235 2488 beatissimi
1290 2433 1508 2488 ventris
1577 2433 1773 2489 aulam
1843 2435 2035 2489 minus

344 2522 566 2590 habuit,
621 2521 862 2578 forsitan
907 2521 1143 2592 aliquod
1204 2521 1611 2577 detrimentum
1664 2523 1812 2592 ejus,
1856 2538 2032 2593 quam

343 2611 415 2666 ad
465 2610 698 2680 plenum
751 2617 1106 2680 gustaverat,
1135 2610 1332 2679 gloria
1374 2610 1568 2665 sensit.
1601 2611 1796 2666 Absit!
1855 2611 2032 2667 Secu-

343 2711 446 2754 rus
475 2713 546 2754 ex
583 2698 706 2768 ipsa
757 2697 982 2768 loquar,
1017 2697 1061 2752 si
1111 2696 1239 2752 lata
1294 2697 1405 2753 fuit
1443 2712 1575 2753 cum
1618 2699 1836 2754 tolleret
1879 2701 2034 2769 quod

342 2799 594 2855 usquam
623 2793 901 2842 creatura
926 2800 1040 2840 non
1071 2785 1259 2854 licuit;
1291 2785 1470 2840 latior
1490 2787 1657 2855 plane
1687 2802 1818 2842 cum
1849 2787 2034 2857 gloria

339 2881 396 2930 et
452 2873 665 2929 honore
725 2880 1064 2929 coronatum
1118 2874 1368 2930 assidere
1423 2874 1577 2930 Patri
1631 2881 1844 2931 aterno
1897 2891 2032 2932 cum

341 2961 608 3032 apostolis
653 2961 828 3031 vidit;
873 2968 929 3018 et
971 2962 1236 3032 quandiu
1283 2961 1608 3018 meminerit
1655 2978 1714 3018 se
1753 2965 2031 3033 peperisse

2158 585 2310 640 unde
2335 600 2406 641 ex
2437 585 2626 641 debito
2672 585 2781 640 sibi
2822 585 3110 640 obnoxius
3138 593 3242 653 est,
3274 602 3389 643 non
3433 589 3854 646 venerabitur?

2157 673 2265 728 Pro
2293 688 2410 743 quo
2462 673 2590 728 aliis
2637 672 2996 743 longavitais
3041 673 3343 743 pramium
3391 685 3780 746 prarogatur,
3825 693 3856 733 a

2156 775 2276 831 qua
2303 776 2503 831 passus
2522 769 2607 818 est
2629 763 2886 831 accipere
2913 761 3069 832 quod
3100 761 3270 818 homo
3297 763 3578 820 vocatur?
3609 765 3666 822 Si
3701 767 3855 835 apud

2156 849 2318 905 illum
2353 850 2554 906 honori
2583 857 2790 918 exstat,
2822 863 2858 906 a
2895 864 3014 921 quo
3045 857 3227 906 totum
3259 851 3542 922 quidquid
3576 862 3661 909 est
3702 868 3858 910 sum-

2153 938 2283 1008 psit,
2317 938 2481 994 nobis
2518 946 2676 995 tanto
2712 937 3054 1009 propensius
3095 938 3448 995 honorabilis
3484 955 3608 996 esse
3662 940 3848 1008 debet,

2152 1035 2372 1096 quanto
2419 1042 2540 1083 sua
2573 1027 3102 1096 universorumque
3129 1027 3301 1083 saluti
3333 1041 3461 1083 eam
3495 1029 3845 1084 necessario-

2151 1126 2270 1168 rem
2322 1112 2594 1169 feminam
2646 1125 2876 1182 sperare
2927 1112 3061 1182 quis
3109 1113 3402 1183 pravalet.
3431 1113 3613 1184 Super
3673 1115 3851 1170 limen

2149 1215 2287 1271 ergo
2321 1209 2495 1270 porta
2523 1201 2677 1270 apud
2708 1201 3054 1256 Ezechielem
3085 1201 3288 1257 adorat
3322 1203 3529 1271 (Ezech.
3563 1217 3726 1269 xLVI,
3776 1205 3850 1272 2),

2150 1303 2280 1344 cum
2313 1303 2414 1359 per
2433 1289 2710 1345 humilem
2736 1289 3118 1346 obedientiam
3135 1289 3266 1360 ejus
3294 1291 3498 1347 mentis
3526 1291 3855 1362 specialiter

2148 1376 2420 1444 insidens,
2454 1376 2705 1445 seipsum
2740 1377 2797 1431 in
2831 1378 3006 1446 ipsius
3036 1376 3453 1447 gloriﬁcatione
3483 1377 3782 1445 mirificat,

2219 1465 2462 1532 lnjurias
2492 1465 2600 1519 sibi
2637 1464 2704 1518 ab
2738 1463 3003 1518 haereticis
3046 1470 3097 1519 et
3130 1466 3290 1519 malis
3322 1466 3510 1520 illatas
3558 1467 3854 1522 ulciscitur

2147 1553 2208 1606 B.
2277 1554 2462 1618 Virgo.
2518 1582 2585 1590 —
2639 1552 2854 1607 Deinde
2899 1553 3177 1618 egreditur
3236 1554 3426 1624 (Ibid)
3485 1556 3626 1624 quia
3693 1556 3852 1624 quod

2147 1640 2303 1709 apud
2347 1655 2405 1696 se
2453 1640 2806 1696 benedictam
2841 1636 2994 1696 illam
3027 1641 3192 1696 beata
3240 1641 3612 1698 interioritate
3640 1656 3848 1712 prove-

2146 1728 2252 1795 xit,
2281 1728 2600 1796 manifesta,
2634 1730 2767 1795 imo,
2800 1737 2864 1784 ut
2907 1729 2983 1784 ita
3013 1729 3280 1795 dixerim,
3320 1731 3571 1786 secunda
3608 1739 3742 1800 post
3795 1747 3850 1787 se

2148 1817 2571 1888 omnipotentia
2599 1819 2755 1887 apud
2782 1817 3042 1873 homines
3077 1817 3416 1874 auctoritate
3446 1819 3676 1874 retexit.
3711 1819 3850 1886 Quis

2147 1906 2299 1961 enim
2348 1905 2437 1962 vel
2481 1906 2652 1962 hebes
2691 1906 2904 1961 nesciat
2941 1906 3098 1976 quod
3141 1908 3263 1977 ipsa
3294 1915 3378 1963 est
3419 1922 3549 1977 qua
3598 1923 3709 1978 per
3770 1909 3850 1964 Fi-

2147 1993 2289 2049 lium
2319 1994 2459 2050 calo
2491 1994 2808 2064 prasideat,
2861 1995 3027 2050 terris
3056 1995 3314 2065 imperet,
3350 1996 3560 2051 inferos
3599 1998 3850 2067 urgeat?

2148 2081 2417 2150 Princeps
2451 2095 2586 2150 ergo
2616 2080 2928 2150 egreditur,
2972 2096 3104 2137 cum
3139 2096 3242 2152 per
3269 2083 3592 2153 Principem
3644 2085 3850 2140 Matris

2148 2169 2424 2238 principis
2456 2170 2640 2224 virtus
2670 2168 2968 2224 emittitur.
3027 2171 3190 2224 Porta
3227 2176 3406 2225 autem
3467 2187 3572 2226 non
3620 2172 3847 2225 claude-

2148 2260 2239 2310 tur
2280 2271 2450 2325 usque
2503 2257 2577 2312 ad
2604 2273 2880 2325 vesperam
2925 2257 3140 2328 (lbid.).
3189 2258 3416 2316 Clausio
3465 2260 3557 2315 hic
3602 2274 3726 2315 non
3779 2259 3848 2315 ad

2147 2344 2560 2414 virginitatem,
2617 2360 2750 2416 qua
2815 2347 3028 2416 sapius
3093 2355 3178 2402 est
3246 2348 3504 2417 repetita,
3572 2349 3847 2404 refertur.

2145 2433 2316 2488 Porta
2359 2433 2538 2504 igitur
2583 2447 2770 2504 usque
2798 2435 2870 2489 ad
2902 2448 3198 2504 vesperam
3230 2435 3335 2490 ista
3365 2450 3477 2491 non
3523 2436 3844 2503 clauditur,

2143 2521 2244 2590 qui
2285 2520 2598 2576 clementia
2654 2525 2782 2592 ejus
2833 2522 3025 2578 aditus
3078 2538 3266 2593 usque
3318 2524 3376 2578 in
3427 2524 3598 2580 finem
3641 2525 3846 2580 saculi

2143 2609 2286 2664 nulli
2343 2609 2434 2679 pie
2493 2610 2704 2679 petenti
2751 2610 3092 2666 obstruitur.
3134 2611 3258 2667 Non
3309 2612 3613 2668 claudatur
3641 2620 3844 2668 autem

2143 2699 2376 2766 dicitur,
2413 2700 2732 2769 aperietur;
2765 2702 2887 2769 ipsa
2916 2702 3071 2756 enim
3114 2715 3246 2770 qua
3279 2704 3404 2771 post
3444 2700 3625 2756 sancti
3660 2700 3843 2772 Spiri-

2143 2794 2236 2842 tus
2265 2786 2550 2842 dationem
2575 2786 2807 2857 cognita
2845 2795 2929 2843 est
2952 2795 3207 2843 nostram
3231 2789 3490 2843 omnium
3523 2789 3708 2859 Virgo
3755 2789 3838 2845 fu-

2140 2875 2286 2931 disse
2323 2875 2588 2941 salutem,
2632 2877 2690 2931 in
2743 2891 2864 2932 sua
2917 2876 3310 2946 propalatione
3341 2877 3555 2948 gloria,
3609 2878 3839 2934 nullam

2139 2965 2404 3032 deinceps
2455 2977 2621 3033 passa
2663 2973 2748 3021 est
2803 2973 3172 3034 vetustatem;
3229 2965 3326 3020 sed
3385 2965 3533 3021 sicut
3587 2963 3699 3021 Fili
3751 2967 3839 3022 sui

338 3049 541 3117 Deum,
575 3063 880 3120 nunquam
929 3064 1002 3105 ne
1029 3049 1102 3105 ad
1133 3057 1414 3119 punctum
1459 3051 1722 3106 imminui
1770 3053 2024 3118 sentiret,
2067 3065 2108 3120 ε
2143 3053 2278 3107 lides
2307 3051 2480 3107 nullis
2529 3053 2995 3122 persecutionum
3042 3062 3169 3109 acta
3220 3053 3550 3109 turbinibus
3597 3054 3840 3110 destitui

337 3152 509 3208 quem
555 3139 614 3192 in
680 3137 1048 3207 concipiendo
1101 3137 1306 3194 habuit
1354 3138 1565 3195 latitia
1631 3139 1907 3200 fructum.
1973 3140 2026 3196 Si

334 3225 595 3282 Christus
639 3225 792 3282 Deus
837 3226 979 3296 quia
1029 3240 1090 3282 se
1145 3226 1476 3282 humiliavit
1519 3227 1834 3295 exaltatur,
1889 3243 2028 3300 ergo

335 3314 459 3384 ipsa
487 3313 724 3384 perenni
754 3314 985 3370 residuo
1032 3315 1228 3384 gloria
1258 3315 1414 3384 quod
1453 3323 1632 3370 totum
1675 3316 1855 3372 Deum
1887 3331 2027 3372 con-

337 3402 466 3458 tulit
524 3402 775 3472 potitur;
831 3401 946 3458 imo
1014 3401 1327 3458 clarificato
1393 3403 1751 3472 provehitur,
1808 3412 2027 3475 quanto

334 3491 549 3563 regina
577 3490 792 3547 clarius
840 3497 926 3546 est
973 3489 1179 3546 Filium
1221 3491 1414 3546 videre
1459 3499 1792 3562 regnantem
1847 3507 2024 3563 quam

333 3592 406 3634 ex
431 3592 496 3634 eo
527 3592 588 3634 se
619 3577 764 3633 scire
782 3584 1195 3648 praegnantem.

406 3665 590 3736 Super
643 3665 819 3721 limen
872 3666 1070 3736 itaque
1111 3665 1289 3736 hujus
1352 3674 1527 3736 porta
1594 3666 1860 3738 princeps
1931 3669 2027 3726 ad-

333 3761 475 3820 oret,
517 3753 574 3809 id
601 3761 686 3810 est
732 3754 790 3808 in
815 3753 1025 3824 spiritu
1060 3761 1114 3810 et
1147 3757 1385 3810 veritate
1413 3755 1720 3812 adorantes
1765 3757 2021 3828 inspiret.

329 3842 497 3898 Unde
551 3849 682 3898 est:
723 3842 968 3898 Adorate
1012 3843 1302 3898 scabellum
1345 3843 1544 3912 pedum
1587 3845 1722 3914 ejus,
1768 3849 2025 3914 quoniam

332 3935 578 3985 sanctum
633 3935 713 3986 est
767 3932 935 3998 (Psal.
988 3945 1183 3996 xcvul,
1245 3932 1318 4001 5).
1382 3932 1435 3988 Si
1493 3935 1644 3988 enim
1718 3933 1787 3989 de
1859 3935 2023 3990 Chri-

333 4028 418 4076 sto
467 4018 697 4075 homine
743 4019 1000 4076 dicitur:
1073 4021 1318 4075 Adorate
1389 4036 1529 4089 eum,
1589 4036 1767 4076 omnes
1845 4025 2027 4092 angeli

331 4113 481 4162 »θ’
512 4107 630 4177 eius
671 4107 838 4178 (Psal.
867 4123 1018 4175 xcvu,
1047 4110 1125 4178 7),
1162 4109 1231 4164 de
1272 4109 1382 4164 Deo
1411 4109 1556 4164 nulli
1600 4109 1846 4166 dubium
1877 4112 2022 4182 quin

329 4195 587 4252 adorent.
620 4195 768 4262 Quid
821 4197 1096 4264 sanctius,
1145 4197 1286 4266 quid
1315 4210 1384 4252 ea
1429 4197 1779 4254 adorabilius
1825 4213 2017 4268 carne,

328 4298 403 4339 ex
459 4297 579 4354 qua
621 4283 886 4341 Christus
939 4284 1218 4355 gignitur,
1264 4299 1396 4355 qua
1454 4285 1623 4342 habet
1668 4286 2018 4344 identitatem

328 4387 462 4428 cum
508 4371 654 4442 ipsa,
697 4373 1014 4442 eademque
1061 4373 1161 4429 Dei
1208 4373 1348 4429 Filio
1380 4374 1626 4430 unitur‘?
1669 4375 1738 4430 Et
1781 4384 1932 4432 certe
1962 4377 2020 4433 in

327 4459 546 4516 mundo
577 4459 796 4530 positus
823 4460 868 4515 si
899 4474 1042 4530 puer
1077 4461 1413 4532 parentibus
1459 4463 1725 4520 subditus
1763 4463 1914 4534 (Luc.
1957 4480 2016 4533 ιι,

327 4548 437 4618 51),
462 4549 636 4619 juxta
656 4548 811 4619 quod
834 4547 1083 4606 tulerant
1123 4565 1245 4606 sua
1280 4551 1458 4621 ipsius
1486 4550 1629 4608 scita
1657 4551 1818 4623 legis,
1869 4554 2020 4623 ipsos

324 4635 599 4707 honorat;
628 4651 746 4692 non
773 4644 858 4693 est
901 4637 1069 4706 plane
1099 4639 1312 4694 mirum
1354 4639 1402 4694 si
1437 4639 1493 4696 id
1525 4639 1716 4709 ipsum
1773 4640 1926 4710 quod
1959 4640 2018 4696 in

321 4738 389 4781 ea
417 4725 648 4782 virtutis
674 4732 730 4782 et
775 4725 970 4796 gloria
1027 4726 1252 4794 indidit,
1300 4726 1456 4796 quod
1503 4727 1792 4797 signiﬁcat
1843 4736 2018 4797 porta

320 4812 516 4882 limen,
577 4813 799 4870 adorat.
855 4814 1113 4870 Adorare
1165 4828 1422 4885 namque
1473 4815 1624 4871 sicut
1672 4829 1775 4885 pro
1819 4816 2016 4873 divino

320 4901 500 4969 cultu,
533 4901 616 4956 sic
643 4901 948 4970 aliquoties
996 4916 1098 4972 pro
1129 4903 1454 4959 reverentia
1501 4902 1574 4958 ad
1620 4902 1882 4959 homines
1924 4918 2019 4974 po-

321 4989 499 5056 nitur,
533 4989 680 5044 sicut
719 4989 950 5045 Nathan
990 4991 1272 5060 propheta
1299 4990 1478 5047 David
1511 4991 1779 5048 adorasse
1807 4993 2016 5049 scribi-

320 5083 417 5132 tur
443 5076 574 5146 (III
607 5076 746 5144 Reg.
790 5091 828 5144 ι,
879 5076 993 5148 23).
1026 5078 1188 5134 Unde
1217 5087 1273 5135 et
1299 5079 1474 5136 Jacob
1503 5079 1799 5150 fastigium
1832 5080 2014 5152 virga

316 5164 524 5233 Ioseph
555 5163 630 5219 ab
659 5163 929 5233 Apostolo
971 5165 1239 5221 adorasse
1278 5167 1492 5223 dicitur
1543 5169 1744 5234 (Hebr.
1797 5183 1857 5234 ιι,
1899 5169 2009 5240 21).

315 5251 478 5318 Quod
507 5257 592 5307 est
641 5250 700 5306 in
753 5265 965 5322 magna
999 5255 1366 5312 veneratione
1397 5255 1668 5312 habuisse
1724 5271 2012 5313 summam

314 5341 442 5410 ejus
471 5339 756 5409 potentia,
790 5353 920 5409 qua
951 5340 1033 5397 sic
1059 5341 1512 5412 inseparabiliter
1541 5358 1575 5399 a
1605 5345 1718 5401 Deo
1747 5353 2009 5415 paratur.

315 5426 372 5483 Si
410 5428 481 5484 de
521 5427 734 5482 sanctis
765 5427 979 5498 quibus
1035 5429 1126 5484 Dei
1186 5431 1383 5487 ﬁliatio
1435 5433 1806 5502 promittitur,
1855 5434 2010 5504 quod

313 5514 648 5572 honorabile
670 5515 744 5570 sit
771 5530 980 5573 nomen
1001 5531 1202 5574 eorum
1235 5533 1426 5576 coram
1461 5523 1577 5590 ipso
1603 5521 1817 5578 dicitur
1843 5523 2008 5590 (Psal.

311 5617 462 5672 uxr,
506 5601 612 5672 14),
643 5601 783 5659 dum
835 5605 890 5662 id
945 5606 1006 5662 in
1035 5607 1119 5662 eis
1147 5605 1408 5665 Christus
1437 5607 1700 5677 honorat,
1732 5609 1888 5680 quod
1936 5609 2010 5666 ab

2140 3139 2340 3209 potuit,
2367 3139 2478 3195 imo
2503 3141 2824 3209 promoveri
2861 3155 2976 3196 non
3009 3140 3193 3206 desiit,
3213 3140 3294 3196 sic
3321 3141 3632 3196 benedicta
3651 3141 3841 3211 ipsius

2137 3227 2332 3282 Matris
2361 3226 2542 3281 honor
2577 3241 2692 3281 non
2725 3226 2852 3282 dico
2884 3226 3154 3296 tepefieri,
3196 3226 3290 3282 sed
3325 3227 3384 3282 in
3414 3227 3532 3283 dies
3575 3241 3683 3297 pro
3715 3242 3842 3284 suc-

2135 3330 2299 3370 cessu
2357 3324 2680 3385 temporum
2733 3329 2850 3370 non
2906 3329 3131 3385 semper
3188 3315 3432 3372 exaltari
3494 3317 3722 3372 nesciit.
3787 3317 3837 3372 Si

2133 3406 2286 3461 enim
2323 3406 2378 3461 in
2427 3405 2673 3476 singulis
2719 3403 2973 3460 ﬁdelium
3021 3404 3289 3461 atatibus
3334 3404 3669 3461 Christiana
3699 3420 3836 3462 seu-

2134 3495 2330 3560 tentia,
2360 3507 2479 3564 qua
2509 3493 2758 3563 amplius
2788 3493 3122 3561 ventilatur,
3155 3493 3439 3549 astruitur
3481 3500 3535 3549 et
3563 3493 3834 3550 discussa

2133 3582 2215 3638 nil
2273 3582 2432 3638 aliud
2477 3596 2653 3653 quam
2717 3581 2961 3638 solidum
3022 3581 3366 3652 respondere
3439 3581 3676 3652 addicit,
3758 3583 3837 3638 sic

2135 3671 2315 3740 ipsius
2353 3671 2410 3725 in
2441 3671 2718 3726 saculum
2764 3669 3140 3726 clariﬁcanda
3177 3669 3500 3740 virginitas,
3544 3678 3601 3726 et
3649 3673 3837 3728 nullis

2133 3757 2450 3814 haresibus
2475 3757 2908 3827 ,devirginanda
2935 3756 3252 3813 fecunditas
3281 3756 3371 3813 vel
3414 3766 3835 3815 momentanea

2131 3845 2560 3902 obumbrationi
2591 3845 2920 3914 succubuit,
2979 3846 3094 3900 imo
3148 3844 3612 3914 imperiosissima
3645 3848 3835 3904 ultrix

2128 3932 2481 4004 injuriarum
2555 3946 2797 3988 suarum
2866 3947 2965 4002 per
3033 3933 3420 3990 revolutiones
3477 3942 3829 4004 temporum,

2131 4020 2285 4078 unde
2313 4027 2369 4076 et
2398 4020 2616 4091 ubique
2639 4028 2927 4092 quantum
2957 4031 3224 4093 regnaret
3255 4021 3619 4079 mirabilibus
3639 4032 3832 4081 osten-

2133 4109 2212 4165 sis
2254 4108 2499 4178 aperuit.

2196 4199 2485 4267 Proprium
2535 4200 2646 4267 ipsi
2682 4203 2761 4252 est
2817 4201 3081 4265 misereri,
3122 4205 3308 4268 utpote
3347 4205 3619 4270 sequester
3680 4204 3826 4256 inter

2132 4289 2298 4342 Deum
2340 4292 2391 4340 et
2431 4287 2690 4342 homines.
2744 4316 2815 4329 —
2877 4287 3034 4344 Unde
3081 4289 3389 4358 sequitur:
3451 4291 3518 4343 Et
3563 4290 3825 4346 adorabit

2063 4358 2105 4412 Ῑ)
2131 4378 2304 4430 omnis
2324 4376 2556 4446 populus
2576 4381 2732 4430 terra
2760 4376 2834 4429 ad
2857 4379 3054 4431 ostium
3076 4382 3246 4445 porta
3274 4377 3464 4447 (Ibid.,
3489 4380 3562 4445 3).
3591 4378 3646 4434 Si
3676 4379 3827 4448 priu-

2129 4477 2262 4534 ceps
2292 4463 2398 4518 hoc
2426 4464 2582 4532 quod
2625 4478 2692 4519 ex
2717 4477 2784 4519 ea
2837 4465 3072 4534 accepit,
3105 4464 3163 4520 id
3216 4474 3301 4521 est
3359 4467 3824 4537 integumentum

2128 4551 2373 4624 propria
2425 4551 2804 4608 humanitatis
2851 4553 3072 4622 adorat,
3126 4553 3397 4610 membris
3448 4554 3665 4610 scilicet
3707 4555 3826 4612 suis

2127 4641 2489 4696 adorandum
2541 4640 2816 4707 insinuat,
2865 4641 3176 4698 rectissime
3207 4643 3456 4712 populus
3485 4651 3674 4710 terra,
3711 4659 3824 4699 non

2125 4729 2398 4799 pulveris,
2447 4729 2552 4784 ﬁde
2581 4729 2803 4786 stabilis
2830 4739 3005 4800 atque
3037 4730 3388 4787 fructificans
3407 4747 3522 4788 non
3553 4733 3822 4800 volatilis,

2121 4817 2302 4888 ipsam
2359 4817 2757 4888 gloriosiorem
2816 4818 3320 4888 supercalcstibus
3369 4822 3669 4888 creaturis,
3734 4829 3824 4878 ut-

2124 4913 2252 4977 pote
2281 4921 2413 4976 qua
2445 4905 2692 4973 auctrix,
2728 4914 2784 4962 et
2809 4921 2972 4962 nova
3015 4907 3115 4962 Dei
3161 4907 3287 4962 Filii
3317 4915 3597 4964 creatura
3627 4910 3824 4966 alitrix

2121 5001 2223 5062 est,
2251 5008 2366 5049 non
2407 4993 2576 5049 modo
2618 5001 2682 5049 ut
2711 5003 2946 5050 cateros
2973 5002 3198 5051 sanctos
3241 4995 3503 5063 honorat,
3528 4998 3626 5052 sed
3657 5001 3823 5068 quasi

2120 5095 2494 5151 superparem
2531 5082 2736 5138 Christi
2777 5083 3157 5138 humanitatis
3184 5084 3404 5140 adorat.
3431 5084 3655 5140 Ostium
3687 5101 3823 5142 vero

2121 5178 2206 5226 est
2238 5171 2308 5226 ad
2341 5178 2562 5240 portam
2591 5170 2782 5227 aditus
2820 5171 3228 5242 patentissima
3255 5174 3527 5228 omnibus
3555 5173 3821 5230 dulcedi-

2120 5259 2212 5314 nis
2241 5259 2312 5315 ad
2342 5259 2602 5315 Mariam.
2653 5259 2802 5326 Quid
2854 5260 3006 5316 enim
3056 5261 3484 5317 miserationum
3527 5262 3609 5318 illi
3648 5263 3816 5321 bene-

2119 5347 2285 5403 dicta
2311 5362 2428 5403 non
2461 5348 2688 5414 inﬂuat,
2719 5363 2794 5405 ex
2821 5363 2941 5418 qua
2981 5349 3106 5405 fons
3137 5349 3309 5406 totius
3337 5351 3410 5406 ad
3439 5360 3683 5408 cunctos
3715 5353 3816 5422 qui

2120 5442 2310 5491 tenere
2361 5435 2641 5505 panitent
2698 5446 3022 5506 peccatores
3071 5437 3352 5508 largitatis
3393 5447 3448 5496 et
3481 5440 3682 5510 gratia
3713 5455 3821 5497 ma-

2117 5523 2258 5579 nat?
2287 5523 2391 5580 Cui
2419 5525 2572 5579 enim
2605 5531 2787 5580 totum
2829 5526 2985 5596 quod
3013 5533 3100 5582 est
3125 5527 3518 5583 misericordia
3547 5542 3610 5584 se
3657 5529 3817 5586 infu-

2111 5611 2218 5681 ‘dit,
2271 5611 2557 5682 quomodo
2585 5611 2875 5670 dissentiet
2908 5612 2982 5670 ab
3023 5628 3089 5671 eo
3121 5614 3278 5685 quod
3308 5614 3368 5671 in
3416 5629 3477 5674 se
3505 5613 3816 5676 continens
