3956 6444
221 382 324 432 557

1586 384 1676 440 DE
1719 385 1953 440 LAUDE
1989 384 2044 440 S.
2088 381 2358 442 MARL’E.

3633 396 3733 446 558

219 516 292 571 ad
324 532 426 572 nos
451 517 639 573 fudit?
669 519 782 588 Ipsi
824 518 991 588 plane
1021 519 1272 575 misereri
1311 526 1394 575 est
1424 521 1743 590 proprium,
1779 521 1920 590 quia
1955 522 2004 576 A
2032 529 2255 592 reperta
2305 529 2389 579 est
2429 523 2736 579 solitudine
2777 526 3006 593 pensari
3046 526 3271 595 poterit.
3308 527 3414 583 Ubi
3460 541 3575 582 non
3609 543 3739 599 gar-

219 619 351 674 quae
378 620 436 661 se
466 607 538 660 ad
584 607 727 662 tanti
774 607 1215 664 immensitatem
1261 608 1434 664 officii
1480 609 1924 664 misericorditer

217 707 253 748 a
283 694 396 749 Deo
440 695 736 764 perpendit
782 705 1160 765 assumptam,
1195 697 1521 767 factamque
1554 698 1700 753 inter
1730 698 1920 767 ipsum

223 782 402 838 Deum
450 784 828 854 hominesque
861 793 1239 855 sequestram,
1288 801 1401 842 non
1451 786 1735 842 immerito
1781 786 1922 841 adeo

217 870 484 938 specialia
527 871 598 926 ad
643 887 748 928 nos
793 872 965 928 habet
997 874 1238 942 viscera,
1266 887 1333 929 ex
1367 875 1583 944 quibus
1609 883 1665 930 et
1695 882 1925 944 propter

218 972 366 1028 quos
392 967 476 1015 est
507 967 622 1014 tam
654 961 1031 1032 singulariter
1052 963 1340 1018 excellens
1373 971 1434 1018 ut
1468 963 1919 1020 misericordiam

215 1060 707 1118 consequeremur
734 1048 955 1117 effecta,
1004 1051 1146 1120 quia
1193 1051 1346 1106 enim
1397 1051 1558 1107 nullo
1602 1051 1767 1106 modo
1797 1051 1923 1106 ido-

216 1149 327 1190 nea
351 1143 414 1192 ut
441 1137 712 1206 competit
760 1138 1120 1208 pertingendi
1165 1139 1236 1194 ad
1271 1139 1479 1195 Filium
1522 1139 1923 1210 interpellandi

217 1224 407 1294 ipsum
431 1224 709 1294 cuiquam
740 1225 986 1281 facultas
1014 1227 1285 1296 suppetit,
1337 1242 1470 1298 quae
1499 1228 1830 1298 eloquentia
1872 1228 1922 1283 ei

215 1313 623 1382 cujuscunque
653 1312 985 1369 mediatoris
1005 1315 1242 1384 gratior,
1277 1317 1391 1371 imo
1431 1324 1727 1386 tantopere
1759 1324 1924 1387 grata

213 1415 336 1456 esse
362 1401 596 1467 valebit,
625 1415 803 1471 quam
835 1403 961 1472 ejus
992 1417 1168 1473 quam
1203 1404 1508 1469 honorare,
1544 1413 1610 1461 ut
1635 1405 1682 1460 si
1712 1405 1920 1474 dicam,

215 1488 443 1558 cogitur
473 1496 527 1544 et
570 1490 703 1559 jure
753 1490 1193 1546 necessitudinis
1235 1497 1290 1546 et
1320 1507 1440 1547 suae
1470 1492 1710 1562 imperio
1744 1492 1924 1562 legis?

199 1575 270 1631 -Si
303 1576 457 1631 enim
508 1578 861 1634 audientiam
894 1592 1058 1634 suam
1105 1579 1177 1634 ab
1203 1593 1270 1635 ea
1303 1580 1360 1635 in
1413 1581 1611 1650 aliquo
1656 1581 1923 1636 absenta-

212 1672 320 1730 ret,
356 1665 555 1720 nullus
584 1665 655 1720 ad
688 1667 1005 1736 rogandam
1039 1667 1145 1721 nisi
1178 1667 1581 1724 miserabiliter
1603 1650 1921 1738 repudian-

2030 610 2314 677 rulorum,
2349 626 2463 666 non
2494 611 2695 666 amasii
2728 614 3089 681 prmsentiam
3128 613 3446 680 offenderit,
3491 615 3588 670 sed
3618 616 3738 670 sola

2031 699 2129 753 Dei
2179 699 2272 753 cui
2322 699 2606 755 innutrita
2655 699 2842 755 fuerat
2890 701 3369 770 contemplatione
3407 710 3736 759 contentam

2031 787 2326 856 repererit.
2361 787 2510 854 Quin
2556 795 2612 844 et
2660 788 3180 859 videriimpatiens
3227 804 3361 846 cum
3415 805 3533 860 qua
3582 791 3733 846 festi-

2030 875 2261 930 natione
2293 884 2565 932 montana
2614 878 3026 945 conscenderit,
3057 886 3112 934 et
3158 893 3292 934 cum
3341 887 3587 950 cognata
3617 894 3734 936 anu

2030 963 2210 1033 Virgo
2271 965 2542 1020 trimestri
2597 967 2809 1022 morari
2859 966 3156 1023 mansione
3209 967 3517 1038 delegerit;
3578 969 3733 1038 quod

2024 1051 2356 1122 juvenculae
2387 1067 2501 1108 non
2540 1053 2845 1109 minimum
2891 1053 3119 1125 insigne
3161 1055 3402 1111 exstitit.
3437 1056 3509 1111 Et
3540 1056 3733 1111 inusi-

2032 1140 2130 1196 tati
2161 1141 2458 1198 caelibatus
2485 1149 2794 1206 ostentum,
2840 1150 2908 1198 ut
2936 1157 3162 1198 morum
3201 1143 3430 1213 pondus
3466 1144 3730 1211 anilium,

2030 1236 2340 1300 motusque
2387 1243 2614 1285 severos
2655 1245 2770 1286 non
2817 1231 2984 1286 modo
3027 1238 3337 1300 pateretur,
3387 1232 3483 1287 sed
3528 1232 3734 1289 avidis-

2028 1319 2170 1374 sime
2211 1319 2479 1374 alacritas
2526 1319 2801 1389 puellaris
2829 1327 3142 1389 expeteret,
3173 1320 3243 1375 ad
3278 1321 3397 1376 haec
3430 1322 3571 1377 tanti
3604 1336 3733 1377 ma-

2023 1397 2242 1477 jes'tatis
2288 1408 2485 1478 gaudii
2516 1423 2650 1463 cum
2686 1407 2960 1464 ineffabili
2995 1408 3340 1478 concepisset
3380 1407 3610 1466 affectu.
3644 1411 3733 1466 Ad

2030 1510 2201 1564 quem
2233 1511 2468 1564 prorsus
2498 1496 2692 1566 gloria:
2738 1497 2956 1552 collata
3004 1497 3449 1553 redundantiam
3484 1512 3732 1568 magna-

2029 1584 2168 1638 nimi
2219 1592 2478 1652 respectu
2511 1585 2836 1650 contulerit,
2870 1599 2942 1639 ex
2969 1599 3034 1639 eo
3069 1585 3431 1654 propalatum
3463 1595 3545 1641 est
3575 1588 3730 1656 quod

2031 1672 2152 1740 ipsa
2201 1672 2497 1727 concinuit
2544 1693 2558 1724 '.
2603 1674 2938 1741 Magniﬁcat,
2986 1672 3197 1741 inquit,
3231 1675 3416 1726 anima
3459 1691 3579 1728 mea
3621 1679 3729 1729 Do—

209 1751 329 1808 duo
359 1753 668 1808 accederet.
696 1754 865 1810 Plane
889 1756 988 1824 qui
1013 1763 1285 1811 naturam
1313 1757 1588 1823 condidit,
1614 1765 1669 1812 et
1695 1765 1919 1812 naturae
1957 1822 1991 1828 _
2027 1764 2268 1821 minum;
2317 1764 2368 1813 et
2414 1761 2711 1814 eccsultavit
2763 1763 2994 1828 spiritus
3038 1776 3187 1814 meus
3235 1765 3293 1814 in
3335 1765 3443 1816 Deo
3493 1765 3730 1817 salutari

205 1839 346 1910 jura
371 1849 790 1911 consequenter
821 1822 1086 1909 instituit,
1116 1843 1262 1899 nulli
1294 1844 1538 1899 dubium
1575 1822 1733 1915 quod
1761 1845 1917 1915 apud
1957 1822 1998 1878 Β
2028 1864 2142 1902 meo
2173 1848 2326 1919 (Luc.
2373 1864 2408 1914 ι,
2443 1849 2531 1915 47,
2583 1849 2690 1916 48),
2727 1822 2834 1904 etc.
2886 1849 3072 1904 Habes
3113 1864 3250 1920 ergo
3297 1851 3564 1920 superius
3594 1867 3730 1908 mu-

207 1941 342 1985 eum
389 1930 765 2000 personalitas
815 1939 1078 1986 materna
1126 1932 1538 2001 praeponderet,
1585 1948 1718 1988 cum
1763 1934 1819 1989 id
1859 1935 1918 1989 in

208 2019 403 2074 causis
447 2019 780 2074 mortalium
832 2019 1089 2089 ingenita
1133 2019 1299 2076 bonis
1350 2021 1622 2077 omnibus
1677 2035 1919 2078 consue-

211 2107 350 2163 tudo
377 2115 698 2163 conservet.

869 2195 1100 2252 CAPUT
1141 2198 1257 2252 VII.

282 2288 431 2338 φειδ
464 2285 821 2351 Evangelium
851 2287 910 2337 in
947 2285 1340 2353 Assumptione
1372 2285 1433 2340 B.
1470 2287 1665 2340 Maria
1697 2287 1802 2354 legi
1829 2303 1913 2340 so-

211 2373 370 2425 litum
402 2373 756 2441 explanatur.
795 2403 863 2413 —
911 2373 1193 2428 Praeterea
1226 2387 1259 2428 a
1290 2373 1556 2443 plurimis
1603 2375 1788 2444 quaeri
1819 2389 1916 2430 so-

211 2460 288 2516 let
314 2473 496 2530 quare
538 2460 597 2515 in
642 2461 768 2531 ejus
814 2461 1223 2530 Assumptione
1270 2462 1572 2532 Evangelii
1611 2462 1755 2519 illud
1804 2463 1914 2533 legi

211 2549 352 2608 solet
379 2547 699 2618 capitulum
733 2563 746 2602 :
795 2550 1050 2616 Intravit,
1084 2549 1295 2604 scilicet
1331 2551 1516 2618 lesus,
1545 2555 1602 2604 in
1641 2552 1916 2616 quoddam

211 2639 494 2691 castellum
538 2639 688 2706 (Luc.
736 2651 792 2704 Χ,
839 2640 944 2702 38).
987 2637 1150 2703 Quod
1200 2647 1419 2708 quanto
1463 2638 1635 2708 juxta
1667 2640 1915 2696 historiae

211 2726 478 2781 corticem
514 2725 869 2796 peregrinari
917 2727 1148 2781 videtur
1195 2726 1266 2781 ab
1308 2728 1448 2796 ipsa,
1503 2736 1659 2783 tanto
1707 2743 1914 2784 secun-

212 2815 354 2868 dum
407 2827 638 2868 sensum
689 2813 964 2868 moralem
1017 2813 1181 2882 pleno
1232 2815 1730 2884 contemplationis
1761 2826 1914 2873 statu

215 2902 475 2957 subsistit
515 2901 573 2956 in
609 2901 746 2971 ipsa.
777 2901 936 2968 Quod
969 2901 1016 2956 si
1047 2902 1140 2958 det
1181 2903 1330 2958 Deus
1359 2903 1545 2959 dicere
1575 2918 1648 2960 ex
1677 2913 1914 2960 senten-

213 2991 293 3046 tia
323 2998 591 3059 poterunt
631 2998 948 3046 monstrare
977 2991 1298 3060 sequentia.

285 3081 520 3133 Intravit
550 3082 706 3133 Iesus
736 3084 794 3133 in
825 3080 1100 3145 quoddam
1130 3081 1432 3134 castellum.
1476 3079 1772 3146 Quoddam
1819 3097 1912 3139 so-

213 3167 397 3223 lemus
446 3169 634 3224 dicere
684 3168 752 3224 de
801 3181 868 3224 ea
917 3182 975 3224 re
1029 3182 1209 3239 quam
1259 3169 1522 3224 nolcmus
1569 3172 1912 3240 exprimere,

213 3264 314 3312 aut
360 3257 689 3327 nequimus.
724 3257 1032 3312 Castellum
1082 3264 1273 3312 autem
1325 3270 1397 3312 ex
1427 3256 1580 3312 vallo
1623 3266 1678 3314 et
1725 3274 1913 3331 muro,

217 3345 481 3414 lurrique
525 3344 845 3408 conﬁcitur,
881 3351 936 3399 et
965 3343 1019 3398 id
1049 3343 1239 3414 ipsum
1280 3357 1314 3398 a
1343 3345 1657 3412 castrando,
1689 3353 1743 3401 et
1776 3362 1917 3400 coer-

212 3434 400 3499 cendo,
448 3440 706 3488 vocatur.
764 3433 925 3489 Illius
976 3433 1154 3504 igitur
1207 3433 1520 3489 benedictae
1571 3434 1918 3490 conscientia

213 3521 512 3576 castellum
563 3521 690 3586 fuit,
740 3537 871 3592 qua
911 3522 1194 3592 quidquid
1246 3522 1360 3578 Deo
1411 3523 1469 3577 in
1514 3537 1573 3578 se
1615 3523 1917 3592 displicere

215 3617 437 3678 poterat
466 3609 729 3666 funditus
771 3624 966 3666 arcere
1013 3625 1129 3666 non
1169 3611 1404 3666 destitit.
1457 3610 1560 3666 Sed
1607 3611 1712 3667 hoc
1758 3613 1918 3681 prius

214 3698 388 3754 habet
418 3698 659 3766 vallum,
710 3697 803 3754 cui
830 3706 962 3754 ante
993 3699 1186 3754 omnia
1218 3713 1641 3770 usquequaque
1677 3715 1791 3755 non
1820 3702 1916 3757 de-

214 3786 324 3843 fuit
358 3787 530 3842 totius
557 3787 898 3843 humilitatis
927 3789 1129 3843 imum.
1164 3788 1330 3843 Muro
1355 3788 1605 3858 denique
1639 3789 1912 3860 cingitur,

215 3890 350 3931 cum
400 3890 560 3931 mens
605 3878 732 3946 ejus
777 3876 1105 3932 beatissima
1155 3876 1394 3933 interius
1443 3878 1586 3934 bene
1632 3878 1741 3933 sibi
1787 3893 1916 3948 pro-

213 3964 368 4031 vida,
423 3963 694 4019 exteriori
741 3964 994 4033 corporis
1040 3978 1318 4020 sensuum
1358 3965 1618 4020 custodia
1655 3980 1914 4021 cominu-

214 4053 398 4109 nitur.
449 4053 653 4108 Turris
704 4053 1102 4120 introsistitur,
1162 4067 1296 4110 cum
1360 4053 1418 4108 in
1470 4054 1678 4110 humili
1726 4055 1916 4124 corde,

214 4140 494 4211 castigato
535 4143 657 4212 jam
710 4155 968 4211 corpore,
1019 4155 1147 4211 spes
1205 4143 1265 4197 in
1334 4143 1516 4198 Deum
1568 4143 1741 4199 unica
1804 4152 1918 4200 tota

214 4230 554 4300 proceritate
589 4230 920 4300 porrigitur,
974 4231 1132 4286 verbi
1180 4230 1384 4301 gratia,
1436 4245 1568 4288 cum
1614 4233 1767 4287 enim
1803 4234 1918 4288 Do-

216 4319 360 4374 mini
390 4319 565 4375 totius
596 4319 912 4390 majestatis
939 4319 1048 4374 sibi
1078 4319 1418 4376 denuntiata
1450 4320 1650 4376 fuisset
1686 4321 1914 4390 inlusio,

2029 1951 2181 2004 rum,
2212 1937 2388 1992 habes
2417 1937 2542 1992 istic
2572 1937 2798 1992 turrim.
2853 1936 3152 2003 Quoddam
3202 1937 3399 2007 itaque
3429 1939 3727 1996 castellum

2027 2033 2131 2089 est,
2165 2026 2320 2095 quod
2369 2025 2632 2081 videlicet
2663 2040 2696 2080 a
2723 2025 2950 2080 nemine
2979 2025 3317 2095 excogitari,
3363 2027 3575 2083 nedum
3627 2043 3727 2083 ex-

2027 2114 2196 2183 primi
2267 2121 2473 2182 potest;
2529 2114 2672 2183 quid
2746 2115 3189 2184 magnificentiae
3255 2117 3530 2184 exterius,
3586 2117 3727 2186 quid

2031 2204 2195 2273 pretii
2228 2204 2376 2258 intro
2409 2204 2638 2270 habeat,
2673 2218 2806 2273 quae
2836 2204 2930 2259 Dei
2971 2211 3154 2259 mater
3179 2202 3300 2259 est!

2100 2293 2319 2346 Martha
2364 2293 2588 2346 turbata
2635 2295 2729 2358 qui
2774 2294 2838 2346 B.
2895 2294 3112 2359 Virgini
3152 2297 3438 2361 competat.
3469 2322 3540 2334 —
3568 2295 3727 2350 Illius

2026 2385 2204 2434 activa
2238 2383 2370 2434 vita.
2422 2409 2488 2422 —
2520 2382 2719 2434 Mulier
2757 2381 3007 2445 quaedam
3053 2381 3276 2435 Martha
3308 2386 3524 2436 nomine
3569 2399 3728 2437 exce-

2018 2474 2109 2539 pit
2134 2485 2255 2523 eum
2292 2472 2350 2523 in
2395 2469 2613 2523 domum
2643 2485 2800 2522 suam
2831 2471 2986 2535 (Luc.
3033 2483 3090 2536 x,
3143 2471 3253 2538 38).
3291 2470 3397 2525 Per
3428 2470 3725 2527 mulierem

2026 2559 2269 2613 actualis
2296 2556 2637 2623 fecunditas,
2669 2558 2781 2612 imo
2829 2557 3074 2613 fecunda
3100 2557 3390 2613 beneficiis
3421 2559 3728 2617 actualitas

2025 2646 2384 2716 designatur.
2439 2647 2568 2701 Haec
2595 2645 2820 2701 Martha
2845 2645 3076 2712 dicitur,
3111 2645 3252 2716 quia
3285 2647 3481 2703 multis
3507 2649 3727 2704 amari—

2025 2735 2329 2791 tudinibus
2377 2741 2744 2804 provocatur.
2807 2734 2949 2788 Hinc
3012 2741 3096 2789 est
3145 2735 3300 2804 quod
3355 2736 3404 2790 ei
3453 2736 3665 2792 dicitur
3711 2752 3724 2791 :

2030 2824 2293 2877 Turba-ris
2358 2839 2489 2891 erga
2542 2824 2791 2892 plurima
2846 2823 3007 2892 (Ibid.
3058 2823 3174 2892 41).
3223 2823 3552 2880 Secundum
3610 2825 3730 2882 hazc

2025 2912 2177 2967 enim
2233 2927 2443 2966 nomen
2489 2913 2619 2981 ejus
2667 2911 3098 2980 interpretatur.
3153 2912 3219 2966 In
3266 2914 3504 2969 domum
3561 2929 3728 2970 suam

2024 3013 2158 3055 eum
2185 2998 2428 3067 excepit,
2462 3013 2595 3054 cum
2629 2999 2795 3068 Virgo
2843 3006 2968 3068 post
3018 2999 3225 3056 Filium
3275 3001 3431 3056 omni
3472 3002 3731 3058 humana

1956 3120 1996 3175 ρ
2027 3096 2236 3144 natura
2280 3087 2495 3143 felicior
2547 3088 2645 3142 Dei
2698 3086 2903 3142 Filium
2951 3087 3231 3156 concepit.
3280 3090 3495 3144 Domus
3536 3098 3730 3145 autem

2028 3177 2134 3231 fuit
2163 3177 2390 3242 animae,
2441 3175 2647 3230 domus
2686 3175 2856 3230 uteri.
2892 3178 2960 3230 At
2985 3189 3120 3230 vero
3147 3177 3454 3245 exceptrici
3489 3177 3567 3232 illi
3599 3192 3731 3248 quae

2025 3264 2329 3319 actualitas
2376 3264 2560 3318 inesse
2609 3263 2862 3332 potuerit
2905 3263 3334 3334 vestigandum.
3366 3263 3568 3320 Caeteri
3598 3281 3733 3322 san-

2025 3353 2096 3407 cti
2129 3351 2247 3407 suis
2269 3351 2756 3407 commembribus
2777 3350 2964 3406 oflicia
2996 3351 3406 3408 munificentiae
3439 3354 3728 3437 pendunt;

2028 3439 2150 3494 hinc
2180 3453 2314 3493 Vero
2369 3438 2472 3508 ipsi
2505 3453 2612 3494 suo
2645 3439 3171 3510 universorumque
3198 3440 3382 3509 Capiti
3412 3441 3732 3511 specialiter

2027 3527 2393 3594 ministravit,
2423 3527 2578 3597 quod
2614 3526 2709 3582 alii
2744 3527 3088 3597 generaliter
3122 3528 3378 3598 vestigiis
3406 3529 3534 3599 ejus
3562 3529 3732 3586 attri-

2027 3615 2235 3672 buunt.
2271 3616 2326 3672 Si
2371 3616 2524 3672 enim
2575 3616 2753 3686 vulgo
2799 3617 2990 3686 egenti
3036 3617 3288 3673 tunicam
3325 3619 3600 3688 praebeas,
3635 3617 3733 3674 illa

2025 3704 2432 3774 omnipotentis
2466 3705 2606 3760 Filio
2653 3719 2726 3760 ex
2781 3706 2876 3761 Dei
2931 3706 3148 3775 Spiritu
3190 3715 3245 3762 et
3292 3721 3397 3763 suo
3447 3706 3732 3777 sanguine

2025 3808 2362 3863 corporeum
2417 3795 2649 3850 schema
2695 3795 2996 3864 compegit.
3061 3795 3117 3850 Si
3165 3809 3372 3864 panem
3444 3794 3724 3866 porrigas,

2027 3883 2124 3939 illa
2171 3897 2276 3938 suo
2317 3882 2571 3939 Creatori
2613 3882 2912 3938 beatorum
2973 3883 3220 3938 uberum
3288 3884 3538 3939 fomenta
3587 3897 3725 3954 sug-

2027 3972 2220 4043 gessit.
2268 3972 2323 4026 Si
2374 3970 2634 4026 mmrenti
2682 3970 2965 4026 solamina
3008 3971 3342 4039 praestitisti,
3397 3973 3503 4027 ista
3533 3969 3730 4042 gaudii

2025 4060 2371 4116 universalis
2415 4060 2640 4115 altrices
2689 4058 3040 4128 lacrymulas
3090 4067 3365 4114 maternze
3405 4060 3731 4118 dulcedinis

2029 4148 2424 4203 blandimento
2491 4148 2742 4202 detersit.
2795 4147 3087 4217 Quidquid
3135 4161 3459 4218 praerogare
3520 4151 3731 4218 poteris

2027 4237 2318 4304 beneficio,
2353 4237 2475 4292 haec
2506 4236 2650 4292 felici
2700 4237 2984 4307 praecessit
3035 4237 3330 4306 obsequio.
3383 4237 3481 4293 Vis
3529 4239 3732 4295 audire

2027 4326 2444 4382 amaritudines
2500 4325 2716 4395 quibus
2762 4325 2935 4396 juxta
2983 4325 3251 4381 vocabuli
3302 4325 3730 4397 etymologiam,

215 4405 360 4476 quid
392 4405 450 4460 in
475 4405 601 4476 ejus
634 4420 731 4462 ore
757 4406 866 4462 nisi
889 4407 1179 4462 ancillaris
1205 4406 1503 4462 humilitas
1530 4409 1744 4475 sonuit,
1779 4409 1920 4478 quid
1961 4418 2004 4472 1)
2031 4415 2297 4487 gloriosa,
2323 4428 2454 4485 qua;
2475 4414 2556 4469 sic
2585 4414 2960 4479 obseeundat,
2992 4415 3198 4469 mulier
3219 4415 3524 4472 irritatur?
3559 4418 3731 4470 Tuam

214 4495 345 4565 ejus
402 4501 520 4550 tota
567 4494 832 4564 deinceps
881 4495 1000 4551 vita
1048 4495 1159 4552 nisi
1209 4495 1501 4552 silentium
1544 4505 1599 4553 et
1646 4498 1921 4555 modestia

217 4583 368 4640 fuit?

291 4671 635 4727 Sanctissimi
677 4672 797 4740 ejus
843 4676 999 4727 actus
1052 4671 1459 4727 describuntur.
1494 4703 1562 4713 —
1598 4673 1756 4729 Unde
1785 4681 1867 4730 est
1902 4690 1916 4728 :

218 4761 405 4815 Maria
454 4765 638 4816 autem
697 4762 1051 4815 conservabat
1096 4765 1281 4815 omnia
1327 4762 1492 4816 verba
1562 4761 1692 4831 haec,
1735 4764 1918 4829 confe-

216 4864 344 4904 rens
372 4853 430 4903 in
469 4849 629 4903 corde
676 4865 774 4904 suo
819 4851 975 4920 (Luc.
1020 4864 1078 4914 ιι,
1134 4849 1237 4920 19).
1287 4849 1394 4906 Ubi
1436 4850 1919 4907 considerandum

216 4938 280 4995 in
335 4946 569 5009 quanta;
629 4937 1000 4994 sublimitatis
1049 4938 1260 4993 femina
1323 4938 1421 4993 illa
1463 4939 1683 5010 angelis
1730 4940 1918 5009 praefi-

216 5027 422 5084 cienda
453 5027 606 5082 vallo
641 5025 884 5092 delituit,
917 5042 1050 5097 quae
1095 5041 1224 5082 cum
1269 5027 1456 5096 ipsum
1501 5027 1684 5083 Deum
1727 5029 1920 5084 animo

215 5122 273 5171 et
319 5123 522 5170 ventre
563 5115 687 5184 jam
740 5123 980 5186 gereret,
1045 5114 1376 5170 inimitabili
1437 5129 1557 5171 sese
1608 5115 1920 5186 dejectione

215 5203 495 5260 cohibuit.
530 5204 674 5259 Cum
714 5204 870 5259 enim
902 5204 1125 5259 beatam
1175 5205 1247 5260 ab
1294 5204 1564 5260 omnibus
1592 5204 1917 5274 generatio—

215 5293 389 5348 nibus
445 5292 747 5347 dicendam
803 5305 862 5347 se
919 5307 1042 5348 esse
1092 5292 1320 5358 diceret,
1379 5299 1434 5347 et
1497 5300 1667 5348 tanta;
1725 5293 1919 5363 gloriae

216 5382 444 5438 conscia
490 5379 780 5446 existeret,
828 5381 1082 5436 maxime
1127 5381 1341 5436 mirum
1394 5380 1503 5436 fuit
1549 5381 1703 5452 quod
1748 5395 1815 5436 ea
1860 5395 1918 5437 se

215 5470 542 5526 humilitate
571 5469 882 5538 continuit;
933 5470 1089 5539 quod
1139 5468 1197 5524 in
1244 5469 1558 5539 cujuslibet
1607 5469 1920 5539 peccatoris

214 5557 422 5615 habitu
447 5557 696 5613 multum
729 5557 956 5613 laudari
1001 5556 1204 5628 potuit.
1241 5556 1379 5624 Quae
1409 5557 1660 5627 denique
1688 5558 1739 5612 ei
1768 5566 1920 5615 exte-

216 5645 340 5703 rius
365 5644 736 5702 observantia
776 5643 968 5713 fuerit,
1016 5659 1090 5702 ex
1135 5645 1264 5715 ejus
1310 5645 1370 5701 in
1419 5659 1538 5715 qua
1586 5646 1660 5702 ab
1713 5645 1919 5717 angelo

2030 4509 2226 4574 ipsius,
2260 4502 2470 4573 inquit,
2515 4507 2758 4557 animam
2796 4503 3163 4571 pertransibit
3208 4503 3430 4570 gladius
3479 4505 3629 4574 (Luc.
3666 4519 3729 4573 tt,

2029 4594 2142 4663 35).
2167 4591 2314 4658 Quot
2345 4591 2522 4647 Filius
2546 4591 2758 4661 probra
2792 4589 2938 4645 inter
2964 4590 3397 4658 praedicandum
3427 4592 3727 4658 sustinuit,

2028 4685 2108 4735 tot
2139 4677 2516 4734 mucronibus
2548 4675 2729 4732 multo
2760 4675 3002 4747 gravius
3028 4690 3203 4745 quam
3251 4675 3354 4746 qui
3388 4677 3726 4746 perferebat,

2028 4767 2144 4823 imo
2172 4767 2267 4822 cui
2299 4765 2712 4836 irrogabantur
2742 4764 2869 4834 ipsa
2898 4763 3229 4820 succubuit.

2096 4857 2256 4910 Illius
2305 4858 2420 4908 vita
2445 4855 2884 4923 contemplativa.
2927 4882 2998 4894 —
3029 4854 3097 4906 Et
3141 4853 3267 4906 huic
3311 4857 3429 4906 erat
3452 4869 3606 4909 soror
3634 4872 3730 4910 no-

2025 4948 2170 4998 mine
2213 4946 2392 4998 Maria
2419 4998 2432 5012 _
2461 4944 2613 5012 (Luc.
2668 4958 2724 5010 χ,
2777 4943 2887 5010 39).
2950 4941 3167 4997 Scitum
3212 4941 3427 5012 ubique
3468 4951 3553 4998 est
3594 4958 3733 5000 con-

2028 5030 2341 5100 templandi
2387 5031 2632 5101 gratiam
2681 5030 2739 5086 in
2787 5030 3028 5086 Mariam
3081 5030 3321 5101 signari.
3367 5031 3437 5086 Et
3470 5039 3732 5102 utraeque

2026 5133 2249 5174 sorores
2277 5119 2574 5184 dicuntur,
2610 5119 2749 5189 quia
2780 5118 2836 5173 in
2887 5119 3234 5174 conscientia
3278 5133 3353 5174 ex
3403 5133 3519 5174 uno
3549 5119 3730 5174 divini

2027 5208 2244 5262 amoris
2287 5207 2503 5262 semine
2552 5215 2951 5277 procreantur.
3004 5209 3163 5262 Ilanc
3209 5221 3345 5263 vero
3373 5207 3731 5263 benedictam

2027 5310 2202 5364 super
2230 5310 2430 5350 omnes
2462 5296 2721 5351 homines
2751 5296 2930 5366 hujus
2958 5296 3247 5352 credimus
3280 5296 3465 5366 gloria
3498 5296 3732 5352 virtutis

2029 5383 2330 5450 imbutam,
2363 5384 2420 5439 in
2453 5398 2628 5454 quam
2675 5386 2829 5439 enim
2863 5384 3161 5454 plenitudo
3191 5383 3510 5440 divinitatis
3539 5385 3610 5440 ad
3644 5385 3731 5439 in-

2031 5479 2254 5542 tegrum
2307 5487 2428 5528 sese
2475 5473 2814 5539 contulerat,
2865 5488 2976 5528 non
3031 5473 3101 5528 ad
3158 5473 3358 5528 horam
3405 5480 3467 5528 ut
3517 5473 3727 5540 caeteri,

2028 5575 2143 5616 non
2193 5560 2618 5630 particulariter
2658 5561 3040 5631 intinguendo
3089 5561 3388 5618 sentiebat.
3441 5561 3600 5616 llnde
3647 5570 3729 5617 cst

2028 5648 2182 5717 quod
2210 5649 2517 5719 sequitur:
2569 5649 2697 5714 Quae
2734 5653 2897 5703 etiam.
2941 5650 3132 5704 sedens
3177 5655 3326 5704 Q99
3367 5666 3518 5704 sccus
3562 5650 3728 5718 pcdi’s
