3956 6408
265 367 365 418 559

1167 363 1234 417 ν.
1298 361 1628 417 CUIBERTI
1685 361 1976 416 ABBA'I‘IS
2023 363 2074 415 S.
2139 364 2372 417 MAR”?
2434 365 2520 418 DE

2583 363 2968 418 NOVIGENTO
3657 368 3757 418 560

263 497 476 549 Domini
493 493 755 548 audiebat
778 493 1000 547 verbum
1025 495 1175 547 illius
1202 496 1356 562 (Luc.
1379 509 1435 560 x,
1456 495 1565 563 39).
1590 493 1762 548 Secus
1786 492 1954 562 pedes
1990 497 2034 550 Λ
2064 493 2302 550 internae
2331 493 2506 564 quieti
2535 493 2654 564 jam
2684 501 2786 556 est,
2823 494 2878 548 in
2920 508 3039 564 quo
3085 492 3346 549 laborum
3395 502 3449 550 et
3497 494 3758 550 dolorntn

260 585 424 649 sedit,
455 597 588 638 cum
619 583 679 638 in
704 582 914 638 Christi
946 583 1320 638 humanitatis
1365 582 1721 650 susceptione
1762 581 1954 636 debita

259 687 379 728 sese
409 671 731 728 humilitate
765 671 1070 740 depressit;
1104 671 1298 726 sedere
1335 671 1488 726 enim
1525 671 1819 726 humiliari
1844 677 1948 726 est.

259 761 420 818 Unde
450 767 534 816 est
572 774 586 814 :
627 761 866 828 Surgite,
913 764 1204 828 postquam
1249 759 1499 813 sederitis
1547 761 1713 829 (Psal.
1755 773 1948 825 CXXVI,

257 851 330 920 2).
363 852 540 906 Porro
581 848 752 918 pedes
784 847 1030 914 Domini,
1075 849 1255 917 ipsius
1283 855 1420 904 sunt
1461 847 1810 913 humanitas,
1840 847 1949 903 sic-

259 945 324 994 ut
352 944 525 1008 caput
557 937 850 992 divinitas.
903 937 1040 992 Inde
1082 944 1138 992 et
1180 936 1492 992 scabellum
1541 936 1663 1006 ipsa
1707 942 1951 991 vocatur

260 1028 429 1097 (Psal.
483 1040 596 1093 eix,
639 1023 716 1095 1),
763 1024 1108 1093 adorarique
1153 1022 1218 1078 in
1251 1023 1469 1094 psalmo
1503 1023 1745 1093 jubetur
1779 1023 1944 1088 (Psal.

257 1131 411 1184 cvm,
444 1115 517 1184 5).
549 1115 610 1168 In
642 1127 762 1183 qua
791 1112 998 1168 Christi
1027 1125 1158 1167 caro
1189 1113 1354 1182 quasi
1393 1111 1660 1182 quaedam
1687 1111 1814 1182 ejus
1841 1125 1950 1166 ex-

257 1203 512 1260 tremitas
537 1200 878 1270 explicatur.
923 1201 1048 1256 Non
1095 1201 1378 1256 immerito
1427 1201 1607 1270 igitur
1653 1200 1950 1256 benedicta

258 1293 356 1349 illa
383 1305 547 1347 secus
596 1290 698 1346 hos
743 1289 914 1359 pedes
963 1289 1236 1355 consedit,
1287 1289 1448 1358 quia,
1479 1289 1617 1344 dum
1653 1288 1950 1358 perpendit

257 1388 514 1452 quantus
541 1391 577 1434 a
607 1392 666 1434 se
708 1377 1032 1446 concipitur
1069 1376 1503 1446 incomparabili
1533 1391 1653 1432 suae
1679 1374 1950 1447 dejectio-

254 1469 347 1524 nis
375 1468 608 1534 intuitu,
653 1467 779 1536 ejus
809 1479 983 1536 quem
1025 1466 1213 1536 gignit
1241 1473 1342 1522 aut
1375 1465 1615 1536 bajulat,
1649 1464 1816 1535 quasi
1840 1478 1949 1520 ex-

255 1559 449 1614 tremis
491 1553 851 1611 contactibus
893 1555 1088 1614 haeret.
1125 1553 1306 1624 Cujus
1335 1561 1552 1624 quanto
1583 1552 1834 1623 proniori
1865 1567 1950 1608 re-

255 1646 511 1702 verentia
537 1650 745 1700 tractat
782 1656 1036 1706 carnem,
1071 1649 1228 1698 tanto
1257 1642 1621 1712 spiritualius
1649 1641 1948 1696 acumina-

255 1741 353 1790 tur
380 1733 452 1788 ad
499 1733 729 1799 divinae,
766 1745 898 1801 quae
941 1738 1025 1786 est
1070 1729 1347 1798 Verbum,
1397 1728 1735 1786 substantiae
1783 1727 1950 1782 visio-

254 1838 408 1878 nem.
437 1822 490 1878 Si
521 1820 673 1877 enim
704 1833 739 1875 a
784 1819 996 1875 sanctis
1027 1819 1169 1875 viris
1217 1820 1356 1876 dum
1386 1818 1590 1876 Christi
1623 1817 1952 1873 humanitas

255 1909 698 1980 praacordialiter
717 1914 949 1963 amatur
976 1915 1032 1963 et
1060 1907 1331 1974 creditur,
1355 1907 1427 1962 ad
1451 1903 1950 1975 contemplandam

255 2001 464 2055 sensim
513 1997 833 2054 divinitatis
882 1997 1009 2067 ejus
1062 1997 1308 2066 speciem
1356 1994 1709 2064 pervenitur,
1769 1992 1947 2060 illam,

255 2099 386 2154 quas
417 2085 596 2139 Deum
643 2089 700 2138 et
747 2081 1035 2136 hominem
1088 2081 1148 2135 in
1199 2093 1257 2136 se
1287 2079 1616 2149 congennit,
1651 2086 1952 2147 totumque

255 2173 407 2228 intra
446 2185 505 2227 se
537 2169 930 2226 indifferenter
976 2168 1201 2234 habuit,
1247 2167 1316 2223 de
1349 2167 1446 2224 Dei
1481 2166 1663 2237 gloria
1688 2165 1830 2236 quid
1864 2166 1952 2222 Ia-

258 2260 402 2316 tuit?
428 2258 608 2329 Cujus
649 2257 711 2312 in
736 2257 847 2312 hac
875 2255 1351 2325 contemplatione
1381 2263 1600 2325 quanto
1631 2255 1738 2310 fuit
1767 2254 1950 2310 beati-

255 2349 394 2403 tudo
456 2345 740 2412 secretior,
803 2351 962 2399 tanta
1020 2342 1342 2398 intellectus
1393 2342 1464 2398 ad
1521 2342 1720 2397 divina
1773 2355 1949 2410 pene-

254 2437 462 2492 tranda
505 2449 578 2490 ex
622 2431 866 2502 simplici
912 2439 969 2488 et
1029 2431 1260 2500 penitus
1325 2431 1573 2486 indivisa
1637 2429 1949 2485 intentione

255 2523 553 2593 profusior.
586 2523 650 2576 In
674 2519 1074 2590 spiritualihus
1104 2533 1220 2574 non
1247 2519 1406 2574 aliud
1432 2526 1518 2574 est
1547 2519 1742 2574 videre
1770 2531 1945 2588 quam

253 2613 476 2678 audire,
507 2610 709 2666 audire
758 2621 937 2679 quam
967 2607 1188 2662 audire.
1235 2605 1385 2670 Quid
1433 2613 1516 2662 est
1566 2619 1704 2676 ergo
1745 2605 1948 2662 audire

253 2699 530 2764 Verbum,
566 2697 677 2752 nisi
707 2695 1025 2766 intelligere
1056 2695 1282 2750 Deum?
1329 2693 1536 2750 Sedens
1575 2694 1770 2762 itaque
1815 2709 1946 2750 ver-

254 2787 392 2843 bum
424 2787 607 2853 audit,
641 2784 781 2856 quia
813 2799 908 2854 per
934 2797 1060 2838 eam
1111 2799 1243 2854 quae
1270 2783 1591 2839 humilibus
1619 2783 1792 2838 datur
1821 2797 1950 2853 gra-

251 2877 412 2941 tiam,
437 2874 777 2931 heatissimae
807 2871 1061 2944 Virginis
1093 2872 1308 2938 matris,
1344 2873 1626 2938 animum,
1649 2886 1762 2927 non
1793 2885 1943 2941 prae-

253 2964 560 3036 gustando,
622 2962 721 3018 sed
769 2976 828 3018 se
873 2960 1277 3017 universaliter
1321 2961 1632 3031 ingerendo
1674 2959 1948 3015 divinitas

253 3052 476 3108 imbuit.
533 3051 590 3108 Si
637 3051 792 3106 enim
863 3049 1045 3106 deitas
1086 3049 1344 3118 lseipsam
1395 3048 1569 3105 latere
1633 3056 1832 3118 potest,
1891 3058 1946 3104 et

251 3140 435 3210 ipsam
488 3138 798 3195 benedictis
842 3137 1132 3203 omnibus,
1188 3143 1253 3192 ut
1301 3136 1380 3192 ita
1416 3135 1680 3202 dixerim,
1716 3135 1944 3191 benedi-

245 3230 483 3285 ctiorem
513 3227 734 3298 aliquid
763 3225 1030 3283 divinum
1067 3225 1242 3280 latere
1276 3225 1478 3294 potuit,
1511 3224 1682 3294 cujus
1708 3224 1862 3280 cordi
1890 3230 1946 3280 et

249 3321 412 3374 utero
445 3315 734 3386 quidquid
767 3315 910 3370 illud
939 3320 1042 3381 est,
1074 3313 1231 3384 quod
1263 3313 1414 3369 Deus
1439 3320 1544 3381 est,
1573 3312 1632 3367 in
1663 3312 1826 3368 nullo
1849 3312 1946 3368 de-

249 3405 379 3462 fuit.

319 3492 540 3548 Martha
577 3496 761 3546 autem
799 3491 1086 3557 satagebat
1113 3493 1260 3543 circa
1281 3490 1542 3555 frequens
1581 3491 1945 3542 ministerium

249 3583 398 3654 (Luc.
426 3596 484 3649 x,
519 3580 632 3649 40).
674 3580 970 3648 Frequens
1013 3575 1396 3632 ministerium
1443 3577 1596 3632 circa
1633 3575 1788 3645 quod
1837 3583 1946 3632 sat-

249 3671 388 3742 agit,
422 3669 542 3738 ipsa
570 3674 654 3724 est
678 3665 998 3722 sollicitudo
1027 3665 1180 3720 circa
1208 3678 1410 3720 curam
1433 3664 1708 3720 Dominici
1737 3677 1944 3734 corpo-

249 3760 348 3826 ris,
395 3770 573 3828 quam
611 3755 670 3810 in
719 3753 1018 3810 benedicta
1045 3751 1282 3823 Virgine
1311 3751 1614 3808 actualitas
1641 3753 1722 3808 sic
1766 3753 1943 3808 mini-

255 3853 400 3903 strat
455 3853 520 3902 nt
563 3841 863 3900 exterioris
910 3841 1156 3897 hominis
1212 3840 1490 3910 obsequio
1534 3841 1715 3910 magis
1763 3853 1942 3910 quam

249 3933 687 4006 contemplando
744 3933 856 3988 Deo
910 3931 1213 4000 aliquoties
1280 3929 1659 3984 insistendum
1717 3929 1938 3998 credat;

247 4025 399 4094 quod
427 4023 581 4080 enim
616 4021 926 4078 carnaliter
950 4025 1248 4090 genuerat,
1276 4026 1332 4073 et
1363 4031 1480 4086 prze
1509 4017 1689 4073 oculis
1717 4030 1942 4086 semper

245 4113 514 4183 habebat,
569 4111 848 4168 nimirum
916 4107 1248 4164 ferventiori
1304 4107 1495 4162 studio
1554 4105 1942 4162 indesinenter

246 4202 502 4258 ardebat.
534 4199 694 4268 Quod
727 4199 896 4268 plane
943 4196 1015 4251 ad
1048 4209 1283 4251 manum
1314 4203 1518 4264 praesto
1546 4201 1784 4262 constat,
1813 4193 1936 4249 ani-

246 4306 376 4348 mus
406 4291 588 4347 multo
618 4290 804 4360 magis
834 4285 1090 4354 affectat;
1134 4293 1190 4342 et
1239 4285 1393 4356 quod
1435 4285 1628 4340 minus
1675 4284 1940 4340 sensibus

2061 581 2309 638 detentio
2347 582 2550 638 crebra
2599 583 2749 637 hanc
2792 583 3028 638 obsidet.
3077 583 3146 638 Et
3175 581 3279 652 qui
3328 597 3428 652 pro
3474 583 3565 638 his
3602 583 3759 639 illam

2059 677 2281 726 certum
2307 679 2390 726 est
2425 678 2590 726 extra
2632 685 2712 737 se,
2765 671 2899 726 velit
2948 671 3108 735 nolit,
3155 671 3298 738 fieri,
3330 671 3469 740 jube
3511 686 3639 727 eam
3687 672 3759 728 ad

2061 771 2243 814 unum
2289 759 2640 814 actualitatis
2685 759 2939 815 ofﬁcium
2985 758 3261 827 cohiberi,
3301 759 3456 814 Nulli
3506 773 3760 830 namque

2057 845 2302 902 dubium
2331 853 2414 902 est
2441 847 2596 916 quod
2629 847 2686 902 in
2711 846 2880 902 corde
2909 845 3251 903 beatissima;
3284 846 3540 918 Virginis
3568 849 3758 903 maxi-

2060 949 2155 990 ma
2211 935 2360 992 inter
2410 943 2727 1005 utrumque
2783 942 2998 992 statum
3065 949 3241 1006 super
3300 935 3409 991 hoc
3463 937 3758 993 altercatio

2057 1023 2252 1089 fuerit,
2293 1022 2434 1079 dum
2483 1023 2619 1079 hinc
2661 1023 2721 1079 in
2770 1023 2885 1078 Deo
2927 1023 3176 1079 videndo
3213 1023 3550 1090 delectatur,
3599 1023 3760 1079 illinc

2057 1111 2333 1180 corporali
2361 1111 2489 1182 ejus
2542 1123 2688 1167 cura
2751 1110 3112 1167 distrahitur.
3179 1109 3286 1166 Sed
3345 1111 3755 1167 attendendum

2058 1199 2214 1269 quod
2276 1199 2490 1255 dicitur
2540 1201 2730 1254 solam.
2799 1199 2856 1254 Si
2909 1199 3032 1255 sola
3081 1199 3386 1256 actualitas
3445 1200 3752 1266 ministrat,

2057 1288 2307 1358 profecto
2343 1288 2744 1358 contemplatio
2787 1296 2972 1344 vacat.
3005 1287 3143 1354 Quae
3177 1288 3378 1358 utique
3401 1286 3450 1343 si
3479 1286 3756 1356 aliquan-

2055 1377 2128 1432 do
2170 1376 2486 1432 actnalitati
2533 1375 2864 1442 inﬂectitur,
2915 1375 3118 1446 procul
3159 1375 3338 1432 dubio
3387 1375 3751 1432 annullatur.

2055 1464 2193 1532 Quae
2221 1479 2357 1536 ergo
2386 1463 2509 1520 sine
2535 1465 2759 1520 interna
2791 1465 2982 1535 quiete
3027 1464 3108 1520 nil
3151 1478 3323 1536 agere
3349 1465 3580 1532 sinitur,
3611 1463 3756 1518 dum

2055 1565 2195 1622 erga
2239 1551 2489 1621 plurima
2538 1551 2940 1619 conturbatur,
2983 1551 3054 1607 ad
3093 1550 3415 1621 spiritualia
3453 1565 3568 1606 non
3597 1550 3756 1606 leva-

2057 1627 2172 1696 tur.
2203 1640 2498 1706 Quomodo
2530 1640 2723 1710 itaque
2755 1640 2853 1695 illa
2881 1655 3013 1710 quae
3033 1653 3092 1696 se
3121 1640 3300 1696 solam
3329 1639 3578 1710 relinqui
3608 1653 3753 1709 que-

2057 1729 2226 1796 ritur,
2257 1728 2330 1784 ab
2355 1742 2423 1784 ea
2439 1743 2570 1798 quae
2591 1729 2740 1784 inter
2765 1729 3051 1784 molestias
3079 1728 3242 1785 nulla
3263 1735 3368 1796 est,
3402 1727 3756 1798 adjuvatur?

1987 1793 2030 1848 Β
2058 1815 2164 1872 Sed
2210 1793 2335 1886 ipsa
2381 1793 2683 1872 actualitas
2730 1829 2765 1871 a
2813 1815 3289 1886 contemplatione
3335 1793 3620 1872 auxilium
3655 1816 3757 1871 ha-

2058 1905 2192 1960 bere
2252 1905 2497 1971 videtur,
2551 1919 2684 1961 cum
2735 1919 2896 1960 mens
2948 1905 3312 1961 uniformiter
3366 1904 3522 1974 quod
3580 1904 3636 1960 in
3695 1919 3756 1961 se

2061 1993 2478 2063 praeponderat,
2511 1994 2881 2062 exsequitur;
2913 2007 3046 2048 nam
3086 2007 3216 2048 cum
3244 1994 3547 2049 actualitas
3574 1993 3756 2049 alior-

2057 2096 2186 2137 sum
2245 2081 2443 2150 tendit,
2497 2089 2552 2137 et
2605 2095 2763 2136 mens
2814 2081 3237 2150 contemplandi
3295 2082 3466 2137 avida
3533 2089 3756 2138 secreta

2059 2171 2322 2240 requirit,
2350 2183 2420 2225 ex
2448 2184 2516 2224 eo
2568 2169 2687 2239 ipso
2725 2183 2841 2239 quo
2885 2170 2954 2225 de
3000 2183 3277 2225 curarum
3327 2170 3755 2240 multiplicitate

2057 2272 2116 2313 se
2145 2257 2406 2324 retrahit,
2440 2257 2606 2326 quasi
2649 2256 2831 2312 sorori
2881 2256 3149 2312 ofﬁciosze
3195 2255 3469 2326 opitulari
3510 2256 3752 2314 desistit.

2059 2345 2258 2414 Itaque
2287 2344 2609 2414 adjuvaret,
2633 2344 2679 2399 si
2701 2357 2736 2399 a
2755 2344 3036 2400 desiderio
3055 2343 3390 2414 speculandi
3410 2345 3753 2415 quiesceret.

2056 2433 2246 2489 Solam
2279 2432 2456 2502 igitur
2483 2446 2598 2488 non
2626 2432 2918 2502 relinquit,
2949 2432 2997 2487 si
3027 2447 3189 2488 mens
3217 2447 3348 2502 qua:
3377 2433 3757 2502 contemplari

2056 2527 2450 2592 proposuerat,
2495 2520 2842 2576 actualitatis
2882 2534 3052 2576 curas
3080 2534 3194 2576 non
3225 2521 3455 2591 refugit.
3488 2523 3754 2578 Contem-

2054 2610 2230 2680 platio
2257 2623 2395 2679 ergo
2429 2609 2694 2679 quandiu
2723 2609 2836 2664 Deo
2876 2607 3226 2678 speculando
3275 2609 3534 2673 feriatur.
3567 2610 3754 2667 solam

2054 2697 2444 2754 actualitatem
2472 2712 2586 2753 non
2617 2697 2876 2766 adjuvat.
2913 2698 2984 2752 At
3009 2711 3170 2753 mens
3190 2698 3296 2752 sia
3325 2699 3754 2768 contemplandi

2054 2799 2249 2841 amore
2296 2784 2539 2852 fatiscat,
2597 2786 2657 2840 in
2701 2794 2987 2854 quantum
3037 2785 3110 2841 ab
3152 2800 3218 2841 eo
3265 2787 3477 2853 deﬁcit,
3513 2787 3756 2843 liberius

2048 2875 2170 2946 jam
2201 2874 2571 2930 actionalitati
2598 2874 2827 2941 insistit,
2858 2882 2914 2931 et
2940 2889 3015 2930 ex
3042 2874 3148 2930 hoc
3177 2875 3355 2931 solam
3389 2875 3650 2945 adjuvat.

2125 2966 2246 3020 Nisi
2273 2966 2414 3017 Deus
2456 2979 2512 3016 se
2551 2979 2714 3017 carne
2765 2968 3107 3029 contexisset,
3152 2979 3435 3028 nunquam
3480 2966 3618 3031 ferri
3638 2981 3754 3033 po-

1983 3085 2024 3140 C
2055 3056 2264 3106 tuisset.
2312 3053 2578 3107 Attamen
2625 3051 2901 3106 Dominus
2951 3065 3134 3107 unum
3193 3065 3312 3107 esse
3361 3052 3753 3109 necessarium

2056 3139 2410 3210 pronuntiat,
2459 3148 2525 3196 ut
2567 3141 2720 3194 enim
2767 3139 2838 3195 de
2867 3138 3114 3211 gloriosa
3155 3139 3254 3195 illa
3298 3140 3513 3196 femina
3554 3147 3756 3197 tacea-

2055 3242 2206 3294 mus,
2239 3243 2371 3298 quaa
2403 3242 2506 3298 per
2525 3227 2932 3294 ministerium,
2963 3227 3122 3298 quod
3150 3229 3309 3283 carni
3346 3227 3426 3283 illi
3455 3241 3759 3285 sacrosan-

2053 3324 2156 3372 ctae
2185 3317 2471 3383 exhibuit,
2503 3316 2575 3371 ad
2623 3315 2942 3372 divinitatis
2982 3329 3254 3384 suprema
3281 3316 3529 3387 pertigit,
3561 3317 3757 3372 omnis

2054 3412 2288 3459 sanctus
2332 3418 2447 3459 non
2477 3403 2589 3458 nisi
2637 3415 2736 3472 per
2765 3402 2934 3458 ﬁdem
2966 3417 3338 3472 amoremque
3369 3403 3756 3461 humanitatis

2053 3491 2126 3547 ad
2171 3493 2467 3547 scientiam
2514 3491 2776 3562 pervenit
2824 3491 3166 3546 divinitatis.
3225 3491 3386 3548 Unde
3425 3501 3508 3548 est
3561 3508 3574 3547 :
3627 3496 3757 3550 Nisi

2053 3595 2148 3646 ego
2189 3581 2392 3641 abiero,
2435 3581 2752 3634 Paracietus
2808 3595 2916 3634 non
2960 3583 3138 3633 veniet
3179 3580 3354 3649 (Joan.
3388 3595 3504 3648 xvx,
3535 3581 3610 3652 7).
3647 3581 3756 3638 Of-

2053 3668 2184 3724 ﬁcia
2212 3683 2465 3738 quoque,
2499 3683 2630 3739 quae
2662 3682 2788 3734 suo,
2819 3667 2958 3723 dum
2991 3667 3285 3724 adviveret
3314 3669 3536 3738 corpori
3573 3669 3754 3726 exhi-

2052 3757 2354 3824 bebantur,
2403 3757 2732 3827 approbans
2776 3756 2858 3813 ait
2902 3771 2915 3811 :
2967 3759 3239 3825 Pauperes
3281 3772 3491 3826 semper
3535 3756 3752 3810 habetis

2051 3847 2344 3909 vobiscum,
2393 3862 2477 3900 me
2528 3849 2711 3900 autem
2764 3861 2874 3899 non
2920 3860 3130 3913 semper
3186 3844 3454 3899 habebitis
3520 3845 3747 3915 (Matth.

2049 3950 2210 4002 xxvn,
2237 3936 2343 4006 ll).
2371 3933 2514 4001 Quid
2539 3949 2674 4004 ergo
2698 3934 3006 3990 benedicta)
3039 3933 3118 3988 illi
3141 3934 3325 4004 magis
3357 3933 3748 3990 neressarium

2051 4037 2227 4094 quam
2271 4023 2527 4093 corporis
2566 4023 2844 4078 Dominici
2875 4026 3024 4076 800
3052 4022 3552 4091 integumentum?
3580 4021 3750 4089 Quod

2049 4111 2188 4168 dum
2220 4111 2382 4177 texit,
2426 4110 2658 4180 superni
2699 4109 2958 4166 numinis
2995 4117 3442 4177 sacramentum,
3489 4109 3748 4166 multum

2047 4199 2098 4254 ei
2130 4207 2193 4256 ut
2229 4199 2300 4255 ad
2346 4199 2635 4255 internum
2685 4198 2882 4254 lumen
2921 4199 3212 4268 integeret,
3260 4199 3518 4268 praestitit
3572 4199 3749 4269 adju-

2049 4295 2326 4344 mentum.
2359 4287 2417 4343 Si
2445 4289 2596 4343 enim
2627 4287 2888 4343 Christus
2927 4301 2986 4343 se
3016 4301 3188 4343 carne
3217 4301 3332 4342 non
3365 4294 3592 4356 tegeret,
3627 4301 3749 4356 pu—

244 4380 488 4450 adjacet,
520 4379 578 4434 id
607 4374 1116 4433 intellectualitatis
1140 4373 1288 4429 acies
1317 4373 1623 4430 difﬁculter
1655 4381 1933 4442 penetrat.
1978 4381 2022 4436 D
2047 4390 2150 4432 rus
2194 4377 2286 4432 ille
2327 4376 2554 4432 deitatis
2601 4375 2750 4445 ignis
2783 4391 2898 4446 quo
2948 4390 3006 4431 se
3044 4378 3311 4445 caperet?
3362 4377 3433 4431 Et
3476 4384 3627 4432 certe
3675 4391 3748 4432 ne

244 4470 520 4526 Animum
552 4480 756 4537 nempe
785 4463 1050 4536 colligere
1078 4463 1150 4519 ad
1191 4461 1744 4532 contemplationem,
1774 4462 1936 4532 quie-

247 4566 362 4615 tam
402 4556 651 4628 postulat
687 4569 722 4611 a
766 4555 1010 4623 strepitu
1053 4551 1317 4608 forastico
1348 4549 1741 4606 intentionem.
1780 4549 1942 4607 Unde

241 4655 296 4704 et
325 4655 477 4704 stare
507 4645 736 4709 dicitur,
769 4643 909 4715 quia
940 4641 1156 4698 crebris
1186 4640 1259 4696 ab
1290 4653 1358 4696 ea
1387 4639 1748 4696 conﬂictibus
1777 4637 1937 4694 labo-

241 4745 424 4793 ratur.
482 4737 632 4792 Dum
673 4733 826 4790 enim
871 4731 945 4787 ab
993 4729 1213 4786 Herode
1251 4727 1599 4784 occidendus
1630 4725 1934 4797 quaeritur,

241 4826 382 4881 dum
407 4824 642 4880 Iudaico
666 4822 789 4893 jam
816 4819 1049 4891 juvenis
1078 4817 1256 4873 livore
1286 4815 1600 4886 impetitur,
1628 4814 1766 4872 dum
1801 4829 1939 4885 pras-

243 4913 443 4983 cipicio
469 4912 807 4975 intentatur,
837 4909 978 4964 dum
1008 4905 1274 4963 convitiis
1309 4904 1598 4971 obruitur,
1631 4903 1771 4960 dum
1798 4903 1935 4960 ulti-

242 5017 334 5058 mo
387 4999 544 5056 eruci
596 4997 882 5054 addicitur
930 4995 1112 5051 multo
1168 4993 1472 5050 actualitas
1527 4995 1584 5048 in
1638 5005 1706 5048 ea
1757 4991 1934 5048 animi

239 5089 387 5146 bello
415 5087 779 5144 distenditur.

309 5181 554 5243 Domine,
600 5173 810 5244 inquit,
860 5187 970 5226 non
1007 5175 1087 5225 est
1142 5171 1242 5224 tibi
1287 5185 1431 5224 cum
1468 5169 1616 5235 quod
1662 5183 1789 5223 sora
1816 5184 1935 5222 mea

238 5269 504 5332 relinquit
542 5280 627 5320 me
671 5263 843 5316 solam
887 5262 1242 5315 ministrare?
1290 5259 1476 5328 (Ibid)
1527 5257 1687 5324 Quod
1730 5265 1812 5314 est
1859 5257 1976 5312 ad-

241 5357 426 5426 ipsum
488 5351 767 5416 Verbum,
815 5349 908 5406 cui
952 5347 1238 5404 audiendo
1291 5345 1691 5415 contemplatio
1738 5353 1930 5412 vacat,

238 5445 423 5501 dicere
456 5457 468 5497 :
503 5441 646 5499 Cum
699 5439 805 5494 sim
843 5446 898 5494 et
936 5435 1190 5493 infantiae
1219 5435 1530 5505 obsequiis,
1572 5441 1628 5490 et
1671 5434 1931 5504 juventae

237 5530 569 5589 infortuniis
597 5525 885 5584 continuis
914 5524 1320 5582 vexationibus
1359 5529 1658 5592 occupata,
1689 5529 1744 5578 et
1771 5536 1932 5577 com-

239 5620 498 5691 passione
540 5613 766 5682 detrita,
803 5614 1003 5670 nullus
1045 5611 1139 5667 hic
1187 5611 1346 5668 locus
1373 5608 1836 5680 contemplationi
1877 5616 1933 5664 et

2053 4465 2175 4534 ipsa
2203 4464 2437 4535 quidem
2470 4478 2624 4531 caro,
2669 4465 2782 4520 Deo
2827 4464 2884 4518 in
2935 4479 2994 4519 se
3041 4463 3268 4533 latente,
3303 4463 3610 4520 tolerabilis
3653 4479 3746 4519 es-

2048 4561 2149 4619 set,
2185 4551 2298 4608 nisi
2342 4552 2544 4608 mentis
2589 4552 2717 4622 ejus
2761 4552 2952 4608 sinum
2983 4551 3172 4608 virtus
3215 4551 3492 4608 Altissimi
3528 4551 3746 4607 obum-

2047 4642 2262 4698 braret.

2121 4729 2384 4784 Continuo
2433 4731 2529 4783 Dei
2565 4732 2774 4782 visione
2817 4732 2875 4782 in
2922 4733 3068 4783 terra
3106 4733 3291 4797 posita
3339 4734 3416 4782 est
3444 4729 3509 4783 B.
3551 4729 3742 4797 Virgo.

2047 4820 2228 4873 Maria
2269 4820 2527 4886 optimam
2565 4821 2780 4886 partem
2829 4819 3006 4885 elegit,
3059 4833 3181 4882 qum
3213 4833 3322 4871 non
3353 4819 3640 4884 auferetur
3674 4819 3745 4872 ab

2045 4920 2109 4959 ea
2150 4905 2304 4975 (Luc.
2350 4919 2407 4971 x,
2441 4905 2555 4974 42).
2608 4905 2759 4960 Licet
2791 4905 2968 4975 igitur
3012 4905 3338 4960 beatissima
3387 4905 3564 4974 Virgo
3602 4904 3746 4962 dul—

2043 4993 2256 5048 cissimi
2286 4993 2411 5049 Filii
2439 4993 2838 5063 corporalibus
2884 4993 3131 5048 nimium
3173 4993 3410 5050 distrahi
3444 4993 3744 5051 videretur

2043 5081 2443 5147 incommodis,
2473 5089 2529 5136 et
2555 5080 2938 5137 exterioribus
2962 5081 3314 5138 detineretur
3334 5081 3557 5146 ofﬁciis.
3589 5082 3742 5138 nulli

2041 5177 2233 5226 tamen
2263 5169 2534 5225 credibile
2563 5169 2686 5224 sani
2713 5169 2914 5238 capitis
2956 5169 3240 5225 habeatur
3277 5169 3421 5239 quin
3455 5169 3570 5237 illa,
3603 5184 3744 5240 quae

2040 5259 2222 5315 Deum
2275 5257 2666 5314 universitatis
2723 5265 3014 5313 auctorem
3071 5259 3223 5313 intra
3273 5272 3332 5314 se
3388 5258 3739 5326 contulerat,

2041 5359 2302 5416 unquam
2333 5346 2460 5416 ejus
2476 5359 2647 5414 quem
2673 5345 2842 5402 semel
2873 5353 3058 5402 totum
3085 5346 3376 5412 hauserat,
3407 5347 3562 5418 quod
3587 5347 3740 5404 nulli

2041 5433 2312 5489 humanas
2348 5440 2628 5490 creaturas
2657 5440 2742 5488 est
2785 5432 3029 5500 licitum,
3067 5435 3344 5491 continua
3391 5436 3744 5506 contempla-

2041 5521 2192 5577 tione
2223 5521 2309 5577 vel
2341 5521 2413 5576 ad
2438 5521 2639 5576 horam
2659 5520 3058 5591 fraudaretur;
3082 5523 3552 5594 quibuscumque
3579 5525 3740 5582 enim

2040 5608 2168 5664 Filii
2198 5617 2508 5679 angeretur
2528 5608 2844 5676 doloribus,
2873 5623 3179 5680 nunquam
3205 5619 3398 5668 tamen
3427 5611 3560 5670 ﬁdei
3584 5613 3736 5683 ejus,
