3956 6432
244 386 347 438 561

1626 380 1717 434 DE
1757 380 1982 436 LAUDE
2020 380 2075 434 S.
2120 379 2387 435 MANE.

3662 383 3767 436 562

240 532 425 589 quem
461 517 696 574 indubie
726 518 907 573 Deum
928 523 1187 584 noverat,
1210 515 1405 572 fervor
1424 515 1691 585 intepuit,
1714 528 1949 585 praeser-
1983 517 2032 570 Α
2054 514 2367 582 comedenti,
2401 519 2479 569 sic
2518 518 2623 569 erit
2668 514 2891 569 verbum
2928 529 3106 569 nicum
3156 515 3305 583 quod
3342 515 3651 582 egredietur
3692 517 3762 569 de

242 607 353 663 tim
392 607 485 663 cui
527 606 970 677 dispensationis
1023 606 1204 676 ipsius
1244 606 1469 661 occulta
1510 604 1804 675 dispositio
1852 618 1949 659 ne-

241 710 549 767 quaquam
581 696 709 751 fuit.
744 696 886 751 Nam
921 696 1073 765 quod
1105 696 1173 750 de
1199 695 1359 750 nullo
1398 702 1729 749 sanctorum
1758 693 1947 749 credi-

243 792 365 851 tur,
402 784 470 839 de
508 784 605 839 illa
650 783 1027 839 universitate
1068 783 1387 839 divinitatis
1433 790 1659 838 tantum
1697 796 1812 837 non
1849 782 1950 836 du-

243 872 468 929 bitatur
497 872 769 927 habuisse
819 871 1055 938 residui,
1093 879 1159 926 ut
1197 885 1437 940 quaque
1464 884 1697 926 versum
1727 885 1786 926 se
1815 884 1950 940 age-

241 969 352 1028 ret,
388 974 697 1031 nunquam
728 973 762 1015 a
783 961 883 1016 Dei
913 960 1132 1016 visione
1161 960 1431 1026 desciret;
1464 974 1597 1029 quae
1635 959 1789 1014 enim
1823 959 1952 1027 plus

241 1049 450 1105 habuit
488 1048 546 1104 in
606 1058 760 1105 terra
802 1062 983 1118 quam
1028 1047 1293 1118 angelus,
1344 1062 1460 1102 non
1505 1046 1695 1101 minor
1747 1046 1950 1116 angelo

240 1153 368 1194 esse
397 1137 595 1194 debuit
612 1145 734 1207 post
752 1137 897 1192 tanti
922 1136 1333 1192 beatitudinem
1359 1142 1579 1206 partus.
1602 1134 1668 1201 ,Si
1697 1148 1950 1205 namque

241 1226 307 1281 in
345 1226 587 1297 angelis,
632 1226 736 1295 qui
785 1225 859 1280 ad
892 1225 1211 1280 ministeria
1254 1225 1590 1295 diriguntur
1639 1224 1947 1280 salvando-

239 1328 376 1370 rum
427 1313 574 1385 (Act.
628 1328 687 1380 ιι,
746 1316 821 1385 2),
856 1313 1178 1369 irremotus
1235 1327 1588 1383 quocunque
1638 1320 1950 1369 severtant

238 1403 741 1473 contemplationis
779 1410 943 1459 tenor
991 1402 1275 1473 invigilat,
1326 1402 1467 1473 quid
1516 1403 1575 1458 in
1623 1409 1783 1458 tanta
1831 1410 1948 1458 tam

238 1492 523 1548 ineﬁ‘abili
555 1492 838 1549 Genitrice
882 1491 1097 1562 agitur,
1145 1506 1277 1562 quae
1315 1491 1552 1561 proinde
1584 1505 1701 1561 prae
1731 1491 1949 1563 angelis

239 1581 495 1652 regnat?
542 1583 604 1637 In
648 1590 836 1636 mente
882 1580 1054 1650 plane
1093 1580 1277 1650 ipsius
1322 1587 1540 1645 sancta,
1568 1580 1701 1646 imo,
1752 1588 1819 1635 ut
1871 1580 1949 1635 ita

237 1670 511 1737 dixerim,
554 1670 888 1731 subdivina,
939 1668 1422 1725 absurdissimum
1461 1676 1545 1725 est
1575 1667 1816 1739 intelligi
1846 1682 1948 1737 po-

239 1759 441 1824 tuisse,
473 1766 595 1827 post
624 1758 974 1814 exhaustum
1007 1758 1150 1813 tanti
1192 1757 1430 1813 sacrarii
1468 1757 1675 1824 locum,
1709 1756 1945 1827 aliquod

237 1845 496 1901 incidere
534 1845 964 1911 detrimentum,
997 1853 1061 1901 ut
1090 1846 1247 1916 quod
1296 1846 1624 1916 parturiens
1653 1844 1940 1911 habuerit,

236 1931 375 1991 fuso
425 1941 596 2003 partu
655 1934 982 2004 perdiderit.
1050 1935 1121 1990 Et
1180 1934 1464 2004 siquidem
1533 1933 1941 2003 plenitudinem

239 2022 565 2077 divinitatis
601 2022 974 2091 corporaliter
1012 2022 1339 2091 concepisse
1381 2022 1743 2091 dignoscitur
1789 2021 1945 2091 quod

245 2116 427 2166 totum
474 2110 594 2181 jam
645 2110 821 2166 enixa
862 2125 977 2166 non
1016 2110 1245 2176 habuit,
1295 2110 1583 2180 quidquid
1634 2117 1825 2165 tamen
1872 2111 1946 2166 ad

242 2199 516 2270 gratiam,
572 2199 932 2270 gloriamque
992 2199 1181 2254 cordis
1229 2198 1493 2268 pertinet,
1554 2198 1715 2254 nullo
1780 2200 1946 2255 modo

241 2290 440 2344 minus
486 2288 757 2344 habuisse
802 2303 837 2343 a
891 2287 1157 2343 ﬁdelibus
1216 2287 1558 2343 aestimatur.
1609 2286 1765 2344 Sicut
1811 2302 1949 2345 sane

241 2385 479 2434 sanctus
531 2377 798 2447 Spiritus,
848 2390 981 2432 cum
1032 2390 1207 2446 super
1255 2376 1540 2446 apostolos
1568 2384 1624 2432 et
1655 2377 1949 2433 credentes

242 2480 347 2537 per
394 2466 625 2537 linguas
654 2465 927 2536 apparuit
972 2465 1120 2536 (Act.
1151 2481 1211 2532 ιι,
1262 2464 1336 2537 3),
1369 2464 1667 2521 recedente
1697 2465 1948 2519 miracu-

240 2554 299 2610 lo
341 2555 399 2609 in
439 2568 641 2610 eorum
689 2554 962 2610 cordibus
1010 2569 1112 2624 per
1159 2554 1479 2622 scientiam,
1530 2554 1944 2620 fortitudinem,

241 2651 299 2701 et
364 2657 615 2699 amorem
685 2644 807 2699 sine
856 2642 1263 2699 imminutione
1327 2643 1622 2711 remansit,
1689 2644 1768 2698 ita
1826 2650 1950 2712 post

241 2732 654 2789 exhibitionem
703 2732 944 2788 ccelestis
984 2730 1295 2802 puerperii,
1349 2731 1688 2787 excellentia
1738 2730 1949 2787 divinae

245 2820 645 2891 amplitudinis
690 2821 749 2876 in
798 2820 1064 2891 virginea
1102 2827 1310 2888 mente,
1356 2820 1480 2876 sine
1521 2820 1644 2876 ulla
1691 2812 1979 2876 contem?

244 2909 516 2981 plationis
543 2909 798 2979 pristinm
825 2909 1210 2965 minoratione
1236 2909 1467 2965 resedit.

318 2998 487 3054 Recte
515 2997 695 3069 igitur
719 2997 937 3053 dictum
966 3004 1069 3062 est,
1105 3000 1223 3053 Non
1253 2999 1544 3059 auferetur
1572 2997 1641 3050 ab
1674 3012 1739 3051 ea
1790 2998 1946 3065 (Luc.

244 3103 302 3155 x,
333 3086 446 3158 42),
481 3087 621 3156 quia
641 3086 788 3141 sicut
813 3086 871 3141 in
905 3085 1030 3155 ipsa
1071 3085 1223 3141 facta
1258 3092 1396 3142 sunt
1438 3084 1734 3141 nullorum
1767 3099 1949 3143 saecu-

244 3175 435 3231 lorum
473 3174 778 3230 eventibus
819 3173 1048 3241 similia,
1104 3174 1186 3229 sic
1216 3187 1335 3244 qua
1367 3173 1541 3229 semel
1573 3172 1796 3228 imbuta
1839 3179 1942 3239 est,

243 3264 429 3321 eidem
460 3261 849 3332 perseveravit
881 3262 1059 3317 animi
1080 3262 1425 3329 eminentia;
1459 3261 1719 3331 alioquin
1746 3260 1792 3315 si
1821 3267 1947 3330 post

246 3358 478 3422 partum
524 3350 798 3415 desiisset,
835 3349 1106 3419 praedicta
1138 3350 1324 3405 virtus
1373 3349 1667 3405 videretur
1716 3349 1948 3405 functo-

242 3438 349 3493 ria.
403 3435 525 3492 Etsi
577 3448 716 3505 ergo
768 3443 1079 3504 conceptus
1140 3442 1395 3504 tempore
1434 3434 1556 3489 haec
1598 3434 1658 3488 in
1711 3433 1948 3503 Virgine

241 3523 430 3596 viguit
460 3523 665 3594 gratia,
710 3523 819 3578 hac
855 3522 1070 3578 scilicet
1109 3523 1276 3592 quasi
1314 3508 1637 3578 conditione
1679 3529 1744 3578 ut
1793 3530 1946 3591 tepe-

240 3620 441 3679 sceret,
471 3618 575 3668 aut
605 3610 889 3666 desineret
918 3618 1141 3679 postea;
1180 3610 1336 3666 unde
1365 3610 1414 3666 ei
1446 3609 1507 3665 in
1555 3609 1713 3666 ctelis
1742 3617 1948 3679 praeter

242 3702 569 3758 humanum
604 3699 839 3755 modum
883 3699 1073 3766 terris,
1119 3707 1176 3755 et
1223 3698 1422 3754 inferis
1465 3704 1625 3754 tanta
1656 3696 1948 3766 potentia?

245 3789 497 3847 Profecto
549 3787 645 3845 ubi
689 3787 921 3844 initium
962 3795 1019 3843 et
1057 3787 1189 3844 ﬁnis
1234 3786 1409 3843 tantis
1454 3785 1771 3856 privilegiis
1809 3800 1945 3841 con-

243 3891 484 3945 venere;
535 3875 725 3931 media
782 3888 1092 3945 nunquam
1141 3875 1322 3931 fateor
1372 3873 1716 3930 detrimento
1770 3872 1947 3929 alicui

245 3974 497 4038 patuere.
549 3965 630 4021 Ad
684 3964 838 4020 hanc
874 3963 1072 4035 itaque
1115 3964 1286 4020 cessit
1326 3962 1557 4033 optimae
1600 3962 1780 4032 partis
1824 3962 1947 4018 ele—

250 4055 379 4122 ctio,
431 4054 570 4124 quia
625 4053 1077 4123 quibuscunque
1132 4051 1511 4109 famulatibus
1560 4050 1715 4106 intra
1763 4051 1948 4120 ipsam

246 4138 469 4198 Martha
515 4137 867 4193 discurreret
914 4136 987 4192 ad
1034 4136 1280 4192 internae
1338 4150 1561 4205 semper
1623 4134 1947 4191 dulcedinis

244 4228 515 4285 nucleum
563 4227 690 4297 ejus
742 4225 1189 4281 convertebatur
1224 4225 1405 4294 optio.
1453 4224 1612 4281 Unde
1654 4230 1712 4280 et
1768 4212 1949 4280 Maria

242 4318 399 4372 stella
444 4319 633 4376 maris,
676 4321 779 4370 aut
819 4315 1193 4368 illuminatria:
1236 4313 1483 4381 dicitur;
1518 4312 1580 4368 in
1608 4313 1755 4369 mari
1787 4327 1946 4369 nem-

245 4420 314 4477 pe
339 4419 412 4461 ex
443 4418 561 4475 quo
592 4403 868 4459 turbatur
909 4416 1050 4472 erga
1080 4402 1333 4473 plurima
1371 4401 1534 4459 stella
1576 4409 1632 4457 et
1663 4401 1952 4457 illumina-

246 4494 360 4550 trix
390 4500 492 4561 est,
527 4492 670 4562 quia
718 4490 777 4545 in
830 4490 1243 4546 tentationibus
1271 4490 1487 4552 saeculi,
1521 4503 1670 4560 quas
1698 4490 1949 4546 actuali-

246 4582 347 4639 tati
406 4579 770 4637 inserviendo
818 4578 1126 4649 aliquoties
1178 4578 1415 4648 patitur,
1459 4577 1591 4649 jugi
1636 4585 1692 4634 et
1736 4578 1951 4634 invicta

247 4671 396 4727 inter
444 4668 706 4725 turbines
765 4666 1174 4737 speculationis
1221 4666 1349 4722 luce
1402 4666 1650 4723 fovetur.
1702 4667 1836 4723 Haec
1880 4666 1950 4721 de

244 4757 495 4829 capitulo
524 4757 792 4828 praesenti
823 4756 1036 4812 dixisse
1069 4754 1344 4822 sufﬁciat,
1376 4761 1441 4811 ut
1468 4754 1731 4811 videlicet
1760 4764 1947 4811 osten-

244 4848 510 4904 deremus
551 4845 841 4915 quomodo
886 4845 1065 4916 hujus
1114 4842 1422 4900 ineil‘abilis
1456 4844 1712 4901 Dominae
1744 4845 1949 4915 praedi-

246 4935 459 4993 cationi
488 4933 817 4991 conveniat.

902 5021 1137 5079 CAPUT
1171 5020 1300 5079 VIII

318 5112 599 5168 Praeterea
642 5117 699 5166 et
735 5109 1032 5167 Isaianum
1060 5110 1204 5166 illud
1231 5110 1441 5168 discuti
1470 5124 1663 5180 operae
1695 5110 1943 5180 pretium

248 5199 599 5257 aestimamus
658 5198 706 5254 si
762 5198 904 5255 forte
964 5198 1276 5269 praemissis
1319 5199 1573 5255 arrideat
1605 5214 1618 5253 :
1655 5201 1948 5268 Quomodo,

250 5289 460 5360 inquit,
515 5287 792 5342 descendit
838 5287 1011 5342 imber
1037 5290 1213 5341 etnia:
1238 5287 1305 5341 de
1346 5288 1493 5354 οωιο,
1525 5292 1578 5343 et
1622 5288 1756 5344 illuc
1801 5291 1953 5343 ultra

249 5393 354 5433 non
410 5380 724 5444 revertitur,
773 5376 868 5431 sed
914 5376 1151 5431 inebriat
1184 5379 1407 5442 terram,
1444 5380 1496 5430 et
1516 5377 1769 5443 infundit
1814 5394 1952 5445 eam,

2061 619 2152 658 ore
2199 619 2332 658 meo.
2385 605 2507 662 Non
2568 608 2870 658 revertetur
2917 603 2994 658 ad
3040 620 3123 658 me
3162 620 3416 671 vacuum,
3457 604 3555 659 sed
3599 607 3770 671 faciet

2061 704 2391 759 quascunque
2421 689 2590 756 volui,
2643 693 2695 743 et
2723 688 3143 757 prosperabitur
3167 693 3226 743 in
3257 694 3325 743 iis
3367 689 3443 743 ad
3471 704 3590 757 qua:
3640 692 3771 744 misi

2058 778 2200 832 illud
2243 777 2381 848 (Isa.
2417 792 2509 844 LV,
2563 780 2648 846 to,
2698 778 2801 847 tl).
2831 778 3017 833 Imber
3053 778 3361 846 descendit,
3406 792 3539 834 cum
3579 792 3764 849 ange-

2059 866 2153 923 lus
2184 867 2257 922 ad
2288 866 2583 936 Virginem
2637 868 2815 925 verba
2853 866 3201 922 incarnandi
3231 868 3514 936 deposuit.
3554 866 3668 923 Nix
3698 868 3768 923 de

2060 955 2201 1012 ctelo
2247 956 2424 1024 venit,
2480 970 2611 1011 cum
2666 970 2726 1012 se
2783 969 2817 1011 a
2863 957 3031 1011 Patre
3077 963 3313 1012 sanctus
3358 955 3608 1025 Spiritus
3651 969 3767 1012 non

2061 1044 2357 1116 virginum
2409 1044 2784 1111 sublaturus,
2843 1043 2942 1100 sed
2995 1044 3304 1101 candorem
3358 1043 3659 1099 munditiae
3714 1044 3765 1100 ei

2059 1132 2581 1203 superexcelleuter
2608 1139 2891 1189 aucturus
2935 1131 3164 1189 infudit.
3218 1131 3325 1199 Qui
3372 1132 3528 1188 enim
3580 1131 3766 1202 potuit

2059 1222 2197 1278 dare
2226 1229 2565 1290 conceptum
2604 1220 2768 1291 prius
2809 1221 2868 1275 in
2914 1235 2982 1276 ea
3027 1235 3126 1290 per
3158 1221 3327 1277 ﬁdem
3371 1220 3409 1290 (¹
3461 1220 3593 1291 [26],
3629 1234 3764 1278 cum

2058 1309 2269 1366 actuali
2314 1309 2563 1365 abolevit
2591 1309 2874 1380 originale
2917 1317 3235 1379 peccatum.
3273 1308 3419 1365 Illuc
3462 1308 3618 1365 ultra
3646 1323 3762 1365 non

2058 1399 2407 1466 revertitur;
2438 1397 2579 1469 quia
2636 1412 2800 1455 mens
2847 1398 3159 1454 benedicta;
3216 1396 3371 1454 illius
3415 1410 3452 1452 a
3500 1405 3764 1467 percepta

2058 1501 2363 1558 nunquam
2416 1486 2736 1557 spiritualis
2792 1487 2994 1557 gratiae
3043 1486 3429 1558 praerogativa
3472 1494 3756 1542 cassatur.

2056 1577 2201 1633 Illuc
2251 1590 2455 1645 nempe
2508 1582 2913 1641 reverteretur,
2974 1574 3021 1630 si
3065 1583 3333 1645 suscepta
3387 1574 3446 1629 in
3501 1588 3756 1630 vacuum

2057 1666 2180 1721 sine
2207 1665 2402 1721 fructu
2430 1663 2763 1735 accipientis
2808 1664 2881 1719 ad
2920 1663 3103 1720 Deum
3143 1664 3247 1735 qui
3294 1664 3550 1731 dederat,
3583 1663 3759 1719 refer-

2055 1760 2238 1822 retur,
2265 1761 2321 1809 et
2352 1754 2457 1810 hoc
2486 1761 2570 1810 est
2612 1767 2744 1822 pars
2783 1752 2993 1821 Mariae,
3038 1766 3171 1823 quae
3210 1752 3284 1808 ab
3313 1766 3381 1808 ea
3414 1767 3530 1809 non
3563 1752 3757 1808 aufer-

2054 1851 2150 1901 tur
2180 1844 2326 1911 (Luc.
2360 1857 2421 1912 x,
2451 1843 2560 1912 42).
2597 1842 2847 1898 lnebriat
2876 1849 3070 1898 autem
3110 1850 3343 1909 terram,
3391 1855 3525 1897 cum
3564 1841 3757 1897 insen-

2053 1931 2299 1999 sibilem,
2332 1931 2405 1987 ad
2444 1930 2745 1987 universos
2776 1930 3109 2001 passionum
3150 1930 3512 1988 internarum
3545 1937 3754 1997 motus,

2054 2027 2292 2076 sanctus
2321 2019 2568 2090 Spiritus
2608 2019 2803 2076 Maria:
2845 2019 3032 2075 reddit
3074 2019 3501 2076 conscientiam.
3548 2018 3757 2074 Ebrie-

2055 2117 2143 2165 tas
2191 2109 2346 2165 enim
2384 2122 2617 2165 sensum
2663 2107 2959 2165 doloribus
3004 2108 3179 2164 illatis
3225 2106 3445 2175 adimit,
3497 2114 3757 2178 postmo-

2054 2199 2195 2255 dum
2221 2196 2497 2261 infundit,
2529 2212 2665 2253 cum
2703 2212 2819 2253 non
2849 2197 3084 2253 aliunde
3112 2197 3211 2253 sed
3240 2211 3314 2253 ex
3364 2211 3423 2252 se
3466 2197 3585 2266 ipso
3612 2211 3757 2252 con-

2054 2293 2349 2355 cepturam
2389 2285 2614 2341 imbuit.
2655 2286 2803 2341 Nota
2840 2286 3079 2341 dictum.
3129 2284 3186 2341 Si
3230 2285 3551 2342 secundum
3600 2284 3754 2339 litte-

2055 2388 2183 2430 ram
2211 2374 2567 2445 loqueretur,
2604 2374 2765 2443 prius
2795 2374 3071 2437 infundit,
3104 2374 3472 2445 postmodum
3498 2372 3763 2439 inebriat,

2059 2470 2395 2533 poneretur.

2125 2556 2257 2605 301
2303 2550 2637 2607 Germinare
2677 2565 2804 2606 eam
2855 2551 3010 2621 facit,
3054 2564 3188 2607 cum
3230 2550 3355 2607 sine
3411 2550 3630 2607 semine
3660 2565 3764 2605 no-

2056 2647 2190 2697 stra:
2224 2639 2630 2709 redemptionis
2661 2640 2874 2710 pignus
2895 2639 3032 2696 hinc
3059 2639 3229 2695 elicit.
3263 2638 3409 2696 Cum
3439 2638 3767 2710 germinare

2057 2729 2274 2785 dicitur
2327 2730 2454 2784 sine
2502 2728 2813 2799 praemissae
2858 2728 3128 2784 sementis
3174 2726 3473 2791 memoria,
3528 2727 3765 2783 indubie

2058 2817 2330 2873 innuitur
2386 2816 2702 2886 singularis
2750 2816 3065 2873 benedictae
3114 2816 3313 2873 Mariae
3366 2816 3425 2871 in
3482 2823 3764 2885 conceptu

2058 2904 2364 2962 munditia.
2409 2904 2517 2960 Dat
2556 2918 2750 2960 semen
2783 2904 2997 2960 serenti
3044 2918 3178 2960 cum
3224 2918 3357 2974 quae
3387 2903 3764 2975 spiritualiter

2059 2992 2340 3063 concepit,
2399 3005 2533 3049 cum
2597 3006 2664 3047 eo
2715 3006 2891 3062 quem
2948 2993 3169 3062 peperit
3228 2992 3532 3064 spirituale
3587 2992 3760 3049 etiam

1989 3086 2031 3141 C
2060 3095 2254 3137 semen
2279 3079 2506 3136 emittit.
2543 3078 2745 3135 Semen
2787 3081 2997 3136 serenti
3031 3080 3242 3136 exinde
3283 3080 3457 3137 datur
3495 3080 3634 3151 (Isa.
3668 3095 3759 3146 LV,

2061 3170 2166 3238 40),
2198 3182 2331 3224 cum
2373 3168 2658 3239 generalis
2697 3176 3030 3224 sanctorum
3073 3168 3401 3238 praedicatio
3438 3183 3512 3226 ex
3551 3167 3762 3225 Christi

2056 3257 2451 3314 incarnatione
2479 3271 2548 3312 ex
2559 3257 2723 3312 horta
2745 3257 3129 3328 dispergitur:
3156 3258 3251 3313 sed
3273 3258 3380 3313 hoc
3409 3258 3760 3315 doctoribus.

2057 3347 2128 3402 Et
2169 3359 2372 3415 panem
2418 3346 2735 3401 comedenti
2779 3345 3007 3415 (Ibid),
3066 3344 3210 3401 illud
3256 3345 3519 3401 videlicet
3557 3346 3661 3416 qui
3693 3346 3762 3401 de

2055 3433 2195 3490 ccelo
2240 3434 2535 3490 descendit
2569 3435 2755 3501 (Joan.
2795 3448 2873 3501 Vl,
2919 3433 3030 3504 33),
3070 3440 3127 3490 et
3165 3433 3269 3505 qui
3306 3433 3681 3505 quotidianus
3728 3448 3762 3488 a

2054 3522 2221 3579 nobis
2249 3522 2484 3591 petitur,
2514 3521 2661 3579 nulli
2692 3521 2788 3577 alii
2818 3522 3098 3591 debitum,
3132 3522 3246 3578 nisi
3285 3522 3388 3593 qui
3425 3522 3597 3579 avida
3626 3536 3760 3579 eum

2055 3610 2246 3667 cordis
2275 3610 2439 3666 fauce
2467 3610 2883 3681 complectitur.

2128 3699 2221 3756 Sic
2270 3699 2379 3755 erit
2426 3699 2674 3756 verbum
2730 3714 2925 3757 meum
2969 3699 3126 3770 quod
3180 3700 3508 3772 egredietur
3549 3699 3620 3756 de
3666 3712 3763 3755 ore

2055 3800 2202 3848 meo,
2231 3786 2411 3844 nullis
2448 3786 2766 3844 dictionum
2810 3787 3065 3844 motibus
3100 3788 3501 3857 explanatum,
3533 3786 3632 3843 sed
3664 3787 3760 3843 in—

2054 3875 2510 3946 circumscriptze
2558 3875 2799 3932 rationis
2850 3889 3064 3933 arcano
3113 3877 3187 3933 ab
3220 3876 3495 3933 humanis
3541 3874 3759 3931 conati-

2056 3963 2167 4021 bus
2211 3964 2594 4034 disparatum.
2640 3964 2743 4020 Hic
2788 3972 2873 4020 est
2913 3964 3058 4021 liber
3096 3964 3189 4020 ille
3229 3965 3331 4034 qui
3381 3966 3453 4021 ab
3486 3964 3595 4021 hoc
3641 3964 3760 4034 ipso

2056 4053 2337 4123 propheta
2396 4067 2622 4109 sumere
2694 4052 2931 4123 grandis
2984 4052 3245 4123 jubetur.
3303 4053 3485 4120 Sume,
3544 4053 3758 4122 inquit,

2058 4143 2161 4196 tibi
2208 4142 2407 4197 librum
2464 4142 2748 4211 grandem,
2793 4146 2846 4196 et
2900 4142 3074 4196 scribe
3120 4146 3179 4196 in
3234 4157 3305 4209 eo
3342 4143 3482 4210 style
3527 4142 3759 4196 hominis

2059 4232 2202 4301 (Isa.
2257 4245 2382 4297 VIII,
2439 4230 2506 4301 t).
2567 4231 2685 4286 Hoc
2729 4244 2935 4300 nempe
2980 4231 3132 4287 Deus
3175 4230 3328 4299 apud
3388 4231 3572 4286 Deum
3617 4229 3761 4286 Ver-

2059 4319 2197 4375 bum
2227 4319 2393 4389 stylo,
2430 4318 2488 4374 id
2516 4327 2599 4375 est
2643 4318 2934 4376 intellectu
2973 4319 3152 4376 solius
3197 4319 3295 4376 Dei
3334 4318 3462 4389 capi
3501 4326 3755 4388 poterat;

2057 4408 2154 4464 sed
2182 4415 2247 4463 ut
2273 4408 2399 4477 capi
2430 4414 2731 4478 utcunque
2755 4408 2829 4464 ab
2860 4407 3089 4464 homine
3128 4415 3332 4478 posset,
3364 4406 3759 4463 circumscribi

2059 4496 2398 4553 humanitus
2428 4496 2630 4552 voluit.
2672 4497 2790 4552 Hoc
2816 4510 2956 4567 ergo
2987 4496 3243 4554 Verbum
3278 4496 3590 4568 egreditur,
3624 4509 3758 4552 cum

2059 4600 2118 4642 se
2150 4584 2374 4640 visibile
2408 4599 2505 4654 per
2542 4599 2776 4641 carnem
2805 4585 3078 4642 exhibere
3108 4586 3416 4657 dignatur;
3456 4592 3512 4641 et
3541 4585 3650 4641 hoc
3689 4584 3759 4640 de

2056 4687 2174 4740 ore,
2210 4674 2267 4729 id
2297 4681 2382 4730 est
2417 4674 2487 4730 de
2515 4674 2754 4744 spiritu;
2803 4688 2902 4729 ore
2941 4675 3094 4730 enim
3124 4672 3387 4743 spiritum
3416 4673 3755 4729 emittimus.

2062 4763 2139 4818 De
2168 4776 2265 4817 ore
2300 4776 2553 4832 namque
2586 4762 2901 4833 egreditur,
2934 4762 3038 4832 qui
3066 4776 3140 4817 ex
3172 4761 3293 4817 sola
3321 4761 3560 4830 spiritus
3590 4760 3758 4831 puri-

2060 4858 2172 4908 tate
2227 4850 2287 4906 in
2328 4850 2566 4923 Virgine
2618 4858 2996 4921 procreatur:
3047 4853 3168 4906 Non
3212 4853 3512 4903 revertetur
3557 4849 3633 4903 ad
3678 4864 3761 4903 me

2056 4955 2290 4994 uacuum
2342 4940 2475 5007 (Isa.
2544 4955 2635 5001 LV,
2708 4943 2821 5008 ll).-
2870 4940 3135 4997 Vacuum
3192 4938 3360 5009 plane
3426 4937 3657 5005 rediret,
3711 4937 3760 4993 si

2058 5028 2156 5084 Dei
2192 5027 2372 5084 Filius
2403 5028 2476 5084 ad
2529 5028 2585 5084 id
2632 5028 2787 5098 quod
2827 5035 3078 5098 coeperat
3123 5027 3394 5084 inefﬁcax
3427 5025 3756 5083 exstitisset.

2058 5116 2205 5173 Nota
2234 5116 2389 5186 quod
2445 5116 2715 5186 superius
2760 5116 2973 5172 dicitur
3004 5130 3118 5172 non
3169 5114 3400 5183 reverti,
3438 5114 3532 5170 hic
3562 5114 3758 5179 etiam,

2061 5206 2157 5261 sed
2189 5220 2304 5260 non
2345 5218 2599 5261 vacuum
2634 5196 2653 5259 ί
2694 5219 2725 5260 a
2763 5206 3024 5276 virginea
3060 5205 3215 5261 enim
3262 5219 3321 5260 se
3353 5217 3658 5274 nunquam
3689 5217 3761 5258 ne

2063 5294 2138 5350 ad
2191 5292 2500 5360 modicum,
2551 5300 2739 5350 mente
2796 5294 3043 5362 retorsit,
3094 5294 3192 5349 sed
3242 5292 3475 5364 qualem
3532 5292 3593 5347 in
3645 5290 3761 5347 ﬁlio

2064 5381 2460 5438 denuntiando
2492 5382 2724 5452 reperit,
2754 5398 2938 5453 usque
2969 5382 3027 5438 in
3059 5382 3230 5439 ﬁnem
3273 5380 3592 5452 proprium,
3628 5392 3762 5450 per-

250 5470 303 5521 et
325 5469 634 5535 germinare
670 5480 794 5519 eam
820 5466 983 5532 facit,
1012 5468 1065 5519 et
1089 5464 1190 5519 dat
1230 5478 1407 5521 semen
1435 5467 1636 5519 serenti
1664 5470 1715 5520 et
1759 5481 1956 5536 panem
2063 5478 2359 5526 severante
2388 5471 2586 5527 eadem
2621 5471 2796 5527 animi
2845 5471 3049 5542 gloria,
3099 5485 3325 5541 semper
3364 5469 3657 5525 ﬂorentior
3703 5467 3762 5522 in

322 5636 429 5703 (26)
459 5632 648 5690 Cill‘ris
678 5633 1091 5690 minutioribus
1125 5640 1430 5690 revocatur
1464 5636 1662 5690 Lector
1690 5634 1763 5690 ad
1794 5643 1958 5690 notas
1994 5651 2126 5706 quae
2156 5636 2392 5692 seorsim
2426 5646 2551 5707 post
2579 5638 2767 5707 Opera
2799 5637 3056 5693 Guiberti
3086 5638 3361 5693 eduntur.
