3956 6420
137 388 243 440 565

1511 389 1601 445 DE
1639 388 1872 446 LAUDE
1910 387 1966 443 S.
2010 387 2273 444 MARLE.

3547 391 3651 445 566

136 521 380 591 privatas
409 522 493 578 rei
539 521 835 592 dispendio
856 522 1060 593 juveni
1090 537 1223 579 cum
1261 524 1451 594 puella
1493 525 1603 582 sub
1626 524 1837 581 eisdem
1878 524 1928 581 A
1953 530 2076 580 tum
2107 523 2267 588 lecto,
2321 536 2439 594 quo
2464 536 2597 579 cum
2639 522 2756 579 ﬁlia
2784 523 3046 581 cubitare
3092 532 3493 595 consueverat,
3545 540 3653 583 su-

135 610 361 667 zedibus
410 625 607 667 mensa
646 610 965 681 thorusque
995 609 1205 668 forent.
1245 612 1390 669 Cum
1423 613 1603 686 igitur
1642 614 1699 670 in
1731 628 1838 684 pa-

139 700 319 754 ternis
351 699 447 754 illa
494 714 628 755 cum
674 700 798 755 viro
843 701 924 755 sic
954 703 1170 770 ageret,
1202 707 1258 757 et
1306 702 1452 757 mira
1492 709 1676 758 mater
1704 702 1837 757 dili-

140 788 334 857 gentia
358 802 491 843 eum
534 801 709 842 causa
742 786 873 843 ﬁlim
902 788 1206 855 cxcoleret,
1244 804 1358 845 non
1404 791 1586 861 major
1618 798 1839 860 poterat

137 877 379 946 reperiri
428 877 634 947 puellae
686 890 850 932 amor
894 877 965 933 ad
1010 892 1255 947 puerum
1296 894 1473 949 quam
1524 893 1722 935 socrus
1765 878 1837 933 ad

138 979 441 1033 generum.
488 966 616 1035 Ipsa
654 965 833 1036 igitur
878 965 1201 1022 celebribus
1227 981 1360 1022 eum
1391 968 1634 1024 ornabat
1668 968 1837 1023 indu-

137 1053 267 1119 viis,
292 1053 526 1123 opipare
586 1053 884 1123 satagebat
953 1054 1009 1108 in
1070 1054 1277 1124 epulis,
1338 1056 1459 1126 ipsa
1512 1056 1717 1111 faciem
1772 1068 1841 1109 ac

136 1140 327 1196 crines
367 1142 580 1207 eluere,
628 1142 892 1197 cubitum
934 1142 1105 1198 ituris
1135 1143 1330 1199 mollia
1376 1152 1647 1205 sternere,
1675 1157 1837 1212 quaa-

134 1228 283 1284 renti
344 1229 699 1299 mancipium
746 1228 935 1298 prima
979 1229 1263 1297 assistere,
1311 1230 1585 1298 ofﬁcium,
1637 1238 1841 1299 praeter

133 1318 437 1381 thalamos,
472 1320 529 1373 in
563 1318 834 1374 omnibus
878 1332 1282 1388 praeoccupare
1314 1318 1462 1386 ﬁliae,
1497 1326 1570 1387 et,
1598 1326 1662 1375 ut
1703 1320 1835 1376 uni-

130 1420 301 1463 versa
348 1407 710 1474 contraham,
747 1421 863 1461 non
903 1415 1184 1464 matronae
1218 1408 1545 1478 imperium,
1590 1408 1683 1464 sed
1717 1408 1838 1464 dis-

126 1510 341 1552 cursus
394 1497 667 1552 exhibere
713 1495 1097 1566 pedissequae;
1141 1497 1283 1552 nihil
1320 1504 1508 1553 tamen
1555 1496 1839 1553 adulteri-

124 1599 275 1640 num
323 1584 671 1641 moliebatur
699 1584 821 1640 hzec
871 1598 1031 1641 cura.
1082 1585 1153 1641 Ut
1194 1584 1407 1641 scilicet
1455 1585 1624 1656 quasi
1669 1585 1740 1641 ad
1779 1600 1838 1641 se

120 1670 173 1725 ei
211 1670 583 1741 ingerendam
635 1670 1056 1727 distraheretur
1085 1685 1118 1726 a
1148 1671 1284 1739 ﬁlia,
1330 1672 1426 1727 Sed
1463 1680 1527 1728 ut
1555 1672 1710 1728 aetati
1740 1672 1833 1728 lu-

1949 613 2157 684 pinari,
2203 612 2540 683 sabanoque
2601 626 2668 668 ac
2711 613 2972 670 vestibus
3025 627 3092 669 ac
3121 614 3169 670 si
3226 614 3650 670 somnolentum

1947 702 2178 772 operiri.

2017 791 2237 846 Exacto
2267 789 2484 846 interea
2510 788 2727 860 exiguo
2756 790 3026 860 temporis
3053 790 3258 860 spatio,
3296 790 3471 847 herus
3502 794 3650 846 ποθ

1946 879 2181 934 domum
2217 878 2446 945 redivit,
2494 892 2561 933 ac
2601 878 2747 946 ﬁlia;
2780 887 2833 935 et
2865 880 2934 935 de
2966 880 3207 949 prandio
3256 879 3312 934 in
3346 894 3650 936 commune

1945 974 2193 1025 tractare
2258 975 2577 1037 cmperunt,
2631 968 2845 1038 quibus
2913 968 3146 1024 solitum
3197 969 3651 1025 accelerantibus

1946 1057 2147 1125 larem,
2178 1056 2308 1111 ﬁliae
2330 1064 2517 1111 mater
2550 1056 2847 1127 eloquitur
2879 1072 2892 1111 :
2922 1056 3101 1126 Vade,
3136 1058 3235 1125 ait,
3267 1064 3321 1113 et
3350 1058 3648 1125 maritum,

1946 1146 2049 1216 qui
2076 1145 2244 1201 modo
2275 1144 2590 1201 dormitum
2634 1159 2755 1201 sese
2801 1145 3087 1215 deposuit,
3119 1146 3369 1202 excitare
3419 1146 3646 1203 festina.

1945 1236 2203 1292 Procedit
2254 1236 2326 1291 ad
2385 1243 2629 1292 stratum
2689 1251 2879 1307 usque
2923 1236 3262 1307 juvencula,
3309 1243 3642 1306 soporatum

1940 1324 2216 1396 juvenem
2275 1324 2508 1380 nomine
2565 1330 2753 1389 vocat,
2808 1331 2967 1380 tactu
3020 1338 3256 1394 quoque
3324 1331 3645 1380 morantem

1944 1419 2243 1483 provocat;
2276 1427 2411 1469 cum
2456 1426 2527 1468 ne
2582 1413 2786 1483 utique
2828 1412 2923 1469 ille
2957 1411 3322 1483 compellanti
3371 1425 3439 1467 ac
3477 1412 3648 1469 velli-

1944 1503 2097 1557 cauti
2142 1501 2373 1573 conjugi
2422 1501 2810 1571 responderet,
2846 1500 3183 1558 defunctum
3214 1499 3439 1557 cunctis
3484 1515 3647 1556 com-

1944 1590 2119 1660 plosis
2150 1590 2355 1660 palmis
2396 1589 2737 1645 inclamitat.
2786 1589 3120 1645 Concitatur
3167 1588 3403 1656 familia,
3432 1588 3647 1644 vicinia

1944 1678 2317 1750 glomeratur,
2355 1685 2511 1734 tanto
2556 1677 2951 1734 miserabilius
2979 1677 3168 1733 subito
3202 1676 3355 1733 illius
3410 1676 3641 1747 illacry-

119 1758 301 1855 bricae
363 1759 617 1855 propriis.
668 1759 843 1814 ﬁliam
894 1759 1196 1855 obsequiis
1260 1761 1829 1855 commendaret,_et
1868 1800 1909 1855 Β
1945 1774 2168 1822 mantes
2193 1764 2373 1833 casui,
2416 1772 2634 1835 quanto
2664 1764 2879 1836 justius
2907 1779 3078 1835 super
3112 1764 3240 1836 ejus
3282 1765 3643 1821 intestatione

119 1847 471 1903 adolescenti
520 1846 650 1903 totis
697 1847 1129 1904 urbanitatibus
1174 1856 1445 1904 accurato
1494 1848 1624 1904 ﬁlia),
1682 1847 1828 1904 affe-

120 1943 285 1991 ctum
317 1935 587 1991 alliceret.

195 2024 425 2079 Interea
446 2023 656 2080 diaboli
686 2023 1005 2094 versipellis
1035 2024 1250 2080 astutia
1294 2024 1352 2079 in
1386 2031 1608 2093 partem
1640 2032 1828 2080 retor-

120 2126 305 2182 quere
331 2111 621 2167 sinistram
655 2112 939 2182 quidquid
977 2111 1254 2168 benevola
1288 2112 1601 2168 intentione
1635 2111 1828 2181 ﬁebat,

116 2208 176 2256 et
238 2201 427 2256 socrui
479 2214 578 2270 per
635 2200 943 2256 maledicos
1006 2215 1239 2256 naevum
1305 2200 1503 2257 multa;
1558 2200 1829 2257 foeditatis

118 2288 379 2354 inurere,
422 2289 576 2359 quod
621 2289 882 2345 videlicet
922 2302 1297 2360 nequaquam
1326 2289 1512 2359 gratia
1553 2288 1727 2359 prolis
1771 2287 1829 2343 id

114 2377 356 2442 faceret,
414 2378 509 2433 sed
559 2387 623 2434 ut
662 2378 842 2434 eidem
892 2393 994 2448 pro
1043 2378 1161 2433 tilia
1209 2392 1328 2434 sese
1368 2384 1639 2434 mutaret.
1683 2376 1825 2433 Cum

116 2464 307 2536 igitur
362 2465 786 2523 incrementum
857 2473 1109 2522 sumeret
1159 2465 1217 2522 in
1257 2466 1378 2522 dies
1430 2474 1543 2522 tam
1592 2465 1831 2523 absoleti

113 2553 375 2609 rumoris
426 2554 728 2620 acerbitas,
776 2561 830 2609 et
882 2554 1144 2611 mulieris
1188 2554 1449 2610 animum
1500 2560 1830 2611 concuteret

113 2650 295 2699 tantae
338 2641 601 2698 falsitatis
665 2641 1025 2697 intoleranda
1078 2642 1429 2713 malignitas,
1487 2650 1705 2714 quanto
1769 2657 1829 2699 se

114 2729 404 2784 sentiebat
433 2730 865 2799 superillatione
896 2730 1093 2800 probri
1123 2730 1304 2801 hujus
1332 2731 1639 2798 insontem,
1672 2738 1828 2787 tanto

114 2817 337 2887 aegrius
375 2817 592 2875 ferebat
617 2819 727 2875 dici
765 2819 921 2875 unde
961 2819 1117 2890 quod
1151 2818 1376 2889 pietatis
1420 2813 1609 2876 studio
1653 2834 1827 2876 exer-

113 2908 305 2974 cebat,
333 2906 491 2979 vulgi
542 2908 667 2979 ipsa
703 2916 1025 2964 verteretur
1056 2908 1115 2963 in
1155 2908 1433 2965 fabulam.
1481 2909 1582 2965 His
1630 2909 1827 2979 itaque

113 3002 244 3065 post
292 2994 527 3066 aliquod
589 3004 817 3067 tempus
855 2997 1043 3053 evicta
1089 2997 1379 3065 molestiis,
1435 2997 1601 3067 coepit
1650 3011 1824 3068 quem

1936 1854 2225 1909 dolebant.
2261 1853 2486 1909 Funere
2532 1852 2711 1925 igitur
2738 1853 2809 1909 ab
2845 1853 3118 1909 omnibus
3148 1866 3285 1909 vera
3315 1853 3641 1909 animorum

1935 1940 2278 2012 aegritudine
2299 1940 2673 2009 conclamato,
2714 1948 2898 1997 mater
2946 1941 3163 2012 generi,
3214 1942 3326 1997 imo
3371 1940 3504 1997 ﬁliae
3533 1941 3642 1997 ho-

1937 2029 2148 2085 micida
2178 2029 2385 2085 fucatis
2432 2029 2778 2086 mceroribus
2818 2029 3197 2099 obstrepebat,
3249 2030 3470 2085 caeteris
3512 2029 3642 2099 pla-

1936 2118 2119 2175 cidior
2169 2117 2445 2187 ejulabat.
2514 2118 2696 2174 Tanto
2770 2132 2907 2189 ergo
2977 2117 3406 2174 lamentabilius
3463 2117 3642 2173 bonas

1936 2205 2186 2261 hominis
2249 2205 2639 2272 habitudines,
2712 2205 3067 2275 lepiditatem
3140 2220 3393 2275 morum,
3476 2206 3639 2262 verbi

1934 2293 2299 2364 elegantiam,
2351 2293 2506 2349 scitae
2559 2292 2812 2364 insignia
2855 2294 3072 2361 formas,
3137 2300 3193 2350 et
3241 2294 3313 2348 ad
3363 2294 3486 2350 haec
3531 2293 3640 2349 ob-

1936 2387 2099 2437 tutus
2129 2381 2587 2451 prosequebatur
2630 2381 2864 2448 invisos,
2898 2390 3119 2451 quanto
3156 2381 3344 2453 magis
3374 2380 3639 2437 infaustae

1936 2466 2292 2522 crudelitatis
2314 2480 2495 2523 ausus
2528 2467 2649 2523 ﬁeri
2676 2469 2988 2525 verebatur
3011 2474 3259 2539 apertos.

2009 2551 2255 2608 Paenitet
2285 2568 2357 2607 ac
2384 2552 2601 2610 crimen
2630 2552 2916 2609 sacerdoti
2942 2554 3152 2626 aperit.
3181 2585 3249 2595 —
3278 2553 3401 2622 Quo
3429 2554 3640 2612 talibus

1935 2640 2118 2697 modis
2146 2641 2313 2709 elato,
2365 2642 2574 2698 mulier
2613 2651 2668 2698 et
2693 2652 2936 2699 eventus
2966 2643 3275 2714 utrobique
3313 2643 3488 2700 siluit.
3522 2645 3637 2702 Ve-

1934 2743 2067 2784 rum
2108 2729 2318 2786 mulier
2357 2729 2492 2787 foedi
2545 2731 2819 2787 facinoris
2870 2733 3102 2788 conscia
3152 2732 3227 2788 ad
3284 2747 3343 2788 se
3401 2747 3637 2789 versum

1934 2817 2124 2887 prima
2174 2818 2418 2888 prosiliit
2467 2826 2523 2875 et
2579 2820 2921 2876 infructuosi
2982 2821 3340 2892 paenitudine
3377 2820 3637 2877 criminis

1933 2912 2062 2961 acta
2096 2907 2519 2977 presbyterum,
2556 2908 2725 2979 cujus
2767 2908 3073 2965 dioeceseos
3100 2917 3243 2977 erat,
3295 2909 3445 2966 facta
3493 2925 3636 2966 con-

1932 2993 2174 3050 fessione
2203 2995 2529 3063 consuluit;
2560 3009 2595 3051 a
2620 3011 2738 3066 quo
2785 3003 2947 3053 tanto
2969 2997 3120 3054 malo
3155 2998 3636 3054 convenientibus

116 3093 418 3156 tantopere
466 3095 687 3143 arserat
730 3087 921 3144 subito
972 3086 1231 3143 fastidire
1277 3088 1686 3157 juvenculum,
1725 3101 1823 3143 ve-
1861 3095 1903 3152 c
1932 3082 2162 3139 addicta
2204 3082 2461 3154 jejuniis,
2523 3083 2869 3154 aliquandiu
2925 3085 3036 3142 sub
3088 3085 3284 3142 eodem
3333 3085 3634 3143 medicinae

114 3188 253 3230 rens
288 3188 360 3230 ne
381 3174 451 3229 de
485 3182 688 3230 caetero
716 3179 852 3230 nota
882 3175 1120 3242 viveret,
1153 3175 1199 3230 si
1226 3189 1360 3230 eum
1410 3175 1665 3245 quotidie
1706 3188 1825 3245 prae

114 3263 304 3318 oculis
350 3262 619 3329 haberet;
672 3263 826 3319 unde
869 3278 986 3318 non
1027 3277 1062 3318 a
1109 3277 1215 3318 suo
1262 3277 1417 3331 eum,
1474 3263 1629 3333 quod
1686 3264 1825 3319 satis

110 3359 279 3419 esset,
311 3351 691 3408 contubernio
738 3352 1027 3417 dirimere,
1077 3351 1173 3407 sed
1226 3351 1505 3421 perimere
1549 3351 1668 3421 jam
1718 3350 1823 3406 de-

113 3440 316 3495 stinat.
353 3440 493 3496 Boni
519 3439 670 3496 enim
704 3440 1112 3506 consuluisset,
1143 3438 1188 3494 si
1223 3453 1356 3495 eum
1400 3440 1758 3495 solummodo
1789 3452 1824 3494 a

113 3528 207 3584 sui
230 3527 563 3598 frequentia
590 3528 958 3594 dimovisset;
988 3535 1047 3583 at
1091 3527 1187 3583 illa
1219 3527 1290 3582 ad
1328 3526 1546 3582 ferrum
1594 3540 1653 3581 se
1680 3540 1823 3581 con-

116 3616 276 3684 tulit,
311 3615 532 3672 malens
563 3615 855 3672 hominem
886 3616 956 3672 de
986 3615 1175 3672 medio
1202 3615 1324 3672 ﬁeri
1354 3629 1533 3686 quam
1564 3614 1825 3671 obscenae

114 3711 338 3774 pateret
368 3705 645 3775 opinioni.

184 3791 406 3848 Mulier
426 3810 703 3866 generum
740 3792 1108 3849 occidendum
1145 3792 1327 3864 jubet.
1362 3823 1431 3832 —
1477 3790 1821 3848 Autumnali

116 3881 314 3952 itaque
348 3890 487 3939 tunc
536 3889 872 3953 tempestate
900 3890 1158 3952 promota
1206 3896 1339 3938 cum
1368 3880 1596 3937 duobus
1625 3880 1823 3950 pueris

116 3978 353 4039 pactum
408 3985 482 4027 ex
554 3971 761 4041 placito
810 3970 978 4038 locat,
1047 3970 1278 4027 vicenos
1341 3968 1555 4039 cuique
1612 3969 1823 4024 solidos

119 4056 394 4125 pollicens
443 4057 490 4112 si
537 4071 692 4126 eum,
725 4057 812 4114 uti
855 4057 1143 4113 docebunt
1186 4055 1507 4126 sequentia,
1560 4054 1822 4111 trucida-

118 4153 270 4201 rent.
311 4145 492 4201 Erant
520 4153 714 4202 autem
747 4146 806 4213 ii,
842 4154 908 4203 ut
954 4146 1156 4213 fertur,
1190 4158 1398 4216 genere
1438 4144 1657 4210 Nervii,
1694 4142 1817 4214 qui,

118 4233 567 4290 vindemialibus
619 4234 798 4290 lucris
843 4233 1052 4301 adacti,
1101 4234 1160 4288 in
1190 4232 1549 4303 provinciam
1585 4233 1823 4288 Laudu-

116 4336 356 4379 nensem
411 4336 532 4379 sese
582 4322 967 4379 contulerant.
1028 4322 1241 4379 Ibidem
1287 4335 1425 4393 ergo
1472 4320 1823 4391 aliquandiu

1932 3170 2255 3241 spiritualis
2322 3171 2473 3226 fasce
2530 3172 2775 3228 delituit.
2849 3172 3106 3229 Plurimo
3157 3181 3351 3229 autem
3404 3188 3635 3231 emenso

1929 3265 2185 3329 tempore
2208 3259 2358 3316 inter
2389 3260 2571 3330 ipsam
2606 3267 2663 3316 et
2688 3260 3086 3331 presbyterum
3135 3260 3345 3317 oboriri
3394 3262 3635 3333 contigit

1929 3346 2285 3414 simultates;
2342 3361 2521 3419 quam
2580 3348 2877 3419 presbyter
2932 3348 3223 3405 canonica
3290 3350 3633 3407 conditionis

1929 3434 2257 3504 impatiens,
2307 3450 2424 3506 quo
2478 3436 2746 3493 atrociori
2802 3438 2988 3507 potuit
3038 3438 3338 3509 jaculatur
3397 3439 3628 3509 probro.

1928 3522 2131 3579 Generi
2164 3538 2358 3580 necem
2410 3525 2585 3581 fronti
2613 3525 2874 3582 mulieris
2903 3525 3156 3597 impegit.
3209 3526 3327 3582 Hoc
3367 3535 3633 3598 parentes

1922 3610 2158 3681 juvenis
2181 3626 2247 3669 ac
2275 3613 2322 3669 si
2364 3613 2612 3670 terriﬁco
2663 3614 2880 3671 tonitru
2916 3618 3257 3685 experrecti,
3288 3615 3361 3671 ad
3415 3623 3630 3686 prato-

1930 3702 2083 3756 rium
2118 3701 2292 3758 lberti
2334 3702 2680 3760 vicedomini
2727 3703 3129 3764 Laudunensis
3178 3717 3300 3760 rem
3349 3703 3625 3761 referunt.

1928 3789 1983 3846 Is
2012 3798 2300 3860 quantum
2348 3791 2408 3847 in
2455 3806 2518 3849 re
2548 3791 2781 3848 militari
2812 3793 3087 3860 vivacior,
3141 3800 3368 3850 tantum
3411 3794 3630 3850 exstitit

1927 3878 1988 3934 in
2042 3880 2312 3951 episcopii
2382 3881 2614 3951 publica
2671 3882 3080 3951 procuratione
3149 3883 3407 3939 ferocior.
3480 3882 3628 3951 Quid

1927 3968 2239 4024 verborum
2295 3968 2520 4025 laciniis
2576 3970 2819 4027 trahor?
2875 3971 3287 4028 Vicedominus
3352 3972 3506 4029 villae
3570 3987 3628 4028 se

1926 4056 2142 4124 intulit,
2200 4058 2471 4114 feminam
2516 4058 2768 4128 corripit,
2801 4058 2918 4129 juri
2943 4058 3110 4125 sistit,
3140 4073 3377 4119 causam
3423 4060 3623 4131 exigit,

1927 4146 2137 4202 mulier
2199 4160 2316 4203 non
2368 4146 2668 4214 difﬁtetur,
2730 4148 3013 4203 sententia
3071 4147 3338 4204 Lauduni
3395 4149 3629 4205 ferenda

1928 4233 2212 4291 differtur.

2002 4323 2175 4379 Porro
2209 4323 2348 4380 dum
2382 4338 2515 4379 cum
2562 4324 2684 4394 ipsa
2713 4324 2863 4381 idem
2902 4323 3233 4381 causidicus
3269 4325 3629 4396 cognationis

117 4425 249 4467 cum
280 4411 559 4467 mercedis
607 4418 730 4467 tum
778 4411 1048 4467 inusitate
1085 4424 1228 4467 escae
1270 4409 1524 4466 novitate
1572 4416 1823 4466 moratos
1860 4397 1903 4452 Ῑ)
1931 4411 2060 4482 ejus
2087 4412 2314 4482 aliquos
2339 4411 2523 4468 eidem
2551 4420 2698 4468 notae
2741 4412 3054 4484 subigeret,
3086 4413 3145 4468 in
3189 4427 3299 4480 me,
3335 4413 3434 4482 ait,
3490 4415 3626 4470 uni-

117 4500 330 4556 mulier
382 4499 679 4570 praelibata
736 4504 1042 4570 sponsione
1089 4498 1465 4571 aggreditur;
1530 4497 1822 4568 iidemque

117 4600 276 4644 acres
326 4602 401 4645 ex
450 4596 682 4656 natura,
732 4589 945 4656 animo,
1004 4588 1185 4659 pretio
1236 4587 1489 4654 executi,
1539 4587 1820 4657 explendo

119 4674 358 4733 facinori
388 4686 781 4734 coarmantur.
812 4677 1075 4746 Quadam
1105 4677 1287 4749 igitur
1316 4676 1408 4732 die
1447 4676 1640 4731 virum
1683 4690 1819 4746 pro-

118 4766 310 4834 prium
361 4781 434 4823 ex
490 4767 777 4824 industria
819 4766 1119 4838 quidpiam
1165 4766 1319 4822 foras
1361 4772 1630 4821 acturum
1677 4764 1825 4820 diri-

117 4852 217 4923 git,
280 4854 459 4911 ﬁliam
517 4855 734 4925 pariter
790 4855 1065 4911 aliorsum
1120 4854 1261 4910 falso
1314 4861 1487 4910 nacta
1527 4853 1822 4909 occasione

121 4943 472 5002 transmittit.
509 4944 732 5011 Quibus
769 4944 843 5001 ab
893 4945 1014 5000 aede
1040 4943 1313 5016 digressis
1360 4956 1573 5013 penum
1613 4942 1823 4998 mulier

119 5039 332 5089 secreto
392 5033 597 5103 aperit,
666 5032 1047 5089 conductitios
1132 5030 1404 5088 satellites
1487 5030 1818 5095 introducit,

120 5115 343 5191 hocque
372 5135 407 5177 a
438 5121 575 5177 foris
611 5121 899 5186 obserata,
932 5134 1212 5192 generum
1270 5134 1377 5176 nec
1423 5132 1585 5174 mora
1629 5124 1693 5173 ut
1731 5116 1819 5173 vi-

123 5220 263 5263 num
319 5209 623 5280 pransuris
685 5209 958 5265 exhibeat
1015 5208 1343 5265 sollicitare
1385 5206 1660 5275 intendit;
1716 5205 1819 5276 qui

124 5305 350 5367 sumpto
378 5298 541 5355 ocius
573 5298 700 5354 lado
729 5297 1027 5354 cellarium
1071 5304 1306 5359 reserat,
1340 5296 1434 5353 sed
1477 5295 1816 5366 priusquam

128 5379 184 5436 in
210 5398 310 5441 vas
340 5384 480 5441 vina
507 5385 834 5455 deponeret,
867 5385 940 5441 ab
972 5386 1042 5439 iis
1073 5384 1175 5455 qui
1207 5384 1459 5440 latebant
1502 5383 1652 5437 intro
1682 5396 1819 5452 per-

125 5470 374 5541 vaditur,
419 5481 474 5529 et
521 5473 670 5529 illico
728 5473 1150 5544 strangulatur.
1208 5471 1368 5539 Quod
1429 5471 1643 5526 factum
1684 5485 1818 5525 cum

129 5555 221 5613 illa
251 5563 528 5629 rescisset,
573 5561 737 5633 jubet
783 5575 995 5632 corpus
1040 5561 1232 5616 statim
1264 5559 1337 5616 ab
1382 5559 1640 5628 ejusdem
1692 5573 1819 5614 sce-

132 5643 257 5704 leris
302 5649 640 5709 auctoribus
684 5649 826 5716 tolli,
857 5658 913 5705 et
956 5648 1011 5704 in
1067 5648 1272 5704 domus
1314 5647 1613 5717 superiora
1662 5644 1815 5702 dela-

1881 4576 1886 4582 ⁸
1928 4515 2055 4556 cam
2088 4500 2178 4556 his
2220 4500 2412 4558 liberis
2457 4514 2621 4557 arma
2664 4508 2998 4572 contorque.
3051 4502 3348 4558 Neminem
3396 4502 3629 4559 noveris

1930 4604 2034 4660 pro
2089 4596 2242 4646 certo
2282 4589 2577 4645 conscium
2618 4589 2944 4659 iniquitatis
2990 4589 3248 4661 objecta}.
3304 4591 3443 4646 Erat
3491 4605 3628 4647 vero

1928 4678 2252 4733 Elinandus
2308 4692 2408 4748 per
2452 4677 2507 4733 id
2544 4678 2891 4747 tempestatis
2934 4680 3257 4749 episcopus,
3311 4679 3403 4734 vir
3458 4679 3628 4749 plane

1929 4773 2217 4837 quantum
2266 4765 2605 4821 litteraturae
2636 4764 2948 4832 invalidus,
2997 4772 3223 4820 tantum
3253 4764 3628 4821 administra-

1930 4853 2069 4910 tioni
2118 4853 2420 4915 forasticae,
2466 4861 2523 4910 et
2568 4852 2964 4909 ecclesiastica;
3021 4851 3333 4922 praesertim
3389 4852 3627 4909 institu-

1930 4942 2070 4997 tioni
2104 4956 2220 4997 non
2252 4943 2497 4997 nescius.
2533 4941 2767 4997 Latione
2798 4942 2977 5012 igitur
3016 4942 3313 4997 sententiae
3344 4942 3629 5011 pontiﬁcis

1928 5029 2192 5085 traducta
2223 5029 2283 5085 in
2326 5029 2572 5096 curiam,
2601 5042 2734 5085 cum
2765 5028 3105 5084 vicedomini
3139 5028 3377 5086 haereret
3396 5030 3630 5087 animus

1929 5116 2070 5186 quid
2100 5116 2247 5173 facto
2297 5117 2646 5172 conveniens
2695 5115 3006 5184 videretur,
3042 5130 3077 5171 a
3128 5117 3380 5187 quodam
3426 5130 3628 5189 gram-

1926 5208 2133 5260 matico
2160 5205 2210 5260 ei
2240 5206 2594 5276 suggeritur,
2626 5205 2782 5275 quod
2811 5205 2984 5275 digne
3015 5205 3144 5261 talis
3172 5206 3347 5276 culpa
3378 5205 3627 5262 incendii

1929 5294 2304 5365 plecteretur;
2353 5293 2508 5364 quod
2560 5292 2652 5349 ille
2699 5307 2802 5363 pro
2833 5308 3071 5350 suorum
3107 5308 3332 5351 morum
3362 5295 3630 5352 acredine

1926 5395 2060 5439 cum
2103 5381 2274 5437 avida
2301 5380 2464 5438 fauce
2495 5381 2739 5451 legisset,
2786 5382 2956 5452 quasi
2991 5397 3299 5439 censuram
3335 5383 3628 5455 publicam

1925 5485 2032 5526 sua
2069 5470 2410 5539 allegatioue
2444 5471 2497 5525 id
2547 5470 2799 5525 roborat.
2840 5474 2910 5526 At
2944 5470 3041 5526 illa
3084 5472 3225 5527 adeo
3273 5473 3432 5528 triste
3467 5471 3630 5543 judi-

1926 5559 2079 5615 cium
2108 5574 2239 5613 cum
2269 5548 2385 5613 sibi
2427 5559 2714 5613 accedisse
2764 5557 3128 5628 prospiceret,
3175 5574 3307 5629 quae
3354 5562 3476 5630 jam
3525 5560 3629 5616 diu

1928 5646 2057 5703 facti
2121 5652 2359 5718 pertaesa
2415 5646 2697 5714 doluerat,
2757 5660 2915 5701 nunc
2980 5647 3368 5707 miserabilius
3418 5648 3629 5704 saeculo
