3956 6416
337 418 440 471 567

1221 414 1282 470 ν.
1325 413 1663 471 GUIBEBTI
1704 413 1997 470 ABBAI‘IS
2035 413 2095 469 S.
2137 415 2379 470 ΜΑΒΙᾸΞ
2416 414 2506 470 DE
2546 414 2934 472 NOVIGENTO

3752 419 3848 471 568

337 551 474 607 huic
492 551 788 620 desperata
819 549 1167 616 concutitur,
1218 564 1452 620 quoque
1481 550 1662 617 magis
1691 550 1741 604 ei
1790 549 2018 620 impraa-
2060 551 2104 604 Α
2133 550 2406 606 inauditis
2433 551 2798 620 gratulatura
2824 551 3202 621 provolvitur.
3239 550 3541 607 Indicibile
3585 558 3675 607 est
3708 552 3850 621 quid

334 640 655 696 sentiarum
705 639 898 694 omnia
948 639 1363 708 przeciduntur,
1412 653 1478 693 eo
1530 638 1806 693 universa
1854 637 2033 693 animi

335 728 485 784 acies
514 727 691 783 statui
719 727 914 783 futuro
944 727 1273 796 exponitur.

413 815 519 869 Dei
542 813 844 886 genitricis
884 813 1160 885 implorat
1188 813 1490 867 auxilium.
1523 813 1718 867 Illa'sa
1756 813 1945 869 medio
1973 813 2035 867 in

335 903 487 974 igne.
515 931 589 944 —
623 902 709 957 Ab
753 901 1180 972 apparitoribus
1223 903 1414 971 itaque
1464 902 1710 971 postulat
1739 910 1798 956 ut
1841 901 1911 956 ad
1935 916 2036 956 ca-

337 991 656 1046 thedralem
691 989 1233 1044 misericordissimze
1271 999 1476 1043 nostru'
1510 990 1704 1044 Matris
1741 989 2035 1045 ecclesiam

338 1080 420 1136 ire
463 1079 647 1146 liceat,
677 1087 731 1134 et
765 1079 898 1148 quis
939 1079 990 1132 id
1041 1077 1312 1147 profanus
1343 1077 1664 1132 abnueret?
1713 1079 1893 1133 multo
1941 1092 2035 1132 co-

343 1169 548 1224 mitatu
581 1168 679 1236 qui
713 1181 813 1236 pro
856 1165 1162 1236 punienda:
1205 1165 1379 1220 exitio
1417 1166 1723 1235 spectando
1756 1181 2037 1222 convene-

339 1263 488 1320 rant,
540 1255 939 1309 miserabiliter
1013 1254 1444 1308 succenturiata
1529 1255 1909 1324 progreditur,
1983 1262 2041 1310 et

340 1345 525 1399 media
556 1343 790 1397 basilica
822 1341 892 1396 ad
917 1356 1037 1396 sua:
1071 1342 1428 1412 purgationis
1458 1344 1778 1408 cumulum,
1815 1351 2037 1398 reatum

340 1432 638 1502 proprium
682 1431 790 1485 sub
848 1429 1099 1500 generali
1143 1429 1438 1484 audientia
1483 1431 1808 1486 conlitetur.
1861 1431 2038 1486 Dein-

337 1534 470 1590 ceps
499 1519 824 1574 communis
882 1517 1229 1573 smeulorum
1274 1517 1530 1573 Domina:
1580 1519 1844 1588 pietatem
1877 1517 2036 1574 humi

340 1607 721 1677 imploratura
767 1606 1176 1662 consternitur.
1210 1604 1451 1672 Quantis
1495 1606 1566 1661 ad
1596 1621 1743 1673 eam,
1777 1621 1908 1677 quae
1946 1621 2040 1662 ne-

341 1696 576 1759 minem,
611 1696 887 1776 miserum
922 1701 1226 1749 aversatur
1254 1694 1533 1762 suspiriis,
1567 1702 1788 1764 quanto
1825 1708 2040 1765 angore

345 1783 601 1853 rugierit,
651 1782 776 1852 ipsa
822 1796 896 1838 ex
927 1780 1192 1851 sequenti
1250 1781 1590 1837 testificatur
1635 1789 1868 1838 eventu.
1903 1783 2039 1837 Inde

343 1886 377 1926 a
410 1886 516 1927 suo
569 1877 906 1927 exsecutore
938 1871 1130 1937 citata,
1174 1869 1332 1939 petiit
1385 1870 1456 1925 ab
1504 1871 1759 1925 oratione
1812 1871 2041 1941 suppli-

343 1959 517 2014 cium.
553 1958 805 2014 Ecclesia
840 1957 994 2013 Beati
1028 1957 1196 2020 Justi,
1239 1956 1540 2026 paululum
1587 1957 1794 2013 montis
1823 1957 2042 2013 devexo

349 2048 546 2116 posita,
609 2047 954 2102 circumsitis
1007 2046 1119 2100 illic
1161 2047 1488 2100 Britonibus
1542 2046 1855 2101 oratorium
1890 2060 2040 2116 prie-

341 2143 470 2192 stat.
529 2135 649 2189 Illic
698 2135 944 2189 ministri
977 2134 1320 2189 vicedomini
1365 2133 1422 2188 in
1473 2142 1742 2202 promptu
1789 2133 2043 2189 habuere

343 2223 667 2294 tugurium,
726 2223 797 2277 ad
851 2222 1022 2292 cujus
1075 2220 1299 2276 furcam
1364 2222 1605 2290 pedibus
1665 2237 1729 2276 ac
1797 2223 2044 2277 brachiis

346 2311 615 2366 feminam
666 2310 785 2365 sola
829 2317 1033 2365 tectam
1087 2309 1374 2364 subucula
1419 2310 1752 2379 colligautes
1800 2312 2046 2380 sumptis

343 2413 417 2454 ex
475 2398 642 2452 vinea
701 2397 964 2467 proxima
1018 2397 1408 2454 arundinibus
1461 2404 1515 2452 et
1564 2396 1828 2466 spinulis.
1886 2399 2046 2454 Illius

347 2493 517 2542 antra
575 2485 774 2556 tegetis
843 2495 1001 2540 strue
1073 2485 1253 2541 multa
1309 2484 1686 2549 conferciunt.
1737 2485 2046 2557 ignemque

347 2573 682 2644 subjiciunt.
716 2571 839 2639 Quo
885 2587 1056 2627 exesa
1101 2573 1352 2628 uiateriei
1384 2573 1648 2642 congerie
1700 2574 1756 2628 in
1790 2574 2043 2631 favillam

351 2675 688 2731 prunasque
727 2661 996 2730 deposito,
1038 2660 1245 2716 mulier
1273 2662 1626 2730 consumptis
1668 2662 1849 2718 libera
1883 2664 2048 2719 nexi-

351 2750 461 2806 bus
491 2756 642 2804 stare
680 2749 912 2803 videtur
943 2748 1000 2802 in
1034 2749 1234 2804 medio.

421 2839 494 2893 At
527 2844 792 2906 parentes
839 2837 1055 2906 generi,
1108 2852 1281 2907 quem
1316 2837 1410 2892 illa
1449 2846 1784 2907 peremerat,
1818 2839 1946 2910 ejus
1967 2839 2050 2894 in-

351 2925 614 2982 videntes
657 2925 828 2980 saluti
857 2932 912 2980 et
962 2925 1308 2995 ereptionem
1350 2925 1478 2996 ejus
1523 2925 1672 2996 ignis
1711 2927 2050 2996 deputantes

352 3013 590 3082 inertiae,
637 3013 995 3068 animositate
1043 3013 1324 3085 sacrilega
1371 3027 1577 3069 rursus
1622 3014 1694 3070 ad
1738 3024 2046 3086 sarmenta,

2145 638 2351 693 ibidem
2387 639 2596 694 fuderit
2647 638 3059 708 lacrymarum.
3091 638 3434 694 Tacebimus
3473 637 3703 708 jubilos
3751 640 3852 708 qui

2146 726 2624 795 multiplicitatem
2685 726 3048 796 singultuum
3099 725 3483 792 'exhalabant,
3529 740 3668 781 cum
3720 740 3856 780 nus-

2143 829 2320 885 quam
2353 814 2616 869 cohibere
2641 830 2759 868 sese
2793 814 3005 869 valeret
3038 815 3205 870 turba
3247 814 3590 881 videntium,
3626 813 3856 884 quibus

2145 902 2642 971 superexrelleus,
2702 916 2875 968 ε-ίνισ·
2945 909 3116 957 tanta:
3185 902 3442 958 subsidio
3508 901 3854 972 peccatricis

2146 991 2486 1061 generaliter
2520 990 2882 1060 praebebatur
2914 1023 2920 1036 ι
2949 989 3266 1058 xemplum.

2213 1078 2375 1132 Tunc
2402 1091 2527 1131 eam
2588 1076 2979 1132 vieedominus
3025 1077 3143 1132 sola
3203 1076 3462 1132 indutam
3512 1076 3671 1132 linea
3719 1090 3858 1132 cum

2148 1166 2472 1234 pavimento
2500 1164 2758 1230 liiereret,
2813 1163 3038 1219 sublata
3072 1164 3145 1219 ab
3189 1163 3430 1220 humero
3465 1164 3704 1219 lacerna
3735 1179 3866 1234 ope-

2149 1253 2284 1319 ruit,
2343 1260 2397 1308 et
2450 1260 2573 1322 post
2633 1251 3006 1322 inexplebiles
3061 1252 3346 1308 orationes
3406 1260 3459 1308 et
3515 1253 3768 1324 gratias,
3833 1267 3866 1306 a

2147 1349 2298 1398 terra
2326 1348 2650 1410 exemptam
2682 1341 2916 1396 domum
2948 1341 3125 1396 ducit.
3165 1340 3345 1408 Quam
3377 1341 3517 1411 quia
3548 1341 3863 1396 hastarum

2148 1429 2494 1499 impulsibus
2525 1429 2658 1484 laesa
2687 1437 2828 1496 erat,
2853 1436 2905 1484 et
2925 1428 3148 1500 ignium
3175 1428 3592 1484 commaculata
3613 1428 3862 1494 favillis,

2150 1517 2386 1584 balneis,
2415 1525 2470 1572 et
2535 1517 2752 1587 quibus
2801 1517 2986 1587 potuit
3025 1517 3308 1585 fomentis,
3343 1531 3445 1572 nec
3475 1533 3590 1572 non
3623 1525 3686 1572 et
3723 1525 3865 1571 stra-

2149 1613 2315 1662 tuum
2383 1604 2618 1661 mollitie
2676 1605 2954 1670 mulcens,
3013 1604 3152 1659 dum
3217 1618 3278 1659 se
3330 1611 3492 1674 putat
3546 1605 3864 1660 restituere

2149 1693 2425 1763 sospitati,
2463 1702 2582 1763 post
2615 1693 2876 1749 triduum
2907 1691 3197 1748 consuluit
3227 1693 3371 1748 Deus
3402 1693 3582 1762 ipsius
3629 1693 3865 1763 sempi-

2150 1790 2327 1839 ternae
2356 1781 2567 1851 saluti;
2601 1783 2764 1838 tertio
2793 1782 2945 1838 enim
2975 1780 3064 1837 die
3093 1780 3410 1837 salvatricis
3431 1796 3550 1836 suae
3578 1781 3866 1836 manibus

2149 1871 2417 1942 spiritum
2460 1885 2663 1928 secura
2703 1871 2987 1942 deposuit.
3021 1875 3061 1927 A
3104 1884 3221 1941 qua
3268 1869 3436 1940 plane
3478 1870 3666 1940 potuit
3732 1884 3865 1925 cor-

2151 1959 2342 2030 porale
2397 1959 2643 2015 exitium
2699 1959 3014 2028 deprecari,
3091 1959 3150 2014 in
3199 1958 3393 2014 anima
3450 1957 3669 2014 meruit
3737 1959 3865 2013 fusa

2152 2048 2412 2104 libertate
2444 2047 2638 2116 beari;
2677 2061 2750 2102 ex
2794 2063 2910 2117 quo
2957 2047 3128 2103 etiam
3169 2045 3476 2102 benedictae
3520 2045 3717 2116 ipsius
3748 2046 3866 2101 cla-

2155 2134 2270 2190 ruit
2316 2134 2909 2190 misericordissiuium
2958 2142 3194 2204 pectus;
3241 2133 3395 2204 quod
3439 2147 3573 2188 cum
3625 2133 3866 2189 femina-

2154 2224 2232 2278 illi
2266 2232 2424 2279 tanta
2469 2223 2685 2278 viscera
2735 2222 2790 2277 in
2822 2223 3092 2278 exteriori
3134 2222 3387 2294 periculo
3433 2223 3863 2293 praetendisset,

2156 2319 2278 2380 post
2318 2311 2516 2381 gratiae
2545 2326 2665 2365 SlliB
2706 2311 3122 2380 experientiam
3164 2309 3348 2366 noluit
3378 2323 3502 2364 eam
3552 2310 3866 2364 mundana

2155 2399 2343 2453 denuo
2417 2399 2846 2454 conversatione
2903 2397 3122 2465 foedari,
3180 2398 3279 2453 sed
3321 2411 3453 2452 mox
3512 2411 3700 2468 quam
3755 2411 3872 2453 cre-

2157 2488 2368 2542 mando
2400 2487 2735 2556 imaginarie
2757 2487 2878 2541 sine
2897 2487 3105 2542 lmsura
3136 2492 3506 2556 purgaverat,
3539 2486 3610 2540 ad
3637 2487 3868 2556 apicem

2155 2589 2439 2644 supremae
2478 2575 2828 2632 liberationis
2875 2574 3098 2630 eduxit.
3151 2575 3473 2630 Vocabatur
3505 2581 3705 2630 autem
3749 2590 3871 2630 mu-

2157 2662 2264 2718 lier
2292 2663 2488 2718 eadem
2522 2664 2866 2719 Teodeberta
2901 2663 3033 2733 (27).

2817 2749 3050 2806 CAPUT
3090 2749 3185 2805 XI.

2184 2909 2188 2914 Δ
2231 2837 2580 2892 Μίνασιιιιιιη
2621 2837 2691 2891 de
2719 2836 2840 2892 viro
2869 2836 2968 2909 qui
3003 2838 3154 2909 quod
3182 2835 3348 2891 arari
3381 2836 3764 2908 praecepisset
3795 2837 3862 2889 Β.

2157 2926 2362 2980 Maria:
2391 2926 2751 2998 Magdalerw
2777 2926 2940 2996 festo
2968 2925 3061 2980 die
3086 2925 3296 2996 plexus
3337 2925 3552 2993 fuerat,
3581 2925 3869 2996 sos-pilati

2156 3014 2436 3069 redditur.
2481 3044 2540 3054 -—
2590 3016 2653 3070 In
2711 3013 3238 3083 Gratianopolitano
3283 3014 3563 3069 territorio
3605 3013 3706 3068 vir
3737 3014 3868 3084 qui-

352 3101 703 3172 fruticesque
734 3110 1109 3168 concurrunt,
1154 3101 1306 3156 focos
1334 3101 1487 3157 circa
1521 3102 1673 3158 illam
1707 3118 2049 3175 usquequa-
2091 3125 2132 3180 ε
2159 3103 2290 3159 dam
2321 3117 2392 3159 ex
2425 3103 2622 3169 vidua,
2654 3116 2785 3173 quae
2813 3102 2922 3158 sibi
2953 3105 3244 3172 nupserat,
3271 3102 3608 3172 privignum
3641 3101 3866 3158 habue-

353 3202 467 3259 que
525 3187 811 3258 reficiunt,
872 3189 974 3260 qui
1030 3189 1200 3245 etiam
1249 3190 1536 3261 impietate
1590 3207 1768 3262 quam
1825 3194 2048 3263 rabida,

353 3291 484 3347 quae
515 3277 694 3333 solius
723 3276 867 3332 fumi
892 3277 1206 3347 vaporibus
1233 3286 1450 3348 poterat
1471 3278 1722 3346 offocari,
1752 3279 2052 3339 liberatam

355 3363 634 3421 miraculo
667 3379 781 3420 non
815 3365 1128 3433 credentes,
1181 3365 1454 3434 porrectis
1489 3381 1587 3436 per
1619 3367 1766 3437 ignis
1800 3370 2052 3428 medium

357 3452 660 3509 hastilibus
691 3453 1044 3509 atrocissime
1072 3452 1446 3523 fustigabant.
1480 3452 1641 3520 Quod
1673 3455 1857 3510 solum
1889 3457 2053 3514 valde

353 3553 478 3596 eam
536 3541 676 3596 focis
736 3540 1143 3596 innocentibus
1203 3540 1375 3608 lzesit;
1409 3555 1543 3596 nam
1587 3557 1718 3598 cum
1774 3550 1890 3599 tota
1934 3546 2054 3602 hzec

355 3628 661 3700 profligata
708 3628 904 3684 fuisset
932 3628 1238 3696 ambustio,
1290 3636 1642 3686 remanserat
1690 3631 1822 3688 item
1853 3632 2054 3690 discri-

357 3715 530 3773 minis
557 3729 794 3786 expers.
831 3716 905 3772 At
939 3715 1338 3772 vicedominus
1369 3723 1541 3772 tantae
1592 3718 1915 3787 spectaculo
1945 3734 2054 3775 no-

358 3801 555 3858 vitatis
619 3803 914 3870 attonitus,
1001 3803 1272 3860 omnibus
1336 3805 1677 3861 nostratium
1752 3805 2052 3876 regionum

361 3893 619 3962 personis
665 3899 720 3947 et
766 3892 1029 3962 partibus
1079 3891 1359 3962 inaudito,
1422 3893 1748 3948 barbariem
1794 3893 2056 3964 protinus

358 3979 660 4036 exhorruit
725 3980 1101 4048 rusticanam,
1160 3995 1372 4051 eosque
1423 3995 1457 4036 a
1510 3983 1900 4052 propulsanda
1932 3983 2054 4053 jam

359 4077 558 4124 sancta
587 4069 799 4124 femina
828 4069 1078 4137 heroica,
1115 4076 1176 4125 ut
1208 4083 1309 4140 par
1336 4079 1478 4138 erat,
1524 4073 1822 4127 severitate
1859 4071 2052 4142 dispe-

359 4157 499 4225 cuit,
531 4166 586 4214 et
616 4171 716 4228 per
761 4157 1033 4214 officiales
1075 4159 1362 4228 extemplo
1392 4159 1626 4229 direptis
1676 4161 1906 4231 ignibus
1945 4161 2054 4218 sibi

361 4245 528 4302 asciri
561 4247 848 4316 praecepit.
878 4248 1002 4310 Qua
1027 4245 1134 4300 sibi
1164 4247 1420 4302 exhibita
1453 4289 1466 4313 ,
1493 4247 1632 4302 dum
1670 4262 1797 4304 eam
1835 4249 2054 4304 circum

362 4333 513 4388 circa
541 4347 613 4388 ex
645 4333 1094 4390 circumstantiis
1129 4343 1402 4407 eventum
1433 4337 1780 4407 aucupando
1807 4336 2052 4406 dispicit,

2163 3199 2270 3259 rat,
2303 3190 2402 3262 qui
2452 3189 2590 3246 dum
2651 3190 2853 3246 vitrico
2904 3189 3141 3246 bubulci
3200 3190 3372 3246 ferret
3421 3188 3708 3258 officium,
3752 3190 3870 3245 dies

2162 3279 2337 3336 beatae
2382 3280 2569 3335 Mariae
2627 3277 2978 3350 Magdalenae
3025 3277 3232 3334 natalis
3287 3278 3621 3344 obvenerat,
3685 3293 3868 3350 quam

2163 3368 2309 3424 idem
2335 3369 2570 3439 juvenis
2605 3368 2909 3423 indictione
2952 3367 3288 3423 sacerdotali
3314 3381 3448 3438 cum
3499 3367 3767 3424 audisset
3801 3367 3868 3422 ab

2163 3470 2332 3526 opere
2387 3455 2590 3512 forensi
2652 3455 2976 3520 inhibitam,
3034 3455 3238 3510 vitrico
3284 3453 3638 3525 agricultum
3689 3455 3868 3524 impe-

2163 3545 2312 3600 ranti
2362 3543 2738 3600 reverentiam
2788 3545 2975 3599 vetitae
3025 3539 3397 3598 solemnitatis
3443 3542 3671 3612 objecit.
3751 3543 3869 3600 Vo-

2161 3633 2402 3690 cabatur
2440 3640 2640 3711 autem
2683 3632 2832 3688 idem
2877 3632 3099 3688 Petrus.
3154 3631 3296 3688 Vicit
3336 3630 3523 3686 vitrici
3565 3632 3869 3702 jurgantis

2161 3721 2487 3792 imperium,
2533 3721 2822 3790 bovesque
2870 3728 3061 3776 aratro
3104 3720 3470 3793 subjungens
3508 3733 3642 3774 cum
3681 3721 3869 3790 ipsius

2160 3810 2368 3880 operis,
2399 3823 2466 3864 ac
2494 3809 2832 3864 animalium
2863 3807 3250 3864 exsecratione
3293 3806 3684 3878 prosequitur.
3722 3808 3865 3863 tium

2160 3913 2297 3969 ergo
2318 3897 2562 3970 jugibus
2607 3905 2790 3967 coepta
2841 3897 3154 3952 maledictis
3185 3895 3464 3966 illapidat,
3494 3894 3704 3951 inutile
3757 3896 3864 3950 sibi

2161 3984 2476 4040 exauditur
2523 3984 2590 4039 ad
2633 3991 2854 4038 votum.
2902 3983 3046 4039 Nam
3078 3983 3250 4038 boves
3284 3995 3352 4037 ac
3397 3981 3670 4037 utensilia
3697 3982 3868 4037 motis

2162 4073 2460 4130 subitanco
2519 4072 2736 4128 tonitru
2783 4069 3092 4134 elementis.
3149 4069 3391 4126 fulmine
3443 4068 3862 4138 absumuntur,

2161 4167 2217 4217 et
2261 4161 2377 4230 ipse
2421 4160 2524 4232 qui
2553 4160 2611 4216 id
2643 4159 2764 4215 fieri
2821 4166 3110 4229 exegerat,
3156 4157 3540 4228 imprecando,
3579 4157 3863 4227 supplicio

2163 4249 2427 4304 atrociori
2458 4248 2597 4319 quia
2627 4247 2980 4302 diuturniori
3009 4245 3314 4301 addicitur.
3345 4245 3483 4312 Quae
3503 4245 3655 4300 enim
3690 4244 3863 4301 bruta

2165 4351 2233 4393 ac
2277 4337 2464 4408 lignea
2520 4336 2760 4392 cmlestis
2807 4332 3040 4390 flamma
3093 4339 3415 4398 voraverat,
3478 4331 3680 4386 eadem
3741 4333 3866 4402 ejus

363 4435 478 4477 non
527 4421 654 4476 dico
712 4421 1043 4490 interulam,
1091 4423 1187 4479 sed
1245 4437 1315 4479 ne
1371 4424 1621 4480 crinium
1658 4422 1747 4480 vel
1793 4423 2055 4481 ciliorum
2096 4419 2140 4474 Ι)
2169 4424 2295 4496 pedi
2325 4424 2609 4494 extemplo
2634 4423 2945 4494 subripuit,
2983 4436 3154 4494 quem
3199 4421 3258 4476 in
3300 4420 3458 4476 brevi
3511 4433 3645 4474 cum
3672 4419 3862 4475 reddi-

363 4508 703 4578 particulam
753 4523 826 4566 ne
893 4509 1128 4567 minime
1186 4512 1418 4582 quidem
1500 4512 1788 4568 addictam
1843 4511 2058 4568 ltesioni

362 4596 656 4668 comperit,
713 4596 771 4654 in
814 4611 931 4669 quo
979 4599 1340 4670 potissimum
1389 4600 1510 4656 sola
1539 4599 1774 4656 vincula
1819 4607 2058 4672 experta

367 4683 525 4756 ignes
549 4685 869 4757 obstupuit.
1639 4735 1654 4743 μ

435 4778 582 4828 804
637 4779 944 4845 Assumpta
1001 4775 1197 4846 itaque
1248 4775 1341 4833 ille
1375 4775 1726 4832 Laudunum
1756 4775 1878 4846 ipse
1917 4791 2056 4832 con-

363 4861 562 4928 tendit,
603 4869 658 4918 et
687 4863 826 4918 satis
885 4864 1186 4934 copiosiori
1249 4865 1453 4921 urbem
1500 4864 1824 4936 frequentia
1865 4864 2058 4935 ingre-

363 4948 519 5004 ditur
547 4950 617 5004 ad
649 4949 911 5020 gloriam,
944 4966 1121 5022 quam
1154 4953 1373 5023 pridem
1418 4953 1684 5009 habuerit
1715 4967 1845 5009 cum
1879 4953 2058 5022 profi-

363 5035 672 5092 cisceretur
691 5037 761 5091 ad
779 5051 1025 5106 pinnam.
1051 5037 1234 5105 Quam
1252 5041 1648 5096 viccdominus
1669 5055 1800 5096 cum
1821 5041 2055 5096 domum

363 5123 650 5192 propriam
695 5125 978 5181 divertere
1011 5127 1302 5196 potuisset,
1338 5136 1393 5185 et
1431 5143 1635 5185 curam
1686 5129 1918 5184 inflictis
1962 5129 2058 5186 do-

361 5209 582 5266 loribus
627 5211 918 5281 adhibere,
969 5213 1132 5272 beata
1187 5217 1283 5272 illa
1324 5218 1539 5286 renuit,
1597 5217 1693 5273 sed
1750 5231 1866 5273 non
1914 5217 2058 5273 alias

361 5298 532 5368 plane
560 5297 772 5354 ituram
795 5315 971 5370 quam
991 5304 1061 5358 ad
1092 5318 1242 5372 eam,
1273 5320 1404 5376 quae
1421 5320 1479 5361 se
1509 5305 1862 5373 salvaverat,
1885 5306 2052 5362 dixit.

361 5385 678 5456 Vestigium
755 5387 934 5458 igitur
990 5391 1062 5446 ad
1121 5392 1419 5448 ecclesiam
1491 5400 1810 5464 retorquet,
1869 5395 2056 5449 media

363 5473 601 5530 basilica
633 5473 878 5532 dominae
907 5492 1030 5533 suae
1074 5492 1174 5548 pro
1225 5480 1513 5537 beneficiis
1556 5489 1750 5538 nostro
1803 5489 2056 5552 tempore

2167 4513 2342 4570 disset
2393 4527 2650 4580 exesum,
2719 4512 2918 4568 tibiam
2991 4525 3226 4582 quoque
3290 4509 3611 4579 pervadens
3676 4508 3866 4564 cruris

2169 4601 2383 4672 pariter
2410 4615 2686 4672 suprema
2713 4600 3032 4670 corripuit;
3081 4613 3286 4654 carnes
3330 4610 3584 4668 namque
3628 4609 3860 4662 vorans,

2168 4701 2478 4744 nervorum
2518 4688 2734 4744 duritia
2775 4687 2986 4744 tabidis
3035 4685 3316 4742 fluoribus
3363 4685 3689 4752 latescente,
3738 4697 3864 4740 ossa

2167 4784 2473 4837 retexerat.
2522 4777 2838 4847 eademque
2879 4789 3016 4830 casu
3063 4773 3398 4844 quotidiano
3433 4786 3618 4842 usque
3662 4772 3736 4828 ad
3769 4785 3859 4844 ge-

2166 4864 2425 4920 niculum
2499 4864 2607 4920 hac
2672 4863 2882 4934 illaque
2937 4863 3318 4932 disperserat;
3373 4860 3444 4916 ad
3500 4859 3624 4916 hzec
3676 4861 3865 4917 cruris

2168 4953 2346 5024 pulpa
2375 4953 2641 5008 deficiens
2672 4965 2856 5020 usque
2894 4951 2967 5006 ad
2999 4951 3123 5020 ipsa
3155 4949 3382 5005 narium
3434 4948 3862 5019 inguinumque

2167 5041 2438 5112 contigua
2458 5041 2614 5096 nudo
2633 5055 2756 5096 osse
2787 5039 2910 5111 jam
2937 5039 3083 5095 male
3107 5037 3378 5110 pendulo,
3401 5037 3522 5108 pari
3571 5039 3862 5093 sententiae

2167 5128 2598 5184 succumbebat.
3204 5193 3211 5199 ι

2238 5219 2380 5273 Cum
2413 5216 2590 5288 igitur
2633 5229 2734 5286 pro
2767 5214 2974 5271 misera
3003 5227 3111 5270 sua
3154 5211 3514 5278 habitudine,
3561 5218 3617 5268 et
3647 5211 3859 5283 putori,

2165 5311 2219 5360 et
2249 5303 2457 5374 pudori
2495 5300 2616 5357 suis
2644 5301 2905 5370 ccepisset
2933 5314 3052 5356 esse
3092 5297 3447 5370 parentibus,
3495 5305 3680 5354 totum
3734 5299 3860 5355 sub

2167 5391 2310 5445 sidio
2334 5389 2529 5446 divino
2559 5403 2618 5444 se
2655 5387 2916 5454 contulit,
2964 5395 3018 5442 et
3063 5386 3134 5441 ad
3193 5383 3509 5456 quamdam
3565 5384 3855 5440 ecclesiam

2167 5476 2344 5533 beatae
2396 5475 2590 5532 Mariae
2643 5473 2994 5545 Magdalenaa
3039 5471 3254 5528 nomini
3302 5472 3622 5526 dedicatam
3675 5467 3857 5528 efferri

432 5648 541 5715 (27)
571 5647 842 5704 Herman.
879 5649 958 5706 lib
1021 5665 1101 5715 ut,
1141 5666 1190 5708 c.
1221 5653 1310 5719 27,
1344 5653 1402 5710 in
1454 5653 1740 5724 Append.,
1788 5667 1916 5709 eam
1948 5651 2205 5724 appellat
2235 5649 2596 5720 Soiburgam.
