3956 6428
152 419 260 473 569

1526 417 1617 473 DE
1661 418 1896 475 LAUDE
1936 417 1991 472 S.
2039 417 2296 472 MARIA'J.

3575 426 3679 478 570

150 567 210 609 se
241 552 449 624 petiit:
503 566 610 608 nec
657 552 712 609 id
755 552 920 624 plane
963 553 1201 625 injuria,
1262 562 1325 612 ut
1369 554 1539 625 cujus
1589 560 1861 610 temerata
1897 552 2313 626 Amstuabant.
2344 552 2600 609 Tandem
2647 553 2982 610 difﬁcillime
3020 554 3324 617 excitatus,
3386 556 3517 626 quis
3572 557 3678 614 sibi

157 641 439 698 festivitas
471 642 695 698 occasio
735 642 1053 712 punitionis
1079 642 1394 707 exstiterat.
1429 644 1475 699 si
1507 643 1615 698 sibi
1649 643 1865 713 placeat

151 732 290 787 satis
322 731 475 787 ultra
501 732 731 786 tandem
773 731 1007 786 remedii
1050 745 1228 787 causa
1267 746 1471 788 rursus
1499 735 1725 788 existat.
1761 732 1864 788 Cui

152 820 273 889 spei
300 818 645 875 fortunatior
673 833 852 890 quam
881 820 1225 889 sperabatur
1257 835 1290 876 a
1318 821 1582 891 plurimis
1621 829 1865 877 eventus

152 905 423 973 accessit;
481 920 619 963 nam
672 919 834 962 sacer
886 905 998 973 ille,
1051 907 1152 977 qui
1197 915 1387 978 partes
1443 907 1564 978 jam
1611 909 1865 977 corporis

152 995 477 1065 superiores
503 994 771 1065 attigerat
794 994 963 1065 ignis,
1001 996 1203 1051 merito
1247 995 1403 1051 illius
1444 996 1859 1067 exstinguitur,

152 1098 286 1152 quas
319 1083 388 1137 ad
423 1082 590 1153 pedes
619 1084 751 1139 Jesu
783 1084 1381 1153 cuncupiscentiarum
1413 1084 1603 1156 ignem
1651 1085 1867 1141 exstin-

152 1172 253 1241 gui
289 1172 501 1227 meruit
545 1170 833 1241 lacrymis.
870 1172 1091 1228 Interea
1121 1172 1297 1229 unius
1342 1173 1697 1244 experientia
1744 1173 1863 1243 pie-

151 1260 287 1314 tatis
312 1260 431 1329 jam
459 1259 697 1330 jamque
729 1260 949 1330 majora
975 1274 1351 1330 praesumens,
1384 1275 1516 1317 cum
1556 1260 1628 1317 ab
1668 1269 1863 1318 extre-

152 1348 265 1402 mis
294 1348 556 1416 partibus
596 1362 831 1418 prorsus
872 1357 1016 1405 esset
1046 1349 1286 1411 inutilis,
1335 1350 1610 1421 comperit
1649 1366 1864 1421 quam-

151 1435 288 1491 dam
350 1436 647 1493 ecclesiam
705 1437 803 1492 Dei
856 1437 1169 1508 genitricis,
1220 1440 1545 1495 communis
1592 1440 1857 1507 dominas,

150 1525 481 1581 celebribus
512 1525 729 1596 ubique
762 1525 873 1580 dici
926 1526 1221 1581 miraculis
1254 1526 1571 1600 insignem;
1618 1529 1863 1585 habebat

149 1621 206 1668 et
259 1614 542 1684 Hippolyti
588 1614 861 1684 martyris
891 1616 1248 1682 memoriam,
1291 1617 1362 1672 ad
1393 1631 1570 1688 quam
1611 1632 1745 1673 cum
1804 1632 1861 1673 se

148 1701 358 1757 devehi
398 1702 776 1773 impetrasset,
834 1702 1159 1774 ingreditur
1207 1718 1434 1773 navem,
1482 1720 1662 1778 quam
1721 1707 1857 1762 dum

150 1790 394 1846 molitur
444 1792 767 1859 ascendere,
840 1806 903 1847 os
972 1792 1115 1848 illud
1179 1794 1335 1864 quod
1407 1794 1859 1864 protendebatur

150 1878 404 1947 aridum,
455 1893 571 1950 quo
626 1880 816 1935 nescio
870 1879 1182 1937 infortunio
1229 1880 1365 1951 pupi
1408 1881 1671 1950 illiditur,
1723 1890 1777 1938 et
1826 1897 1861 1938 a

150 1980 261 2023 sua
289 1981 560 2039 compage
589 1968 915 2024 resolvitur.
950 1968 1113 2033 Quod
1146 1969 1242 2025 ille
1273 1978 1573 2040 sumptum
1604 1985 1737 2027 cum
1786 1972 1860 2029 ad

151 2056 448 2112 basilicam
489 2057 824 2127 appulisset,
875 2056 1026 2113 intra
1062 2058 1295 2128 parietis
1322 2059 1573 2116 ecclesize
1603 2059 1860 2116 foramen

158 2145 474 2202 abscondit.

224 2232 403 2303 Coepit
452 2233 629 2304 igitur
666 2233 807 2289 inibi
858 2234 1075 2290 crebris
1114 2235 1610 2293 obsecrationibus
1656 2238 1861 2294 mundi

151 2321 519 2392 interpellare
568 2321 849 2392 reginam,
883 2331 948 2378 ut
984 2323 1141 2393 quod
1186 2324 1310 2380 aliis
1360 2325 1724 2396 impendebat
1766 2340 1863 2382 va-

153 2410 514 2479 lentioribus,
547 2410 655 2466 sibi
689 2425 923 2481 prorsus
952 2412 1149 2482 impoti
1198 2427 1313 2469 non
1363 2423 1619 2484 negaret.
1668 2415 1861 2473 Conti-

154 2513 342 2571 guum
372 2498 560 2555 fuerat
607 2499 808 2555 Natale
843 2500 1224 2563 Dominicum,
1258 2509 1313 2557 et
1353 2503 1515 2559 miles
1572 2504 1863 2574 quispiam

153 2601 305 2657 sape
334 2600 467 2642 eum
510 2588 742 2642 intuens
784 2588 1079 2644 basilicam
1120 2590 1396 2659 reptando
1445 2590 1659 2659 subire,
1716 2594 1861 2649 elee-

154 2689 410 2746 mosynte
439 2689 614 2731 causa
647 2675 705 2731 in
737 2676 973 2733 domum
1004 2680 1295 2748 propriam
1324 2679 1610 2736 declinare
1656 2683 1859 2739 suasit.

153 2763 301 2821 Cum
349 2777 486 2835 ergo
536 2763 651 2819 illic
709 2764 1055 2834 aliquandiu
1094 2765 1418 2829 desedisset,
1463 2768 1553 2824 die
1608 2770 1861 2839 quadam

155 2852 231 2909 ad
264 2852 523 2909 rivulum
553 2852 816 2923 proxime
855 2853 1201 2911 defluentem
1246 2870 1365 2911 sese
1386 2864 1773 2921 contraxerat,
1808 2867 1865 2917 et

152 2955 445 3009 cruorem,
510 2941 613 3011 qui
653 2941 862 2997 veteris
905 2943 1165 2999 vulneris
1212 2944 1465 3001 stillabat
1512 2960 1583 3001 ex
1626 2949 1860 3016 venula,

155 3029 380 3087 haustis
402 3044 582 3085 manu
621 3029 888 3086 laticibus
924 3031 1173 3087 eluebat.
1215 3032 1378 3096 Quod
1415 3047 1628 3103 procax
1666 3035 1865 3106 aliqua

157 3118 370 3175 mulier
399 3118 699 3174 attendens
735 3118 946 3175 intulit.
982 3119 1223 3175 Frustra
1253 3120 1471 3185 niteris,
1513 3122 1690 3190 Petre,
1723 3124 1865 3195 quia

154 3220 463 3278 nunquam
491 3214 594 3262 aut
611 3220 836 3275 coxam,
871 3216 972 3263 aut
995 3208 1213 3275 tibiam,
1258 3208 1566 3267 habiturus
1612 3225 1674 3268 es
1709 3212 1865 3269 dein-

156 3310 311 3367 ceps.
347 3296 508 3352 Hanc
537 3296 741 3352 Petrus
771 3310 964 3352 vocem
996 3298 1296 3367 aegerrime
1326 3300 1584 3370 concepit
1631 3300 1861 3359 affectu.

156 3387 242 3442 Ea
273 3391 600 3453 tempestate
653 3385 872 3454 przefati
915 3399 1062 3440 uxor
1110 3386 1305 3442 militis
1348 3396 1519 3458 partu
1575 3390 1726 3445 edito
1775 3390 1867 3446 de-

156 3473 485 3540 cumbebat,
529 3472 693 3529 miles
721 3487 874 3539 vero,
910 3481 974 3530 ut
1017 3473 1365 3531 familiarius
1406 3475 1503 3531 illa
1542 3491 1662 3532 rem
1696 3491 1865 3549 gere-

154 3569 260 3626 ret,
318 3562 378 3617 in
434 3561 675 3619 alteram
740 3561 977 3617 domum
1049 3572 1426 3620 concesserat.
1502 3563 1864 3637 Pedissequaa

157 3658 339 3706 noctu
369 3650 559 3706 nescio
602 3649 741 3720 quid
775 3658 1011 3717 acturae,
1052 3663 1087 3705 a
1124 3665 1354 3707 camera
1399 3652 1457 3707 in
1489 3652 1723 3710 domum
1768 3668 1867 3711 ex-

156 3738 426 3795 teriorem
469 3738 840 3801 devenerant,
894 3746 949 3794 et
1012 3739 1245 3795 Petrum
1300 3740 1661 3798 subaudiunt
1716 3747 1865 3797 305

159 3826 378 3883 crebris
426 3825 753 3897 planctibus
793 3826 1200 3899 ingementem,
1252 3842 1503 3899 quorum
1544 3832 1865 3902 gemituum

160 3928 339 3972 causa
368 3914 490 3971 haec
518 3915 745 3973 fuerat:
779 3916 958 3987 Virgo
996 3924 1052 3972 et
1082 3925 1265 3972 mater
1307 3932 1482 3988 super
1522 3919 1717 3975 omnia
1761 3919 1866 3976 be-

160 4002 411 4073 nedicta,
461 4014 597 4060 cum
654 4004 818 4060 beato
871 4012 1125 4075 martyre
1182 4004 1486 4076 Hippolyto
1536 4006 1595 4063 in
1649 4007 1866 4066 visione

157 4091 365 4149 stratui
396 4092 523 4162 ejus
553 4091 832 4153 astiterat,
879 4107 1012 4163 quae
1058 4095 1320 4163 martyri,
1358 4102 1422 4150 ut
1446 4095 1660 4166 jacenti
1699 4097 1865 4154 vide-

158 4180 355 4247 batur,
413 4180 748 4251 imperabat.
803 4181 1073 4249 Restitue,
1130 4181 1343 4252 inquit,
1415 4197 1547 4239 eum
1625 4185 1866 4256 antiquo

156 4269 367 4341 vigori.
420 4269 637 4340 Martyr
680 4284 816 4325 vero
877 4270 1185 4340 imperanti
1237 4271 1533 4328 humiliter
1579 4274 1864 4331 obsecun-

154 4356 303 4414 dans
348 4371 502 4420 crus,
562 4357 782 4423 tibiam,
836 4358 1155 4430 pedemque
1205 4374 1681 4431 quaquaversum
1728 4364 1863 4419 olim

155 4459 379 4517 sparsa,
419 4445 697 4503 divinitus
740 4446 811 4503 ad
845 4448 1026 4503 instar
1051 4446 1261 4504 futurae
1296 4450 1731 4507 resurrectionis
1807 4452 1864 4508 in

156 4542 373 4607 puncto
430 4542 745 4605 compacta,
815 4535 1169 4608 recolligens,
1221 4538 1445 4608 corpori
1500 4539 1626 4610 ejus
1686 4554 1752 4595 ac
1816 4540 1861 4597 si

156 4623 460 4681 surculum
513 4624 704 4680 arbori
760 4625 930 4695 coepit
976 4626 1352 4697 subjungere.
1407 4627 1473 4682 In
1508 4642 1627 4699 qua
1679 4629 1864 4685 inser-

154 4712 309 4770 tione
337 4712 511 4769 tantis
567 4713 953 4784 torquebatur
980 4713 1298 4785 angoribus
1339 4722 1405 4771 ut
1443 4715 1694 4773 vicissim
1746 4732 1862 4774 non

154 4801 279 4858 sine
324 4800 679 4858 clamoribus
740 4800 1170 4870 substridendo,
1219 4811 1275 4859 et
1335 4803 1551 4860 crebris
1602 4805 1859 4874 rictibus,

152 4889 669 4961 membrorumque
717 4890 968 4947 motibus
1016 4891 1157 4962 quid
1204 4899 1497 4962 pateretur
1534 4893 1859 4963 indicando,

157 4978 460 5050 prmdictas
505 4978 807 5035 ancillulas
874 4994 1006 5051 qua;
1059 4994 1161 5050 per
1218 4981 1433 5039 donum
1496 4983 1865 5053 vagabantur

156 5068 385 5124 acciret.

228 5156 471 5213 Irruunt
488 5155 687 5228 igitur,
716 5164 772 5213 et
805 5156 959 5213 illato
991 5157 1308 5229 adjacentis
1338 5159 1513 5215 cubili
1548 5159 1688 5229 faro,
1722 5161 1861 5218 dum

159 5245 269 5302 hac
308 5244 557 5316 illacque
595 5244 929 5315 dispiciunt,
962 5245 1107 5301 duos
1156 5246 1325 5317 pedes
1374 5249 1607 5305 Petrum
1656 5257 1709 5305 et
1748 5250 1863 5306 duo

158 5333 371 5390 habere
402 5346 570 5389 crura
607 5332 920 5404 reperiunt.
962 5334 1185 5391 Tantus
1217 5335 1365 5390 illico
1390 5350 1461 5391 ex
1508 5337 1616 5392 hoc
1648 5338 1862 5395 intuitu

159 5421 430 5478 mulieres
482 5428 685 5492 stupor
712 5422 1008 5479 exanimat
1038 5431 1101 5480 ut
1151 5438 1208 5479 se
1238 5438 1353 5479 non
1384 5438 1480 5482 eas
1519 5441 1650 5497 quae
1682 5441 1862 5483 vene-

160 5512 309 5573 rant,
343 5508 442 5564 sed
474 5509 687 5565 mutari
735 5508 795 5564 in
846 5509 1057 5567 alteras
1103 5512 1473 5568 aestimarent.
1526 5513 1861 5570 Contrecta-

161 5598 317 5664 bant,
358 5605 413 5653 et
446 5609 582 5651 vera
631 5597 893 5653 membra
949 5612 1082 5669 quae
1139 5598 1466 5670 tetigerant,
1515 5602 1857 5658 sentiebant.

160 5689 229 5742 At
270 5694 473 5741 contra
532 5685 661 5740 inde
718 5685 771 5741 id
825 5693 938 5742 tam
998 5686 1290 5742 insolitum
1341 5687 1450 5744 sibi
1517 5699 1859 5760 provenerat

1974 622 2313 697 restituisset
2368 642 2599 710 amissa,
2634 656 2668 698 a
2721 642 2950 699 feminis
2998 652 3360 715 perrogatur.
3404 622 3676 713 Dixerat,

1975 736 2185 807 inquit,
2220 738 2357 793 mihi
2390 737 2616 794 funesta
2647 738 2855 794 mulier
2901 739 3040 810 quia
3095 754 3402 810 nunquam
3451 754 3673 808 coxam,

1978 826 2172 882 tibiam
2196 834 2295 882 aut
2327 827 2525 896 pedem
2557 842 2737 883 essem
2770 828 3099 884 habiturus.
3133 828 3395 899 Cumque
3425 828 3680 898 aperuis-

1974 921 2055 970 set
2079 914 2273 970 oculos
2311 915 2661 972 benedictam
2707 930 2840 972 cum
2870 925 3122 986 martyre
3151 916 3447 987 Virginem
3486 916 3679 972 adhuc

1972 1000 2181 1058 lectulo
2220 1003 2541 1060 aestimabat
2583 1008 2857 1073 astantes,
2905 1005 3122 1075 quibus
3157 1004 3525 1060 invisibiliter
3572 1005 3678 1060 ab-

1971 1091 2229 1153 sentatis,
2283 1104 2402 1146 rem
2453 1092 2642 1148 refert.
2690 1093 2914 1148 Interea
2956 1093 3028 1148 ad
3073 1093 3374 1148 dominum
3420 1092 3680 1149 curritur

1972 1178 2198 1248 domus,
2253 1178 2421 1250 eique
2467 1180 2891 1250 iususpicabilis
2938 1180 3029 1236 ille
3086 1188 3361 1236 narratur
3403 1186 3674 1249 eventus;

1971 1276 2279 1324 cunctatur
2328 1267 2449 1323 diu.
2501 1268 2729 1324 Nzenias
2781 1283 2912 1339 quae
2976 1268 3312 1323 ferebantur
3363 1266 3675 1334 existimat,

1972 1356 2045 1411 ab
2066 1356 2455 1413 asserentibns
2477 1358 2706 1413 tandem
2741 1357 2930 1412 victus
2978 1356 3099 1412 suis
3132 1371 3189 1411 se
3215 1356 3437 1411 aedibus
3482 1355 3673 1423 infert,

1970 1446 2145 1513 videt,
2188 1445 2286 1500 vix
2320 1459 2437 1515 prae
2494 1454 2727 1515 stupore
2782 1446 2854 1501 ad
2912 1445 3079 1501 fidem
3126 1459 3185 1500 se
3232 1444 3477 1499 cohibet.
3518 1444 3679 1499 Intra

1972 1532 2121 1588 idem
2160 1532 2433 1602 oppidum
2489 1532 2721 1589 fratrem
2759 1534 2920 1589 miles
2970 1532 3219 1588 habebat
3267 1534 3525 1596 unicum,
3582 1532 3676 1587 cui

1970 1634 2143 1690 super
2196 1622 2318 1691 ipsa
2363 1620 2595 1676 fortuna
2641 1620 2830 1677 statim
2887 1621 3097 1676 direxit
3142 1620 3439 1686 nuntium,
3502 1632 3676 1688 quem

1970 1708 2063 1765 ille
2085 1724 2158 1765 ex
2191 1709 2466 1780 pridianis
2487 1708 2684 1764 uxoris
2714 1708 2838 1764 fetae
2863 1708 3050 1778 epulis
3070 1707 3381 1777 appellavit
3417 1706 3674 1773 ebrium;

1970 1805 2027 1853 at
2050 1811 2184 1853 vero
2211 1797 2479 1867 postridie
2509 1796 2814 1867 oppidanis
2841 1796 2963 1868 jam
3006 1795 3102 1851 illo
3146 1794 3453 1851 ruentibus
3499 1793 3679 1849 frater

1971 1886 2064 1941 ille
2094 1886 2308 1942 factum
2341 1885 2534 1941 videre
2567 1885 2855 1941 sustinens
2884 1884 3083 1941 credit.

2036 1974 2286 2031 Additur
2315 1988 2454 2045 ergo
2486 1974 2564 2029 illi
2604 1974 2887 2030 miraculo
2936 1973 3149 2028 mirum
3182 1971 3483 2042 quiddam,
3516 1968 3673 2040 quod

1968 2078 2185 2119 novum
2236 2063 2375 2118 illud
2413 2062 2507 2118 Dei
2550 2062 2866 2132 opificium,
2894 2069 2948 2117 et
2997 2060 3244 2116 infantili
3295 2058 3678 2115 teneritudine

1970 2151 2175 2221 impari
2225 2164 2459 2220 prorsus
2510 2151 2731 2211 robore,
2791 2161 2845 2205 et
2898 2148 3096 2204 minus
3151 2148 3425 2218 congrua!
3480 2145 3679 2201 inveni

1971 2239 2281 2310 majestate.
2317 2239 2474 2294 Coxa
2510 2238 2761 2293 distabat
2799 2251 2832 2292 a
2883 2237 3062 2293 veteri
3108 2236 3166 2292 in
3214 2250 3332 2307 qua
3366 2250 3440 2290 ex
3490 2233 3680 2289 cruris

1968 2327 2205 2383 alterius
2239 2325 2546 2396 asperitate
2587 2334 2763 2395 atque
2810 2325 3070 2397 grossitie
3116 2324 3449 2394 compositio
3510 2322 3677 2379 valde

1966 2416 2197 2473 diversa
2238 2415 2543 2470 videbatur
2574 2413 2799 2483 haberi;
2848 2422 2903 2470 et
2952 2415 3059 2469 hoc
3108 2420 3231 2469 erat
3270 2412 3425 2482 quod
3475 2425 3678 2467 eorum

1966 2505 2228 2577 quicum
2269 2511 2400 2559 ante
2430 2517 2546 2558 non
2596 2511 2878 2558 noverant
2919 2501 3084 2558 valde
3122 2500 3492 2557 adnitebatur
3524 2498 3673 2555 fidei.

1967 2594 2092 2651 Non
2124 2601 2313 2650 tamen
2346 2599 2565 2663 poterat
2613 2594 2768 2648 cruri
2812 2598 3036 2648 vetusto
3078 2590 3151 2646 ad
3197 2589 3453 2659 corporis
3506 2588 3677 2643 susti-

1968 2684 2225 2740 nentiam
2302 2682 2591 2738 ullatenus
2648 2679 2980 2752 exaequari;
3058 2682 3311 2734 attamen
3374 2690 3680 2748 quorsum-

1968 2785 2204 2842 cunque
2247 2771 2553 2841 migrabat,
2611 2783 2967 2840 quocunque
3025 2767 3333 2823 videbatur
3391 2766 3451 2821 in
3532 2764 3677 2829 loco,

1968 2868 2153 2917 totum
2205 2858 2417 2914 divinae
2486 2857 2900 2913 commilitabat
2969 2855 3147 2922 laudi,
3203 2854 3357 2925 quod
3415 2853 3473 2908 in
3553 2853 3681 2923 ejus

1969 2962 2143 3004 carne
2191 2954 2307 3003 tam
2362 2945 2702 3001 mirabiliter
2757 2944 3091 3000 constiterat
3156 2942 3451 2999 celebrari.
3510 2942 3680 2997 Anno

1969 3035 2165 3105 itaque
2252 3034 2473 3104 integro
2561 3032 2988 3103 magnificentia
3064 3030 3329 3087 miraculi
3428 3030 3484 3085 in
3571 3029 3679 3084 ho-

1970 3122 2125 3178 mine
2155 3120 2521 3177 claudieavit.
2564 3120 2688 3184 Quo
2717 3120 2984 3187 obducto,
3041 3132 3218 3189 super
3264 3132 3462 3174 omnes
3518 3131 3679 3173 crea-

1972 3218 2135 3266 turas
2190 3217 2315 3281 post
2370 3208 2597 3269 Filium,
2658 3216 2715 3263 et
2768 3222 2870 3278 per
2931 3206 3141 3263 Filium
3191 3206 3490 3263 benedicta
3544 3221 3679 3262 cum

1972 3313 2077 3356 suo
2131 3298 2451 3369 Hippolyto,
2502 3297 2612 3353 sub
2666 3297 2865 3353 eadem
2924 3311 3055 3367 quae
3120 3296 3279 3367 prius
3334 3303 3571 3351 venerat
3624 3304 3680 3351 et

1971 3396 2154 3456 nocte,
2188 3398 2240 3444 et
2276 3387 2463 3457 figura
2485 3386 2812 3443 revertitur.
2837 3385 3019 3456 Cujus
3046 3399 3261 3441 novum
3294 3384 3516 3456 plasma
3544 3398 3677 3439 cum

1968 3478 2207 3549 jubente
2267 3477 2524 3546 piissima
2583 3483 2805 3546 martyr
2883 3475 3250 3530 beatissimus
3322 3481 3678 3529 contrectare

1972 3566 2251 3636 cmpisset,
2276 3565 2564 3636 quidquid
2612 3564 2693 3619 illi
2724 3564 3014 3620 annotinaa
3071 3562 3345 3619 creationi
3396 3560 3676 3629 defuerat,

1970 3662 2209 3725 excepta
2239 3653 2621 3710 teneritudine
2654 3653 2820 3720 cutis,
2866 3661 2922 3708 et
2964 3652 3147 3722 specie
3196 3651 3472 3707 novitatis
3522 3658 3677 3705 vete-

1972 3756 2115 3799 rano
2139 3743 2317 3799 fenori
2344 3742 2631 3798 simillime
2668 3741 3085 3797 conformatur.
3129 3740 3519 3811 Experrectus
3559 3738 3677 3809 ﬁgi-

1973 3837 2085 3893 tur,
2115 3837 2169 3886 et
2199 3830 2437 3886 visionis
2488 3829 2784 3885 veritatem
2826 3842 2899 3885 ex
2930 3828 3163 3884 habitus
3211 3827 3436 3897 pristini
3481 3826 3676 3882 melio-

1972 3919 2193 3975 ratione
2233 3918 2605 3989 persentiens,
2663 3917 2803 3973 dum
2857 3917 3092 3986 superni
3150 3914 3463 3986 spectaculi
3515 3915 3680 3970 itera-

1971 4008 2184 4065 tionem
2244 4015 2408 4079 gestu
2464 4020 2570 4062 suo
2621 4005 2845 4062 cunctis
2887 4005 3171 4072 enuntiat,
3220 4010 3275 4060 et
3328 4004 3497 4059 fidem
3545 4002 3675 4059 facti

1974 4098 2225 4163 roborat,
2285 4097 2438 4167 apud
2497 4098 2698 4162 Deum,
2746 4103 2801 4149 et
2865 4094 2962 4149 Dei
3019 4106 3213 4163 opera,
3289 4092 3369 4148 nil
3435 4092 3679 4148 existere

1974 4185 2418 4256 imperfectionis
2447 4184 2747 4240 acclamat.

2046 4272 2428 4345 Leodegarius
2458 4270 2821 4327 Vinci-{ensis
2849 4269 3147 4343 episcopus
3174 4269 3409 4325 discutit
3426 4267 3680 4324 miracu-

1974 4362 2113 4419 lum.
2147 4392 2217 4402 —
2266 4363 2547 4417 Przeterea
2581 4375 2715 4417 cum
2763 4360 2982 4431 ubique
3030 4360 3137 4415 loci
3175 4360 3256 4415 rei
3299 4359 3439 4414 adeo
3489 4358 3679 4414 inusi—

1906 4451 2105 4508 Dtatze
2162 4450 2408 4506 ferretur
2436 4450 2630 4520 opinio
2675 4449 2747 4504 ad
2798 4448 3208 4519 Leodegarium
3261 4448 3675 4514 Vivariensem,

1972 4540 2071 4613 qui
2089 4554 2246 4595 nunc
2269 4537 2507 4606 advivit,
2531 4538 2864 4608 episcopum
2886 4536 3146 4607 pervenit
3166 4536 3387 4603 relatio,
3426 4535 3677 4606 idipsum

1972 4629 2139 4701 plane
2166 4628 2225 4683 in
2254 4626 2780 4697 Gratianopolitano
2826 4625 3132 4692 territorio,
3167 4626 3318 4681 unde
3350 4625 3519 4680 homo
3555 4631 3679 4680 erat

1971 4717 2276 4779 oriundus,
2327 4716 2447 4771 fieri
2500 4723 2766 4785 cceperat,
2817 4715 2913 4770 sed
2963 4714 3023 4769 in
3072 4714 3301 4769 dioecesi
3351 4712 3676 4768 Vivariensi

1972 4806 2104 4863 finis
2135 4805 2466 4861 obvenerat.
2519 4804 2839 4874 Episcopus
2876 4817 3015 4873 ergo
3064 4801 3292 4857 insolito
3336 4799 3679 4856 omnimodis

1971 4909 2204 4952 rumore
2247 4894 2517 4963 percitus,
2565 4908 2698 4949 cum
2740 4892 2829 4948 die
2867 4892 3121 4963 quadam
3182 4890 3434 4961 plurima
3490 4903 3679 4959 proce-

1971 4997 2103 5040 rum
2145 4982 2465 5053 frequentia
2511 4996 2720 5038 causas
2762 4980 2946 5036 acturi
2989 4992 3182 5034 coram
3236 4993 3301 5035 eo
3366 4979 3674 5040 venissent,

1972 5072 2159 5128 adfuit
2187 5079 2242 5127 et
2291 5071 2339 5127 is
2383 5071 2553 5142 cujus
2599 5070 2768 5125 domo
2817 5077 2944 5124 acta
2984 5083 3073 5125 res
3111 5067 3295 5123 fuerat
3326 5082 3459 5123 cum
3502 5066 3679 5123 fratre

1971 5160 2224 5230 proprio.
2260 5159 2347 5214 Ad
2388 5173 2533 5228 quos
2561 5157 2641 5213 sic
2681 5156 2868 5213 oravit
2920 5157 3223 5227 episcopus
3256 5170 3268 5210 :
3298 5177 3319 5205 ι
3383 5155 3528 5212 Cum
3576 5169 3679 5211 vos

1972 5248 2121 5304 inter
2166 5262 2364 5303 omnes
2410 5247 2716 5303 diceeeseos
2770 5245 3102 5302 meaeiviros
3150 5258 3382 5300 veraces
3428 5258 3497 5299 ac
3542 5259 3675 5300 con-

1967 5336 2311 5395 versationis
2341 5335 2609 5406 legitimaa
2659 5334 2868 5403 norim,
2900 5334 3151 5389 obtestor
3188 5348 3293 5389 vos
3329 5347 3520 5389 coram
3555 5333 3679 5389 hzec

1969 5424 2358 5498 probabilium
2404 5425 2713 5495 praesentia
2760 5437 3160 5494 personarum,
3204 5431 3270 5479 ut
3314 5436 3445 5493 quae
3492 5422 3677 5478 since-

1970 5516 2093 5571 rius
2118 5513 2229 5569 dici
2259 5527 2294 5569 a
2319 5514 2482 5569 vobis
2510 5522 2753 5582 quzeunt
2777 5527 2954 5582 super
2984 5512 3152 5581 signo
3187 5511 3302 5578 illo,
3335 5511 3489 5582 quod
3521 5511 3674 5580 apud

1968 5618 2071 5659 vos
2116 5611 2339 5673 gestum
2401 5602 2770 5671 prmdicatur,
2821 5600 3081 5656 referatis
3136 5600 3193 5655 in
3254 5601 3514 5655 omnium
3572 5599 3675 5667 qui

1972 5701 2177 5763 przeslo
2203 5700 2339 5748 sunt
2379 5691 2693 5749 audientia.
2734 5712 2756 5739 ι
2808 5690 2917 5759 Qui
2952 5699 3318 5762 assurgentes
3358 5689 3441 5749 uti
3497 5686 3675 5746 relata
