3956 6410
339 395 437 447 571

1224 383 1286 438 ν.
1327 379 1661 440 GUIBERTI
1699 378 1989 437 ABBATIS
2027 379 2084 434 S.
2126 377 2364 434 MARLE
2399 376 2493 432 DE
2554 375 2940 433 NOVIGENTO

3751 373 3863 425 572

334 528 471 578 sunt
501 525 880 576 retexuerunt
920 515 1143 582 omnia;
1175 529 1209 570 a
1255 513 1468 584 quibus
1514 513 1685 567 etiam
1729 517 1852 581 post
1894 523 2029 579 per-
2067 514 2108 566 Α
2140 508 2482 579 proripiunt,
2526 507 2674 562 intro
2714 505 3089 576 prospiciunt,
3124 513 3178 561 et
3206 504 3264 560 in
3295 505 3480 562 medio
3511 506 3666 562 Petri
3702 519 3862 561 con-

331 611 644 668 orationem
668 608 741 664 ob
759 605 1071 663 astantium
1093 602 1435 672 scrupulum
1457 599 1890 664 dimovendum,
1913 611 2025 654 cer-

331 699 637 756 titudinem
692 694 1033 752 sacramenti
1081 690 1291 760 exegit.
1349 689 1472 753 Quo
1521 688 1774 756 praebito,
1829 685 2023 741 dilatis

327 787 479 844 illico
507 799 656 856 quas
686 782 895 840 dicturi
923 788 1088 838 erant
1117 778 1322 839 causis,
1375 777 1587 846 pariter
1633 777 1934 846 episcopus
1966 781 2022 830 et

326 889 590 947 proceres
630 880 882 928 castrum
941 869 1174 934 adeunt,
1231 873 1285 922 et
1334 865 1624 921 hominem
1680 864 1737 918 in
1785 861 2023 918 ecclesia

325 965 499 1021 turba
531 962 984 1019 circumsistente
1033 955 1344 1026 reperiunt.
1391 953 1742 1024 Aggreditur
1791 951 2020 1007 Petrum

321 1052 644 1122 episcopus,
676 1057 731 1105 et
762 1048 1012 1120 primum
1043 1046 1112 1101 de
1161 1042 1475 1100 infortunio
1505 1041 1826 1096 sciscitatus
1872 1053 2017 1095 cau-

322 1155 415 1196 sas
443 1139 606 1195 audit
648 1151 782 1193 cum
830 1134 1143 1192 effectibus.
1193 1133 1436 1187 Domum
1482 1129 1728 1185 fortuna;
1779 1128 2021 1184 recentis

320 1235 562 1284 eventus
589 1225 892 1297 inquirens
921 1221 1165 1278 auribus
1195 1220 1548 1284 relationem,
1580 1231 1647 1272 ac
1695 1231 1814 1273 rem
1844 1216 2021 1271 obtu-

321 1317 476 1372 tibus
523 1314 733 1370 haurit.
796 1313 1199 1367 Perscrutatur
1235 1309 1425 1364 denuo
1474 1315 1671 1362 utrum
1724 1305 2019 1376 aliquibus

320 1403 598 1474 conjicere
632 1400 818 1458 valeat
865 1397 1241 1469 argumentis,
1299 1397 1345 1451 si
1402 1395 1602 1451 eadem
1667 1393 1777 1449 sibi
1831 1399 2019 1448 essent

320 1492 491 1548 insita
514 1490 772 1547 membra
799 1503 930 1560 quae
953 1487 1114 1557 prius
1142 1500 1216 1542 an
1241 1486 1438 1551 altera,
1490 1483 1781 1553 respondit
1829 1481 1921 1537 ille
1959 1496 2018 1537 se

319 1581 539 1636 nescire
574 1594 587 1634 :
626 1601 647 1628 ι
688 1579 836 1646 Non,
883 1577 982 1643 ait,
1027 1589 1260 1645 possum
1311 1588 1400 1629 me
1459 1573 1566 1629 hac
1612 1571 1859 1641 illacque
1915 1584 2017 1641 pro

319 1669 508 1724 cruris
582 1668 763 1737 ipsius
825 1665 1078 1721 novitate
1140 1661 1491 1732 dispiciendo
1554 1669 1842 1730 torquere,
1916 1672 2018 1713 vos

319 1760 507 1828 potius
538 1755 899 1820 scrutamini,
924 1761 980 1809 et
1009 1753 1055 1808 si
1087 1752 1143 1807 in
1177 1752 1298 1820 ipso
1344 1750 1664 1806 cicatricem
1696 1748 2019 1817 repereritis

320 1846 511 1916 ipsum
567 1844 722 1916 quod
773 1843 1066 1914 quondam
1116 1839 1419 1897 habuerim
1476 1839 1591 1894 fore
1659 1836 1954 1892 noveritis.
1993 1857 2012 1883 ι

319 1931 600 1989 Subtilius
630 1942 923 2003 quaerunt,
955 1945 1060 1985 nec
1091 1942 1251 1984 mora
1286 1928 1546 1983 vulneris
1591 1927 1756 1996 signa
1785 1923 2019 1994 conspi-

318 2020 500 2088 ciunt,
527 2034 631 2074 nec
659 2019 979 2074 diffitentur
1007 2015 1324 2071 mirabilem
1350 2014 1551 2069 Deum.

387 2108 574 2180 Igitur
602 2108 896 2164 recedente
925 2106 1190 2176 episcopo
1235 2118 1366 2159 cum
1413 2102 1507 2158 ille
1548 2115 1651 2171 pro
1701 2108 1862 2157 tanta
1909 2099 2016 2154 sibi

319 2196 780 2267 impensagratia
808 2209 985 2266 quam
1017 2195 1128 2248 Deo
1173 2192 1432 2248 redderet
1485 2191 1666 2245 vicem
1719 2188 2017 2259 cogitaret,

319 2285 391 2340 ad
414 2285 518 2340 hoc
544 2285 773 2340 tandem
815 2283 1074 2339 animum
1112 2280 1354 2350 appulit,
1389 2286 1679 2348 quatenus
1732 2290 1766 2331 a
1809 2275 2018 2332 forensi

319 2368 472 2437 quod
507 2367 776 2423 omnibus
804 2366 1023 2435 ubique
1047 2371 1169 2418 erat
1195 2361 1382 2417 factus
1411 2362 1653 2426 theatro,
1689 2361 1800 2415 Deo
1830 2361 2014 2415 victu-

319 2468 422 2510 rus
475 2455 577 2510 soli
647 2454 756 2510 sub
816 2453 1136 2509 reclusione
1192 2450 1493 2515 secederet,
1559 2457 1614 2504 et
1675 2448 1814 2519 quia
1872 2453 2020 2528 βοο

319 2555 458 2613 erga
483 2556 542 2598 se
591 2540 851 2597 inaudita
897 2539 1138 2606 fecisset,
1195 2538 1439 2607 dignum
1483 2544 1643 2592 retur
1699 2543 1764 2592 ut
1805 2551 2018 2591 conve—

321 2628 486 2685 niens
516 2629 614 2685 Dei
667 2627 1074 2685 muniﬁcentiae
1104 2625 1243 2697 quid
1299 2630 1510 2696 ageret.
1565 2623 1761 2694 Itaque
1806 2623 2018 2679 divina:

318 2715 698 2785 speculationi
726 2716 808 2772 sic
835 2728 1069 2776 vacans,
1112 2727 1245 2768 cum
1294 2712 1364 2768 de
1392 2711 1796 2782 omnipotentis
1843 2711 2016 2766 bene-

323 2805 451 2860 licio
480 2805 752 2861 humanae
786 2803 1128 2858 visitationis
1162 2802 1394 2871 praemia
1438 2801 1600 2855 nulla
1638 2801 1759 2870 jam
1801 2814 2020 2870 quaere-

320 2899 428 2960 ret,
456 2893 676 2948 invenit
702 2891 966 2948 diabolus
1003 2897 1203 2946 contra
1231 2889 1358 2960 ejus
1406 2889 1829 2944 immunitatem
1876 2888 2017 2958 quid

317 2981 720 3038 machinarum
804 2980 1107 3051 ingereret.
1175 2978 1398 3034 Sciebat
1459 2977 1627 3046 plane
1696 2977 2018 3033 maximum

317 3069 663 3126 intentivum
720 3068 792 3124 ad
833 3067 1212 3124 affectandam
1253 3067 1350 3124 Dei
1425 3066 1778 3137 genitricem,
1837 3074 1892 3122 et
1946 3065 2018 3121 ad

315 3157 629 3228 sperandas
656 3157 840 3228 magis
885 3169 951 3212 ac
980 3157 1163 3225 magis
1189 3157 1315 3226 ejus
1343 3154 1756 3210 misericordias
1800 3154 1858 3209 id
1903 3153 2016 3209 mi-

313 3245 789 3303 raculiomnibus
831 3245 1124 3302 accidisse.
1167 3245 1328 3302 Unde
1379 3243 1672 3311 nitebatur
1708 3257 1781 3298 ex
1819 3243 2018 3313 aliqua

315 3348 544 3390 morum
591 3335 718 3406 ejus
767 3334 1154 3403 corruptione,
1183 3332 1466 3388 divinitus
1530 3331 1590 3386 in
1640 3331 1762 3401 ipsa
1817 3345 2017 3404 perpe-

317 3429 468 3480 trata
522 3423 752 3480 fmdare.
804 3422 983 3489 Quem
1031 3436 1168 3490 ergo
1216 3419 1660 3475 insolentissima
1705 3420 1856 3474 Deus
1907 3419 2017 3488 pie-

317 3517 432 3568 tate
497 3518 822 3579 sanaverat,
889 3509 1240 3566 insolentiori
1325 3507 1589 3564 diabolus
1656 3507 2016 3564 infestatione

320 3608 622 3672 pertentat,

387 3691 729 3758 Intempesta
767 3685 921 3742 enim
957 3685 1284 3756 cujuspiam
1332 3684 1515 3740 noctis
1555 3684 1697 3741 hora
1741 3685 1878 3740 dum
1919 3699 2017 3740 cu-

317 3777 504 3833 bitum
528 3790 648 3832 sese
667 3775 990 3846 deponeret,
1024 3773 1314 3844 inopinate
1351 3773 1423 3828 ad
1457 3787 1668 3843 purum
1699 3773 1823 3829 sine
1865 3787 2014 3828 exu-

315 3864 428 3920 viis
464 3865 692 3934 species,
745 3864 857 3918 imo
888 3875 1024 3918 vera
1061 3861 1276 3932 effigies
1294 3861 1402 3916 sibi
1443 3860 1701 3916 mulieris
1753 3869 2010 3930 apparet.

315 3953 454 4018 Quae
505 3966 637 4008 cum
674 3960 878 4008 caetera
919 3949 1192 4020 corporis.
1243 3957 1365 4005 tum
1409 3950 1660 4005 maxime
1724 3949 2011 4020 puerperii

316 4039 692 4112 ignominiam
743 4039 1105 4108 impudenter
1138 4038 1464 4105 ostendens,
1518 4037 1589 4093 ad
1643 4037 1818 4093 fmdos
1870 4052 2012 4094 usus

313 4129 613 4186 lenociniis
649 4129 994 4184 moliebatur
1037 4126 1284 4182 allicere.
1340 4126 1516 4182 Porro
1570 4126 1862 4182 blanditiis
1906 4127 2010 4180 mi-

315 4232 428 4274 nus
453 4231 650 4288 agens,
693 4215 981 4272 hominem
1014 4223 1228 4271 terrore
1277 4215 1580 4282 mactabat,
1626 4229 1758 4270 cum
1807 4222 2012 4270 neutro

316 4313 520 4377 posset,
553 4305 778 4375 injectis
829 4304 1001 4360 etiam
1051 4303 1322 4360 manibus
1372 4303 1633 4374 pellicere
1677 4303 1731 4358 vi
1763 4303 2008 4370 volebat,

2133 598 2351 654 flictum
2381 605 2556 666 atque
2587 594 2843 650 mulieris
2878 593 3201 661 attendunt,
3253 608 3503 664 quorum
3533 595 3627 650 ille
3661 595 3861 650 robo-

2131 688 2308 742 ratior
2335 684 2638 756 praesentia
2661 685 2901 755 jamjam
2935 683 3320 739 Iassabundus
3358 685 3672 740 exclamat.
3739 684 3862 739 Pro

2131 777 2241 832 Deo
2269 775 2469 831 stolam
2503 773 2606 830 sibi
2649 772 2721 828 ab
2751 772 2985 828 ecclesia
3025 771 3432 829 sacerdotalem
3471 775 3632 828 ocius
3675 772 3864 829 exhi-

2129 863 2282 933 beri;
2325 877 2444 934 qua
2488 862 2695 932 raptim
2737 862 2842 917 sibi
2879 861 3107 931 injecta,
3141 860 3283 916 collo
3333 862 3628 918 diabolicae
3679 861 3861 916 illius

2129 952 2344 1024 pellicis
2371 951 2671 1022 implicuit.
2701 951 2769 1006 Et
2810 950 2870 1006 in
2902 958 3127 1006 tantum
3160 949 3424 1019 perniciei
3460 950 3614 1006 illius
3639 951 3859 1022 jugu-

2127 1041 2247 1098 lum
2280 1041 2441 1097 torsit
2472 1047 2534 1096 ut
2560 1053 2687 1095 eam
2718 1039 3045 1110 pavimento
3069 1046 3471 1108 prosterneret,
3503 1053 3570 1094 ac
3599 1041 3859 1109 penitus

2126 1129 2449 1186 suifocaret.
2496 1129 2613 1184 Hoc
2652 1129 2712 1183 in
2755 1128 3072 1184 crastinum
3121 1127 3328 1182 milites
3373 1128 3638 1197 episcopo
3689 1127 3858 1183 refe-

2126 1225 2283 1274 runt.
2337 1217 2508 1273 Adest
2561 1216 2879 1286 episcopus,
2927 1215 3225 1270 victoriam
3271 1222 3460 1284 stupet
3502 1230 3687 1286 quam
3749 1229 3864 1285 per

2126 1307 2355 1362 Petrum
2385 1305 2644 1360 exercuit
2671 1305 2842 1372 Deus,
2882 1303 3116 1360 clientes
3161 1304 3424 1373 proprios
3466 1304 3690 1375 dirigit,
3742 1303 3860 1373 qui

2126 1391 2272 1450 tecto
2336 1399 2564 1460 retecto,
2621 1399 2676 1448 et
2729 1392 2867 1448 fune
2925 1391 3190 1459 demisso,
3271 1390 3537 1462 gulzeque
3615 1392 3860 1446 innexo

2124 1489 2428 1538 extraxere
2457 1495 2634 1536 anum
2672 1479 3150 1549 ingentissimam,
3183 1487 3239 1536 et
3278 1481 3354 1535 ab
3382 1479 3590 1550 oppido
3621 1479 3861 1535 elatam

2125 1570 2399 1627 addixere
2431 1570 2597 1626 saevis
2627 1568 2859 1640 ignibus
2892 1568 3396 1625 concremandam.

2195 1660 2504 1728 Postquam
2537 1667 2730 1714 autem
2759 1671 2885 1713 eam
2927 1657 3128 1712 Petrus
3173 1656 3439 1712 offocavit
3489 1657 3546 1712 in
3596 1656 3855 1718 cellula,

2128 1751 2324 1804 tantus
2374 1746 2516 1801 fetor
2559 1745 2745 1814 ipsum
2784 1745 2884 1814 qui
2927 1745 3106 1801 sacris
3162 1745 3317 1800 illam
3366 1744 3540 1800 armis
3580 1759 3860 1815 pereme-

2131 1843 2221 1892 rat
2260 1843 2315 1890 et
2359 1842 2613 1890 astantes
2654 1833 2874 1888 obsedit
2928 1841 2990 1888 ut
3040 1833 3255 1888 nemini
3287 1833 3634 1905 ambiguum
3689 1833 3860 1889 foret

2125 1923 2374 1979 cadaver
2403 1921 2750 1991 turpissima:
2783 1919 3106 1990 cujuspiam
3146 1920 3448 1988 exstitisse,
3498 1921 3656 1991 quod
3714 1921 3862 1976 dia-

2126 2011 2290 2067 bolus
2321 2008 2614 2065 induisset.
2653 2007 2754 2063 Cui
2777 2007 3032 2076 opinioni
3060 2007 3166 2062 hoc
3196 2021 3311 2062 non
3338 2007 3642 2063 minimum
3691 2023 3854 2078 prae-

2125 2099 2264 2155 stitit
2288 2104 2702 2168 argumentum
2740 2095 2893 2173 quod
2937 2095 2990 2150 in
3043 2095 3429 2151 fenestrellula
3480 2095 3856 2152 latrinarum

2127 2187 2300 2257 panni
2336 2185 2498 2242 scissi
2528 2199 2595 2239 ac
2621 2183 2835 2254 putridi
2858 2184 3064 2254 reperti
3093 2191 3250 2239 sunt.
3277 2185 3344 2239 Et
3374 2184 3507 2254 quis
3545 2184 3656 2240 hos
3697 2184 3860 2239 alios

2123 2291 2244 2331 esse
2276 2274 2583 2344 putaverit,
2610 2273 2719 2328 nisi
2754 2273 2855 2328 hos
2881 2287 3027 2343 quos
3073 2273 3226 2328 circa
3271 2288 3330 2328 se
3374 2273 3858 2342 impurissimum

2126 2363 2270 2420 illud
2296 2363 2352 2418 in
2400 2361 2768 2418 obvolutione
2815 2376 2922 2416 sua
2959 2361 3208 2416 cadaver
3257 2361 3562 2417 habuerit?
3602 2363 3859 2417 Etenim

2126 2465 2225 2521 per
2271 2451 2578 2507 fenestram
2627 2449 2779 2505 illam
2825 2450 3046 2506 irruere
3093 2457 3493 2506 consueverat.
3565 2451 3858 2520 Denique

2125 2539 2358 2595 additur
2385 2553 2420 2594 a
2449 2538 2824 2608 quibusdam,
2866 2551 2900 2592 a
2931 2537 3184 2608 quodam
3217 2537 3389 2593 etiam
3429 2545 3658 2593 constat
3689 2538 3860 2593 scri-

2127 2636 2312 2698 pturae
2347 2627 2708 2692 mandatum,
2741 2625 2917 2696 quod,
2956 2626 3310 2695 triumphato
3341 2628 3446 2682 hoc
3487 2627 3660 2682 modo
3709 2626 3860 2682 dia-

2127 2715 2275 2784 bolo,
2313 2715 2547 2772 consilio
2592 2715 2928 2786 pontificum
2973 2714 3487 2784 Gratianopolitani
3529 2729 3600 2771 ac
3642 2715 3854 2772 Viva-

2127 2805 2335 2861 riensis
2364 2805 2629 2860 abdicata
2649 2803 2968 2859 reclusione
3005 2803 3173 2874 quasi
3215 2803 3612 2874 periculosiori
3651 2811 3855 2872 statu,

2126 2893 2440 2948 monastico
2488 2892 2867 2948 contubernio
2909 2892 3077 2962 quasi
3112 2891 3370 2962 contigui
3409 2891 3597 2947 solatii
3642 2893 3858 2964 gratia

2126 2997 2247 3038 sese
2299 2981 2626 3038 contulerit.
2681 2981 2841 3046 Quod
2894 2982 3088 3038 minus
3145 2981 3270 3037 ideo
3330 2988 3522 3037 ratum
3579 2991 3852 3050 constat,

2059 3103 2100 3158 ε
2127 3071 2267 3142 quia
2296 3070 2652 3128 Vivariensis
2678 3070 3002 3158 episcopus,
3026 3069 3130 3140 qui
3161 3069 3418 3139 hzecipsa
3447 3083 3578 3139 quae
3613 3084 3856 3158 magna

2125 3172 2197 3214 ex
2255 3165 2416 3228 parte
2455 3158 2696 3226 viderat,
2757 3157 2987 3214 domino
3039 3165 3234 3213 nostro
3286 3157 3405 3227 regi
3465 3157 3856 3214 excellentis-

2125 3246 2271 3301 simo
2301 3245 2607 3306 Ludovico,
2643 3253 2919 3314 praesente
2962 3245 3276 3302 venerabili
3307 3244 3612 3301 Guillelmo
3663 3247 3855 3302 Cata-

2121 3335 2387 3391 launensi
2435 3335 2698 3404 episcopo
2748 3335 3010 3390 retulisse
3040 3333 3416 3404 dignoscitur,
3457 3332 3534 3388 nil
3579 3333 3702 3390 tale
3757 3335 3858 3389 di-

2123 3424 2290 3479 xerit.
2325 3423 2397 3478 Et
2427 3423 2534 3478 hoc
2553 3436 2731 3492 quam
2761 3423 3096 3492 nuperrime
3129 3435 3162 3477 a
3196 3421 3517 3479 Vivariensi
3557 3422 3855 3478 auditum

2124 3511 2495 3568 Laudunensi
2527 3511 2790 3580 episcopo
2839 3511 3068 3566 domino
3101 3509 3531 3576 Bartholommo,
3583 3518 3638 3566 et
3695 3511 3852 3566 mihi

2124 3615 2258 3657 cum
2287 3607 2421 3656 ante
2451 3613 2666 3670 paucos
2702 3599 2823 3654 dies
2849 3599 3284 3656 Catalaunensis
3313 3598 3429 3667 ipse
3474 3601 3849 3665 narraverit,

2122 3702 2255 3745 cum
2289 3687 2436 3744 Petri
2476 3687 2885 3744 monachatum
2916 3687 2987 3749 ei,
3037 3687 3187 3744 sicut
3221 3687 3295 3743 ab
3323 3687 3448 3742 aliis
3499 3686 3848 3755 audieram,

2121 3777 2474 3848 objecissem,
2529 3775 2926 3832 Vivariensem
2959 3775 3039 3830 nil
3087 3789 3262 3846 super
3290 3775 3397 3831 hoc
3435 3774 3651 3830 dixisse
3701 3791 3849 3846 per-

2123 3865 2331 3922 hibuit.
2356 3865 2470 3921 Nec
2512 3877 2634 3920 mea
2668 3863 2756 3920 vel
2803 3863 3126 3935 cujuspiam
3176 3863 3408 3920 interest
3460 3872 3658 3919 utrum
3720 3880 3848 3920 mo-

2122 3949 2347 4010 nachus
2375 3953 2467 4020 sit,
2518 3953 2606 4008 vel
2638 3967 2774 4020 non,
2802 3967 2934 4008 cum
2983 3952 3056 4007 sit
3097 3951 3252 4008 credi
3297 3965 3483 4021 operai
3539 3953 3838 4021 pretium.

2123 4043 2311 4113 ipsum
2347 4042 2563 4098 bonum
2592 4041 2704 4097 sub
2736 4055 3092 4112 quocunque
3123 4041 3294 4111 degat
3325 4041 3605 4110 proposito
3636 4041 3840 4097 habe-

2121 4145 2183 4187 re
2213 4130 2493 4197 studium,
2525 4129 2621 4186 cui
2652 4137 2876 4186 tantum
2914 4130 3066 4185 Deus
3109 4128 3374 4185 tribuerit
3405 4136 3528 4199 post
3555 4129 3840 4188 exhibita

2124 4219 2182 4274 in
2204 4233 2262 4274 se
2285 4218 2453 4289 signa
2480 4217 2868 4287 triumphum.

2194 4305 2339 4363 Ecce
2407 4305 2705 4363 benedicta
2776 4305 2886 4362 ista
2941 4305 3098 4376 quod
3157 4304 3694 4374 desperatissimum
3753 4322 3844 4366 eat

315 4401 372 4451 et
409 4409 526 4466 quo
572 4393 667 4449 ille
714 4392 972 4448 vivacius
1019 4391 1234 4462 flagitio
1284 4391 1597 4460 resistebat,
1635 4400 1795 4448 tanto
1841 4392 2015 4462 pestis
2057 4377 2098 4432 θ
2125 4395 2279 4465 apud
2305 4394 2586 4457 homines,
2632 4407 2812 4464 quam
2867 4393 3185 4450 ambienter
3239 4393 3430 4449 efficit.
3473 4393 3542 4449 Et
3584 4405 3759 4451 certe
3794 4397 3844 4452 si

317 4483 454 4538 hinc
481 4489 535 4538 et
562 4481 694 4537 inde
723 4481 977 4538 rabidior
1012 4481 1399 4537 incumbebat.
1429 4481 1518 4537 Ab
1549 4480 1645 4536 illa
1685 4495 1822 4550 ergo
1853 4488 2018 4535 nocte

316 4571 589 4628 omnibus
625 4584 686 4626 se
727 4571 776 4627 ei
833 4570 1098 4626 noctibus
1153 4569 1364 4648 femina
1420 4570 1541 4638 ipsa
1593 4569 1901 4640 praebebat,
1962 4577 2019 4624 et

318 4659 534 4731 quibus
599 4666 821 4729 poterat
874 4658 1142 4714 versutiis
1196 4657 1349 4727 turpi
1416 4657 1659 4713 licentiae
1728 4657 2014 4724 inurebat,

317 4747 725 4819 intentumque
770 4746 1051 4818 fatigabat
1093 4753 1159 4802 ut
1213 4759 1384 4801 mane
1437 4745 1510 4801 ad
1554 4759 1613 4800 se
1656 4744 2018 4801 venientibus

315 4837 588 4894 visitandi
615 4837 802 4909 gratia
831 4837 934 4892 vix
978 4835 1322 4906 respondere
1373 4834 1606 4901 valeret,
1640 4833 1738 4889 vix
1772 4833 1827 4889 id
1860 4833 2018 4904 quod

319 4927 744 4998 perpetiebatur
770 4925 1011 4981 edicere.

389 5013 534 5071 Cum
574 5013 756 5084 igitur
797 5013 994 5068 multis
1037 5013 1191 5083 quod
1238 5012 1320 5068 ab
1352 5027 1418 5069 eo
1465 5012 1758 5068 ferebatur
1800 5011 2018 5068 veniret

321 5099 380 5156 in
420 5100 784 5170 scrupulum,
831 5101 1037 5155 accidit
1085 5101 1454 5170 supervenire
1495 5108 1679 5156 castro
1723 5100 1800 5155 illi
1843 5114 2015 5170 quem

321 5188 753 5260 przelibavimus
795 5188 1188 5244 Vivariensem
1229 5189 1581 5259 episcopum.
1646 5191 1726 5246 Ea
1769 5191 2019 5259 denique

320 5286 484 5334 nocte
513 5276 750 5348 quidam
777 5276 1000 5345 equites
1027 5291 1158 5332 cum
1197 5277 1374 5333 cereis
1406 5277 1528 5332 suis
1561 5291 1660 5346 pro
1701 5277 2020 5332 reverentia

321 5363 600 5434 proximae
630 5363 898 5432 basilicae,
931 5363 1026 5420 cui
1067 5364 1158 5421 ille
1197 5365 1567 5435 appendicem
1610 5364 1859 5420 habebat
1905 5364 2016 5420 cel-

323 5450 524 5518 lulam,
573 5452 633 5508 in
702 5452 883 5522 ipsius
935 5453 1220 5510 vestibulo
1281 5453 1615 5524 vigilabant.
1666 5455 1736 5509 Et
1789 5468 1917 5510 ecce
1960 5453 2020 5507 in

324 5537 567 5595 aedicula
595 5540 846 5596 interiori
879 5541 974 5597 ubi
1015 5541 1418 5598 commanebat
1465 5541 1630 5596 solita
1659 5541 1727 5596 de
1759 5555 1876 5610 qua
1913 5553 2022 5596 au-

326 5625 551 5682 dierant
600 5627 772 5684 turba
802 5628 1172 5698 perstrepuit;
1205 5630 1276 5684 ad
1322 5629 1625 5684 fenestram
1669 5628 1863 5698 itaque
1899 5641 2022 5683 sese

2126 4485 2185 4540 in
2215 4491 2410 4540 sancto
2454 4482 2711 4554 quolibet
2739 4483 2865 4540 viro
2908 4483 3019 4540 tale
3063 4482 3203 4553 quid
3232 4483 3588 4552 patravisset,
3619 4486 3844 4542 merito

2125 4572 2182 4628 id
2215 4571 2336 4627 fieri
2381 4570 2780 4637 acclamasses,
2834 4583 3041 4627 verum
3073 4569 3132 4626 in
3173 4569 3426 4626 bubulco
3467 4569 3730 4640 simplici
3787 4581 3844 4629 et

2121 4659 2382 4716 omnium
2411 4659 2606 4725 inscio,
2635 4659 2800 4730 quid,
2833 4659 2942 4714 nisi
2965 4657 3528 4720 consuetudinariam
3551 4661 3841 4728 gratiam,

2124 4745 2316 4803 dices?
2359 4746 2512 4803 Raro
2539 4747 2694 4802 enim
2747 4747 2888 4803 alias
2939 4760 2999 4802 se
3031 4745 3311 4802 mirabilis
3355 4746 3479 4816 ipsa
3515 4745 3841 4817 gloriﬁcat,

2124 4835 2234 4892 nisi
2291 4835 2348 4890 in
2396 4834 2464 4890 iis
2521 4835 2624 4906 qui
2676 4849 2804 4891 eam
2850 4849 3054 4906 rogare
3109 4836 3392 4898 nesciunt,
3425 4841 3525 4890 aut
3563 4844 3844 4894 extremo

2123 4930 2448 4996 peccatores
2492 4931 2649 4980 sunt.
2707 4922 2822 4980 Nec
2874 4923 2927 4978 id
2969 4923 3202 4994 injuria,
3259 4921 3402 4993 quid
3455 4921 3606 4978 enim
3656 4925 3842 4983 obse-

2125 5014 2324 5084 quenti
2359 5011 2464 5068 sibi
2494 5012 2652 5068 dabit
2699 5011 2822 5082 ipsa
2852 5011 3029 5081 justo,
3072 5011 3117 5066 si
3159 5018 3383 5066 tantum
3417 5010 3477 5066 ﬁt
3508 5011 3602 5080 pia
3633 5025 3714 5070 ac
3745 5014 3844 5069 vi—

2123 5101 2355 5158 sceralis
2384 5100 2626 5157 averso?
2660 5114 2763 5155 nec
2792 5114 2964 5170 super
2991 5099 3096 5154 hoc
3111 5099 3248 5170 {ipsa
3278 5099 3605 5169 degenerat.
3661 5101 3844 5159 Venit

2127 5187 2304 5244 Filius
2335 5203 2478 5246 suus
2507 5202 2623 5244 non
2662 5187 2870 5258 justos,
2905 5187 3002 5243 sed
3043 5196 3366 5258 peccatores
3416 5201 3624 5244 vocare
3671 5189 3842 5259 (Luc.

2128 5291 2182 5345 v,
2207 5278 2316 5346 32).
2347 5279 2470 5342 Qua
2511 5277 2664 5332 enim
2719 5277 2940 5332 ratione
2975 5276 3230 5332 humano
3265 5274 3456 5344 generi
3494 5282 3754 5332 matrem
3787 5291 3844 5332 se

2125 5365 2312 5436 magis
2339 5380 2463 5422 esse
2493 5365 2860 5428 monstrabit,
2891 5377 3068 5434 quam
3101 5363 3148 5419 si
3181 5361 3424 5418 offensos
3453 5362 3575 5417 sine
3612 5364 3846 5420 meritis

2127 5454 2198 5510 ad
2220 5468 2279 5510 se
2301 5453 2626 5510 contrahit?

2783 5523 3016 5581 CAPUT
3055 5522 3170 5576 XII.

2202 5626 2556 5684 Mirandum
2622 5645 2732 5700 quo
2799 5628 2870 5683 B.
2950 5625 3126 5699 Virgo
3195 5624 3524 5680 adulteram
3557 5628 3846 5684 convertit
