3936 6410
18 363 113 415 573
1426 368 1515 423 DE
1556 368 1801 424 LAUDE.
1826 371 1885 425 S.
1932 369 2194 423 MARIE.

3448 379 3552 432 574

17 500 102 553 Est
136 507 443 567 praeterea
489 501 647 557 aliud
675 501 953 573 quiddam
998 503 1184 559 relatu
1232 503 1424 571 breve,
1475 504 1738 574 exemplo
1775 505 1819 559 A
1848 518 2021 574 super
2057 505 2160 560 hoc
2191 520 2377 561 meam
2411 506 2660 562 devoveo
2705 507 3065 583 pudicitiam,
3102 526 3234 582 quae
3279 526 3404 568 meo
3435 521 3552 570 tam

13 587 439 659 magniﬁcum,
473 589 570 646 cui
601 590 923 661 arrigendae
946 598 1083 646 sunt
1113 605 1284 648 aures
1313 591 1572 648 omnium
1611 607 1737 662 pec-

13 682 312 732 catorum.
352 679 446 733 Ex
485 678 757 734 relatione
801 680 1192 735 Atrebatensis
1236 681 1482 751 episcopi
1532 681 1742 736 mulier

11 764 295 833 quaedam
366 767 576 832 fuerat,
639 783 793 846 quae.
832 769 1207 839 conjugatum
1254 769 1449 825 virum
1531 785 1740 840 quem-

12 854 145 908 dam
237 869 276 909 a
382 856 628 926 propriae
712 857 914 912 uxoris
997 857 1172 913 latere
1252 858 1741 915 illecebrosissime

9 946 162 995 30¢
232 943 618 1000 distrahebat.
677 944 814 1012 Quze
869 944 998 1002 licet
1053 953 1153 1001 aut
1207 947 1421 1016 pretiis,
1480 954 1581 1003 aut
1637 963 1739 1004 vo-

6 1030 358 1099 luptatibus
403 1041 532 1089 acta
579 1047 712 1090 cum
749 1033 1386 1105 quotidianzegmcechize
1435 1051 1548 1091 non
1601 1049 1740 1105 par-

10 1127 192 1187 ceret,
267 1130 328 1178 et
370 1122 591 1178 homini
634 1123 839 1179 misero
894 1123 1055 1179 {mdis
1110 1125 1406 1181 amoribus
1443 1125 1736 1191 obvoluto,

3 1207 125 1276 jam
165 1211 454 1282 conjugis
483 1211 652 1266 etiam
685 1212 962 1267 memoria
992 1212 1065 1268 ab
1109 1213 1304 1268 animo
1351 1228 1492 1284 pene
1529 1214 1739 1270 delice-

8 1303 116 1362 ret,
187 1305 398 1354 tamen
453 1299 678 1369 quoties
735 1301 807 1355 ad
863 1301 1156 1357 ecclesiam
1243 1302 1356 1358 ibat
1427 1311 1737 1372 antequam

10 1386 342 1456 quidpiam
409 1395 647 1444 oratura
707 1389 890 1459 precis
936 1399 1317 1460 expromeret,
1387 1406 1739 1461 quocunque

9 1474 349 1545 imaginem
421 1477 730 1534 benedictae
801 1478 1048 1533 dominae
1123 1487 1332 1535 nostra
1403 1480 1565 1550 prius
1632 1479 1736 1536 sibi

7 1562 220 1618 videre
298 1566 671 1635 contingeret,
759 1566 1080 1636 angelicam
1161 1567 1268 1622 sibi
1333 1566 1736 1623 salutationem

7 1664 133 1718 qua
215 1660 449 1722 poterat
502 1653 822 1709 reverentia
851 1655 1177 1711 exhibebat.
1235 1657 1375 1724 Ave,
1442 1655 1732 1725 inquiens,

3 1739 222 1810 gratia
270 1741 470 1812 plena,
523 1742 800 1797 Dominus
849 1745 1052 1799 tecum.
1097 1745 1324 1814 Conjux
1378 1744 1573 1814 itaque
1607 1744 1733 1811 viri,

6 1843 148 1898 quas
218 1829 334 1886 sibi
390 1831 746 1887 adulterinos
807 1833 1061 1902 prmferri
1124 1833 1348 1889 dolebat
1413 1833 1734 1902 amplexus,

6 1918 415 1974 acerbissimis
488 1919 544 1975 in
603 1921 871 1976 aemulam
939 1921 1216 1978 stridebat
1299 1922 1624 1991 ardoribus,
1681 1931 1736 1978 et

9 2020 152 2060 cum
188 2007 393 2062 mariti
435 2009 640 2065 timore
683 2009 826 2066 nihil
858 2011 1098 2066 auderet
1140 2011 1195 2066 in
1229 2011 1402 2078 illam,
1432 2019 1651 2082 quanto
1678 2014 1733 2067 in

12 2095 269 2163 publico
301 2111 372 2152 ne
400 2098 637 2168 quidem
689 2099 969 2168 grunnire
1001 2099 1083 2154 fas
1135 2099 1341 2168 fuerat,
1377 2108 1534 2157 tanto
1584 2101 1734 2157 rabi-

10 2184 151 2238 dius
186 2186 349 2254 apud
386 2200 444 2241 se
476 2187 848 2243 fremebunda
891 2188 1136 2244 furebat.
1167 2191 1315 2259 Ergo
1359 2190 1429 2245 ad
1472 2191 1736 2246 beatissi-

10 2287 178 2328 mam
217 2273 388 2330 istam
419 2277 716 2331 conversio
746 2278 874 2347 ejus
920 2284 1036 2332 tota
1065 2278 1148 2333 sic
1171 2287 1295 2333 erat
1325 2286 1389 2333 ut
1434 2279 1481 2334 ei
1516 2295 1647 2348 quae
1677 2295 1736 2335 se

11 2375 44 2414 a
73 2376 190 2416 suo
229 2362 540 2420 fraudabat
577 2365 866 2436 conjugio,
917 2379 1018 2435 per
1050 2366 1229 2436 hujus
1258 2367 1502 2422 dominae
1538 2376 1734 2438 poten-

11 2449 162 2505 tiam
203 2451 462 2507 cmlestes
513 2453 926 2522 imprecaretur
973 2455 1106 2521 iras,
1155 2462 1330 2526 atque
1383 2455 1736 2512 mulierculae

15 2538 185 2594 illius
233 2541 640 2610 spurcissimas
708 2541 1023 2598 rivalitates
1084 2558 1198 2598 non
1270 2545 1370 2599 diu
1446 2553 1738 2614 pateretur

13 2626 267 2684 inultas.

91 2716 372 2787 Cumque
433 2717 722 2787 piissimos
777 2719 992 2790 reginae
1048 2720 1288 2776 caelestis
1346 2720 1586 2778 allectus
1635 2723 1734 2778 ad-

14 2818 238 2862 versus
286 2819 412 2861 eam
457 2821 515 2862 se
569 2807 833 2864 lamentis
881 2809 1125 2880 jugibus
1176 2810 1429 2881 graviter
1486 2812 1738 2868 irritasse

17 2901 285 2960 putaret,
348 2894 472 2964 ipsa
532 2910 632 2964 per
675 2910 734 2951 se
792 2896 1089 2953 benedicta
1143 2897 1323 2954 eidem
1375 2899 1436 2954 in
1469 2898 1598 2954 visu
1651 2901 1734 2955 di-

18 2989 287 3050 gnanter
342 2989 600 3053 apparet.
663 3005 690 3033 ‹‹
739 2984 948 3053 Quare,
1006 2987 1084 3042 ait
1134 3001 1310 3056 super
1355 2988 1595 3043 muliere
1640 2989 1736 3044 illa

1851 605 2030 660 parvo
2080 591 2358 662 obsequio
2430 599 2650 648 tantam
2709 594 2970 662 praestitit
3023 596 3464 667 indulgentiam.
3520 622 3548 650 »

1851 679 2011 734 Unde
2037 679 2249 735 factum
2280 689 2363 735 est
2402 689 2466 737 ut
2512 696 2582 737 ex
2613 696 2678 738 eo
2723 697 2838 752 quo
2870 683 2978 739 ista
3024 687 3269 741 castitati
3323 702 3381 742 se
3418 689 3551 744 red-

1849 768 2025 834 deret,
2076 768 2170 824 illa
2226 769 2572 825 simultatem
2625 771 2950 840 deponeret,
2991 781 3046 829 et
3094 774 3200 829 hoc
3259 783 3438 831 totum
3479 778 3551 833 ad

1849 857 2093 912 salutem
2144 859 2452 928 utriusque
2503 859 2650 916 inter
2705 875 2903 916 omnes
2961 862 3200 919 feminas
3254 863 3552 922 benedicta

1847 945 2195 1016 disponeret.

2485 1016 2718 1074 CAPUT
2757 1020 2908 1075 XIII.

1919 1123 2028 1176 Pro
2093 1121 2162 1177 iis
2235 1122 2430 1194 itaque
2486 1124 2822 1193 peccatricis
2882 1127 3090 1182 animae
3150 1128 3552 1184 devotionibus

1847 1216 1964 1266 tam
2014 1209 2327 1267 liberaliter
2373 1214 2700 1281 acceptatis,
2753 1228 2857 1283 pro
2895 1215 3080 1271 salute
3121 1218 3295 1272 etiam
3344 1232 3552 1288 corpo-

1847 1312 1978 1353 rum
2019 1299 2078 1353 in
2109 1300 2324 1370 quibus
2355 1315 2468 1356 non
2501 1301 2787 1370 quaeritur
2817 1303 2923 1358 nisi
2946 1306 3273 1360 communis
3304 1306 3553 1375 sospitas

1847 1388 2196 1454 animarum,
2245 1389 2314 1443 ad
2355 1389 2534 1458 ipsius
2585 1390 2812 1446 laudem
2851 1391 3056 1447 iterum
3106 1402 3404 1450 vertamus
3451 1408 3552 1449 ar-

1850 1475 2110 1531 ticulum.
2172 1478 2425 1548 Magnus
2479 1477 2759 1532 Dominus
2805 1481 2860 1532 et
2909 1480 3223 1534 laudabilis
3250 1480 3444 1549 nimis,
3488 1481 3552 1536 in

1845 1563 2081 1620 civitate
2142 1564 2252 1618 Dei
2306 1565 2508 1633 nostri,
2565 1567 2627 1620 in
2683 1573 2873 1622 monte
2924 1572 3125 1622 sancto
3175 1568 3300 1639 ejus
3349 1571 3547 1640 (Psal.

1846 1667 2019 1720 xcvu,
2068 1653 2135 1720 l).
2187 1655 2258 1708 Et
2307 1653 2364 1707 in
2398 1669 2514 1723 quo
2575 1655 2784 1710 dicitur
2833 1670 3099 1726 magnus,
3153 1658 3254 1726 qui
3302 1658 3550 1728 exprimi

1847 1755 1961 1795 non
2026 1749 2206 1810 potest
2271 1744 2562 1813 quomodo
2630 1745 2916 1814 magnus?
2961 1747 3121 1800 Dicat
3181 1750 3282 1816 qui
3343 1747 3549 1803 melius

1843 1830 2051 1884 sentit:
2116 1830 2254 1884 mihi
2306 1833 2490 1901 major
2547 1832 2697 1887 Deus
2759 1832 2814 1887 in
2864 1832 3026 1888 nullo
3069 1834 3320 1902 videtur,
3371 1849 3550 1905 quam

1844 1918 2000 1987 quod
2048 1919 2388 1974 humanitus
2416 1920 2583 1975 nobis
2635 1921 3105 1978 condescendisse
3148 1923 3442 1994 dignatur.
3494 1923 3550 1979 Si

1820 1998 2016 2073 enim,
2077 2014 2140 2062 ut
2185 2007 2440 2062 dicitur:
2498 2030 2518 2056 ι
2559 2007 3045 2078 Omnipotentiam
3087 2011 3370 2079 parcendo
3427 2025 3550 2066 ma-

1843 2089 1997 2147 xime
2028 2100 2081 2146 et
2122 2093 2442 2150 miserando
2488 2095 2814 2152 manifestat
2846 2097 3025 2165 (Orat.
3080 2098 3242 2156 Dom.
3302 2101 3366 2152 l0
3421 2106 3550 2168 post

1845 2176 2118 2251 Pentec.),
2156 2201 2183 2232 »
2217 2182 2403 2237 dicam
2433 2190 2487 2238 et
2521 2198 2624 2253 ego
2673 2184 2814 2254 quia
2861 2185 2941 2240 nil
2975 2186 3030 2240 in
3074 2187 3190 2241 Deo
3240 2186 3550 2242 sublimius

1845 2284 2023 2338 quam
2078 2272 2232 2340 quod
2265 2287 2323 2326 se
2373 2273 2541 2327 homo
2593 2274 2780 2329 factus
2831 2274 3120 2330 humiliat.
3171 2274 3279 2342 Qui
3319 2290 3457 2331 sane
3489 2277 3548 2330 in

1844 2372 1909 2412 eo
1943 2359 2099 2427 quod
2145 2359 2297 2415 mitis
2326 2367 2381 2416 et
2425 2361 2660 2416 humilis
2690 2362 2859 2418 corde
2909 2370 2994 2418 est
3039 2363 3263 2434 (Matth.
3312 2379 3386 2428 x1,
3438 2364 3545 2432 29),

1845 2461 1903 2502 se
1937 2447 2278 2503 imitandum
2337 2449 2694 2506 solummodo
2749 2451 3040 2521 proponit,
3092 2451 3148 2507 in
3208 2467 3324 2522 quo
3377 2467 3552 2522 penes

1844 2535 2034 2605 ipsum
2115 2537 2556 2607 magnilicemur
2629 2539 2896 2595 ostendit.
2976 2540 3138 2596 Unde
3192 2541 3550 2610 omnipotens

1842 2639 2027 2682 sermo
2087 2639 2121 2680 a
2172 2627 2462 2696 regalibus
2518 2627 2748 2683 sedibus
2810 2628 3022 2684 dicitur
3088 2629 3313 2685 venisse
3385 2630 3546 2698 (Sap.

1843 2727 2004 2779 xvm,
2076 2713 2181 2784 l5).
2241 2714 2345 2781 Qui
2402 2716 2554 2770 enim
2610 2717 2750 2772 coelo
2803 2724 3073 2786 terraque
3136 2732 3250 2772 non
3299 2717 3546 2786 capitur,

1846 2803 2035 2874 majus
2069 2804 2210 2858 nihil
2262 2805 2472 2860 mirum
2505 2812 2589 2860 est
2633 2819 2811 2874 quam
2851 2806 3008 2876 quod
3059 2806 3117 2860 in
3149 2815 3312 2861 utero
3347 2805 3550 2874 puellae

1845 2892 2186 2960 concipitur.
2219 2892 2333 2947 Nec
2373 2893 2533 2960 alias,
2563 2896 2628 2948 ut
2673 2893 2812 2948 mihi
2853 2893 3099 2961 videtur,
3134 2895 3251 2963 ipse
3295 2893 3549 2963 omnipo-

1845 2980 2052 3036 tentior
2090 2987 2172 3036 est
2198 2995 2372 3050 quam
2407 2982 2560 3051 quod
2599 2989 2880 3037 creaturae
2911 2982 3184 3038 Conditor
3214 2983 3365 3038 intra
3391 2997 3547 3038 crea-

17 3071 290 3127 ultiones
340 3085 374 3126 a
429 3087 517 3128 me
564 3074 823 3143 expetis?
875 3089 980 3145 ego
1034 3075 1200 3144 plane
1261 3076 1406 3132 nihil
1455 3077 1735 3133 adversus
1773 3087 1814 3142 (ς
1847 3075 2040 3126 turam
2095 3078 2400 3126 contentus
2454 3079 2554 3126 est.
2597 3072 2712 3127 Nec
2749 3086 2934 3141 usque
2978 3071 3324 3128 laudabilior
3369 3086 3544 3143 quam

16 3173 148 3214 eam
190 3174 447 3229 possum,
481 3176 657 3232 quam
703 3163 1043 3232 quotidiana
1085 3165 1386 3222 sedulitate
1423 3166 1564 3221 illud
1596 3167 1732 3222 mibi

16 3262 228 3304 meum
274 3249 580 3306 denuntiat
624 3251 926 3321 gaudium,
977 3267 1092 3322 quo
1135 3254 1360 3324 gratius
1388 3255 1608 3325 aliquid
1661 3256 1736 3312 ab

21 3336 144 3391 ulla
205 3345 475 3393 creatura
533 3338 735 3395 audire
794 3354 908 3394 non
965 3355 1216 3410 possum.
1272 3343 1523 3399 Putasne
1580 3345 1732 3414 quod

17 3433 234 3481 contra
283 3425 433 3481 banc
477 3440 579 3496 pro
628 3435 682 3483 te
737 3428 972 3484 debeam
1023 3430 1257 3498 irritari,
1307 3447 1439 3502 qua:
1494 3433 1564 3488 de
1609 3447 1736 3489 mea

21 3513 312 3570 ineffabili
367 3515 548 3587 gloria
605 3517 769 3588 quasi
811 3533 1271 3576 commemorans
1327 3536 1415 3578 me
1463 3531 1736 3592 provocat

23 3601 295 3671 gloriari.
332 3626 353 3652 ι

93 3693 193 3747 Ex
226 3706 344 3762 quo
383 3691 532 3748 dicto
557 3707 689 3749 eum
716 3693 948 3750 animus
979 3693 1202 3751 feminae
1239 3709 1273 3750 a
1301 3697 1481 3753 solitis
1525 3698 1735 3769 impre-

20 3780 358 3836 cationibus
415 3781 641 3850 penitus
671 3781 996 3850 desedisset,
1032 3783 1270 3855 contigit
1325 3786 1593 3842 aemulam
1625 3787 1733 3843 sibi

25 3869 290 3938 quadam
341 3869 432 3925 die
462 3870 660 3925 venire
697 3870 964 3942 obviam;
1007 3886 1184 3942 quam
1225 3873 1402 3930 veluti
1447 3888 1480 3929 a
1522 3875 1736 3930 divinis

21 3955 144 4025 jam
197 3956 500 4026 desperata
541 3957 795 4027 judiciis,
829 3958 1101 4014 conviciis
1131 3958 1406 4015 lacessere
1437 3959 1518 4017 sic
1549 3960 1734 4016 inten-

24 4043 106 4098 dit
142 4059 156 4098 :
198 4063 220 4093 ι
260 4043 303 4099 0
333 4043 685 4114 turpissima,
743 4053 884 4114 quot
939 4044 1146 4102 animae
1194 4060 1334 4102 mea:
1379 4059 1625 4117 angores
1654 4047 1737 4102 in-

27 4131 211 4204 ﬂigis,
245 4146 376 4202 qua
425 4138 480 4188 et
513 4132 810 4188 lenociniis
867 4134 980 4190 tuis
1030 4150 1261 4192 carnem
1317 4150 1502 4191 meam
1560 4150 1593 4191 a
1646 4150 1736 4191 me

27 4219 278 4287 dirimis,
313 4227 367 4275 et
405 4220 765 4289 praesentiam
811 4228 991 4288 tuam,
1045 4236 1221 4292 quam
1268 4222 1735 4292 incomparabili-

29 4315 116 4364 ter
149 4307 391 4377 oderim,
425 4309 565 4364 mihi
605 4309 891 4365 obviando
945 4310 1228 4379 opponis?
1256 4310 1438 4377 Quam
1470 4311 1732 4376 libenter,

30 4397 148 4453 imo
182 4411 360 4468 quam
405 4397 592 4454 debite
641 4407 739 4455 tuo
791 4399 944 4454 mala
989 4399 1211 4468 corpori
1259 4399 1548 4468 inferrem,
1601 4415 1732 4470 quae

32 4485 440 4556 quotidianum
493 4487 688 4549 menti,
745 4487 1009 4554 auribus,
1064 4501 1132 4544 ac
1188 4489 1371 4544 oculis
1428 4489 1569 4545 meis
1621 4503 1734 4544 non

30 4573 246 4629 desinis
273 4573 528 4641 irrogare
563 4572 852 4630 dolorem?
879 4574 989 4631 Ubi
1028 4576 1180 4632 enim
1221 4591 1254 4632 a
1297 4579 1590 4634 continuis
1619 4591 1734 4632 non

30 4667 204 4716 vacat
234 4667 338 4716 aut
385 4661 586 4717 thorus
631 4669 731 4718 aut
781 4677 979 4719 mensa
1034 4665 1395 4732 rancoribus,
1437 4665 1580 4735 quid
1629 4665 1736 4721 ista

3 4762 215 4820 .quam
275 4748 415 4805 mihi
473 4749 647 4805 infers
709 4750 1014 4807 hostilitate
1083 4753 1413 4810 crudelius?
1466 4755 1734 4810 Restabat

30 4838 277 4892 unicum
302 4836 442 4893 illud
471 4837 609 4908 spei,
643 4838 800 4910 quod
832 4840 1003 4911 Virgo
1033 4841 1126 4895 Dei
1169 4849 1354 4896 mater
1383 4841 1639 4912 aliquam
1675 4842 1733 4897 in

32 4935 85 4982 te
111 4926 474 4997 jacularetur
512 4927 774 4983 ultricem
824 4929 1184 4996 sententiam,
1224 4929 1322 4985 sed
1353 4930 1426 4986 ab
1470 4930 1576 4986 hac
1606 4944 1731 4986 om-

32 5016 172 5071 nino
194 5015 320 5086 jam
349 5014 551 5084 decidi,
595 5015 720 5084 ipsa
755 5016 909 5072 enim
954 5016 1096 5072 mihi
1126 5017 1292 5085 dixit,
1339 5019 1496 5090 quod
1545 5019 1732 5088 ipsum

34 5111 176 5170 Ave,
213 5105 371 5177 quod
397 5105 504 5162 sibi
547 5106 880 5176 depromere
932 5120 1170 5177 quaque
1221 5107 1312 5162 die
1342 5121 1730 5176 praeoccupas,

33 5195 92 5250 in
123 5201 352 5250 tantum
392 5207 517 5249 eam
561 5193 899 5260 demulceat,
945 5201 1010 5250 ut
1051 5194 1278 5250 nullum
1312 5195 1414 5250 tibi
1466 5196 1734 5251 inconve-

33 5281 200 5337 niens
227 5279 434 5336 inferre
474 5280 802 5350 praevaleat.
837 5302 857 5330 ι
892 5280 1054 5348 Quod
1099 5281 1195 5336 illa
1241 5281 1502 5350 audiens,
1534 5290 1730 5338 utrum

3 5380 237 5422 iverum
279 5374 447 5429 esset,
504 5374 559 5423 et
622 5366 749 5424 haec
801 5367 874 5424 ab
917 5382 983 5424 ea
1044 5368 1299 5437 audisset
1368 5369 1734 5441 argutissime

37 5460 454 5524 perscrutatur.
528 5453 690 5521 Quod
751 5469 820 5511 ea
882 5462 1188 5522 asserente,
1263 5456 1446 5512 altera
1498 5458 1729 5514 intulit:

43 5566 62 5590 ι
100 5542 145 5596 Α
195 5541 383 5608 modo,
425 5540 534 5608 ait,
591 5542 824 5600 noveris
879 5543 1033 5613 quod
1091 5543 1426 5600 nullatenus
1493 5545 1734 5600 maritus

41 5639 175 5685 tuus
205 5644 295 5684 me
345 5628 612 5698 deinceps
654 5629 723 5684 ad
763 5631 845 5686 tui
898 5630 1170 5702 injuriam
1227 5640 1513 5698 cantetur,
1562 5641 1619 5688 et
1653 5633 1731 5688 illi

1844 3155 1903 3210 in
1936 3169 2052 3225 quo
2103 3155 2286 3212 factus
2332 3164 2416 3211 est
2457 3157 2809 3212 clementior.
2854 3157 2959 3213 Sed
3005 3158 3111 3213 hoc
3159 3158 3214 3212 in
3263 3159 3361 3214 Dei
3406 3158 3544 3214 civi-

1845 3249 1978 3309 tate,
2003 3243 2073 3298 de
2105 3257 2224 3312 qua
2243 3243 2454 3301 dicitur
2479 3261 2490 3300 :
2525 3245 2794 3300 Gloriosa
2819 3244 2976 3300 dicta
3006 3249 3141 3300 sunt
3168 3246 3236 3301 de
3267 3249 3321 3300 te
3351 3247 3540 3316 (Psal.

1844 3346 2056 3398 Lxxxn,
2108 3331 2183 3402 3),
2226 3332 2282 3386 in
2308 3348 2426 3402 qua
2456 3342 2629 3390 natus
2654 3343 2739 3390 est
2774 3335 2942 3391 homo
2985 3350 3118 3390 cum
3157 3349 3284 3390 eam
3334 3335 3544 3390 funda-

1845 3421 1993 3475 verit
2051 3420 2379 3476 Altissimus
2429 3421 2566 3492 ipse.
2619 3424 2688 3478 Et
2725 3422 2864 3493 quid
2897 3422 3202 3493 gloriosius
3231 3421 3342 3479 dici
3383 3422 3451 3477 de
3479 3436 3546 3478 ea

1844 3509 2027 3580 potuit
2058 3523 2235 3579 quam
2267 3510 2422 3579 quod
2449 3511 2780 3566 universam
2801 3511 2961 3580 regni
2994 3510 3268 3567 caelorum
3301 3511 3544 3581 gloriam

1845 3597 1998 3652 intra
2027 3611 2086 3652 se
2136 3597 2462 3653 continuit?
2510 3600 2580 3654 Et
2615 3600 2866 3669 quisest
2906 3613 3071 3655 mons
3117 3599 3384 3665 civitatis,
3432 3599 3542 3654 nisi

1844 3686 2024 3741 Filius
2083 3684 2479 3755 virginitatis?
2545 3688 2669 3757 Ipse
2724 3687 2869 3758 lapis
2916 3688 3177 3744 abscisus
3229 3689 3296 3743 de
3354 3696 3544 3744 monte

1841 3775 1965 3830 sine
1997 3775 2287 3835 manibus,
2320 3774 2425 3846 qui
2451 3775 2708 3846 implevit
2747 3777 3076 3833 universam
3115 3785 3325 3834 terram
3363 3779 3535 3849 (Dan.

1842 3879 1900 3930 ιι,
1935 3864 2022 3931 34,
2054 3863 2162 3933 35).

1918 3954 2048 4008 Haec
2088 3951 2368 4008 fundatur
2404 3952 2788 4009 exsultatione
2833 3954 3120 4010 universae
3162 3962 3324 4011 terrae
3357 3954 3543 4022 (Psal.

1844 4058 2014 4110 XLVII,
2075 4046 2148 4109 3),
2201 4042 2340 4113 quia
2389 4056 2489 4111 per
2547 4050 2809 4098 sanctum
2842 4041 3118 4112 Spiritum
3185 4043 3243 4098 in
3302 4051 3546 4099 matrem

1843 4133 2156 4188 suscitatur
2211 4131 2314 4201 qui
2370 4139 2456 4186 est
2503 4130 2692 4187 oleum
2745 4132 2917 4187 totius
2965 4131 3359 4187 ecclesiasticae
3401 4130 3548 4186 laeti-

1847 4221 1955 4278 tize.
2001 4221 2162 4278 Unde
2210 4227 2293 4276 est
2329 4236 2341 4274 :
2382 4221 2703 4290 Accingere
2744 4218 2943 4291 gladio
2991 4222 3085 4274 tuo
3138 4237 3313 4290 super
3356 4219 3550 4284 femur

1846 4311 2005 4362 tuum
2047 4308 2440 4380 potentissime
2471 4308 2657 4378 (Psal.
2702 4323 2856 4373 XLIV,
2904 4311 2984 4378 4).
3018 4309 3216 4365 Gladio
3264 4323 3438 4379 super
3468 4308 3546 4365 fe-

1776 4387 1980 4453 Dmur
2045 4398 2388 4469 accingitur,
2439 4398 2578 4452 dum
2628 4406 2890 4453 concreto
2939 4397 3048 4454 sibi
3103 4412 3200 4466 per
3270 4398 3548 4468 Spiritum

1843 4494 2108 4543 sanctum
2155 4502 2392 4558 corpore
2441 4485 2965 4556 circumscribitur;
3017 4494 3072 4543 et
3123 4487 3228 4542 hoc
3257 4501 3433 4557 super
3463 4487 3548 4543 fe-

1843 4589 1994 4642 mur,
2029 4578 2168 4646 quia
2205 4591 2276 4632 ex
2325 4575 2624 4632 divinitate
2658 4575 2926 4646 praecedit
2953 4575 3238 4645 quidquid
3283 4590 3356 4631 ex
3387 4576 3546 4646 geni-

1842 4663 1980 4720 trice
2026 4664 2143 4719 fore
2190 4665 2520 4719 assumitur.
2569 4665 2683 4719 Hoc
2728 4662 2899 4718 etiam
2952 4662 3085 4718 facit
3140 4662 3544 4731 potentissime,

1841 4751 1985 4807 nihil
2044 4752 2246 4822 utique
2275 4752 2461 4823 magis
2509 4766 2685 4822 quam
2728 4752 2882 4822 quod
2938 4751 3000 4808 fit
3045 4764 3260 4821 parvus
3308 4750 3367 4806 in
3415 4750 3546 4808 Vir-

1842 4841 1995 4912 gine.

1913 4931 2084 4984 Mons
2121 4927 2279 4995 Sion,
2313 4931 2504 4985 latera
2541 4929 2832 5002 aquilonis
2863 4929 3067 4985 civitas
3123 4927 3289 5000 Regis
3336 4928 3538 5000 magni

1845 5017 2028 5088 (Psal.
2096 5033 2268 5085 xcvn,
2332 5020 2400 5083 3).
2455 5018 2510 5074 Si
2563 5021 2766 5074 civitas
2816 5019 2915 5074 Dei
2971 5027 3054 5075 est
3109 5019 3164 5073 in
3227 5032 3346 5088 qua
3394 5019 3546 5074 Deus

1845 5107 2086 5172 habitat,
2138 5106 2440 5161 videamus
2514 5107 2662 5163 idem
2747 5108 3036 5164 habitator
3107 5107 3259 5164 unde
3300 5115 3541 5163 constat.

1845 5197 2022 5260 Mons,
2084 5195 2130 5248 si
2206 5194 2479 5249 divinitas
2542 5195 2900 5266 intelligitur,
2976 5199 3390 5266 consequenter
3462 5195 3545 5251 la-

1843 5289 1965 5338 tera
2031 5281 2323 5352 aquilonis
2391 5281 2726 5338 humanitas
2787 5284 3156 5353 appellatur:
3231 5284 3288 5339 in
3364 5284 3546 5341 excel-

1843 5370 2075 5426 lentiam
2137 5385 2392 5441 namque
2448 5371 2674 5426 deitatis
2725 5373 2912 5427 omnis
2961 5378 3109 5428 308
3163 5373 3315 5429 acies
3369 5373 3544 5443 spiri—

1843 5459 2090 5515 tualium
2124 5458 2352 5527 nititur,
2398 5459 2538 5528 quia
2587 5460 2718 5514 Sion
2750 5461 3159 5531 contemplatio
3201 5463 3544 5531 interpreta-

1843 5531 1958 5602 tur.
2016 5547 2220 5602 Latera
2273 5546 2564 5616 aquilonis
2626 5547 3079 5616 improvidentiw
3128 5557 3267 5604 sunt
3313 5547 3542 5618 antiqui

1845 5633 2042 5688 hostis.
2075 5633 2364 5704 Quidquid
2394 5634 2546 5690 enim
2575 5649 2609 5690 a
2653 5635 2827 5691 latere
2876 5643 2980 5700 est,
3025 5637 3079 5690 in
3129 5636 3383 5706 profectu
3433 5637 3540 5691 mi-
