3936 6414
393 399 496 452 575

1309 395 1367 448 V.
1408 394 1740 449 (EUIBERTI
1776 393 2068 451 ABBATIS
2103 394 2160 449 S.
2201 393 2436 450 ΜΛΗΙΑΞ
2475 392 2564 448 DE
2600 393 2993 451 NOVIGENTO

3792 398 3897 450 576

390 540 506 584 nus
531 533 659 581 est:
709 525 772 581 Si
789 525 948 581 enim
985 523 1395 591 cognovissent,
1445 541 1740 595 nunquam
1779 525 2090 581 Dominum
2127 526 2169 582 A
2202 533 2324 581 reat
2373 540 2441 582 ac
2483 526 2531 581 si
2588 526 2863 584 radicitus
2921 527 3153 584 haereat.
3203 529 3380 599 Virgo
3439 527 3631 584 radice
3687 526 3896 593 caruit,

386 613 584 689 glow-i2
611 613 1028 683 cruci/ixissent
1058 615 1121 684 (Ι
1167 615 1306 670 Cor.
1361 629 1420 681 11,
1471 617 1548 683 8).
1607 615 1767 671 Unde
1813 622 1866 670 et
1920 615 2088 670 homo

392 711 599 774 captus
630 703 862 770 dicitur,
907 702 1047 772 quia
1087 716 1192 758 suo
1240 701 1453 771 impetu
1504 703 1751 772 ignavize
1781 703 2084 758 addicitur.

391 792 552 848 Mons
579 805 714 862 ergo
768 798 824 846 et
872 790 1049 846 latera
1103 791 1391 861 aquilonis
1428 792 1578 846 Deus
1615 799 1716 859 est,
1761 799 1815 846 et
1854 791 2088 861 integu—

391 886 651 935 mentum
701 879 972 949 corporis,
1023 893 1138 949 quo
1181 879 1402 935 fallitur
1438 880 1683 935 aviditas
1724 893 1873 934 caeca
1911 877 2086 934 latro-

392 968 500 1024 nis.
536 969 607 1024 Et
630 981 812 1038 quare
859 982 974 1023 non
1005 967 1175 1035 latus,
1210 968 1304 1024 sed
1357 967 1571 1024 latera?
1595 968 1739 1034 Quia
1793 967 1908 1022 duo
1951 973 2085 1023 sunt

394 1058 452 1112 in
492 1056 710 1126 quibus
746 1055 854 1112 sibi
899 1056 1258 1126 improvidus
1304 1056 1432 1112 fuit.
1464 1057 1744 1124 Alterum,
1807 1057 1961 1126 quod
2013 1071 2086 1112 ex

393 1144 648 1200 indebita
677 1145 776 1200 Dei
820 1144 945 1200 Filii
1003 1146 1339 1214 pervasione
1386 1145 1502 1215 jus,
1558 1145 1710 1214 quod
1766 1145 2088 1216 usurpabat

395 1232 452 1288 iu
475 1232 752 1300 homines,
787 1231 1057 1302 perdebat
1087 1232 1393 1302 antiquum
1419 1253 1435 1300 ;
1465 1233 1706 1287 alterum
1749 1232 1902 1302 quod
1948 1233 2086 1289 sub-

396 1321 584 1378 iturus
611 1329 736 1377 erat
773 1329 905 1377 ante
938 1329 1162 1391 tempus
1195 1335 1447 1390 perenne
1479 1329 1848 1378 tormentum.

465 1409 551 1466 Ad
581 1410 732 1465 hanc
771 1409 1060 1465 civitatem
1089 1410 1394 1466 conﬂuunt
1424 1409 1527 1481 qui
1571 1409 1628 1464 in
1675 1411 1859 1466 omnis
1894 1411 2086 1466 crimi-

394 1499 485 1554 nis
515 1497 912 1568 labyrinthum
946 1497 1294 1568 praeruptius
1337 1505 1537 1553 ruunt.
1575 1498 1702 1554 istic
1751 1499 2087 1569 alienigenae

393 1593 529 1641 sunt
565 1585 668 1656 qui
719 1599 896 1655 regno
927 1585 1202 1640 cmlorum
1240 1585 1358 1640 vim
1409 1585 1646 1652 faciunt,
1700 1586 1948 1657 factique
1999 1587 2088 1656 pie

393 1671 625 1728 violenti
657 1673 935 1742 diripiunt
964 1673 1197 1744 (Matth.
1248 1687 1328 1739 x1,
1375 1673 1479 1742 l2).
1537 1674 1668 1729 Istic
1719 1675 1923 1743 Tyrus,
1985 1674 2086 1745 qui

395 1759 679 1828 repellunt
706 1775 875 1816 omne
903 1761 1145 1830 pondus,
1179 1768 1235 1817 et
1262 1761 1644 1818 circumstans
1675 1778 1733 1818 se
1763 1771 2081 1832 peccatum.

398 1847 554 1903 Unde
583 1855 638 1904 et
664 1848 850 1918 Tyrus
889 1849 1299 1920 interpretatur
1343 1849 1638 1923 angustia.
1689 1851 1788 1908 Hic
1837 1853 2086 1922 populus

393 1935 728 2007 Ethiopum
759 1938 948 2013 (Psal.
983 1953 1212 2003 nxxxv1,
1248 1939 1324 2010 4),
1373 1940 1522 2010 nigri
1559 1941 1815 1996 videlicet
1847 1941 2088 2013 fuligine

395 2033 778 2094 peccatorum,
847 2011 1134 2099 quidquid
1191 2037 1275 2082 est
1334 2032 1578 2098 peccatis
1629 2011 1980 2098 immanius,
2015 2031 2086 2086 ad

397 2113 575 2184 hujus
621 2114 928 2172 benedich
985 2115 1248 2172 tutiorem
1304 2118 1458 2172 omni
1493 2118 1722 2174 civitate
1778 2119 1970 2175 sinum
2029 2134 2089 2175 se

395 2201 684 2275 immergit
714 2205 1040 2275 proclivius.
1085 2206 1152 2260 Et
1187 2205 1306 2275 ipsa
1334 2213 1415 2262 est
1457 2206 1678 2274 civitas,
1734 2207 1791 2262 in
1821 2223 1940 2278 qua
1987 2209 2090 2278 qui

398 2305 499 2360 per
526 2290 795 2348 allectum
832 2307 947 2347 non
991 2292 1271 2361 habitant,
1324 2293 1543 2351 nullius
1576 2296 1846 2351 momenti
1878 2297 2090 2353 habent

395 2379 564 2435 vitas.
595 2379 732 2446 Quae
755 2395 991 2452 quoque
1020 2381 1341 2438 laetantium
1379 2384 1640 2440 omnium
1673 2392 1756 2440 est
1782 2384 1978 2454 (Ibid.,
2005 2386 2086 2455 7),

397 2469 539 2538 quia
589 2484 956 2540 quaecunque
995 2471 1065 2526 ad
1115 2471 1269 2527 illam
1301 2471 1614 2542 piissimam
1651 2475 2092 2544 praecordialiter

395 2571 455 2612 se
488 2557 716 2627 ingerit,
769 2557 1061 2628 gaudiosaa
1109 2559 1224 2629 spei
1273 2573 1473 2616 exsors
1526 2575 1640 2616 non
1696 2569 1800 2617 est.
1860 2563 1930 2618 Et
1961 2577 2090 2632 quae

397 2653 533 2702 sunt
579 2653 755 2715 portat
807 2646 964 2716 Sion,
1015 2663 1162 2718 quas
1210 2649 1399 2720 diligit
1448 2649 1725 2706 Dominus
1767 2650 1964 2720 (Ibid,
2009 2653 2087 2720 2),

396 2733 506 2788 nisi
537 2741 766 2790 aeternae
809 2734 1177 2806 virginitatis,
1229 2752 1402 2808 quem
1432 2739 1618 2807 prima
1665 2739 1868 2795 habuit
1910 2754 2091 2810 appe-

399 2821 558 2890 titus,
591 2822 737 2878 nulli
786 2825 1177 2894 comparanda
1224 2826 1282 2880 in
1329 2833 1489 2882 tanta
1519 2826 1870 2884 sublimitate
1907 2829 2094 2885 humi-

397 2910 572 2968 litas:
625 2913 1037 2968 transcendens
1066 2915 1260 2969 omnia
1311 2915 1440 2970 fidei
1489 2929 1556 2970 ac
1605 2915 1942 2971 obedientite
1972 2915 2089 2971 vir-

399 2999 530 3056 tus?
559 2999 706 3067 Quid
741 3007 825 3056 est
867 3000 1022 3070 Sion,
1069 3003 1178 3058 nisi
1213 3003 1390 3072 ipsius
1433 3002 1760 3060 felicissima
1787 3003 2001 3072 anima,
2032 3005 2092 3060 in

2197 615 2338 684 quia
2401 614 2473 670 ad
2530 614 2969 684 concipiendum
3035 614 3136 671 Dei
3191 614 3396 672 Filium
3463 629 3606 672 usus
3661 614 3900 670 omnino

2196 711 2422 758 natura;
2459 702 2678 758 defecit.
2711 704 2800 759 Ab
2838 703 3094 759 humana
3135 718 3268 774 ergo
3300 703 3438 758 dum
3491 717 3677 760 massa
3707 702 3899 758 succi-

2196 791 2372 858 ditur,
2424 790 2765 846 humilitatis
2817 799 2970 846 terra
3011 791 3248 850 inferius
3286 791 3598 846 introrsum
3629 789 3900 846 videlicet

2195 879 2488 950 sepelitur,
2537 887 2734 935 sancto
2785 881 2998 950 pariter
3048 879 3263 950 Spiritu
3321 879 3708 936 bumectatur.
3758 877 3901 934 Inde

2195 969 2412 1024 candor
2458 968 2670 1024 divinae
2724 967 2879 1024 illius
2929 969 3306 1024 humanitatis
3361 968 3670 1039 egreditur,
3723 967 3904 1037 cujus

2197 1057 2454 1113 fidelium
2480 1056 2827 1114 universitas
2873 1057 3154 1127 singulari
3204 1058 3374 1112 odore
3400 1056 3680 1124 nutritur,
3723 1056 3906 1126 cujus

2198 1145 2332 1202 folia
2361 1146 2615 1216 repanda
2667 1152 2880 1216 patent,
2933 1147 3072 1218 quia
3100 1147 3382 1202 virtutum
3431 1145 3612 1216 ipsius
3655 1144 3903 1200 claritu-

2196 1235 2358 1291 dines
2383 1235 2452 1290 ad
2485 1241 2680 1290 nostra
2729 1249 2788 1289 se
2835 1235 3100 1304 exempla
3124 1242 3478 1305 retorquent.
3524 1231 3904 1290 Subtilissimi

2195 1323 2352 1379 intus
2380 1322 2744 1393 virgularum
2769 1322 2971 1378 radioli
3001 1337 3243 1378 aureum
3277 1323 3524 1378 colorem
3555 1321 3900 1390 praeferunt,

2196 1410 2337 1480 quia
2373 1425 2570 1466 omnes
2597 1411 2724 1482 ejus
2755 1418 2943 1466 motus
2975 1411 3266 1466 intrinseci
3299 1423 3564 1480 supernas
3596 1409 3902 1478 sapientia;

2197 1497 2437 1568 gloriam
2480 1505 2773 1568 promunt.
2807 1497 2968 1554 Unde
3023 1513 3154 1568 qua:
3198 1497 3320 1553 sine
3363 1497 3619 1552 humano
3675 1495 3903 1550 semine

2197 1600 2300 1658 per
2346 1585 2622 1656 Spiritum
2690 1586 3055 1658 germinavit,
3134 1601 3234 1656 per
3283 1586 3550 1641 eumdem
3607 1583 3734 1640 Filii
3804 1582 3904 1638 sui

2195 1675 2453 1732 membra
2490 1675 2852 1746 germinabit,
2890 1675 2942 1730 id
2996 1683 3078 1730 cst
3125 1675 3397 1745 germinis
3439 1689 3613 1730 causa
3659 1682 3903 1729 consta-

2199 1765 2298 1821 bit.
2356 1763 2710 1820 Laetabunda
2737 1764 2990 1820 exsultat
3033 1763 3230 1834 (Ibid.,
3285 1763 3360 1833 2),
3413 1777 3542 1818 cum
3603 1776 3720 1817 non
3774 1769 3901 1817 tam

2196 1853 2449 1910 laetitiam
2481 1867 2658 1924 quam
2714 1853 3146 1908 similitudinem
3198 1853 3406 1908 laetitiae
3449 1851 3704 1907 exterius
3755 1848 3900 1905 affe-

2195 1949 2330 1998 ctat.
2370 1941 2589 1997 Laudat
2621 1955 2757 1996 vero
2808 1955 2941 1997 cum
2980 1940 3252 1996 inellabili
3301 1941 3480 1996 Deum
3523 1938 3768 1995 interius
3796 1953 3898 1993 so-

2196 2031 2443 2086 noritate
2509 2029 2806 2102 gloriﬁcat.
2886 2031 3042 2086 Unde
3113 2031 3443 2100 magniﬁcat
3507 2031 3634 2100 ejus
3695 2028 3901 2082 anima

2195 2119 2524 2186 Dominum,
2568 2125 2624 2174 et
2667 2119 2918 2174 exsultat
2948 2118 3184 2188 spiritus
3211 2120 3338 2190 ejus
3397 2117 3456 2173 in
3497 2117 3611 2173 Deo
3651 2116 3809 2183 (Luc.
3859 2132 3897 2180 1,

2195 2210 2284 2276 46,
2317 2207 2432 2277 47),
2481 2207 2636 2278 quod
2666 2214 2750 2262 est
2800 2206 3038 2276 psallere
3067 2207 3292 2276 spiritu,
3329 2206 3568 2276 psallere
3613 2212 3668 2260 et
3701 2211 3902 2259 mente

2199 2297 2255 2368 (Ι
2277 2297 2410 2350 Cor.
2437 2309 2559 2363 xlv,
2585 2299 2694 2360 15).

2269 2383 2476 2439 Gloria
2505 2382 2708 2438 Libani
2736 2383 2876 2438 data
2908 2386 2994 2437 est
3039 2381 3094 2436 ei
3127 2383 3274 2448 (Isa.
3308 2397 3482 2450 xxxv,
3518 2381 3594 2452 2).
3637 2381 3902 2436 Libanus

2199 2473 2411 2529 dicitur
2461 2472 2695 2527 candor.
2749 2472 2941 2529 Gloria
2994 2471 3192 2528 Libani
3247 2471 3487 2526 ccelestis
3545 2477 3630 2528 est
3677 2469 3900 2538 specio-

2200 2563 2338 2618 sitas
2377 2561 2560 2632 regni.
2625 2562 2757 2616 Haec
2798 2561 3043 2616 dominae
3102 2560 3182 2614 illi
3243 2559 3549 2615 benedictae
3593 2557 3901 2628 specialius

2199 2652 2392 2716 datur,
2424 2651 2517 2706 cui
2546 2649 2664 2728 ipse
2719 2651 2838 2706 Rex
2897 2650 3092 2720 glorias
3145 2647 3539 2719 principaliter
3585 2646 3898 2711 obnoxius,

2199 2754 2270 2794 ex
2329 2737 2572 2808 propriae
2619 2738 2811 2794 carnis
2863 2737 3162 2793 collatione
3209 2736 3586 2808 dignoscitur.
3637 2735 3705 2789 Et
3754 2735 3900 2804 quid

2201 2827 2261 2882 in
2289 2825 2430 2881 caelo
2459 2825 2509 2880 ei
2533 2839 2644 2880 non
2674 2825 3046 2894 obtemperat,
3073 2837 3204 2879 cum
3240 2823 3362 2892 ipsa
3391 2837 3495 2878 suo
3540 2828 3596 2878 et
3631 2822 3902 2878 omnium

2199 2913 2453 2970 Creatori
2483 2927 2556 2968 ex
2589 2921 2748 2983 parte
2786 2927 2930 2982 pene
2963 2911 3245 2982 imperat?
3277 2912 3428 2993 Deus
3473 2909 3643 2966 bone!
3695 2923 3904 2980 quan-

2199 3011 2326 3059 tum
2373 3001 2579 3057 mentis
2637 3001 2694 3055 in
2738 2999 2835 3056 illa
2876 3000 3088 3056 femina
3129 3007 3231 3064 est,
3286 3012 3435 3068 quae,
3489 2997 3620 3053 licet
3668 3011 3902 3067 propor-

397 3101 517 3159 qua
541 3089 960 3159 supereminuit
986 3090 1113 3160 ejus
1139 3105 1310 3162 quem
1354 3091 1412 3146 in
1461 3105 1521 3148 se
1569 3091 1854 3148 continuit
1883 3091 2095 3150 divinae
2133 3095 2173 3150 C
2204 3089 2514 3156 tionaliter,
2562 3089 2826 3144 divinum
2878 3089 3154 3159 quiddam
3205 3095 3324 3142 tota
3369 3094 3472 3144 est.
3505 3087 3577 3142 Et
3634 3087 3692 3142 in
3745 3093 3901 3142 terra

397 3175 804 3247 speculationis
863 3177 1084 3248 gloria?
1156 3182 1257 3234 Per
1326 3180 1430 3236 has
1481 3180 1782 3237 exterioris
1844 3181 2094 3251 exempli

397 3272 593 3335 portas
628 3273 826 3322 nostra
873 3267 1114 3324 addiscit
1167 3267 1544 3339 intelligentia
1600 3276 1822 3339 quanta
1867 3267 1925 3323 in
1967 3266 2093 3338 ejus

398 3352 654 3409 interiori
690 3353 892 3410 habitu
922 3356 1174 3425 viguerit
1207 3355 1450 3411 crelestis
1483 3356 1802 3412 urbanitas.
1852 3356 1969 3412 Nec
2010 3355 2093 3413 .ad

401 3440 508 3497 has
545 3441 721 3498 Jacob
764 3442 1136 3500 tabernacula
1168 3443 1361 3498 valent
1391 3443 1614 3514 (Ibid),
1646 3444 1786 3514 quia
1811 3457 2097 3514 quaecun-

399 3544 512 3600 que
539 3530 795 3586 exterius
838 3538 1185 3587 exercentur
1231 3531 1618 3600 perfunctoria
1659 3537 1814 3598 sunt,
1870 3538 1925 3586 et
1973 3529 2096 3600 spi-

397 3618 632 3674 ritualia
667 3619 1064 3690 corporalibus
1105 3619 1443 3689 neutiquam
1501 3619 1890 3690 aaquipollent.
1944 3620 2098 3676 Prae-

399 3707 592 3764 sertim
643 3723 776 3764 cum
813 3709 941 3780 ejus
996 3708 1374 3764 fundamenta
1422 3707 1635 3763 fuerint
1683 3709 1738 3762 in
1805 3708 2096 3764 montibus

399 3796 612 3852 sanctis
645 3795 842 3864 (Ibid.,
887 3796 964 3866 t),
1016 3796 1072 3852 id
1104 3803 1186 3852 est
1211 3810 1345 3852 cum
1392 3796 1708 3863 Abraham,
1759 3797 1940 3864 Isaac,
1992 3799 2096 3852 Ja-

400 3885 522 3953 cob,
587 3885 768 3941 David
821 3891 1029 3954 patres,
1091 3897 1162 3940 ex
1211 3883 1424 3953 quibus
1472 3883 1751 3949 Christus,
1812 3899 1924 3938 non
1979 3893 2095 3940 tam

399 3973 772 4040 caeremoniis,
806 3987 984 4043 quam
1014 3971 1298 4043 spirituali
1331 3971 1686 4028 benedictam
1736 3971 1882 4027 hanc
1921 3971 2094 4029 filiam

400 4075 564 4118 suam
598 4061 812 4116 virtute
843 4060 1250 4130 praecesserint.

469 4149 660 4222 Igitur
689 4149 910 4203 letatur
957 4149 1184 4204 deserta
1211 4150 1266 4202 et
1311 4147 1474 4204 invia
1513 4147 1654 4219 (Isa.
1691 4163 1867 4216 xxxv,
1922 4148 1992 4220 l).
2028 4149 2098 4205 Et

402 4238 543 4310 quid
586 4237 769 4292 Maria
815 4237 1117 4303 desertius,
1195 4237 1366 4308 cujus
1416 4237 1487 4293 ad
1547 4237 1728 4294 instar
1773 4238 1962 4308 angeli
2023 4238 2096 4294 ab

401 4327 558 4381 omni
609 4337 783 4380 sensu
833 4322 1146 4392 voluptatis
1189 4325 1438 4380 extorris
1476 4323 1582 4380 fuit
1633 4323 1903 4378 animus?
1949 4323 2097 4391 Quid

2203 3180 2377 3234 datur
2421 3177 2470 3234 ei
2525 3178 2696 3234 decor
2720 3177 2961 3232 (.armeli
3015 3175 3529 3244 etSaron(1bid.).
3578 3174 3898 3241 Carmelus,

2200 3264 2454 3340 cognitio
2479 3263 2950 3329 circumcisionis,
2982 3263 3160 3320 Saron
3189 3261 3461 3334 princeps
3489 3261 3757 3318 tristitie.
3795 3263 3904 3318 Per

2203 3354 2784 3424 Carmelum,justos;
2829 3367 2928 3422 per
2976 3353 3175 3419 Saron,
3227 3352 3478 3422 intellige
3539 3351 3902 3421 pmnitentes.

2207 3444 2490 3514 Loquitur
2516 3443 2669 3498 enim
2711 3443 2863 3497 Deus
2880 3457 3087 3513 pacem
3115 3455 3289 3512 super
3313 3444 3547 3494 sancto:
3577 3454 3732 3506 suos,
3761 3442 3821 3492 et
3847 3439 3906 3493 in

2201 3549 2298 3588 eos
2325 3531 2426 3604 qui
2450 3533 2854 3587 convertuntur
2898 3529 2978 3584 ad
3029 3545 3126 3583 cor
3166 3528 3355 3600 (Peal.
3388 3542 3619 3594 Lxxxw,
3671 3530 3744 3592 9).
3793 3531 3912 3583 Co-

2204 3621 2383 3694 guitio
2448 3619 2902 3676 circumcisionis
2975 3617 3334 3689 experientia
3405 3625 3488 3672 est
3559 3617 3909 3672 omnimodze

2203 3711 2476 3766 vitiorum
2533 3707 2889 3774 abscisionis,
2923 3706 3030 3762 hoc
3074 3706 3146 3761 ad
3194 3711 3439 3761 sanctos.
3482 3704 3776 3773 Principes
3808 3718 3912 3759 an-

2205 3808 2316 3856 tem
2370 3797 2612 3854 tristitim
2668 3803 2826 3864 sunt,
2873 3808 3123 3866 quorum
3156 3806 3312 3850 unus
3358 3793 3482 3848 ait:
3529 3791 3698 3846 Venit
3727 3794 3912 3846 αδετις

2200 3887 2532 3954 peccatores
2569 3882 2760 3938 salvos
2803 3881 3015 3949 facere,
3069 3897 3310 3952 quorum
3356 3879 3579 3952 primus
3621 3894 3725 3950 ego
3777 3895 3909 3934 sum

2207 3975 2266 4046 (Ι
2295 3973 2464 4040 Tim.,
2501 3988 2539 4040 1,
2575 3971 2682 4042 15).
2712 3969 2991 4026 Effectum
3021 3978 3214 4026 autem
3245 3983 3350 4039 pro
3392 3981 3568 4024 causa
3614 3969 3905 4037 ponendo,

2205 4062 2435 4119 tristitia
2493 4066 2789 4131 peccatum
2835 4066 2936 4115 est.
2987 4058 3249 4114 Tristitia
3277 4071 3414 4127 ergo
3447 4063 3582 4112 sunt
3614 4055 3910 4126 principes

2205 4149 2306 4220 qui
2335 4161 2395 4204 se
2423 4161 2540 4202 non
2587 4145 2908 4201 diffitentur
2957 4144 3313 4214 potissimum
3354 4151 3694 4212 peccatores.
3741 4141 3910 4208 Quod

2205 4245 2387 4294 totum
2441 4241 2527 4292 est
2575 4234 2809 4290 dicere:
2853 4231 3148 4303 Quidquid
3191 4231 3482 4297 innocens,
3527 4238 3582 4286 et
3639 4238 3910 4299 peccator

2207 4325 2489 4396 paenitens
2542 4322 2614 4378 ad
2660 4323 2842 4378 Deum
2889 4327 3132 4392 possunt
3177 4319 3388 4375 habere
3425 4317 3664 4380 decoris,
3723 4325 3909 4374 totam

403 4411 589 4481 magis
617 4411 864 4476 invium,
903 4425 1035 4482 qute
1091 4426 1396 4482 nunquam
1442 4421 1630 4468 mente
1677 4412 1969 4468 admiserit
2013 4413 2100 4468 vel
2139 4415 2296 4472 Dsui
2329 4413 2464 4470 boni
2492 4411 2772 4482 originem
2821 4409 2895 4466 ad
2946 4411 3191 4481 gratiam
3223 4409 3472 4464 referant
3512 4415 3686 4463 tantae
3732 4406 3910 4462 Geni-

404 4498 588 4570 ipsius
654 4497 922 4570 legitima
995 4498 1423 4571 conjugationis
1495 4499 1834 4556 assensum?
1914 4501 2157 4556 Potest-

406 4587 576 4658 plane
608 4587 668 4642 in
716 4595 906 4644 mente
942 4589 1270 4658 cujuspiam
1317 4602 1524 4644 vacare
1555 4590 1860 4658 appetitus,
1891 4597 1944 4644 et
1998 4603 2096 4658 pa-

404 4686 522 4734 tere
551 4682 742 4734 tamen
771 4675 878 4732 viae
904 4676 1184 4732 martialis
1231 4676 1534 4733 adventus.
1578 4677 1738 4733 Unde
1789 4678 2095 4746 sequitur:

404 4767 486 4823 Et
511 4763 826 4822 exsultabit
847 4763 1091 4820 solitudo
1129 4764 1347 4836 (Ibid)
1397 4764 1535 4832 Quae
1580 4765 1803 4822 deserta
1848 4765 1954 4822 fuit
2003 4779 2102 4836 per

407 4855 942 4924 impassibilitatem,
1001 4852 1160 4909 invia
1205 4853 1378 4908 etiam
1453 4867 1554 4922 per
1615 4853 1899 4909 liciturum
1957 4867 2100 4908 con-

405 4941 909 5012 temptibilitatem,
969 4942 1029 4996 in
1082 4949 1242 4996 tanta
1295 4943 1599 4998 solitudine
1649 4943 1770 5013 jam
1825 4942 2098 5009 exsultat,

407 5029 548 5100 quia
582 5029 703 5086 sine
762 5028 1202 5100 praecedentium
1257 5043 1325 5085 ac
1361 5031 1789 5086 succedentium
1837 5030 2100 5100 exemplo

407 5125 647 5174 constat.
684 5117 844 5174 Unde
887 5123 943 5173 et
999 5116 1221 5172 beatam
1268 5131 1327 5174 se
1373 5119 1672 5174 dicendam
1719 5119 1792 5174 ab
1829 5119 2102 5174 omnibus

407 5205 879 5277 generationibus
917 5212 1112 5261 cantat
1142 5207 1294 5275 (Luc.
1347 5221 1384 5273 1,
1415 5208 1526 5276 48).
1577 5207 1716 5272 Quae
1757 5209 1908 5262 enim
1963 5207 2102 5262 adeo

403 5293 660 5358 solitaria
685 5307 862 5364 quam
907 5292 1005 5348 illa
1035 5308 1166 5364 quae
1197 5302 1380 5351 totum
1410 5296 1560 5366 quod
1606 5303 1690 5351 est
1744 5296 1801 5350 in
1837 5303 2104 5350 creatura

408 5380 811 5452 prastervolat?

477 5469 559 5524 Et
567 5469 812 5541 ﬂorebit
855 5471 1023 5541 quasi
1073 5469 1262 5526 lilium
1314 5473 1456 5542 (Isa.
1515 5486 1686 5539 xxxv,
1753 5471 1822 5540 l).
1885 5471 2105 5526 Natura

407 5556 511 5612 lilli
537 5564 622 5614 est
652 5566 716 5614 ut
763 5557 984 5614 desecto
1021 5558 1136 5614 solo
1169 5567 1334 5615 tenus
1381 5559 1570 5628 stipite
1617 5559 1662 5613 si
1721 5563 1877 5614 terra
1913 5556 2107 5612 obvol-

407 5654 597 5716 vatur,
625 5654 726 5702 aut
777 5660 946 5720 aqua:
975 5647 1048 5703 ab
1093 5647 1207 5704 imo
1240 5649 1543 5714 inferatur,
1567 5660 1730 5703 coma
1777 5647 1904 5716 ejus
1943 5645 2103 5702 efﬂo-

2205 4502 2389 4572 tricis;
2415 4515 2548 4572 quas
2573 4500 2684 4556 nisi
2714 4500 2796 4555 sic
2822 4498 3130 4570 genuisset,
3159 4499 3240 4554 sic
3262 4499 3472 4568 justus,
3503 4495 3585 4552 sic
3623 4496 3913 4565 paenitens

2207 4589 2368 4644 nullo
2399 4592 2549 4642 που
2568 4587 2736 4642 modo
2765 4583 3163 4656 splenduisset.
3191 4584 3260 4639 Hi
3289 4583 3468 4639 visuri
3493 4591 3628 4638 sunt
3659 4582 3910 4653 gloriam

2209 4676 2432 4734 Domini
2465 4676 2610 4744 (lca.
2643 4689 2817 4741 xxxv,
2850 4673 2926 4745 2),
2959 4673 3099 4742 quia
3129 4671 3303 4738 illam,
3327 4671 3384 4728 in
3413 4671 3584 4742 cujus
3605 4673 3752 4727 uteri
3789 4671 3916 4726 tha-

2207 4765 2358 4821 lamo
2388 4763 2458 4820 de
2485 4762 2607 4818 suis
2645 4761 2926 4832 gloriatus
2953 4767 3037 4814 est
3093 4759 3332 4828 nuptiis,
3364 4772 3496 4814 cum
3530 4759 3618 4814 sui
3673 4759 3922 4824 Christi;

2206 4863 2261 4911 et
2315 4866 2514 4910 eorum
2550 4865 2698 4922 quos
2741 4849 2980 4906 redemit
3009 4847 3203 4904 fructu
3245 4852 3382 4902 sunt
3434 4845 3655 4902 visione
3706 4861 3913 4916 perpe-

2211 4948 2308 4996 tua
2361 4937 2738 5006 complexuri.
2815 4935 3007 4993 Visuri
3063 4935 3234 4990 etiam
3302 4939 3439 4989 sunt
3485 4933 3751 4989 decorem
3810 4935 3914 4990 Dei

2208 5027 2386 5084 nostri
2411 5025 2620 5097 (Ibid),
2683 5026 2862 5094 ipsam
2892 5023 3103 5080 scilicet
3129 5023 3246 5092 jam
3272 5021 3642 5078 clariticatam
3673 5036 3914 5078 carnem

2209 5116 2305 5174 cui
2333 5117 2447 5171 Deo
2481 5115 2726 5186 propitio
2755 5111 3108 5169 merebimur
3137 5109 3500 5166 conformari.

2848 5198 3082 5256 CAPUT
3121 5198 3264 5254 XIV.

2280 5289 2634 5362 Apostrophe
2661 5287 2739 5342 ad
2767 5287 2836 5342 Β.
2873 5286 3192 5359 Virginem.
3225 5315 3292 5324 —
3317 5284 3445 5354 Aliq
3457 5283 3698 5354 uandiu,
3734 5297 3914 5353 super

2210 5391 2407 5434 omnes
2450 5377 2748 5433 benedicta
2793 5374 3054 5441 feminas,
3091 5374 3150 5428 in
3181 5374 3295 5429 tuis
3324 5371 3597 5428 laudibus
3624 5371 3922 5438 delectati,“

2211 5467 2284 5521 ad
2317 5473 2368 5522 te
2398 5465 2630 5521 tandem
2662 5464 2792 5519 licet
2821 5475 2999 5532 supra
3025 5464 3262 5518 modum
3302 5466 3644 5530 peccatores,
3691 5460 3910 5530 cogita-

2213 5555 2394 5610 tiones
2436 5568 2502 5608 ac
2535 5553 2710 5608 verba
2749 5547 3156 5605 convertimus.
3205 5547 3491 5604 Desiderio
3520 5555 3715 5603 nostro
3759 5548 3834 5602 ad
3862 5556 3913 5603 te

2213 5643 2588 5709 laudandam,
2647 5641 2720 5697 ad
2774 5649 2826 5695 te
2875 5637 3362 5708 complectendam
3415 5635 3740 5692 satisfacere
3795 5651 3910 5691 non
