3956 6442
42 413 130 461 577
1410 406 1498 461 DE
1539 407 1561 461 Ι

1842 434 1864 460 ι.
1910 407 2170 463 MARUE.

3440 414 3543 465 578

41 557 355 614 possumus,
389 558 423 597 a
455 552 506 597 te
538 551 726 598 tamen
762 542 1094 598 medullitus
1141 557 1301 612 posse
1340 542 1721 612 deposcimus.
1761 552 1809 604 Α
1832 543 2001 611 Apud
2033 542 2215 597 Deum
2247 542 2329 595 sic
2358 556 2472 596 vox
2508 550 2609 597 tua
2640 550 2860 598 constat
2892 542 3270 612 impetrabilis

39 632 421 688 Reverberant
472 646 577 686 nos
620 630 1029 687 carnalitatum
1062 631 1350 700 turbines;
1401 645 1606 687 verum
1655 630 1728 686 ad

36 721 377 777 dirimendos
405 720 531 775 illos
560 728 876 790 provocant
898 734 1001 776 nos
1037 726 1290 790 expertae
1318 734 1542 790 semper
1574 721 1632 781 in
1677 727 1728 776 te

35 809 376 865 dulcedines.
411 808 512 864 His
552 808 848 875 exsatiari,
896 809 1001 864 has
1029 809 1370 864 avidissimis
1401 808 1730 879 praecordiis

35 897 353 953 combibere
389 898 573 961 satius
605 904 689 953 est
721 911 899 968 quam
928 898 1145 953 vivere.
1188 898 1258 954 Et
1284 897 1417 967 quis
1446 896 1593 952 vivit
1623 895 1727 952 nisi

34 986 133 1055 qui
191 994 243 1041 te
293 984 671 1041 affectualiter
724 984 933 1042 sentit?
976 984 1116 1052 Quis
1171 986 1281 1042 nisi
1333 986 1566 1041 demens
1613 999 1728 1040 non

32 1081 180 1143 optet
217 1073 415 1143 emori,
457 1073 506 1129 si
545 1073 740 1129 videre
789 1081 840 1129 te
884 1075 1063 1144 possit
1100 1075 1399 1131 moriendo
1443 1072 1731 1130 mercari?

30 1163 229 1219 Nonne
267 1169 353 1219 est
400 1170 613 1219 nostrae
654 1163 1076 1219 consummatio
1128 1163 1344 1235 gloriae,
1399 1162 1447 1219 si
1489 1162 1573 1218 vel
1609 1176 1732 1232 pos-

31 1252 210 1307 simus
250 1251 395 1307 inter
421 1266 524 1307 nos
568 1259 624 1307 et
663 1258 831 1307 tuum
869 1252 1076 1307 Filium
1121 1259 1173 1307 te
1203 1251 1591 1308 mediatricem
1624 1251 1730 1306 ha-

29 1340 200 1396 bere?
247 1341 334 1395 Ex
365 1340 555 1397 debito
594 1348 697 1407 est,
756 1340 1015 1406 Domina,
1069 1340 1116 1396 si
1154 1341 1335 1396 nostri
1382 1339 1729 1407 memineris,

31 1434 262 1497 propter
308 1428 416 1484 hoc
465 1428 621 1483 enim
670 1426 847 1483 facta:
896 1434 1128 1497 propter
1175 1427 1283 1482 hoc
1325 1441 1387 1483 es
1434 1427 1633 1494 electa,
1669 1434 1734 1483 ut

28 1514 184 1582 apud
229 1514 632 1571 dulcissimum
678 1514 891 1571 Filium
919 1528 1155 1571 causam
1189 1522 1446 1572 nostram
1479 1515 1734 1586 piissima

28 1602 267 1657 tuearis.
302 1604 493 1659 Insere
532 1603 689 1659 cordi
737 1611 792 1659 et
830 1604 914 1659 ori
943 1611 1137 1660 nostro
1168 1605 1253 1660 tui
1301 1604 1561 1660 numinis
1592 1604 1733 1660 irre-

27 1690 264 1746 missam
293 1691 649 1759 memoriam,
682 1706 861 1762 quam
903 1692 999 1748 cui
1032 1693 1281 1761 dederis,
1315 1708 1559 1749 securus
1585 1692 1732 1770 dico,

28 1778 170 1848 quia
192 1779 317 1850 jam
348 1780 629 1836 cmlestem
686 1781 885 1851 incipit
916 1790 1268 1852 praegustare
1296 1783 1558 1853 gloriam.
1587 1779 1735 1848 Quid

1838 631 1909 686 Ut
1938 631 2010 686 ad
2042 643 2213 685 aures
2240 629 2408 699 Regis
2435 644 2634 699 regum
2669 630 2831 686 nulla
2858 637 2971 686 tam
3000 635 3071 687 sit
3098 631 3327 687 habilis.

1838 720 1901 775 In
1927 733 2031 777 nos
2061 732 2200 789 ergo
2235 732 2336 788 per
2369 726 2628 777 materna
2658 720 2876 789 respice
2907 720 3239 789 praecordia,

1837 811 2023 877 Atque
2053 815 2247 863 nostra
2278 815 2341 862 tu
2374 815 2486 863 tuae
2514 808 2654 878 proli
2685 823 2931 879 suggere
2958 810 3227 880 suspiria,

1841 897 2092 952 Fluxum
2123 896 2314 952 carnis
2351 904 2527 966 atque
2559 911 2734 967 vagos
2763 899 3049 967 appetitus
3079 906 3369 968 tempera;

1840 985 1985 1041 Rore
2008 998 2234 1055 semper
2258 985 2533 1040 castitatis
2562 994 2760 1054 pectus
2794 986 2900 1041 hoc
2928 985 3223 1057 refrigera,

1837 1074 2018 1130 Omne
2049 1087 2300 1144 nequam
2332 1074 2487 1144 quod
2521 1075 2577 1128 iu
2610 1074 2777 1129 nobis
2806 1075 3143 1139 exsecraris,
3172 1074 3375 1141 obrue,

1841 1162 2021 1218 Mores
2050 1169 2230 1231 aptos,
2263 1176 2361 1218 cor
2395 1164 2679 1232 quietum,
2712 1171 2913 1218 sancta
2952 1177 3231 1233 quaeque,
3265 1177 3533 1235 congere.

1842 1251 2017 1306 Virus
2046 1252 2172 1322 ejus
2203 1259 2376 1320 atque
2408 1251 2563 1306 dolos
2593 1252 2826 1321 pellens,
2869 1252 3029 1307 obsta
3052 1252 3297 1320 Satanae,

1839 1339 1955 1395 Nec
1982 1339 2166 1409 ipsius
2197 1338 2574 1395 hortamentis
2602 1354 2706 1395 nos
2736 1340 3031 1409 permittas
3060 1341 3279 1397 cedere.

1841 1428 1973 1484 Sola
2000 1442 2252 1499 namque
2285 1428 2332 1485 si
2362 1429 2638 1485 caelorum
2669 1429 2863 1499 surgis
2896 1428 2954 1484 in
2984 1430 3247 1497 concilio,

1843 1517 2173 1573 Praecatura
2202 1518 2361 1587 pium
2390 1518 2614 1572 Patrem
2640 1530 2775 1572 cum
2805 1517 3075 1587 praedulci
3109 1516 3282 1585 Filio;

1844 1606 2229 1662 Succlamabit
2259 1621 2393 1663 mox
2423 1613 2755 1661 sanctorum
2789 1605 2890 1661 tibi
2914 1607 3119 1675 juncta
3148 1606 3344 1663 concio

1846 1695 1915 1748 Et
1946 1694 2120 1763 petita
2146 1709 2393 1764 quaeque
2424 1701 2522 1749 tuo
2555 1693 2838 1750 suberunt
2868 1694 3107 1750 arbitrio

1845 1787 1996 1837 suo
2027 1783 2115 1848 Et,
2147 1784 2417 1849 Joannes,
2454 1789 2517 1837 tu
2545 1782 2647 1851 qui
2675 1789 2908 1852 quantae
2938 1783 3216 1838 castitatis
3257 1782 3538 1850 conscius,

25 1868 180 1922 enim
226 1875 279 1923 te
335 1868 585 1936 dulcius,
631 1869 774 1939 quid
808 1850 933 1925 itua
981 1850 1377 1927 recordatione
1428 1867 1735 1925 securius?
1775 1850 1815 1904 Ο
1842 1872 2037 1926 Tantae
2070 1873 2262 1939 matri,
2291 1871 2517 1927 Christo
2545 1850 2737 1939 dante,
2769 1870 3090 1927 succcssisti
3120 1871 3292 1927 ﬁlius.

27 1957 127 2012 tibi
161 1958 318 2011 enim
345 1971 460 2013 non
490 1971 674 2025 orare,
704 1958 801 2014 sed
833 1958 1053 2029 ubique
1080 1960 1363 2029 imperare
1393 1967 1597 2029 praesto
1627 1965 1732 2013 est.

27 2046 176 2101 Jube
205 2060 344 2116 ergo
376 2054 440 2102 ut
475 2048 532 2102 in
564 2047 827 2116 praesenti
858 2048 1089 2103 miseria
1115 2055 1177 2116 te
1206 2048 1370 2103 nobis
1402 2048 1732 2114 invisceres,

29 2141 84 2188 et
108 2134 233 2203 jam
276 2134 509 2190 miseria
536 2149 650 2191 non
694 2143 798 2191 est.
843 2136 957 2192 Fac
998 2143 1062 2193 ut
1094 2136 1381 2207 quidquid
1410 2150 1616 2193 sumus
1661 2149 1735 2191 ex

1843 1959 1990 2015 Audi
2021 1974 2149 2016 mea
2176 1974 2368 2016 secum
2407 1968 2539 2016 vota
2561 1960 2747 2028 claris,
2780 1974 2997 2029 precor,
3031 1960 3294 2029 auribus,

1844 2049 1914 2104 Et
1943 2062 1977 2103 a
2003 2046 2225 2103 cunctis
2256 2062 2347 2102 me
2376 2046 2595 2103 diverte
2624 2047 2883 2117 pessimis
2911 2047 3199 2116 operibus,

1842 2137 1948 2205 Tu,
1980 2136 2083 2205 qui
2116 2143 2298 2191 terras
2330 2135 2597 2191 incolenti
2627 2136 2768 2190 mire
2794 2136 3007 2191 cbarus
3036 2134 3278 2191 Domino

27 2229 80 2277 te
108 2223 311 2290 simus,
340 2230 397 2279 et
425 2237 560 2279 cum
586 2237 690 2279 nos
720 2222 821 2279 tibi
850 2223 1070 2293 feceris,
1107 2231 1313 2294 praeter
1332 2232 1433 2282 tua
1459 2225 1540 2280 nil
1568 2229 1737 2280 restet
1841 2222 2140 2292 Exstitisti,
2173 2231 2290 2279 tam
2319 2223 2466 2279 felici
2495 2224 2707 2293 dignus
2732 2223 3032 2294 privilegio

28 2325 100 2366 ex
129 2311 317 2368 nobis.

182 2454 503 2525 Rhymmus
528 2453 606 2512 ad
633 2455 704 2509 Β.
747 2453 1067 2528 Virginem,
1098 2458 1155 2510 et
1183 2457 1246 2513 S.
1278 2457 1571 2511 Joannem

665 2544 1106 2617 Evangelistam

31 2666 434 2723 Erumnarum
463 2671 519 2719 et
552 2663 815 2720 dolorum
838 2664 1004 2734 plena
1038 2680 1245 2735 gerens
1281 2666 1518 2733 viscera,

30 2754 109 2807 De
140 2767 408 2810 meorum
439 2753 797 2809 exsecranda
831 2761 1197 2824 peccatorum
1229 2754 1413 2816 fovea.

28 2843 292 2907 Quorum
324 2842 517 2909 miser,
549 2842 718 2898 velim
752 2842 950 2912 nolim,
984 2844 1169 2913 patior
1197 2843 1432 2913 damna,

26 2932 103 2986 Te
134 2932 388 2987 reclamo
411 2930 796 3000 salvatricem,
830 2932 1102 3003 puritatis
1131 2933 1384 2989 domina.

25 3020 112 3076 Ad
154 3027 397 3077 tuorum
428 3034 517 3076 me
547 3020 830 3077 factorum
860 3022 1206 3078 mentionem
1238 3022 1487 3078 confero.

26 3110 101 3165 Te
128 3124 294 3179 spem
330 3123 517 3165 meam
546 3108 922 3181 singularem,
952 3118 1005 3167 te
1034 3110 1279 3168 salutem
1310 3119 1599 3182 computo.

26 3198 152 3253 Non
184 3212 506 3268 aspernans
537 3212 626 3254 me
654 3206 1009 3267 contemnas,
1028 3199 1170 3256 dum
1200 3207 1273 3268 te,
1290 3200 1729 3267 Mater,invoco.

26 3287 132 3343 Sed
163 3288 278 3343 hoc
310 3287 436 3343 licet
460 3288 570 3343 sim
601 3288 893 3359 indignus,
925 3286 1017 3344 fac
1042 3288 1183 3344 mihi
1215 3289 1369 3359 quod
1403 3288 1537 3344 lilio.

26 3376 70 3432 Ο
100 3377 275 3432 beata
306 3376 462 3432 orbis
485 3376 672 3432 omnis
705 3377 883 3445 pretio
916 3375 1227 3434 valentior!

26 3465 113 3521 Tu
147 3464 427 3535 praedicta
457 3464 557 3520 Dei
582 3479 720 3521 voce
753 3466 955 3521 mundi
981 3466 1089 3522 sub
1117 3466 1452 3536 primordio,

25 3552 211 3624 Cujus
246 3560 478 3624 partum
511 3560 627 3610 tota
654 3562 853 3610 vatum
878 3562 1243 3625 przeconatur
1270 3555 1488 3620 concio,

29 3642 158 3697 Sola
190 3642 381 3713 plebis
408 3644 732 3712 expetenda
759 3642 1097 3700 Christianae
1128 3644 1329 3714 portio.

28 3731 229 3802 Virgo,
267 3732 427 3787 dives
451 3732 635 3801 prisco
669 3732 942 3802 pietatum
976 3734 1271 3803 quondam
1292 3740 1561 3802 tempore,

28 3821 130 3876 His
154 3821 369 3879 diebus
396 3836 512 3877 non
545 3822 769 3878 minora
792 3822 960 3894 signa
986 3823 1059 3879 da
1088 3822 1437 3893 clementiae;

26 3909 175 3965 Nam
209 3911 258 3966 si
294 3918 462 3978 taces,
495 3924 532 3964 ο
560 3910 844 3975 miranda,
879 3926 1011 3981 quae
1043 3926 1169 3981 spes
1195 3912 1303 3968 erit
1328 3911 1548 3968 venite?

26 3997 143 4053 Nos
175 3998 441 4069 repulsos
471 4012 650 4070 quam
683 4000 946 4056 crudeles
975 4000 1296 4070 depriment
1327 4001 1594 4057 miseriml

27 4086 250 4145 Graves
280 4089 388 4144 mei
416 4095 552 4144 sunt
582 4097 804 4159 reatus;
835 4089 998 4159 placa
1029 4091 1234 4159 Deum,
1263 4089 1527 4158 Domina,

29 4175 82 4230 Si
118 4185 173 4232 te
202 4177 361 4247 piam
387 4176 562 4233 sensit
587 4177 723 4233 olim
756 4177 1028 4234 meretrix
1059 4178 1349 4248 IEgyptia,

30 4264 250 4335 Virque
277 4265 377 4336 qui
407 4273 460 4321 te
489 4272 665 4336 atque
694 4272 861 4321 tuum
896 4264 1105 4321 Filium
1134 4274 1470 4337 negaverat.

30 4349 219 4406 Corde
249 4358 368 4407 toto
390 4357 443 4407 te
473 4359 825 4421 quaareutem
858 4365 964 4407 cur
991 4351 1291 4409 fraudabis
1321 4351 1533 4408 venia?

28 4439 139 4495 Tui
170 4452 485 4510 nunquam
514 4440 691 4495 moris
720 4438 828 4495 fuit
858 4439 1096 4495 miseros
1126 4440 1441 4510 despicere,

30 4528 138 4584 Sed
171 4528 522 4599 plerumque
552 4542 667 4584 non
697 4535 896 4600 rogata
926 4530 1209 4585 consuesti
1236 4530 1455 4586 visere:

27 4615 267 4684 Quanto
297 4616 486 4687 magis
513 4630 652 4687 ergo
677 4616 848 4673 debes
877 4617 1166 4687 postulata
1195 4617 1412 4684 adfore,

28 4706 170 4773 Quae
193 4705 489 4777 profundo
517 4705 822 4776 appellaris
851 4706 1059 4763 mentis
1089 4720 1230 4764 meae
1258 4707 1498 4764 vulnere
1534 4706 1622 4775 [f.,
1653 4705 1743 4762 vi-

1522 4794 1742 4868 [scere],

30 4886 211 4942 Plena
239 4886 364 4953 Dei,
395 4891 450 4941 et
480 4884 705 4954 piorum
739 4885 912 4956 plena
942 4900 1176 4956 prorsus
1204 4886 1510 4954 viscerum,

30 4975 222 5045 Super
251 4988 426 5029 omne
453 4974 606 5044 quod
641 4974 911 5031 humanae
943 4976 1156 5046 linguae
1182 4975 1335 5031 valet
1356 4975 1637 5032 studium.

27 5063 156 5118 Jam
189 5070 433 5119 tuorum
463 5061 798 5118 elucescunt
826 5061 1115 5118 claritates
1143 5076 1472 5119 munerum.

28 5152 189 5208 Orna
225 5165 422 5207 mores
460 5149 520 5206 in
549 5164 641 5207 me
676 5164 889 5207 curans
914 5150 1204 5222 quidquid
1249 5159 1333 5207 est
1362 5150 1741 5209 mortiferum.

30 5241 359 5311 Nunquam
388 5238 519 5308 fuit,
548 5254 654 5296 nec
678 5240 871 5298 existit
900 5255 1007 5311 par
1037 5241 1139 5297 tibi
1172 5240 1258 5297 vel
1291 5240 1512 5297 similis.

32 5330 161 5386 Toti
191 5330 352 5385 enim
378 5336 662 5385 creaturae
690 5338 1062 5400 superexstas
1088 5329 1318 5387 nobilis.

1843 2310 1951 2366 Pro
1983 2320 2215 2367 tuorum
2241 2311 2397 2382 apud
2429 2312 2615 2382 ipsum
2649 2312 2888 2382 loquere
2918 2310 3186 2379 remedio,

1843 2399 2143 2471 Frangcns
2171 2413 2352 2471 regna
2386 2399 2604 2461 mortis.
2638 2399 2766 2470 ejus
2789 2400 2974 2455 subde
3003 2414 3106 2456 nos
3130 2399 3390 2470 imperio.

1845 2488 1931 2543 Illi
1960 2488 2145 2545 Verbo
2177 2488 2502 2559 prompsisti
2534 2496 2755 2559 quanto
2784 2496 2867 2544 est
2900 2488 3161 2557 vicinior,

1845 2577 2025 2633 Tanto
2052 2577 2237 2648 magis
2264 2576 2650 2633 interventum
2684 2585 2890 2646 prmsta
2920 2577 3233 2633 sollicitior.

1846 2665 2071 2721 Prosiut
2104 2672 2215 2721 tuae
2248 2673 2460 2721 sanctae
2490 2680 2679 2735 preces
2707 2680 2766 2721 se
2797 2666 3025 2721 deflenti
3053 2666 3283 2732 misero,

1844 2753 1959 2811 Ora
1987 2768 2212 2824 semper
2233 2769 2337 2825 pro
2370 2756 2683 2812 multorum
2716 2762 3082 2824 peccatorum
3103 2756 3329 2810 conscio
3398 2770 3405 2775 ’

1845 2843 1983 2898 Tuae
2012 2843 2260 2899 multum
2296 2843 2623 2914 indigemus
2652 2843 2934 2913 largitatis
2967 2856 3226 2898 munere.

1846 2930 2001 2997 Quid
2026 2932 2282 2987 remittat
2312 2939 2377 2988 ut
2405 2930 2652 2987 offensas
2681 2932 2794 2987 Deo
2825 2930 3022 2987 differs
3051 2930 3257 2987 dicere.

1846 3019 2138 3090 Quidquid
2164 3020 2318 3076 enim
2349 3019 2666 3091 postulabis
2695 3019 3065 3090 consequeris
3096 3018 3280 3076 facile.

1849 3110 2003 3180 Ergo
2033 3109 2265 3164 tandem
2294 3116 2569 3165 exoratus
2598 3108 2854 3165 infelices
2880 3108 3118 3178 respice.

1849 3199 1932 3252 Da
1960 3211 2265 3267 perennem
2295 3210 2474 3268 quam
2501 3196 2706 3252 amasti
2727 3196 3043 3252 castitatem
3061 3194 3335 3265 corporis,

1850 3285 1918 3342 Et
1943 3300 1977 3341 a
2005 3286 2228 3341 cunctis
2257 3299 2389 3355 quae
2419 3285 2720 3341 molestant
2749 3285 2937 3341 exime
2960 3284 3285 3341 contrariis.

1851 3377 2017 3446 Auge
2046 3388 2299 3442 sensum,
2338 3374 2503 3431 firma
2534 3389 2752 3445 pacem,
2787 3375 3073 3445 quidquid
3104 3384 3268 3432 nocet
3299 3386 3549 3430 remove.

1850 3467 1899 3519 A
1929 3464 2139 3521 futuris
2169 3479 2257 3520 me
2286 3463 2582 3520 refreuaus
2611 3464 2758 3520 facta
2786 3464 2939 3519 mala
2967 3464 3142 3520 dilue.

1852 3554 1897 3611 Ο
1924 3553 2161 3625 Regina,
2189 3555 2309 3624 jam
2333 3554 2597 3624 praesenti
2627 3553 2937 3609 inclamata
2969 3553 3245 3622 carmine,

1852 3643 2056 3700 Custos
2079 3641 2205 3713 ejus
2233 3656 2301 3698 ac
2330 3642 2590 3699 minister
2621 3651 2940 3714 praepotens
2964 3642 3235 3712 apostole,

1855 3732 2028 3803 Apud
2056 3746 2188 3787 eum
2220 3732 2321 3803 qui
2354 3746 2472 3802 prae
2501 3732 2725 3789 cunctis
2755 3747 2855 3788 vos
2886 3733 3149 3803 probavit
3177 3731 3330 3804 agite

1859 3822 1926 3877 Ut
1952 3820 2226 3893 dignetur
2254 3822 2325 3877 ad
2348 3835 2406 3877 se
2435 3829 2657 3877 nostros
2678 3821 2901 3877 animos
2923 3822 3163 3891 erigere.

1860 3911 2031 3965 Passo
2063 3924 2201 3966 sane
2233 3910 2457 3966 Christo
2490 3910 2786 3980 quondam
2811 3910 2949 3965 satis
2975 3910 3108 3966 estis
3133 3922 3431 3966 memores.

1853 4001 2033 4055 Juxta
2063 3999 2253 4055 crucis
2283 4000 2412 4071 ejus
2439 4012 2598 4055 aram
2635 4013 2812 4070 quam
2840 3999 3075 4055 stetistis
3104 3998 3339 4054 flebiles.

1856 4089 1963 4144 Per
1989 4090 2141 4144 hanc
2167 4103 2306 4160 ergo
2336 4096 2548 4145 sanctae
2579 4088 2782 4144 mortis
2809 4102 2906 4144 ore
2937 4102 3038 4143 vos
3066 4086 3393 4144 mmstitiam

1856 4178 2171 4247 Impetretis
2202 4178 2299 4235 ubi
2328 4178 2495 4234 nobis
2518 4178 2651 4233 Jesu
2682 4177 2757 4248 pii
2791 4176 3057 4249 gratiam.

1856 4266 1901 4321 Ο
1931 4266 2130 4333 Maria,
2160 4268 2432 4338 quamvis
2464 4282 2562 4323 ore
2594 4275 2647 4322 te
2676 4266 2892 4336 polluto
2919 4266 3235 4333 nominem,

1854 4356 2006 4411 Audi
2036 4364 2244 4425 tamen,
2270 4364 2323 4414 et
2353 4370 2386 4412 a
2412 4356 2595 4427 culpis
2626 4355 2855 4412 interim
2885 4356 2959 4411 da
2987 4355 3267 4426 requiem.

1791 4469 1833 4523 υ
1856 4446 2059 4516 Jugem
2094 4460 2328 4517 quoque
2356 4446 2465 4502 hac
2494 4446 2553 4501 in
2585 4446 2703 4501 vita
2732 4444 2806 4501 da
2838 4444 2921 4500 tui
2951 4445 3306 4501 memoriam.

1854 4535 1955 4601 Da,
1990 4532 2171 4589 Maria
2200 4534 2384 4590 dulcis
2413 4541 2547 4601 tota,
2584 4534 2641 4589 in
2671 4533 2871 4590 futura
2900 4532 3163 4604 gloriam.

1853 4621 1899 4678 Ο
1923 4622 2190 4690 Joannes,
2224 4623 2395 4695 digne
2426 4622 2673 4680 multum
2706 4620 2809 4677 Dei
2828 4622 2940 4678 dici
2966 4619 3184 4695 gratia,

1854 4711 1969 4767 Nos
1995 4719 2049 4768 et
2081 4726 2279 4768 omnes
2302 4712 2403 4782 qui
2434 4719 2488 4768 te
2517 4719 2792 4782 quaerunt
2814 4711 2873 4766 in
2901 4711 3129 4781 periclis
3158 4710 3357 4767 libera.
3446 4742 3455 4751 ρ

1856 4800 1976 4857 Etsi
2008 4814 2219 4870 corpus
2246 4800 2579 4866 tribulatur.
2614 4801 2824 4856 mentis
2855 4800 2999 4870 pelle
3028 4813 3236 4867 nocua,

1855 4888 2272 4959 Comprobetur
2299 4904 2373 4945 ex
2405 4888 2602 4946 effecto
2631 4889 2787 4960 quod
2819 4889 2892 4945 sit
2924 4890 2982 4944 in
3011 4896 3065 4944 te
3095 4888 3303 4959 gratia.

1855 4979 1957 5045 Da,
1986 4977 2183 5043 Maria,
2218 4978 2336 5035 tuis
2363 4979 2547 5035 servis
2567 4978 2776 5034 animae
2795 4978 3163 5035 munditiam.

1855 5068 1955 5134 Da,
1987 5067 2256 5135 Joannes,
2288 5067 2665 5124 adversorum
2698 5067 2928 5124 vincere
2958 5066 3296 5124 molestiam.

1854 5155 2086 5211 Nosmet
2113 5156 2284 5212 ambo
2315 5156 2389 5212 ad
2420 5156 2652 5213 virtutis
2680 5156 2892 5213 lineam
2923 5156 3179 5213 reducite
3211 5170 3225 5211 :

1855 5243 1928 5299 Ut
1956 5244 2232 5315 conjungi
2264 5258 2595 5302 mereamur
2625 5244 2871 5302 claritati
2905 5244 3134 5302 caelicae.

1715 5565 1877 5611 FINIS
1888 5595 1902 5610 .
