3936 6428
417 423 481 474 57
487 424 519 476 9

1297 421 1362 475 V.
1413 419 1746 476 GUIBERTI
1786 419 2078 476 ABBATIS
2113 418 2168 474 S.
2211 417 2453 476 ΜΑΗΙᾹΞ
2485 419 2577 477 DE
2620 419 3014 477 NOVIGENTO
3807 425 3899 476 580

1398 701 1686 786 νεκ.
1749 700 2340 785 αυιεειιτι
2405 699 2955 784 ΔΒΒΔΤῙΩ

915 888 1104 997 AD
1213 885 2082 998 OPUSCULUM
2187 886 2370 996 DE
2473 883 3408 997 VIRGINITATE

1519 1091 1986 1167 EPISTOLA
2042 1091 2822 1167 NUNCUPATORIA.

489 1444 578 1495 8|
601 1447 630 1495 I
661 1441 844 1508 Quam
861 1439 1002 1495 dese
1018 1438 1771 1496 auctorhumilitersentiat.
1795 1439 1992 1496 —Etsi
2010 1451 2115 1494 nos
2150 1439 2199 1493 Α
2293 1439 2390 1494 Est
2434 1446 2489 1494 et
2529 1437 2710 1494 altera
2753 1437 2898 1494 ratio
2930 1451 3046 1493 non
3084 1436 3395 1493 admodum
3429 1450 3608 1493 cassa.
3661 1435 3720 1493 Si
3760 1436 3902 1493 enim

417 1533 534 1583 tam
565 1527 791 1582 eximiae
822 1527 996 1598 hujus
1035 1528 1269 1584 virtutis
1307 1537 1360 1584 et
1390 1527 1700 1594 credimus,
1741 1535 1796 1583 et
1827 1525 1982 1583 credi
2011 1540 2112 1580 vo-

414 1613 630 1681 lumus,
661 1629 801 1684 pene
845 1618 992 1670 totos
1033 1623 1306 1682 exsortes,
1347 1617 1391 1670 si
1439 1616 1664 1685 copiose
1709 1616 1885 1685 ipsius
1918 1614 2112 1684 gloriae

413 1703 783 1758 eminentiam
814 1717 884 1757 ne
910 1703 1290 1773 excogitando
1309 1703 1542 1773 quidem
1569 1703 1866 1774 attingere,
1900 1702 2110 1758 nedum

413 1789 723 1860 explicare,
771 1790 1035 1860 possibile
1081 1797 1184 1856 est,
1239 1799 1352 1846 tuae
1395 1790 1704 1858 dilectioni,
1755 1791 1885 1846 licet
1933 1804 2112 1860 supra

413 1877 625 1933 viresa
667 1877 832 1932 nobis
872 1877 1086 1948 exigat,
1127 1876 1272 1932 nihil
1316 1877 1587 1932 novimus
1625 1877 1780 1947 quod
1823 1891 2007 1948 usque
2037 1876 2111 1932 ad

411 1963 754 2036 sanguinem
785 1966 857 2021 sit
898 1965 1252 2035 negandum.
1300 1964 1616 2021 Praesertim
1654 1979 1788 2021 cum
1829 1964 1901 2020 ad
1949 1964 2108 2034 puri-

411 2054 544 2111 tatis
586 2053 845 2110 studium
897 2061 1094 2109 nostra
1143 2060 1195 2109 te
1243 2054 1498 2110 oratione
1529 2053 1813 2110 inhortari
1851 2060 2106 2122 expetas,

412 2141 682 2212 quamvis
709 2141 1053 2213 incongrue,
1085 2149 1140 2196 et
1168 2141 1406 2212 indigne
1433 2155 1538 2197 nos
1564 2141 1672 2196 hac
1701 2141 1768 2197 de
1798 2155 1858 2196 re
1889 2147 2110 2196 constet

411 2243 532 2286 esse
561 2230 837 2297 dicturos,
889 2229 1245 2285 arbitramur
1287 2238 1399 2284 tua;
1431 2228 1688 2298 petitioni
1726 2243 1840 2284 non
1877 2228 2109 2284 obedire

409 2317 587 2373 nefas.
634 2317 905 2372 Notitiam
953 2331 1091 2372 sane
1142 2317 1355 2372 divinae
1403 2316 1646 2387 paginae,
1697 2317 1801 2372 etsi
1837 2315 2103 2385 tenuiter,

410 2405 729 2476 attigimus,
762 2405 932 2475 cujus
962 2412 1245 2474 praecepta
1275 2403 1420 2459 scita
1448 2403 1643 2468 verbo,
1686 2403 1783 2459 sed
1814 2417 1983 2474 opere
2014 2403 2108 2458 in-

409 2493 660 2564 cognita,
705 2492 975 2561 maxime,
1026 2491 1222 2559 fateor,
1265 2501 1472 2547 nostrae
1507 2491 1861 2547 damnationi
1899 2491 2108 2547 didici-

407 2594 558 2648 mus,
593 2580 641 2636 si
672 2579 761 2635 vel
788 2593 874 2648 ea,
913 2595 1029 2635 non
1084 2581 1208 2634 dico
1257 2579 1348 2634 his
1389 2579 1490 2650 qui
1533 2588 1836 2648 respuunt,
1877 2579 1975 2635 sed
2016 2578 2106 2650 pie

407 2669 748 2740 rogantibus
777 2667 1039 2739 dilargiri
1068 2667 1480 2724 distulerimus.
1511 2666 1566 2722 Si
1587 2681 1724 2738 ergo
1745 2681 1850 2722 nec
1880 2667 2101 2735 salutis,

406 2769 596 2826 neque
622 2755 843 2826 praemii
869 2770 1011 2812 cura
1043 2771 1146 2810 nos
1184 2756 1447 2823 advocat,
1481 2755 1681 2811 saltem
1723 2755 2108 2832 undecunque

404 2843 709 2914 desperati,
751 2851 805 2900 et
843 2845 1013 2915 quasi
1060 2857 1161 2914 pro
1203 2851 1358 2900 certo
1399 2844 1691 2913 puniendi,
1729 2843 1785 2899 id
1814 2844 1998 2900 solum
2047 2845 2108 2900 in

400 2932 728 2988 omnimodo
767 2931 863 2988 illa
903 2946 1071 3002 pcena
1109 2932 1406 2988 lucremur
1453 2939 1519 2988 ut
1560 2946 1675 2988 non
1723 2946 1827 3002 pro
1868 2932 2107 2989 benedi-

401 3020 566 3076 cendi
609 3020 834 3090 inertia,
869 3035 999 3077 cum
1038 3018 1160 3090 'pro
1207 3020 1336 3076 aliis
1375 3019 1522 3076 male
1562 3019 1736 3090 gestis
1768 3019 2102 3090 plectemur,

401 3106 564 3164 dolor
611 3107 775 3163 nobis
824 3107 1160 3178 gehennalis
1197 3113 1502 3163 accrescat.
1537 3107 1650 3163 Nec
1691 3108 1846 3164 enim
1885 3107 2108 3178 absque

402 3196 654 3252 remedio
683 3203 787 3264 est,
821 3197 868 3252 si
898 3196 1049 3253 inter
1076 3199 1288 3252 mortes
1317 3195 1406 3252 vel
1439 3196 1513 3252 ab
1551 3211 1666 3252 uno
1707 3210 1814 3252 nos
1843 3197 2104 3252 redeme-

405 3285 592 3342 rimus
623 3286 762 3342 ictu.
1413 3334 1428 3346 .

472 3375 597 3432 Tibi
629 3376 807 3446 igitur
825 3374 1144 3442 humiliter,
1165 3374 1294 3430 licet
1323 3371 1454 3430 aliis
1483 3374 1866 3445 impudenter,
1890 3373 2105 3430 obtem-

403 3477 606 3535 perare
637 3463 1040 3534 proponimus;
1074 3463 1172 3518 sed
1199 3477 1232 3518 a
1262 3467 1334 3530 te,
1367 3477 1467 3519 seu
1493 3476 1527 3517 a
1556 3462 1911 3533 quibuslibet
1939 3462 2104 3518 nobis

402 3551 877 3622 exprobrandum
925 3565 1043 3606 non
1093 3557 1196 3617 est,
1245 3565 1378 3606 cum
1426 3564 1494 3606 ea
1549 3551 1618 3606 de
1669 3565 1788 3620 qua
1839 3551 2105 3620 cupimus

400 3645 649 3696 tractare
700 3639 912 3694 virtute
951 3638 1120 3694 vacui
1169 3639 1376 3708 reperti
1427 3638 1726 3706 fuerimus,
1767 3653 1902 3694 cum
1953 3638 2099 3694 idem

404 3727 588 3782 coacti
637 3725 960 3782 fecerimus.
1013 3727 1080 3781 Et
1127 3734 1276 3782 certe
1323 3727 1367 3782 si
1416 3727 1522 3782 hoc
1569 3727 1759 3796 ipsum
1797 3740 1872 3782 ex
1910 3734 2102 3782 nostro

404 3814 666 3882 arbitrio,
693 3813 1024 3884 simpliciter
1045 3822 1257 3876 tamen,
1283 3822 1337 3870 et
1367 3829 1482 3871 non
1505 3814 1672 3886 quasi
1693 3829 1766 3871 ex
1790 3815 2101 3886 magisterii

404 3902 746 3960 auctoritate
775 3903 1084 3960 fuissemus
1115 3905 1392 3975 aggressi,
1427 3912 1807 3974 spontaneum
1839 3911 2100 3960 nostrum

2222 1539 2463 1595 persona
2495 1525 2765 1596 quaelibet
2811 1525 2990 1582 sacris
3023 1525 3399 1581 enuntiandis
3435 1525 3805 1596 dogmatibus
3835 1525 3902 1580 si-

2222 1615 2397 1670 bimet
2429 1615 2623 1670 minus
2651 1623 2786 1684 apta
2825 1615 3074 1682 videtur,
3117 1621 3172 1670 et
3209 1628 3281 1669 ex
3313 1628 3507 1684 pravas
3553 1613 3903 1670 conscientia:

2221 1703 2443 1772 objecta
2475 1701 2642 1756 silere
2683 1700 2982 1770 disposuit,
3029 1699 3272 1755 nimium
3323 1699 3544 1770 pudens
3575 1699 3718 1754 mihi
3751 1699 3902 1754 vide-

2221 1797 2336 1855 tur,
2365 1790 2487 1857 iste,
2525 1789 2680 1844 hunc
2710 1789 2971 1844 inutilem
3003 1801 3232 1844 necesse
3268 1793 3353 1844 est
3394 1795 3574 1844 mutet
3612 1786 3900 1852 intuitum,

2215 1886 2272 1935 et
2312 1878 2439 1934 licet
2486 1878 2740 1948 plenarie
2786 1879 3074 1948 corrigere
3112 1891 3228 1932 non
3271 1876 3447 1946 possit
3510 1875 3743 1942 vitium,
3784 1883 3905 1946 agat

2220 1975 2408 2023 tamen
2463 1979 2565 2034 pro
2611 1979 2853 2035 persona
2901 1978 3077 2035 quam
3124 1971 3336 2034 portat.
3383 1963 3687 2020 Talentum
3741 1963 3904 2019 humo

2218 2068 2334 2109 non
2387 2053 2651 2120 subruat,
2708 2053 2812 2108 etsi
2869 2066 2985 2108 non
3045 2051 3312 2118 doctoris,
3371 2059 3474 2108 aut
3529 2050 3905 2121 prtedicatoris

2215 2141 2425 2208 oflicio,
2459 2141 2684 2202 clamet,
2736 2154 2808 2196 ne
2838 2153 3032 2196 secum
3059 2139 3156 2196 alii
3189 2139 3433 2210 pessima
3475 2139 3752 2196 sectando
3789 2152 3901 2209 per-

2215 2237 2367 2295 eant,
2401 2228 2489 2284 vel
2521 2228 2953 2298 praamunientis
2983 2234 3132 2284 voto.

2287 2319 2493 2372 Doctus
2518 2317 2672 2379 licet,
2699 2314 2956 2388 peccatis
2973 2313 3262 2385 obnoxius,
3282 2314 3444 2372 debet
3472 2313 3622 2371 alio:
3637 2312 3904 2370 verbisad

2214 2403 2509 2460 mliorem
2533 2405 2779 2476 frugem
2818 2420 3148 2475 provocare.
3178 2435 3249 2448 --
3286 2404 3460 2461 Verbi
3498 2405 3688 2476 gratia
3727 2419 3741 2458 :
3773 2404 3901 2458 Ecce

2211 2494 2538 2565 cuiuspiam
2599 2492 2796 2549 divitis
2853 2493 3028 2560 filius,
3095 2500 3331 2562 paterno
3374 2507 3488 2550 aere
3543 2499 3894 2562 consumpto,

2214 2583 2410 2638 relicta
2438 2581 2549 2638 sibi
2579 2581 2794 2651 praedia
2823 2580 3185 2651 abliguriens
3214 2588 3397 2637 totum
3429 2581 3580 2652 gulae
3613 2581 3898 2646 immersit,

2220 2680 2275 2728 et
2299 2685 2472 2742 egens
2504 2671 2575 2726 ad
2608 2669 2819 2726 infame
2848 2669 3080 2726 vivendi
3123 2669 3352 2726 devenit
3383 2670 3738 2740 exemplum.
3784 2671 3836 2726 Si
3863 2671 3898 2724 is

2221 2760 2401 2830 igitur
2452 2759 2597 2826 talis,
2646 2758 2859 2814 erroris
2899 2758 3133 2828 quidem
3181 2759 3480 2829 pmnitens,
3526 2758 3626 2814 sed
3669 2759 3900 2830 pristino

2215 2849 2391 2904 statui
2418 2848 2642 2903 reddire
2673 2861 2786 2902 non
2819 2846 3156 2916 praevalens,
3185 2847 3440 2916 aliquem
3466 2855 3726 2904 moneret
3753 2847 3913 2916 locu-.1

2215 2937 2417 3006 pletem
2463 2951 2549 2996 _ne
2605 2934 2785 2990 nimia
2838 2933 3115 2990 effusione
3170 2949 3308 2990 suas
3355 2934 3701 3005 dilapidaret
3756 2949 3900 3006 opes.

2216 3025 2376 3090 Vide,
2419 3023 2709 3093 inquiens,
2759 3036 2832 3078 ne
2879 3022 3067 3078 ventri
3109 3029 3212 3078 aut
3252 3023 3441 3078 inutili
3487 3022 3742 3094 largitati
3786 3030 3900 3080 stn-

2213 3112 2400 3168 dendo
2430 3111 2501 3166 ad
2534 3111 2641 3166 hoc
2665 3117 2730 3166 ut
2761 3109 2869 3165 mei
2899 3110 2977 3165 sis
3006 3108 3207 3166 similis
3232 3109 3540 3178 delabaris,
3573 3111 3710 3181 quis
3739 3111 3900 3167 istum

2213 3201 2272 3256 in
2307 3199 2414 3256 hoc
2444 3197 2755 3255 ridiculum
2787 3199 3135 3254 :estimaret?
3163 3198 3310 3254 Sane
3341 3198 3444 3254 iste
3471 3198 3636 3254 aliter
3671 3199 3901 3256 audien-

2211 3289 2322 3344 dus
2368 3301 2549 3358 quam
2604 3287 2698 3343 ille
2747 3301 2920 3358 quem
2958 3287 3252 3357 quondam
3281 3287 3660 3343 Terentianus
3699 3287 3902 3360 legitur

2210 3377 2492 3433 Parmeno
2553 3376 2783 3431 risisse:
2835 3374 3050 3431 Scitum
3102 3374 3309 3442 hercle,
3360 3375 3540 3444 aiens,
3589 3375 3896 3441 hominem,

2211 3465 2313 3536 qui
2407 3465 2476 3520 de
2531 3463 2724 3520 stultis
2778 3476 3043 3532 prorsum
3107 3463 3439 3519 hominibus
3492 3463 3725 3520 insanos
3777 3465 3899 3520 facit

2209 3554 2374 3623 (Tun.
2407 3554 2562 3608 Eun.
2603 3567 2662 3620 ιι,
2717 3555 2770 3621 2,
2824 3552 2932 3622 23).
2983 3551 3084 3609 Ille
3130 3566 3250 3608 suae
3291 3552 3615 3624 gulositatis
3645 3552 3901 3609 fortunas

2203 3641 2474 3712 jactando
2513 3641 2788 3699 miserum
2833 3641 3030 3696 incitat
3073 3640 3416 3709 auditorem,
3459 3641 3508 3696 is
3545 3654 3617 3696 ne
3647 3641 3721 3696 ad
3756 3641 3899 3698 cala-

2209 3728 2464 3786 mitatem
2489 3733 2644 3797 ruat,
2676 3727 2768 3784 sui
2801 3728 3178 3784 imitationem
3209 3736 3378 3784 caute
3406 3728 3624 3785 evitare
3655 3727 3899 3784 doceret.

2210 3817 2317 3874 Sed
2347 3817 2488 3888 quia
2517 3831 2622 3872 nos
2665 3815 2836 3885 nosti,
2879 3823 2934 3872 et
2971 3817 3173 3887 quales
3209 3816 3355 3872 nosti
3395 3830 3430 3872 a
3465 3815 3679 3872 talibus
3707 3817 3902 3872 admo-

2209 3905 2332 3960 neri
2361 3906 2546 3975 cupis,
2596 3905 2816 3975 pudore
2858 3918 3106 3973 recusso,
3151 3917 3265 3960 non
3311 3918 3431 3975 qua
3489 3904 3766 3961 debemus
3810 3903 3902 3960 sed

404 3991 624 4049 bonum
668 4005 784 4046 non
833 3990 1158 4060 supercilio,
1211 3998 1313 4048 aut
1361 3991 1663 4048 temeritati
1722 3982 1952 4059 ascribi,
2001 3991 2101 4048 sed
2140 4021 2182 4077 ρ
2213 4005 2332 4062 qua
2371 3992 2836 4063 possumus,‘tuis
2865 3993 3108 4049 auribus
3135 4007 3270 4048 voce
3299 4000 3620 4050 cantamus.

405 4079 780 4152 gratulatorie
807 4078 997 4149 excipi
1016 4079 1324 4136 debuisset.

1066 4305 1938 4414 OPUSCULUM
2007 4308 2194 4412 DE
2261 4307 3218 4413 VIRGINITATE.

927 4481 1566 4544 PBIEFATIUNCULA.

479 4590 652 4648 Ροεεί
683 4591 820 4664 plus
851 4591 1011 4662 justo
1033 4591 1424 4648 delectabatur
1440 4596 1658 4648 auctor.
1682 4621 1754 4634 —
1769 4592 2102 4665 Subjectum

409 4681 572 4738 valde
598 4681 658 4738 in
707 4688 902 4738 tenera
939 4680 1322 4737 adolescentia
1364 4681 1580 4752 positus
1619 4680 1813 4753 peregi
1853 4697 2102 4752 opuscu-

406 4771 550 4829 lum.
603 4770 748 4827 Nam
783 4784 919 4827 cum
957 4769 1066 4826 arti
1105 4769 1378 4838 metricae,
1419 4784 1552 4842 quas
1585 4785 1775 4827 comes
1803 4783 1928 4828 esse
1967 4783 2101 4845 con-

405 4859 594 4918 suevit
639 4858 884 4916 tumoris
930 4871 998 4914 ac
1050 4857 1318 4927 lasciviae,
1379 4859 1510 4929 plus
1550 4859 1708 4930 justo
1755 4857 2100 4926 insisterem,

407 4947 648 5019 quidam
681 4961 712 5003 e
754 4945 896 5002 meis
931 4945 1465 5016 contubernalibus,
1507 4947 1676 5004 homo
1715 4947 1840 5004 sine
1883 4947 2102 5004 invidia

405 5034 727 5092 litterarum
782 5034 1094 5104 studiosus,
1136 5035 1241 5106 qui
1278 5044 1484 5107 rogatu
1536 5050 1651 5093 non
1701 5035 1896 5107 plures
1937 5051 1973 5093 a
2013 5051 2102 5092 me

405 5124 732 5181 carminum
771 5123 992 5180 naenias
1032 5131 1378 5192 extruserat,
1429 5123 1694 5182 Salomon
1733 5125 1982 5192 nomine,
2028 5123 2102 5180 ad

406 5212 515 5269 hoc
541 5211 714 5268 etiam
745 5211 974 5282 impulit
996 5220 1062 5268 ut
1105 5227 1280 5283 super
1323 5211 1655 5284 virginitate
1684 5213 1905 5284 aliquid
1931 5213 2102 5269 dicti-

405 5309 608 5357 tarem.
655 5299 817 5367 Quod
859 5299 1175 5370 opiﬁcium,
1229 5307 1425 5370 utpote
1469 5300 1783 5369 insolitum,
1838 5308 2100 5356 metucu-

403 5388 560 5446 losus
584 5388 710 5460 [al.,
741 5389 1131 5460 meticulosus]
1163 5390 1504 5460 aggrediens
1535 5389 1854 5446 biformiter
1877 5391 2098 5459 horrui,

403 5477 542 5534 dum
574 5484 628 5534 et
657 5478 882 5535 lusibus
908 5492 1180 5535 versuum
1212 5492 1373 5534 mens
1398 5479 1612 5548 dedita,
1643 5479 1793 5534 seria
1831 5478 2101 5548 prosaicaa

403 5566 706 5640 gravitatis
752 5566 946 5624 minus
997 5567 1284 5638 attigerat,
1334 5574 1390 5623 et
1441 5582 1548 5634 res,
1611 5581 1742 5637 quae
1799 5568 2102 5624 tractanda

405 5655 854 5728 proponebatur,
887 5655 1134 5712 difficilis
1159 5656 1331 5712 etiam
1359 5655 1687 5728 grandaevis
1723 5655 2102 5713 intellectibus

2211 4493 2354 4543 erat.
2385 4485 2548 4554 Quod
2574 4487 2861 4558 quomodo
2899 4487 3272 4558 explicuerim
3313 4487 3579 4545 curiosus
3619 4488 3703 4545 sic
3729 4488 3906 4546 lector

2211 4575 2472 4632 advertat
2520 4583 2605 4644 ut,
2637 4589 2770 4647 qua
2809 4575 2952 4633 bene
2986 4577 3282 4643 senserim,
3327 4577 3466 4647 Deo,
3506 4576 3552 4632 si
3583 4591 3703 4648 qua
3738 4591 3905 4634 secus

2211 4677 2390 4734 quam
2419 4661 2612 4733 debui,
2644 4663 2936 4736 pubertati
2966 4664 3192 4721 referat.

2767 4804 2997 4863 CAPUT
3034 4805 3336 4863 PRIMUM.

2281 4949 2468 5014 Quam
2494 4947 2773 5004 excellat:
2789 4949 2866 5002 sit
2891 4945 3196 5020 virginitas
3217 4950 3275 5003 et
3292 4947 3506 5004 ardua.
3547 4948 3904 5021 Voluptuosi,

2208 5036 2486 5109 quomodo
2513 5035 2696 5108 possit
2724 5034 3028 5102 contineri,
3069 5051 3278 5107 capere
3306 5041 3622 5108 nequeunt.
3661 5067 3732 5078 —-
3756 5037 3905 5104 Quid

2207 5125 2444 5194 mirum,
2475 5125 2524 5182 si
2553 5124 2696 5181 illud
2713 5123 2850 5180 felix
2871 5123 3215 5195 integritatis
3238 5138 3444 5180 nomen
3470 5125 3610 5180 adeo
3630 5125 3906 5197 gloriosas

2207 5213 2269 5270 in
2309 5213 2584 5270 humanis
2630 5212 2888 5270 moribus
2935 5211 3182 5282 possidet
3223 5211 3442 5280 laudes,
3491 5226 3600 5270 cur
3645 5227 3744 5284 per
3797 5214 3905 5270 ho-

2209 5303 2395 5358 mines
2457 5316 2564 5359 suo
2625 5301 2818 5358 adhuc
2871 5301 3062 5358 cinere
3125 5301 3380 5370 amictos,
3452 5308 3508 5358 et
3573 5301 3904 5358 cadaverosi

2209 5391 2390 5463 hujus
2452 5389 2706 5460 corporis
2771 5390 2842 5446 de
2906 5390 3056 5446 fasce
3109 5398 3419 5460 gementes,
3486 5404 3681 5459 suum,
3739 5391 3914 5448 modo

2209 5480 2349 5536 satis
2413 5480 2616 5546 arduo,
2681 5487 2737 5535 et
2804 5493 2946 5549 pene
3009 5478 3161 5535 vires
3223 5479 3519 5534 excedenti
3567 5479 3900 5548 imitatione,

2209 5575 2503 5624 auctorem
2529 5567 2732 5624 sectari
2761 5567 3110 5624 contendat?
3157 5567 3356 5624 Arduo
3393 5567 3650 5638 quidem.
3692 5570 3761 5626 Et
3789 5584 3904 5625 non

2211 5650 2538 5722 minimum,
2574 5671 2708 5713 cum
2734 5670 2850 5721 eos,
2881 5656 2986 5728 qui
3012 5656 3292 5714 diuturno
3321 5655 3569 5712 carnalis
3597 5657 3905 5728 experien-
