3936 6440
327 387 427 440 583

325 513 570 569 audacia
643 527 794 582 quin,

325 601 566 657 similari
596 615 717 656 non
755 607 1040 665 contenta,
1080 601 1255 670 ipsius
1285 601 1394 667 sui,
1432 600 1584 670 quod
1618 599 1775 655 dictu
1805 601 2017 655 mirum

325 690 415 756 sit,
450 688 856 759 tranquillitati
887 693 1034 742 ala
1086 687 1263 744 beata:
1293 687 1537 743 nimium
1593 687 1810 742 invidet
1842 686 2018 742 Crea-

326 778 485 844 toris,
511 792 626 833 non
656 791 755 846 spe
780 776 1014 847 quidem
1043 776 1324 844 eamdem,
1354 789 1471 846 qua
1513 776 1665 830 Deus
1709 783 1812 843 est,
1851 782 2018 830 natu-

325 879 450 921 ram
487 865 858 934 adipiscendi,
890 864 986 920 sed
1017 878 1084 919 ea
1114 879 1232 934 qua
1276 864 1458 919 sancti
1491 879 1565 918 ex
1608 863 1705 918 Dei
1745 863 2018 920 liliationc

325 951 670 1008 deiticantur
725 951 925 1022 requie
968 959 1023 1007 et
1079 965 1216 1022 pace
1276 951 1526 1006 fruendi.
1581 951 1713 1007 Haec
1769 961 1852 1008 est
1923 952 2020 1007 illa

324 1039 599 1096 fortitudo
641 1039 808 1106 asini,
882 1053 997 1094 non
1041 1039 1112 1094 ob
1166 1039 1742 1106 irrationabilitatem,
1794 1039 1892 1094 sed
1947 1035 2020 1092 ob

326 1127 827 1183 mansuetudinem
889 1127 1364 1198 tolerantiamque
1413 1128 1469 1184 in
1536 1127 1800 1184 Issachar
1857 1127 2020 1184 bene-

325 1216 570 1272 dictione
599 1215 764 1285 positi
794 1215 958 1282 (Gen.
1019 1229 1180 1282 xmx,
1220 1217 1323 1283 14),
1367 1217 1466 1286 qui
1521 1217 1718 1272 vident
1761 1215 2016 1285 requiem

324 1319 360 1362 a
395 1304 717 1361 carnalium
765 1304 909 1359 bello
943 1304 1334 1370 tumultuum,
1369 1305 1524 1374 quod
1573 1312 1717 1360 esset
1749 1304 1919 1372 bona,
1964 1311 2020 1360 et

323 1399 537 1449 terram
578 1392 834 1462 corporis
875 1391 1090 1448 scilicet
1137 1392 1196 1446 in
1244 1407 1360 1462 quo
1389 1407 1548 1449 nunc
1597 1393 2019 1463 peregrinando

323 1483 646 1552 hospitatur
679 1495 986 1546 carcerem,
1030 1495 1163 1550 quae
1230 1481 1468 1537 mitibus
1519 1482 1574 1536 in
1607 1481 2020 1550 possessionem

322 1570 576 1638 dabitur,
626 1571 766 1640 quia
805 1570 1038 1639 optima,
1091 1571 1396 1625 humerum
1425 1571 1729 1639 supposuit
1759 1568 1832 1624 ad
1890 1584 2016 1640 por-

324 1659 563 1714 tandum
615 1659 840 1728 pondus
894 1657 1006 1712 diei
1037 1665 1092 1713 et
1140 1666 1334 1724 aastus,
1386 1666 1440 1713 et
1470 1658 1705 1714 habitus
1751 1666 1832 1713 est
1871 1673 2011 1713 con-

323 1745 588 1815 temptui.
614 1744 779 1815 quasi
802 1746 1068 1815 quaedam
1095 1746 1286 1815 gravis
1311 1746 1566 1801 molestia
1592 1747 1793 1801 mundi
1819 1745 2017 1801 luxus.

325 1835 458 1891 Hice
490 1842 626 1890 sunt
681 1842 894 1891 sanctae
951 1834 1127 1904 hujus
1170 1835 1356 1903 prima
1403 1834 1863 1904 excogitamenta
1900 1834 2017 1889 vir-

325 1923 484 1990 tutis,
549 1929 612 1978 ut
666 1923 814 1978 sicut
863 1937 1006 1977 suus
1049 1930 1251 1978 auctor
1296 1921 1612 1978 essentialis
1658 1923 1910 1991 potentia
1947 1922 2018 1977 ab

323 2011 480 2067 omni
535 2017 717 2077 motu,
777 2018 831 2066 et
894 2010 1192 2079 superﬂua
1261 2010 1604 2080 cogitatione
1658 2011 2022 2080 dignoscitur

323 2113 546 2169 exsors,
583 2100 660 2155 ita
692 2113 985 2170 quemque
1011 2099 1099 2154 sui
1133 2099 1454 2154 studiosum
1497 2098 1794 2170 integritas
1828 2113 2022 2168 quan-

325 2194 449 2244 tum
479 2188 538 2242 in
567 2187 892 2256 corruptela
917 2185 1135 2255 positus
1153 2186 1320 2240 homo
1346 2186 1465 2240 fieri
1491 2186 1730 2255 patitur,
1759 2185 1832 2241 ab
1865 2186 2022 2241 inor-

327 2275 524 2331 dinato
554 2274 812 2346 quolibet
837 2274 1052 2344 impetu
1087 2273 1290 2329 reddat
1313 2273 1659 2342 immunem;
1695 2273 1753 2328 in
1793 2281 2018 2330 tantum

325 2377 464 2434 ergo
496 2363 738 2419 similem
771 2363 1037 2418 dixerim.

985 2449 1218 2508 CAPUT
1259 2449 1362 2506 IlI.

401 2541 486 2594 De
525 2537 661 2595 Filii
704 2537 810 2592 Dei
840 2537 1148 2609 temporali
1175 2535 1562 2610 generatione.
1593 2566 1666 2579 —
1705 2537 1938 2594 Accedit
1968 2545 2022 2595 et

327 2628 468 2685 huic
500 2635 616 2684 tam
649 2627 953 2698 prmcipuae
985 2627 1319 2682 adventioni
1353 2626 1534 2682 altera
1553 2641 1668 2682 non
1700 2641 2025 2697 usquequa-

327 2730 442 2787 que
473 2714 852 2785 improhanda
882 2714 1049 2780 ratio,
1093 2715 1250 2784 quod
1293 2713 1553 2770 videlicet
1594 2713 2023 2784 indisputabilis

325 2819 400 2862 ex
459 2803 646 2860 Patris
700 2803 1016 2858 aeternitate
1056 2801 1327 2858 cozeterni
1375 2803 1500 2858 Filii
1553 2809 1734 2871 ortus,
1791 2818 1904 2858 non
1953 2803 2022 2859 de

326 2891 582 2949 exterius
623 2891 904 2956 adhibita,
951 2906 1083 2962 qua;
1133 2890 1215 2946 illi
1268 2891 1553 2946 nativitati
1596 2900 2018 2962 cooperaretur,

326 2979 668 3047 substantia,
729 2993 802 3034 ne
856 2987 1182 3034 nostrarum
1237 2977 1662 3049 geniturarum,
1735 2979 2021 3049 conjuga-

325 3067 543 3125 liumve
575 3066 1060 3123 necessitudinum
1090 3065 1298 3134 oflicio,
1327 3066 1775 3136 corruptivoque
1806 3067 2022 3123 semine

325 3163 546 3212 constat
573 3155 912 3222 celebratus,
947 3154 1046 3211 sed
1082 3168 1155 3210 ex
1187 3153 1280 3209 illo
1331 3153 1691 3211 inscrutabili
1737 3155 2015 3223 sacrario,

325 3245 712 3314 thesauroque
751 3243 954 3311 Patris,
997 3257 1112 3298 non
1162 3241 1318 3298 aliud
1370 3241 1507 3312 quid
1541 3241 1787 3299 alterum
1841 3257 2018 3313 quam

325 3333 479 3404 quod
515 3333 651 3403 ipse,
699 3340 800 3388 aut
844 3331 1112 3402 elligiale,
1168 3331 1267 3386 sed
1321 3345 1448 3398 sua,
1501 3331 1722 3401 absque
1757 3345 1874 3402 qua
1919 3346 2021 3388 nec

325 3428 540 3492 puncto
609 3420 841 3491 quidem
911 3419 1034 3483 fuit.
1087 3418 1371 3488 sapientia
1425 3417 1729 3489 virtusque
1788 3419 2016 3489 prodiit,

323 3510 668 3579 competenti
699 3508 807 3563 sibi
862 3507 1173 3577 generandi
1217 3506 1402 3572 modo,
1464 3513 1525 3560 ut
1574 3507 1691 3576 ipse
1734 3507 2022 3562 munditia

325 3595 983 3654 mundilicansomnium
1006 3608 1138 3664 quae
1170 3594 1510 3649 mundilicat
1539 3594 1753 3663 glorias
1776 3594 2022 3649 excede-

328 3694 434 3752 ret,
488 3692 543 3741 et
593 3699 668 3740 ex
717 3698 796 3751 se,
847 3683 976 3754 igne
1027 3682 1242 3738 scilicet
1270 3680 1618 3750 viviﬁcante,
1669 3681 1771 3752 qui
1813 3691 2018 3738 cuncta

327 3775 516 3832 foveat
570 3771 749 3829 Filius
789 3780 1065 3841 tanquam
1110 3770 1379 3840 splendor
1419 3771 1620 3826 exiret.
1677 3770 1912 3827 Talibus
1950 3773 2021 3826 ad

329 3860 711 3918 roborandam
762 3858 1175 3916 continentiam
1227 3859 1553 3915 Christiana
1618 3859 1900 3915 vivacitas
1948 3858 2026 3914 iu-

327 3949 574 4008 struitur
603 3949 985 4020 argumentis,
1019 3955 1073 4004 et
1121 3947 1179 4004 in
1208 3947 1553 4017 temporaria
1598 3947 1893 4018 voluptate
1922 3961 2023 4013 ge-

327 4039 506 4096 renda
563 4037 768 4094 cedens
825 4035 972 4102 aliis,
1034 4050 1205 4092 omne
1259 4035 1414 4106 quod
1464 4036 1572 4092 sibi
1635 4033 1705 4092 de
1761 4033 2024 4091 szeculari

328 4143 524 4186 amore
593 4129 814 4198 irrepit,
869 4125 1206 4192 subnervat,
1265 4132 1321 4180 et
1391 4133 1667 4194 perpetua
1731 4125 2026 4180 sterilitate

328 4217 546 4273 mundo
592 4215 952 4272 infructuosa
981 4225 1238 4268 marcere
1267 4212 1595 4282 disponens,
1650 4211 2026 4282 Spiritualiter

329 4305 444 4360 Deo
475 4303 740 4371 fecunda,
782 4310 837 4359 et
885 4301 1118 4358 illibatae
1166 4301 1234 4356 de
1284 4301 1466 4371 pretio
1499 4301 1808 4370 pudicitiae,
1868 4301 2022 4357 omni

330 4392 469 4448 ﬂore
495 4391 742 4463 gratius,
766 4404 862 4459 spe
891 4390 1172 4461 gaudiosa
1203 4387 1513 4459 praepollet.

397 4483 542 4538 Cum
575 4479 754 4550 igitur
785 4479 986 4544 Deum,
1028 4491 1144 4533 non
1184 4478 1304 4532 sine
1333 4476 1644 4546 Scripturze
1679 4475 2018 4543 testimonio,

329 4569 497 4641 quasi
527 4567 836 4638 quemdam
865 4567 1055 4638 ignem
1085 4564 1344 4636 accipiat,
1378 4565 1447 4620 de
1486 4579 1602 4635 quo
1623 4565 1704 4620 nil
1735 4563 1847 4619 nisi
1867 4565 2023 4635 quod

328 4657 632 4730 spirituale
673 4656 745 4711 sit
772 4663 996 4711 certum
1034 4663 1117 4710 est
1144 4653 1324 4726 gigni,
1373 4668 1489 4708 non
1540 4653 1791 4709 absurde
1846 4654 1896 4708 ei
1967 4653 2024 4708 in

329 4749 436 4804 isto
466 4761 526 4803 se
555 4751 870 4815 comparat,
904 4757 1035 4814 quae
1057 4742 1195 4798 dum
1224 4742 1454 4798 ruitura
1483 4741 1676 4796 carnis
1697 4741 2026 4810 posteritate

329 4847 450 4890 sese
485 4839 801 4904 spontanea
851 4831 1060 4902 privat,
1111 4831 1172 4886 lit
1225 4837 1290 4886 ut
1326 4844 1392 4886 eo
1444 4829 1761 4885 studiosius
1789 4829 2025 4886 demum

331 4921 462 4978 fidei
507 4921 886 4988 documentis,
919 4935 1066 4991 quos
1097 4920 1298 4990 poterit
1343 4919 1458 4974 Deo
1493 4917 1797 4988 parturiat,
1827 4925 1881 4974 et
1910 4933 2026 4974 non

330 5009 626 5065 moriturae
659 5007 869 5064 sobolis
899 5022 1092 5064 semen
1129 5007 1200 5062 ad
1238 5005 1516 5073 dolorem,
1545 5005 1642 5062 sed
1681 5003 2028 5062 mternaliter

332 5097 576 5154 victurae
604 5097 676 5152 ad
727 5095 1008 5168 gaudium
1054 5094 1278 5152 fundat.
1316 5093 1614 5150 Nefarium
1651 5101 1734 5151 est
1778 5092 1827 5149 si
1869 5094 2029 5150 Chri-

331 5186 558 5243 stianus
585 5185 876 5257 quispiam
909 5191 1023 5242 tam
1058 5185 1223 5241 beato
1250 5183 1384 5240 vita;
1442 5182 1633 5253 generi
1677 5182 2023 5253 refragetur,

331 5282 388 5331 et
413 5273 582 5330 nimis
613 5281 887 5330 causetur
925 5273 1197 5340 arduum,
1235 5286 1342 5328 nec
1381 5271 1588 5328 debere
1629 5272 1848 5327 servari
1891 5285 2025 5326 con-

333 5363 547 5432 tendat,
581 5377 715 5420 cum
755 5361 912 5432 apud
949 5369 1170 5418 veteres
1202 5361 1572 5418 observatum
1603 5360 1850 5416 evidenti
1883 5373 2030 5430 gen-

333 5451 524 5508 tilium
553 5451 880 5508 litterarum
923 5456 1176 5521 patescat
1205 5447 1488 5519 exemplo.
1543 5447 1774 5506 Vestam
1814 5460 2029 5518 quam-

333 5541 464 5596 dam
497 5541 812 5597 voluerunt
839 5553 961 5596 esse
982 5539 1169 5606 deam,
1203 5543 1448 5608 quamet
1471 5543 1712 5594 matrem
1732 5549 2028 5607 magnam,

334 5635 392 5684 et
423 5629 618 5685 nescio
649 5642 780 5700 quae
801 5627 914 5684 alia
964 5626 1192 5683 inﬁnita
1231 5625 1302 5680 de
1328 5638 1397 5681 ea
1434 5623 1792 5690 fabulantur,
1827 5636 2026 5693 quam,

1227 382 1288 435 V.
1329 379 1657 436 GUIBERTI
1701 380 1990 436 ABBATIS
2027 381 2082 436 S.
2127 379 2366 434 ΜΑΒΙιΕ
2404 377 2497 434 DE
2537 378 2921 436 NOVIGENTO
3719 380 3816 431 53i

869 511 1037 566 etiam
1104 511 1418 567 cmlestium
1477 512 1784 581 spirituum
1832 511 2027 582 glorim
2066 513 2111 564 Α
2138 511 2274 580 quia
2308 512 2469 581 virgo
2496 510 2622 579 fuit,
2668 511 2814 566 inter
2850 517 3056 566 caetera
3091 513 3352 580 potentiae
3382 524 3502 566 suae
3544 510 3818 565 miracula

2129 599 2480 670 adjicientes,
2532 598 2798 656 deitatem
2826 597 2933 654 sibi
2992 599 3145 669 ignis
3200 597 3612 669 ascripserunt.
3671 597 3821 668 Ignis

2129 688 2284 744 enim
2333 687 2477 743 nihil
2509 695 2774 758 generat;
2825 687 2967 742 nihil
2999 688 3170 743 etiam
3202 687 3384 758 virgo.
3418 687 3579 743 Unde
3607 695 3661 742 et
3695 688 3818 741 vir-

2130 776 2494 848 ginesipsius
2531 777 2850 832 servituras
2879 774 3016 831 fano
3061 790 3196 832 cum
3227 775 3626 842 instituissent,
3661 783 3819 855 tanta

2130 865 2443 934 disciplina
2471 865 2771 920 severitate
2813 878 3016 920 earum
3065 864 3316 920 lasciviae
3345 863 3714 930 obstiterunt,
3757 870 3820 919 ut

2129 953 2352 1023 legibus
2379 952 2664 1008 edicerent
2702 951 2987 1008 Vestalem
3026 951 3308 1022 virginem
3358 951 3541 1020 stupri
3571 949 3820 1006 insimu-

2129 1040 2325 1108 latam,
2356 1049 2411 1096 et
2427 1040 2767 1108 convictam,
2800 1054 2934 1096 cum
2971 1055 3076 1096 suo
3107 1041 3297 1094 vivam
3320 1046 3644 1108 stupratore
3669 1046 3821 1094 terra

2127 1128 2333 1184 debere
2360 1128 2546 1184 obrui.
2582 1127 2742 1194 Quod
2783 1127 3157 1184 attentissime
3189 1127 3488 1198 vestigare,
3519 1141 3623 1183 nec
3663 1125 3819 1183 inul-

2127 1224 2252 1272 tum
2283 1215 2566 1272 dimittere
2591 1215 2863 1272 Romanis
2891 1215 3121 1271 solertia
3151 1214 3336 1272 multa
3361 1214 3488 1271 fuit.

2199 1304 2255 1360 Si
2283 1304 2462 1377 igitur
2507 1312 2802 1374 tantopere
2849 1305 3214 1372 vilissimum,
3261 1319 3332 1360 ne
3363 1304 3672 1373 laberetur,
3724 1304 3816 1358 vi-

2128 1399 2284 1450 trum
2332 1401 2472 1450 tunc
2532 1393 2799 1463 temporis
2857 1393 3217 1461 servabatur,
3272 1392 3425 1463 quod
3475 1399 3626 1448 certe
3682 1405 3818 1446 cum

2129 1482 2420 1552 praecipue
2452 1481 2721 1538 reniteret
2759 1481 2988 1537 nullum
3019 1488 3160 1549 erat,
3193 1487 3248 1536 et
3280 1480 3566 1551 integrum
3607 1494 3676 1535 ne
3701 1479 3818 1536 duo

2129 1569 2360 1640 quidem
2396 1568 2530 1625 vilia
2562 1583 2739 1624 corna
2770 1569 3018 1625 valebat.
3051 1568 3199 1634 Quid
3231 1567 3371 1624 illud
3404 1568 3557 1624 omni
3598 1567 3820 1638 topazio

2128 1658 2381 1714 nobilius
2420 1657 2802 1729 margaritum
2863 1657 3029 1713 debet
3077 1656 3285 1712 habere
3334 1655 3625 1720 custodiae.
3668 1669 3822 1726 prae-

2129 1745 2322 1802 sertim
2353 1747 2502 1816 apud
2537 1761 2659 1813 nos,
2693 1745 2910 1816 quibus
2935 1759 3041 1802 sua
3085 1758 3202 1816 prae
3232 1744 3476 1800 auribus
3499 1744 3699 1800 crebro
3731 1743 3820 1800 le—

2131 1842 2352 1906 guntur
2393 1835 2662 1903 praemia?
2705 1833 2894 1890 locum
2935 1848 3072 1904 ergo
3131 1833 3187 1888 in
3237 1831 3561 1888 Christiano
3599 1839 3825 1902 pectore

2129 1924 2314 1979 virtus
2341 1923 2616 1990 obtineat,
2658 1937 2804 1992 quos
2833 1937 3010 1992 regno
3047 1929 3102 1978 et
3133 1920 3316 1993 gloria
3350 1920 3612 1992 pollicitis
3649 1919 3818 1978 Chri-

2131 2020 2256 2068 stus
2285 2011 2509 2067 invitat.
2561 2010 2619 2066 Si
2653 2012 2802 2066 inter
2849 2010 3252 2080 paganismum
3300 2008 3504 2079 viguit,
3536 2023 3670 2064 cum
3699 2007 3826 2064 sine

2129 2099 2262 2156 vitae
2295 2099 2602 2169 utriusque
2634 2097 2870 2168 praemio
2900 2099 3023 2153 sola
3044 2112 3247 2169 greges
3273 2097 3509 2152 miseros
3539 2110 3707 2167 pmna
3735 2111 3823 2152 co-

2131 2185 2321 2258 gebat,
2355 2185 2737 2255 amplectatur
2754 2199 2917 2241 suam
2945 2185 3308 2242 solitudinem
3341 2183 3610 2256 quisquis
3631 2184 3826 2256 jugali

2130 2275 2418 2330 consortio
2447 2274 2562 2330 huc
2583 2288 2765 2344 usque
2789 2274 2997 2341 caruit,
3039 2281 3094 2330 et
3123 2287 3196 2330 ex
3220 2272 3664 2345 conjugatorum
3694 2288 3828 2329 mo—

2131 2362 2324 2426 lestiis.
2356 2361 2470 2418 imo
2503 2361 2762 2430 miseriis,
2819 2361 3066 2419 astutior
3113 2361 3317 2429 factus,
3368 2375 3488 2418 suae
3527 2361 3672 2432 paci,
3698 2375 3826 2418 ma-

2131 2450 2220 2522 gis
2247 2465 2381 2506 vero
2411 2449 2749 2506 beatitudini
2775 2465 3079 2521 nunquam
3107 2450 3394 2520 deceptus,
3428 2463 3649 2520 precor,
3677 2449 3828 2506 invi-

2131 2540 2276 2594 deat.
2313 2539 2560 2595 Noverat
2616 2538 2784 2610 plane
2824 2537 3135 2609 Apostolus
3165 2553 3300 2594 cum
3321 2538 3613 2606 clamaret,
3643 2537 3830 2596 tribu-

2130 2625 2399 2682 lationem
2457 2626 2755 2683 habituros
2807 2625 3142 2698 hujusmodi
3197 2626 3259 2697 (Ι
3287 2627 3421 2681 Cor.
3485 2642 3522 2695 ι,
3566 2626 3681 2697 28,)
3722 2627 3825 2682 sed

2131 2729 2307 2786 quam
2341 2715 2554 2771 bonum
2585 2714 2693 2770 sibi
2727 2714 2843 2771 fore
2891 2729 3004 2770 non
3035 2715 3248 2782 reticet,
3289 2715 3335 2770 si
3385 2713 3465 2770 sic
3499 2722 3826 2782 manerent,

2133 2812 2196 2860 ut
2225 2805 2343 2873 ipse
2366 2811 2618 2859 maneret
2646 2802 2837 2873 (Ibid,
2871 2803 2944 2872 7).
2985 2803 3030 2858 Ο
3071 2811 3304 2872 quantae
3337 2803 3649 2860 alacritatis
3676 2818 3828 2874 pen-

2129 2905 2255 2959 nas,
2288 2891 2503 2960 quibus
2530 2890 2737 2947 ccelum
2776 2892 2999 2958 subeat,
3027 2890 3132 2946 sibi
3165 2891 3411 2960 subripit
3443 2891 3544 2962 qui
3573 2899 3688 2947 tam
3717 2905 3828 2946 ne-

2131 2979 2348 3050 gotioso
2379 2979 2720 3034 commercio
2753 2993 2810 3033 se
2837 2977 3150 3049 immergit!

2785 3118 3018 3176 CAPUT
3059 3119 3152 3175 IV.

2197 3242 2364 3301 Ratio
2385 3259 2500 3316 qua
2511 3241 2821 3315 uirginitas
2835 3243 3240 3315 amplectenda
3249 3245 3543 3301 suadetur.
3567 3279 3636 3287 —
3656 3247 3829 3306 Exci-

2129 3341 2229 3400 tat,
2275 3341 2330 3388 et
2375 3346 2488 3387 non
2540 3331 2776 3402 injuria,
2821 3332 2919 3388 sed
2959 3347 3239 3404 perquam
3269 3334 3424 3404 juste
3462 3334 3606 3392 illud
3651 3336 3830 3393 etiam

2127 3422 2199 3478 ad
2243 3421 2421 3492 hujus
2463 3419 2693 3476 virtutis
2730 3434 3004 3486 amorem,
3055 3423 3278 3490 piorum
3331 3437 3698 3494 quorumque
3747 3423 3836 3482 af-

2130 3509 2326 3565 fectus.
2347 3507 2506 3576 Quod
2546 3508 2757 3565 scilicet
2787 3509 2921 3565 olim
2963 3510 3315 3580 propositum
3363 3527 3398 3567 a
3455 3513 3682 3568 saeculis
3726 3513 3831 3568 in-

2128 3596 2471 3666 corporandi
2498 3596 2656 3652 verbi
2697 3596 3058 3666 mysterium,
3118 3612 3233 3654 non
3263 3597 3496 3656 aliunde
3543 3614 3721 3671 quam
3752 3617 3832 3657 ex

2128 3691 2492 3740 sacrosancta
2523 3685 2781 3755 pretiosae
2803 3685 3060 3756 Virginis
3087 3687 3216 3742 alvo
3255 3694 3566 3757 patratum,
3603 3690 3672 3745 de
3703 3703 3832 3747 sum

2130 3773 2464 3828 salvationis
2478 3773 2744 3845 jucunda
2773 3781 3077 3844 proventu,
3109 3774 3290 3831 ﬁdelis
3317 3790 3478 3832 mens
3506 3777 3669 3833 nulla
3707 3793 3832 3834 non

2132 3862 2364 3933 gaudet.
2395 3861 2536 3928 Q-.is
2575 3862 2730 3918 enim
2757 3862 2847 3918 vel
2878 3878 3008 3934 quae
3047 3863 3237 3934 potius
3267 3865 3448 3934 posita
3493 3867 3549 3920 in
3581 3867 3829 3937 ancipiti

2129 3951 2199 4006 de
2249 3965 2356 4007 sua
2401 3951 2688 4006 servanda
2724 3951 3056 4022 virginitate
3081 3953 3338 4021 consilio,
3372 3953 3510 4010 dum
3559 3955 3839 4011 eminen-

2132 4039 2416 4096 tissimum
2446 4040 2621 4095 decus
2651 4039 2794 4096 tanti
2827 4048 3028 4110 partus
3056 4041 3318 4109 attendit,
3367 4057 3479 4097 non
3521 4043 3591 4098 ad
3628 4057 3827 4112 prose-

2133 4127 2364 4198 quenda
2415 4117 2678 4198 protinus
2729 4127 2974 4199 vestigia
3016 4136 3190 4185 tantae
3247 4128 3545 4186 Genitricis
3577 4131 3840 4200 aspiret?

2131 4215 2461 4272 Mirandum
2509 4215 2554 4270 si
2604 4213 2868 4271 sufﬁcere
2914 4217 3328 4273 considerando
3370 4218 3506 4274 huic
3548 4218 3841 4276 miraculo

2130 4303 2476 4373 valeremus,
2514 4317 2858 4375 magnopere
2910 4305 3074 4361 nobis
3119 4313 3263 4362 esset
3313 4307 3465 4377 quod
3503 4308 3654 4364 Deus
3710 4307 3838 4364 hu-

2061 4401 2106 4455 D
2135 4407 2322 4449 manas
2373 4392 2740 4449 continentiae
2779 4393 2994 4449 bonum
3039 4394 3178 4451 adeo
3212 4395 3642 4466 magnipendat,
3691 4411 3839 4454 cum

2130 4495 2327 4537 omnes
2385 4488 2600 4537 nostrae
2652 4481 2954 4538 munditiae
3009 4482 3247 4552 puritati
3293 4483 3533 4552 collatae,
3597 4495 3842 4556 pannus
3877 4489 3898 4504 ’

2131 4576 2502 4626 menstruam
2527 4583 2561 4624 a
2608 4569 2886 4640 propheta
2915 4573 3064 4625 3l4
3102 4569 3438 4641 judicentur
3489 4572 3636 4643 (Ιεα.
3672 4588 3833 4641 wa,

2132 4657 2207 4727 6),
2239 4664 2296 4713 et
2322 4672 2408 4724 ea,
2438 4671 2570 4727 quze
2601 4657 2942 4728 plerumque
2982 4656 3090 4726 ipsi
3118 4658 3175 4712 in
3220 4657 3387 4714 nobis
3412 4659 3605 4715 minus
3643 4660 3842 4730 placi-

2132 4753 2266 4800 tura
2311 4751 2602 4815 putamus,
2661 4750 2763 4800 aut
2792 4752 2942 4801 certe
2991 4745 3146 4816 quod
3179 4759 3296 4802 non
3355 4746 3477 4802 sine
3507 4761 3678 4817 poena
3724 4757 3839 4814 est,
3890 4795 3910 4816 ,

2132 4830 2399 4888 habenda
2444 4845 2547 4902 pro
2591 4832 2772 4888 nihilo
2817 4831 2976 4902 (Luc.
3037 4846 3176 4901 xvn,
3226 4833 3333 4904 10),
3372 4833 3514 4902 hzec,
3545 4835 3650 4891 etsi
3673 4837 3841 4906 apud

2132 4934 2237 4976 nos
2266 4919 2428 4976 nulla
2453 4923 2567 4976 sint
2601 4928 2702 4977 aut
2746 4920 2906 4989 vilia,
2959 4927 3251 4991 tantopere
3280 4930 3574 4993 acceptare
3621 4923 3842 4994 digne—

2134 5014 2250 5062 tur.
2283 5009 2427 5064 Cum
2452 5009 2603 5063 enim
2626 5007 2880 5075 aliunde,
2913 5015 2966 5065 et
2995 5007 3164 5080 longe
3193 5009 3462 5077 nobilius,
3486 5009 3842 5069 sublimius—

2135 5109 2250 5166 que
2314 5109 2490 5164 quam
2544 5096 2795 5152 feminea
2845 5096 2918 5152 sit
2995 5095 3322 5168 virginitas,
3383 5098 3581 5155 multis
3645 5101 3842 5157 modis

2135 5180 2263 5236 aliis
2282 5195 2404 5238 sese
2449 5196 2752 5253 procreare
2781 5182 3054 5239 divinitas
3105 5192 3312 5254 posset.
3373 5186 3523 5242 Licet
3560 5187 3719 5243 enim
3767 5187 3846 5244 fo-

2134 5277 2222 5328 ret
2250 5271 2438 5342 virgo,
2483 5277 2672 5328 tamen
2699 5272 2841 5342 quia
2864 5269 3098 5340 femina,
3133 5273 3278 5330 uteri
3309 5274 3398 5330 sui
3430 5275 3684 5347 dignitas
3715 5291 3842 5334 non

2135 5358 2429 5416 confertur
2457 5360 2529 5416 ad
2549 5361 2752 5429 Deum,
2789 5360 2892 5432 qui
2913 5360 3194 5418 virtutum
3225 5376 3598 5434 quarumque
3619 5364 3844 5437 glorias
3904 5419 3909 5425 .

2135 5447 2481 5504 mortalibus
2540 5447 2808 5505 intimare
2862 5448 3151 5505 veniebat.
3213 5449 3577 5520 Singularem
3639 5453 3838 5522 istam,

2138 5549 2316 5606 quam
2354 5550 2426 5592 ne
2457 5535 2800 5608 conjugium
2824 5536 3037 5594 foedare
3061 5537 3375 5606 videretur,
3411 5539 3672 5598 laudavit
3703 5543 3844 5614 qui-

2139 5625 2289 5692 dem,
2333 5623 2430 5679 sed
2479 5638 2594 5681 non
2641 5638 2714 5681 ex
2753 5632 3036 5696 praecepto
3075 5625 3275 5693 edidit,
3313 5640 3488 5698 quam
3519 5631 3841 5688 reverendo
