3956 6410
106 382 208 433 585

1335 379 1751 438 OPUSCULUM
1792 380 1882 436 DE
1919 378 2410 439 VIRGINITATE.

3525 393 3630 447 586

102 522 159 570 et
198 514 482 571 mirabilis
528 514 803 571 astimari
852 515 1055 572 debeat
1091 515 1232 587 solo,
1281 523 1348 573 ut
1390 516 1473 573 sic
1533 515 1800 574 dixerim.
1840 520 1888 573 Α
1915 524 2002 574 tas
2035 526 2137 587 est,
2182 519 2528 576 indesinenti
2582 521 2773 579 studio
2810 530 3161 595 satagamus,
3214 524 3462 595 prafixit
3505 540 3630 583 eos-

104 611 257 659 nutu
288 618 408 660 sua
440 604 730 660 electionis
758 605 1021 661 ostendit.

173 692 360 763 Elegit
405 707 542 763 ergo
576 707 682 749 suo
723 693 947 764 corpori
999 694 1258 765 Virginis
1287 709 1515 766 corpus,
1555 696 1809 766 quodam

102 780 270 836 nobis
299 782 465 836 modo
491 781 727 837 silenter
758 781 1006 838 innuens
1035 783 1193 854 quod
1225 792 1421 854 aperte
1453 784 1574 839 hac
1604 798 1810 841 sonare

104 869 375 926 videatur
414 886 427 925 :
471 871 587 926 Etsi
612 877 815 927 vestra
844 884 1023 927 causa
1053 872 1399 943 fragilitatis,
1430 872 1548 929 imo
1580 888 1652 929 ne
1681 889 1812 930 con-

96 958 268 1029 jugia
302 960 519 1016 malum
551 961 780 1030 putetis,
826 968 892 1017 ut
936 961 1257 1033 virginitati
1292 963 1568 1019 studeatis
1606 963 1808 1033 praci-

100 1062 235 1118 pere
275 1063 495 1118 vereor,
550 1049 917 1107 evidentibus
970 1058 1163 1108 tamen
1214 1066 1353 1107 mea
1421 1052 1812 1122 coneeptionis

98 1139 670 1210 conversationisque
713 1139 959 1206 indiciis,
992 1140 1065 1195 ad
1102 1139 1246 1211 quid
1295 1140 1654 1210 potissimum
1699 1153 1813 1195 an-

101 1225 298 1283 helare
328 1227 580 1283 debeatis
611 1227 863 1295 insinuo,
894 1242 1027 1284 cum
1068 1242 1171 1298 per
1200 1228 1484 1299 integram
1517 1234 1692 1283 natus
1736 1227 1809 1282 ad

30 1332 33 1339 ι
98 1328 206 1370 vos
250 1316 600 1383 devenerim,
625 1324 680 1372 et
724 1304 1093 1387 integerrime
1124 1316 1422 1373 vobiscum
1455 1329 1545 1372 me
1593 1315 1811 1371 habue-

99 1403 234 1473 rim,
271 1413 326 1461 et
377 1405 524 1461 inter
560 1419 673 1473 eos,
724 1419 874 1477 quos
915 1404 1023 1461 mei
1058 1404 1370 1476 magisterii
1418 1404 1626 1461 schola
1674 1403 1814 1460 asci-

99 1506 323 1561 veram,
373 1507 571 1549 omnes
611 1493 845 1564 quidem
892 1494 1202 1564 pracipue,
1234 1494 1330 1549 sed
1379 1492 1543 1549 illum
1588 1494 1814 1563 specia-

100 1582 239 1648 lius,
276 1582 379 1652 qui
413 1582 588 1653 Virgo
619 1584 826 1649 fuerat,
862 1596 1000 1637 mea
1051 1581 1405 1638 charitudini
1436 1581 1816 1638 familiarius-

98 1685 218 1741 que
263 1672 595 1741 allegeram.
644 1670 798 1736 Quos
850 1684 990 1741 ergo
1046 1670 1366 1741 privilegiis
1419 1684 1510 1726 me
1568 1670 1816 1726 honora-

100 1757 349 1813 tioribus
374 1758 589 1812 donare
618 1756 840 1823 videtis,
876 1756 1082 1827 quanti
1130 1758 1282 1826 apud
1317 1770 1408 1812 me
1454 1757 1567 1812 sint
1612 1770 1811 1812 eorum

100 1843 446 1901 sinceritatis
477 1845 681 1900 merita
730 1844 950 1900 cateris
996 1844 1242 1900 clariora
1286 1858 1524 1915 pensare
1574 1844 1812 1912 debetis,

102 1932 379 1990 Suflicere
405 1939 637 2001 possent
662 1933 785 1989 hac
827 1932 1178 2003 virginitatis
1206 1933 1490 2004 exempla.

797 2074 1028 2131 CAPUT
1068 2074 1135 2132 V.

175 2200 438 2273 Angelos
486 2215 661 2271 puros
689 2202 744 2254 et
773 2200 1038 2272 corporis
1075 2204 1340 2270 experte:
1366 2199 1480 2255 sibi
1518 2200 1818 2257 minis-Iros

100 2290 281 2359 elegit
332 2291 505 2345 Deus.
554 2289 860 2362 Dignitale
919 2291 1117 2362 angeli
1161 2291 1493 2363 praeellunt
1536 2291 1812 2347 homines.

97 2379 360 2452 Angelos
382 2379 549 2450 longe
563 2381 801 2450 superat
818 2379 889 2432 Β.
924 2378 1118 2451 Virgo.
1145 2407 1213 2420 —
1231 2378 1406 2434 Aliud
1434 2392 1671 2449 quoque
1700 2393 1815 2435 non

103 2469 402 2539 praterire
431 2482 618 2538 opera
644 2468 889 2537 pretium
923 2481 1070 2535 reor,
1116 2467 1272 2538 quod
1311 2466 1454 2523 illud
1494 2468 1816 2539 singulari-

102 2565 200 2613 ter
222 2556 527 2624 mundum,
560 2564 757 2626 utpote
786 2556 941 2626 quod
973 2562 1057 2611 est
1086 2563 1141 2610 et
1161 2568 1338 2624 supra
1367 2562 1422 2610 et
1450 2562 1618 2611 extra
1643 2556 1815 2611 etiam

102 2646 421 2714 mundum,
456 2646 549 2701 cui
580 2645 745 2712 nihil,
778 2645 919 2700 dum
967 2643 1368 2713 corruptibilia
1413 2644 1579 2715 regit,
1614 2658 1814 2701 corru-

105 2736 435 2806 ptibilitatis
478 2742 579 2791 aut
625 2733 747 2789 vitii
799 2734 1057 2804 inﬂigere
1106 2734 1305 2804 aliqua
1346 2734 1495 2789 valet
1536 2734 1813 2801 molestia,

104 2838 226 2879 non
275 2823 418 2879 alios
464 2823 534 2878 ad
587 2822 696 2878 sibi
743 2821 1087 2877 familiarius
1138 2821 1578 2891 obsequendum
1637 2836 1816 2891 quam

106 2912 463 2982 incorporea
516 2912 853 2967 substantia
919 2918 1216 2967 creaturas
1270 2912 1600 2979 assumpsit.
1663 2911 1817 2977 Quos

103 3001 402 3070 sicutjam
436 2998 826 3055 immutabiles
870 3007 1087 3055 aterna
1122 3000 1235 3054 Deo
1275 2999 1576 3055 obediendi
1609 2999 1815 3054 volun-

101 3096 212 3155 tas,
246 3096 301 3143 et
330 3087 661 3143 excellentis
693 3088 875 3142 honor
913 3094 1157 3153 natura,
1214 3086 1287 3142 ab
1331 3087 1487 3142 omni
1531 3087 1686 3157 quod
1732 3093 1818 3143 est

102 3176 377 3232 indecens
406 3176 803 3247 integerrimos
850 3174 1057 3240 reddit,
1089 3176 1171 3231 sic
1214 3189 1320 3231 suo
1366 3176 1603 3231 Auctori
1660 3189 1816 3231 crea-

101 3264 254 3321 turis
284 3263 411 3318 aliis
431 3263 715 3334 gloriosus
745 3277 951 3319 eorum
976 3264 1115 3319 ordo
1147 3264 1394 3320 vicinius
1436 3264 1620 3331 hasit,
1654 3265 1814 3329 Quo-

101 3368 239 3409 rum
270 3360 490 3423 quanta
515 3352 797 3408 habeatur
825 3366 1074 3419 summa,
1115 3352 1426 3423 quamque'
1444 3353 1813 3422 praemineat

100 3440 379 3513 dignitas,
409 3454 483 3496 ex
512 3454 580 3496 eo
612 3439 897 3510 pracipue
929 3448 1108 3510 potest
1136 3440 1411 3511 perpendi
1453 3442 1607 3511 quod
1655 3448 1813 3497 certa

100 3530 447 3585 auctoritate
484 3529 664 3585 scitur
692 3528 924 3584 nullum
958 3528 1259 3585 hominum
1289 3529 1363 3584 ad
1410 3543 1546 3585 eum
1586 3530 1809 3585 sancti-

98 3620 235 3675 tatis
266 3619 513 3690 gradum
543 3617 869 3688 pertingere
899 3632 1083 3687 posse,
1117 3626 1182 3674 ut
1209 3618 1520 3674 minimum
1570 3619 1811 3689 angelo-

97 3722 233 3763 rum
265 3706 464 3778 gloria
486 3706 810 3777 quantitate
842 3706 1150 3776 pracellat.
1184 3707 1324 3763 Inde
1369 3716 1559 3763 tamen
1599 3706 1812 3777 excipi-

96 3803 198 3853 tur
236 3811 370 3866 qua
417 3795 725 3851 Dominum
765 3794 963 3865 gloria
994 3809 1068 3851 ex
1116 3809 1176 3851 se
1213 3795 1453 3866 protulit
1482 3796 1681 3867 Virgo,
1713 3796 1808 3853 cui

97 3899 201 3955 per
245 3884 452 3941 Filium
485 3884 566 3940 nil
601 3885 824 3940 caleste
854 3898 971 3939 non
1016 3883 1362 3955 subjectum,
1408 3899 1526 3940 non
1568 3886 1806 3954 novitia,

96 3973 195 4029 sed
222 3973 401 4029 veteri
432 3980 487 4028 et
518 3974 759 4042 probata
789 3972 1183 4030 testificatione
1217 3972 1542 4029 didicimus.

168 4062 341 4118 Omni
396 4062 592 4132 itaque
648 4060 814 4117 nobis
859 4068 1125 4117 acumine
1173 4061 1353 4117 animi
1394 4060 1808 4130 pervidendum

101 4151 307 4218 Deum,
354 4163 487 4206 cum
526 4150 634 4206 sibi
662 4150 956 4206 ministros
1002 4150 1270 4217 instituit,
1307 4158 1445 4207 tunc
1472 4150 1664 4206 adhuc
1705 4150 1806 4221 lfu-

98 4245 235 4295 turo
263 4237 460 4309 generi
488 4237 811 4306 hominum,
841 4252 988 4308 quos
1015 4244 1353 4308 peccaturos
1384 4244 1643 4305 noverat,
1688 4252 1810 4293 mu-

97 4333 217 4383 tam
253 4326 567 4398 quamdam
596 4325 656 4382 in
685 4327 806 4383 suis
834 4325 1057 4398 angelis
1084 4326 1347 4397 regulam
1372 4325 1805 4396 prascripsisse,

1918 606 2070 663 dem.

1990 695 2095 752 Sed
2131 696 2251 752 hac
2288 698 2431 753 tanti
2474 698 2712 767 decoris,
2750 699 2873 755 hac
2914 708 3029 757 tam
3078 700 3255 771 digna
3295 701 3466 772 Regis
3526 702 3629 759 Dei

1917 784 2157 851 familia,
2208 786 2426 867 quibus
2462 787 2604 843 nihil
2646 795 2771 858 post
2815 803 2988 844 suum
3035 798 3327 846 auctorem
3380 789 3629 846 conferri

1919 880 2117 943 potest,
2184 874 2259 929 illi
2335 876 2393 930 in
2456 876 2798 933 mulieribus
2857 877 3186 946 benedicta,
3245 892 3378 948 qua
3446 879 3627 935 Deum

1918 976 2091 1018 suum
2128 963 2358 1032 peperit,
2404 965 2726 1035 virginitati
2765 966 3045 1037 subjacet,
3096 974 3152 1023 et
3184 967 3307 1036 ipsa
3346 980 3482 1022 vere
3522 981 3630 1027 su-

1919 1051 2126 1119 blimis,
2157 1053 2297 1122 quia
2338 1053 2593 1121 humilis,
2639 1054 2781 1110 dum
2820 1054 2909 1110 sui
2941 1054 3430 1126 dispensationem
3474 1056 3628 1111 Con-

1920 1140 2122 1197 ditoris
2186 1141 2407 1209 adorat,
2467 1142 2727 1213 ejusdem
2795 1142 3241 1213 dispensationis
3300 1143 3628 1200 ministram

1919 1235 2341 1297 consequenter
2371 1220 2819 1285 honorat.'Lata
2852 1243 2911 1284 se
2955 1228 3008 1284 ei
3035 1228 3269 1298 subjicit
3307 1242 3407 1297 per
3456 1230 3629 1298 cujus

1922 1316 2177 1372 oilicium
2210 1324 2409 1386 partus
2456 1317 2671 1373 damna
2726 1316 2943 1387 proprii
2990 1316 3228 1379 ordinis,
3274 1318 3345 1372 de
3385 1317 3626 1373 humani

1922 1404 2149 1476 generis
2193 1405 2595 1475 supplemento
2644 1404 2905 1474 reparari
2952 1404 3388 1475 gratulabunda
3415 1419 3627 1476 cogno-

1922 1494 2047 1548 scit.
2082 1492 2291 1549 Mirum
2324 1506 2480 1560 sane,
2521 1493 2617 1549 sed
2647 1494 2766 1549 veri
2807 1494 3065 1563 plenum,
3102 1493 3398 1565 Virginem
3442 1507 3628 1565 ange-

1925 1581 1993 1637 lis
2028 1581 2359 1650 principari.

1995 1670 2100 1725 Sed
2130 1671 2245 1725 scio
2275 1670 2414 1725 mihi
2462 1670 2852 1741 objiciendum
2900 1685 3016 1726 non
3066 1670 3316 1741 Virgini,
3364 1671 3462 1727 sed
3511 1672 3629 1726 Do-

1924 1756 2065 1811 mini
2111 1756 2278 1813 Matri
2317 1757 2551 1827 angelos
2594 1757 2713 1813 fore
2742 1758 3049 1829 subjectos,
3097 1771 3218 1813 rem
3276 1758 3334 1813 in
3380 1758 3626 1815 nimium

1924 1858 2013 1899 me
2068 1844 2342 1900 extollere
2396 1845 2561 1900 velle.
2618 1845 2772 1912 Esto,
2820 1853 3075 1901 attamen
3115 1854 3339 1901 constat
3387 1846 3529 1917 quia
3579 1848 3628 1902 si

1923 1933 2154 1989 Domini
2200 1933 2366 1989 Matri
2424 1934 2841 2005 subjiciuntur,
2883 1942 2938 1990 et
3002 1935 3225 1991 Domini
3289 1935 3466 1991 Mater
3510 1949 3628 1992 non

1922 2036 2044 2078 esse
2074 2022 2238 2093 virgo
2266 2037 2382 2078 non
2417 2029 2619 2092 potest,
2656 2022 2905 2092 profecto
2934 2022 3159 2093 Virgini
3209 2022 3444 2079 subesse
3490 2038 3629 2093 pro-

1924 2112 2157 2167 bantur.
2188 2111 2561 2182 Privilegium
2593 2112 2879 2181 siquidem
2914 2112 3180 2181 potentia
3223 2112 3629 2169 ascribendum

1924 2207 2008 2253 est
2034 2199 2222 2265 Matri,
2252 2199 2331 2255 sic
2364 2207 2554 2255 tamen
2592 2208 2657 2256 ut
2697 2200 3005 2271 virginitas
3039 2215 3157 2256 non
3185 2208 3431 2270 negetur
3470 2201 3624 2271 pari-

1924 2296 2011 2342 ter
2042 2287 2336 2354 honorari,
2372 2289 2643 2358 quamvis
2670 2290 2798 2359 ejus
2826 2288 3006 2356 laudi,
3052 2290 3365 2359 integritati
3414 2290 3631 2345 scilicet

1923 2375 2062 2431 satis
2099 2391 2220 2432 esse
2251 2383 2443 2447 queat,
2478 2378 2633 2447 quod
2661 2378 2731 2432 de
2762 2376 2983 2433 illibata
3019 2377 3280 2434 nascitur
3309 2378 3479 2433 Deus;
3523 2378 3629 2433 Sed

1925 2463 2067 2532 quid
2100 2471 2393 2533 tantopere
2438 2478 2472 2518 a
2516 2463 2850 2533 proceribus
2895 2463 2945 2519 ei
2998 2465 3267 2520 honorem
3315 2479 3632 2536 queramus

1926 2552 2199 2621 impendi,
2236 2567 2369 2608 cum
2414 2567 2516 2623 per
2564 2567 2623 2609 se
2659 2554 2781 2609 Rex
2828 2552 2949 2622 ipse
2995 2553 3074 2609 ita
3110 2567 3236 2609 eam
3289 2555 3631 2611 muneribus

1925 2647 2332 2710 prosequatur,
2370 2647 2435 2695 ut
2465 2639 2559 2695 ille
2608 2639 2868 2707 allectus,
2921 2654 3097 2710 quem
3145 2641 3305 2696 beato
3351 2640 3627 2710 apostolo,

1924 2728 2026 2797 qui
2078 2728 2289 2797 pectori
2319 2728 2447 2798 ejus
2475 2728 2759 2784 canantis
2811 2728 3096 2796 incubuit,
3144 2729 3309 2785 Matri
3341 2730 3414 2784 ad
3454 2729 3630 2785 totius

1925 2814 2100 2868 decus
2148 2812 2345 2882 gloria
2414 2814 2679 2868 sufﬁcere
2736 2820 2941 2882 posset.
3015 2814 3159 2869 Mira
3206 2822 3431 2881 catera,
3498 2828 3631 2885 qua

1925 2915 2068 2970 pene
2098 2901 2331 2956 modum
2375 2900 2657 2956 felicitatis
2694 2908 2932 2967 exeunt,
2972 2901 3319 2970 pigritaiuur
3349 2911 3624 2959 attexere.

1925 2989 2225 3044 Pensanda
2276 2989 2469 3059 sagaci
2519 3004 2588 3044 ea
2644 2988 2837 3045 lectori
2910 2990 3338 3052 committimus,
3401 2991 3501 3060 qui
3580 2992 3631 3047 si

1926 3078 2089 3147 plene
2129 3076 2456 3143 intenderit,
2489 3076 2643 3147 quod
2685 3083 2968 3146 queratur
3009 3076 3080 3133 de
3127 3077 3366 3133 Joannis
3415 3078 3630 3136 honore

1924 3180 2039 3221 non
2069 3166 2196 3233 erit,
2226 3164 2328 3235 qui
2370 3166 2534 3236 virgo
2584 3165 2840 3235 Virginis
2870 3165 3011 3221 Filio
3067 3166 3176 3222 sub
3231 3173 3387 3222 tanto
3429 3167 3630 3223 matris

1921 3254 2192 3323 adoptiva
2216 3252 2576 3309 successione
2600 3252 2895 3309 successit.
2939 3252 3107 3309 Haud
3129 3253 3376 3310 dubium
3421 3253 3624 3325 igitur,

1922 3343 2066 3413 quin
2116 3342 2384 3411 majestas
2411 3340 2669 3411 angelica
2711 3354 2943 3397 omnem
2982 3340 3311 3412 virgineum
3365 3343 3627 3399 ordinem

1922 3430 2297 3501 pramaxime
2337 3436 2661 3496 veneretur,
2705 3443 2839 3485 cum
2871 3428 3015 3485 nihil
3071 3430 3219 3486 inter
3249 3444 3626 3501 quarumque

1922 3520 2205 3574 virtutum
2271 3527 2498 3575 sanctos
2565 3518 2835 3585 nobilius,
2907 3518 3137 3588 sibique
3205 3518 3455 3575 similius
3528 3520 3628 3575 ha-

1920 3606 2145 3663 beatur.

1989 3696 2086 3750 Ad
2112 3695 2250 3767 quid
2280 3695 2493 3752 Paulus
2513 3695 2797 3764 dextrum,
2863 3698 3059 3751 Petrus
3087 3694 3395 3753 sinistrum
3437 3699 3621 3753 locum

1918 3785 2216 3841 obtineant
2256 3784 2319 3839 in
2348 3784 2616 3857 picturis.
2650 3814 2724 3827 —
2776 3784 2924 3841 Illud
2970 3800 3206 3855 quoque
3237 3785 3394 3842 laudi
3426 3786 3518 3842 isti
3547 3800 3623 3843 ex

1918 3875 2218 3945 superﬂuo
2256 3875 2504 3944 adjicere
2533 3879 2684 3929 aus
2727 3873 3070 3929 audebimus
3103 3875 3259 3943 quod
3305 3875 3365 3930 in
3413 3876 3621 3932 veteri-

1918 3964 2029 4019 bus
2082 3963 2434 4034 quibusdam
2487 3963 2679 4018 Roma
2758 3961 2998 4031 picturis
3061 3960 3374 4018 Salvatoris
3432 3964 3622 4034 imago

1917 4052 2163 4108 Paulum
2193 4052 2430 4118 dextra,
2466 4051 2699 4107 Petrum
2731 4063 2868 4105 vero
2892 4048 3234 4119 apostolum,
3273 4051 3431 4120 quod
3471 4065 3621 4121 pra-

1918 4148 2208 4211 posterum
2292 4147 2530 4210 putatur
2610 4138 2924 4208 adpictum,
2982 4136 3319 4207 perhibetur
3408 4139 3622 4196 habere

1916 4232 2181 4286 sinistra.
2236 4229 2400 4295 Quod
2447 4242 2579 4285 cum
2626 4228 2769 4299 quid
2816 4227 3171 4298 signiﬁcaret
3220 4226 3265 4282 is
3307 4227 3466 4295 ordo,
3517 4228 3619 4299 qui

1916 4318 2211 4375 videretur
2271 4317 2651 4384 inordinatus,
2704 4329 2738 4371 a
2786 4315 3168 4385 prudentibus
3216 4315 3617 4386 exquisissem,

97 4423 163 4472 ut
195 4429 332 4472 cum
360 4414 531 4486 Regis
576 4415 666 4471 sui
711 4415 936 4471 curiam
979 4422 1036 4471 et
1068 4414 1195 4485 ejus
1227 4414 1499 4470 officiales
1545 4414 1805 4485 singulos
1843 4421 1887 4475 1)
1917 4407 2137 4463 dictum
2169 4406 2311 4462 mihi
2338 4413 2442 4467 est.
2488 4405 2733 4461 Paulum
2780 4404 2899 4460 fore
2931 4403 3140 4460 idcirco
3186 4404 3258 4459 ad
3301 4405 3619 4472 dexteram,

96 4505 477 4571 attenderem,
521 4503 580 4559 in
629 4503 1004 4560 cubiculariis
1048 4511 1104 4560 et
1153 4503 1465 4573 pincernis,
1498 4511 1562 4559 ut
1605 4504 1685 4560 ita
1718 4503 1806 4559 lo-

97 4607 266 4664 quar,
348 4592 940 4663 familiarioribusqne
1019 4592 1357 4649 necessariis
1446 4592 1806 4657 singularem

93 4681 396 4739 munditia
444 4680 848 4737 claritudinem
882 4680 1264 4751 mirarentur;
1297 4688 1351 4737 et
1381 4681 1593 4738 exinde
1647 4681 1805 4737 colli-

96 4775 319 4840 gerent,
368 4768 526 4839 quod
581 4768 736 4824 intra
791 4767 1181 4839 palatinorum
1234 4769 1363 4839 ejus
1421 4769 1808 4826 contubernia

96 4857 330 4915 admitti
360 4856 522 4913 nullo
579 4857 746 4913 modo
800 4865 1048 4927 possent,
1110 4857 1218 4914 nisi
1276 4855 1533 4913 maximo
1600 4852 1810 4908 sudore

98 4947 358 5017 ejusdem
415 4945 719 5016 participes
755 4946 959 5002 nitoris
1010 4960 1080 5002 ac
1132 4946 1444 5017 pudicitia,
1495 4955 1674 5014 quam
1728 4939 1809 4996 illi

98 5034 444 5093 naturaliter
487 5035 716 5091 insitam
766 5036 1070 5104 possident,
1129 5034 1293 5105 prius
1335 5047 1458 5090 esse
1513 5036 1805 5087 curarent.

99 5124 224 5181 Non
264 5131 457 5181 autem
493 5138 589 5180 eos
630 5124 848 5179 carnali
901 5124 1238 5194 prapeditos
1292 5121 1545 5179 condidit
1603 5132 1806 5189 grave-

98 5207 250 5280 dine,
299 5211 516 5282 quibus
562 5210 889 5267 colluctatio
941 5210 1220 5266 adversus
1283 5222 1517 5265 carnem
1561 5213 1706 5263 esset
1756 5212 1811 5261 et

96 5300 462 5371 sanguinem,
515 5307 571 5356 et
633 5299 904 5355 violentia
953 5298 1238 5355 diuturna
1292 5297 1557 5367 belloque
1632 5294 1811 5350 nimio

95 5389 327 5446 tandem
373 5389 543 5445 sicuti
577 5402 681 5445 nos
706 5388 782 5443 ad
823 5387 1345 5457 impassibilitatem
1389 5385 1809 5456 pertingerent;

99 5477 193 5531 sed
212 5478 433 5549 absque
463 5491 630 5545 sexu,
657 5476 876 5546 absque
903 5475 1172 5532 exteriori
1204 5473 1579 5543 interiorique
1608 5486 1812 5528 creans

98 5566 378 5634 molestia,
450 5564 886 5622 similitudinem
967 5563 1134 5620 nobis
1186 5561 1566 5633 perfectionis,
1642 5559 1814 5630 cujus

101 5652 487 5728 conformitati
521 5653 766 5719 inhiare,
807 5659 1095 5723 quantum
1126 5658 1320 5708 nostro
1366 5648 1591 5720 pulveri
1638 5648 1814 5705 facul-

466 5744 746 5810 ΡΑτιιοι.
798 5738 1003 5809 CLVI.

1915 4495 2072 4567 quod
2101 4495 2266 4565 virgo
2304 4494 2495 4561 fuerit,
2545 4496 2776 4549 Petrum
2815 4492 2888 4548 ad
2926 4492 3241 4559 sinistram,
3286 4494 3443 4563 quod
3482 4508 3618 4551 con-

1909 4584 2171 4656 jngatus.
2206 4584 2284 4638 De
2314 4582 2477 4639 Petro
2506 4596 2677 4637 nemo
2708 4580 2953 4645 hasitat,
2990 4579 3162 4650 cujus
3194 4594 3268 4636 ex
3305 4581 3621 4652 Evangelio

1914 4686 2167 4738 socrum,
2221 4670 2399 4727 ﬁliam
2454 4684 2528 4726 ex
2573 4669 2746 4741 gestis
2795 4667 3160 4724 Petronillam
3209 4670 3495 4725 novimus.
3547 4671 3622 4727 At

1916 4758 2132 4816 Paulus
2157 4757 2474 4828 plurimum
2505 4756 2803 4827 aliquibus
2831 4754 3070 4811 forsitan
3107 4756 3450 4825 scrupulum
3492 4770 3620 4814 mo-

1915 4855 2031 4916 vet,
2063 4847 2160 4904 sed
2191 4847 2240 4903 si
2273 4846 2448 4903 verba
2478 4845 2663 4916 ipsius
2690 4859 2794 4916 pro
2828 4845 2949 4914 ipso
2979 4843 3278 4900 consulere
3325 4844 3618 4914 volumus,

1916 4936 2096 4993 fateor
2127 4935 2384 4991 lucidum
2417 4935 2559 5005 quid
2593 4934 2931 5005 reperimus.
2982 4932 3091 4999 Qui
3133 4947 3268 4989 cum
3315 4932 3622 4990 consilium

1917 5024 2292 5092 nubentibus,
2326 5032 2381 5081 et
2421 5038 2633 5081 uxores
2670 5021 3018 5079 ducentibus
3057 5020 3237 5089 daret,
3281 5020 3474 5078 intulit
3526 5036 3625 5079 no-

1916 5114 2150 5170 vissimo
2203 5113 2410 5169 melius
2466 5112 2577 5168 illis
2633 5112 2920 5178 futurum,
2977 5110 3025 5166 si
3085 5110 3169 5166 sic
3222 5118 3625 5180 permanerent

1918 5203 2067 5259 sicut
2104 5210 2160 5258 et
2190 5202 2305 5271 ipse
2336 5202 2392 5273 (ι
2423 5204 2560 5255 Cor.
2595 5217 2692 5268 vn,
2723 5200 2836 5269 40).
2870 5199 2959 5254 Ex
2986 5213 3105 5269 quo
3134 5197 3257 5254 hac
3278 5197 3470 5268 opinio
3507 5212 3623 5254 non

1917 5306 2155 5363 prorsus
2188 5292 2401 5362 ignava
2430 5297 2687 5360 putatur.
2723 5290 2875 5344 Dum
2912 5287 3066 5344 enim
3100 5295 3233 5357 ante
3278 5286 3624 5343 Christiani-

1920 5395 2110 5438 smum
2142 5379 2325 5450 patrio
2360 5393 2464 5435 suo
2494 5379 2609 5434 Deo
2649 5378 2772 5433 sine
2815 5376 3053 5447 querela
3085 5390 3143 5432 se
3188 5376 3504 5433 deseruisse
3541 5384 3623 5434 te-

1918 5478 2100 5527 stetur
2129 5468 2296 5540 (Phil.
2336 5483 2414 5535 Ill,
2447 5470 2601 5537 6),et
2630 5466 3024 5522 amulatorem
3060 5465 3268 5521 divina
3317 5466 3474 5537 legis,
3521 5479 3624 5536 pa-

1923 5568 2340 5628 ternarumque
2384 5556 2760 5613 traditionum
2806 5569 2865 5611 se
2916 5567 3096 5625 supra
3132 5568 3268 5610 suos
3311 5561 3628 5611 coataneos

1921 5646 2207 5704 exstitisse
2238 5651 2639 5700 commemoret
2670 5642 2821 5710 (Gal.
2851 5659 2889 5710 ι,
2935 5642 3043 5713 14),
3072 5648 3129 5698 et
3164 5642 3272 5699 hoc
3322 5643 3380 5698 in
3436 5642 3623 5699 adole-

3234 5738 3315 5796 19
