  <div class='ocr_page' id='page_1' title='image "/cluster/home/n/w/nwhite01/storage/ocr_20150623/156-157/uc1.31175010662024/299.png"; bbox 0 0 3936 6438; ppageno 0'>
   <div class='ocr_carea' id='block_1_1' title="bbox 296 374 397 427">
    <p class='ocr_par' dir='ltr' id='par_1_1' title="bbox 296 374 397 427">
     <span class='ocr_line' id='line_1_1' title="bbox 296 374 397 427; baseline -0.03 0"><span class='ocrx_word' id='word_1_1' title='bbox 296 374 397 427; x_wconf 81' lang='lat'><strong>587</strong></span> 
     </span>
    </p>
   </div>
   <div class='ocr_carea' id='block_1_2' title="bbox 1185 361 2895 421">
    <p class='ocr_par' dir='ltr' id='par_1_2' title="bbox 1185 361 2895 421">
     <span class='ocr_line' id='line_1_2' title="bbox 1185 361 2895 421; baseline -0.001 0"><span class='ocrx_word' id='word_1_2' title='bbox 1185 367 1244 421; x_wconf 86' lang='lat' dir='ltr'><strong>V.</strong></span> <span class='ocrx_word' id='word_1_3' title='bbox 1285 363 1617 421; x_wconf 78' lang='lat' dir='ltr'><strong>GUIBERTI</strong></span> <span class='ocrx_word' id='word_1_4' title='bbox 1658 363 1950 418; x_wconf 71' lang='lat' dir='ltr'><strong>ABBATlS</strong></span> <span class='ocrx_word' id='word_1_5' title='bbox 1989 364 2042 416; x_wconf 82' lang='lat' dir='ltr'><strong>S.</strong></span> <span class='ocrx_word' id='word_1_6' title='bbox 2086 361 2326 420; x_wconf 72' lang='lat' dir='ltr'><strong>IARL‘E</strong></span> <span class='ocrx_word' id='word_1_7' title='bbox 2364 363 2458 418; x_wconf 87' lang='lat' dir='ltr'><strong>DE</strong></span> <span class='ocrx_word' id='word_1_8' title='bbox 2493 361 2895 420; x_wconf 80' lang='lat' dir='ltr'><strong>NOVIGENTO</strong></span> 
     </span>
    </p>
   </div>
   <div class='ocr_carea' id='block_1_3' title="bbox 3697 363 3816 414">
    <p class='ocr_par' dir='ltr' id='par_1_3' title="bbox 3697 363 3816 414">
     <span class='ocr_line' id='line_1_3' title="bbox 3697 363 3816 414; baseline -0.008 0"><span class='ocrx_word' id='word_1_9' title='bbox 3697 363 3816 414; x_wconf 76' lang='grc'><strong>588</strong></span> 
     </span>
    </p>
   </div>
   <div class='ocr_carea' id='block_1_4' title="bbox 290 494 3822 575">
    <p class='ocr_par' dir='ltr' id='par_1_4' title="bbox 290 494 3822 575">
     <span class='ocr_line' id='line_1_4' title="bbox 290 494 3822 575; baseline -0.004 -11"><span class='ocrx_word' id='word_1_10' title='bbox 290 507 522 574; x_wconf 85' lang='lat' dir='ltr'><strong>scentia,</strong></span> <span class='ocrx_word' id='word_1_11' title='bbox 569 506 628 561; x_wconf 90' lang='lat' dir='ltr'><strong>in</strong></span> <span class='ocrx_word' id='word_1_12' title='bbox 670 518 790 575; x_wconf 89' lang='lat' dir='ltr'><strong>qua</strong></span> <span class='ocrx_word' id='word_1_13' title='bbox 847 512 902 559; x_wconf 89' lang='lat' dir='ltr'><strong>et</strong></span> <span class='ocrx_word' id='word_1_14' title='bbox 959 502 1032 558; x_wconf 92' lang='lat' dir='ltr'><strong>ad</strong></span> <span class='ocrx_word' id='word_1_15' title='bbox 1091 501 1257 557; x_wconf 85' lang='lat' dir='ltr'><strong>fidem</strong></span> <span class='ocrx_word' id='word_1_16' title='bbox 1313 508 1549 557; x_wconf 88' lang='lat' dir='ltr'><strong>vocatus</strong></span> <span class='ocrx_word' id='word_1_17' title='bbox 1596 508 1701 565; x_wconf 88' lang='lat' dir='ltr'><strong>est,</strong></span> <span class='ocrx_word' id='word_1_18' title='bbox 1774 500 1987 555; x_wconf 87' lang='lat' dir='ltr'><strong>frustra</strong></span> <span class='ocrx_word' id='word_1_19' title='bbox 2022 503 2067 554; x_wconf 83' lang='lat' dir='ltr'><strong>A</strong></span> <span class='ocrx_word' id='word_1_20' title='bbox 2100 504 2222 568; x_wconf 91' lang='lat' dir='ltr'><strong>post</strong></span> <span class='ocrx_word' id='word_1_21' title='bbox 2251 506 2483 568; x_wconf 83' lang='lat' dir='ltr'><strong>peccata</strong></span> <span class='ocrx_word' id='word_1_22' title='bbox 2512 497 2584 553; x_wconf 91' lang='lat' dir='ltr'><strong>ad</strong></span> <span class='ocrx_word' id='word_1_23' title='bbox 2614 513 2672 553; x_wconf 91' lang='lat' dir='ltr'><strong>se</strong></span> <span class='ocrx_word' id='word_1_24' title='bbox 2716 497 2996 564; x_wconf 85' lang='lat' dir='ltr'><strong>conversi,</strong></span> <span class='ocrx_word' id='word_1_25' title='bbox 3043 497 3115 552; x_wconf 88' lang='lat' dir='ltr'><strong>ad</strong></span> <span class='ocrx_word' id='word_1_26' title='bbox 3163 495 3397 566; x_wconf 80' lang='lat' dir='ltr'><strong>aliquod</strong></span> <span class='ocrx_word' id='word_1_27' title='bbox 3439 494 3822 567; x_wconf 75' lang='lat' dir='ltr'><strong>perfectionis</strong></span> 
     </span>
    </p>
   </div>
   <div class='ocr_carea' id='block_1_5' title="bbox 293 588 1986 668">
    <p class='ocr_par' dir='ltr' id='par_1_5' title="bbox 293 588 1986 668">
     <span class='ocr_line' id='line_1_5' title="bbox 293 588 1986 668; baseline -0.006 -14"><span class='ocrx_word' id='word_1_28' title='bbox 293 596 591 668; x_wconf 88' lang='lat' dir='ltr'><strong>patabitur</strong></span> <span class='ocrx_word' id='word_1_29' title='bbox 650 593 1010 664; x_wconf 75' lang='lat' dir='ltr'><strong>postmodum</strong></span> <span class='ocrx_word' id='word_1_30' title='bbox 1071 591 1430 647; x_wconf 84' lang='lat' dir='ltr'><strong>Christianus</strong></span> <span class='ocrx_word' id='word_1_31' title='bbox 1496 588 1771 656; x_wconf 90' lang='lat' dir='ltr'><strong>amisisse,</strong></span> <span class='ocrx_word' id='word_1_32' title='bbox 1829 588 1986 658; x_wconf 90' lang='lat' dir='ltr'><strong>quod</strong></span> 
     </span>
    </p>
   </div>
   <div class='ocr_carea' id='block_1_6' title="bbox 287 683 901 743">
    <p class='ocr_par' dir='ltr' id='par_1_6' title="bbox 287 683 901 743">
     <span class='ocr_line' id='line_1_6' title="bbox 287 683 901 743; baseline -0.013 0"><span class='ocrx_word' id='word_1_33' title='bbox 287 686 522 743; x_wconf 67' lang='lat' dir='ltr'><strong>Iudaeus</strong></span> <span class='ocrx_word' id='word_1_34' title='bbox 546 683 901 739; x_wconf 84' lang='lat' dir='ltr'><strong>observarat.</strong></span> 
     </span>
    </p>
   </div>
   <div class='ocr_carea' id='block_1_7' title="bbox 359 762 1986 841">
    <p class='ocr_par' dir='ltr' id='par_1_7' title="bbox 359 762 1986 841">
     <span class='ocr_line' id='line_1_7' title="bbox 359 762 1986 841; baseline -0.007 -12"><span class='ocrx_word' id='word_1_35' title='bbox 359 773 680 830; x_wconf 64' lang='lat' dir='ltr'><strong>Estimatio</strong></span> <span class='ocrx_word' id='word_1_36' title='bbox 736 769 935 841; x_wconf 83' lang='lat' dir='ltr'><strong>igitur,</strong></span> <span class='ocrx_word' id='word_1_37' title='bbox 994 782 1125 838; x_wconf 77' lang='lat' dir='ltr'><strong>quze</strong></span> <span class='ocrx_word' id='word_1_38' title='bbox 1197 765 1258 822; x_wconf 90' lang='lat' dir='ltr'><strong>in</strong></span> <span class='ocrx_word' id='word_1_39' title='bbox 1312 773 1429 822; x_wconf 93' lang='lat' dir='ltr'><strong>tam</strong></span> <span class='ocrx_word' id='word_1_40' title='bbox 1476 762 1685 820; x_wconf 91' lang='lat' dir='ltr'><strong>celebri</strong></span> <span class='ocrx_word' id='word_1_41' title='bbox 1747 762 1889 819; x_wconf 87' lang='lat' dir='ltr'><strong>urbe</strong></span> <span class='ocrx_word' id='word_1_42' title='bbox 1930 768 1986 817; x_wconf 90' lang='lat' dir='ltr'><strong>et</strong></span> 
     </span>
    </p>
   </div>
   <div class='ocr_carea' id='block_1_8' title="bbox 291 851 1987 926">
    <p class='ocr_par' dir='ltr' id='par_1_8' title="bbox 291 851 1987 926">
     <span class='ocr_line' id='line_1_8' title="bbox 291 851 1987 926; baseline -0.009 -7"><span class='ocrx_word' id='word_1_43' title='bbox 291 862 456 920; x_wconf 87' lang='lat' dir='ltr'><strong>urbis</strong></span> <span class='ocrx_word' id='word_1_44' title='bbox 495 860 638 926; x_wconf 90' lang='lat' dir='ltr'><strong>loco,</strong></span> <span class='ocrx_word' id='word_1_45' title='bbox 669 857 922 914; x_wconf 81' lang='lat' dir='ltr'><strong>Ecclesia</strong></span> <span class='ocrx_word' id='word_1_46' title='bbox 963 855 1224 912; x_wconf 80' lang='lat' dir='ltr'><strong>videlicet</strong></span> <span class='ocrx_word' id='word_1_47' title='bbox 1255 857 1314 910; x_wconf 87' lang='grc' dir='ltr'><strong>Β.</strong></span> <span class='ocrx_word' id='word_1_48' title='bbox 1357 853 1526 921; x_wconf 90' lang='lat' dir='ltr'><strong>Petri,</strong></span> <span class='ocrx_word' id='word_1_49' title='bbox 1568 851 1680 908; x_wconf 91' lang='lat' dir='ltr'><strong>sub</strong></span> <span class='ocrx_word' id='word_1_50' title='bbox 1719 857 1801 907; x_wconf 92' lang='lat' dir='ltr'><strong>tot</strong></span> <span class='ocrx_word' id='word_1_51' title='bbox 1850 863 1987 919; x_wconf 89' lang='lat' dir='ltr'><strong>pon-</strong></span> 
     </span>
    </p>
   </div>
   <div class='ocr_carea' id='block_1_9' title="bbox 290 937 1985 1017">
    <p class='ocr_par' dir='ltr' id='par_1_9' title="bbox 290 937 1985 1017">
     <span class='ocr_line' id='line_1_9' title="bbox 290 937 1985 1017; baseline -0.008 -11"><span class='ocrx_word' id='word_1_52' title='bbox 290 950 510 1007; x_wconf 82' lang='lat' dir='ltr'><strong>tiﬁcum</strong></span> <span class='ocrx_word' id='word_1_53' title='bbox 543 945 848 1017; x_wconf 83' lang='lat' dir='ltr'><strong>prudentia</strong></span> <span class='ocrx_word' id='word_1_54' title='bbox 875 942 1104 1010; x_wconf 84' lang='lat' dir='ltr'><strong>coaluit,</strong></span> <span class='ocrx_word' id='word_1_55' title='bbox 1145 942 1218 998; x_wconf 92' lang='lat' dir='ltr'><strong>ad</strong></span> <span class='ocrx_word' id='word_1_56' title='bbox 1251 949 1477 997; x_wconf 88' lang='lat' dir='ltr'><strong>certum</strong></span> <span class='ocrx_word' id='word_1_57' title='bbox 1509 939 1674 996; x_wconf 82' lang='lat' dir='ltr'><strong>nobis</strong></span> <span class='ocrx_word' id='word_1_58' title='bbox 1719 937 1985 994; x_wconf 90' lang='lat' dir='ltr'><strong>habenda</strong></span> 
     </span>
    </p>
   </div>
   <div class='ocr_carea' id='block_1_10' title="bbox 288 1025 1985 1100">
    <p class='ocr_par' dir='ltr' id='par_1_10' title="bbox 288 1025 1985 1100">
     <span class='ocr_line' id='line_1_10' title="bbox 288 1025 1985 1100; baseline -0.008 -6"><span class='ocrx_word' id='word_1_59' title='bbox 288 1045 390 1095; x_wconf 88' lang='lat' dir='ltr'><strong>est.</strong></span> <span class='ocrx_word' id='word_1_60' title='bbox 441 1035 726 1092; x_wconf 88' lang='lat' dir='ltr'><strong>Eusebius</strong></span> <span class='ocrx_word' id='word_1_61' title='bbox 772 1031 1136 1088; x_wconf 76' lang='lat' dir='ltr'><strong>Caesariensis</strong></span> <span class='ocrx_word' id='word_1_62' title='bbox 1178 1044 1313 1086; x_wconf 89' lang='lat' dir='ltr'><strong>cum</strong></span> <span class='ocrx_word' id='word_1_63' title='bbox 1362 1029 1542 1100; x_wconf 88' lang='lat' dir='ltr'><strong>hujus</strong></span> <span class='ocrx_word' id='word_1_64' title='bbox 1584 1025 1837 1097; x_wconf 82' lang='lat' dir='ltr'><strong>Apostoli</strong></span> <span class='ocrx_word' id='word_1_65' title='bbox 1889 1025 1985 1081; x_wconf 92' lang='lat' dir='ltr'><strong>di-</strong></span> 
     </span>
    </p>
   </div>
   <div class='ocr_carea' id='block_1_11' title="bbox 288 1113 1983 1193">
    <p class='ocr_par' dir='ltr' id='par_1_11' title="bbox 288 1113 1983 1193">
     <span class='ocr_line' id='line_1_11' title="bbox 288 1113 1983 1193; baseline -0.007 -11"><span class='ocrx_word' id='word_1_66' title='bbox 288 1133 447 1182; x_wconf 89' lang='lat' dir='ltr'><strong>ctum</strong></span> <span class='ocrx_word' id='word_1_67' title='bbox 486 1124 555 1179; x_wconf 92' lang='lat' dir='ltr'><strong>de</strong></span> <span class='ocrx_word' id='word_1_68' title='bbox 594 1128 862 1193; x_wconf 80' lang='lat' dir='ltr'><strong>potestate</strong></span> <span class='ocrx_word' id='word_1_69' title='bbox 908 1121 1121 1176; x_wconf 89' lang='lat' dir='ltr'><strong>sororis</strong></span> <span class='ocrx_word' id='word_1_70' title='bbox 1171 1117 1430 1175; x_wconf 87' lang='lat' dir='ltr'><strong>mulieris</strong></span> <span class='ocrx_word' id='word_1_71' title='bbox 1479 1113 1983 1173; x_wconf 75' lang='lat' dir='ltr'><strong>circamdacendta</strong></span> 
     </span>
    </p>
   </div>
   <div class='ocr_carea' id='block_1_12' title="bbox 288 1205 1978 1284">
    <p class='ocr_par' dir='ltr' id='par_1_12' title="bbox 288 1205 1978 1284">
     <span class='ocr_line' id='line_1_12' title="bbox 288 1205 1978 1284; baseline -0.006 -17"><span class='ocrx_word' id='word_1_72' title='bbox 288 1215 346 1284; x_wconf 85' lang='grc' dir='ltr'><strong>(Ι</strong></span> <span class='ocrx_word' id='word_1_73' title='bbox 379 1215 511 1267; x_wconf 88' lang='lat' dir='ltr'><strong>Cor.</strong></span> <span class='ocrx_word' id='word_1_74' title='bbox 559 1225 637 1279; x_wconf 70' lang='grc' dir='ltr'><strong>ιχ,</strong></span> <span class='ocrx_word' id='word_1_75' title='bbox 691 1210 741 1280; x_wconf 87' lang='lat'><strong>5)</strong></span> <span class='ocrx_word' id='word_1_76' title='bbox 775 1209 834 1266; x_wconf 90' lang='lat' dir='ltr'><strong>in</strong></span> <span class='ocrx_word' id='word_1_77' title='bbox 887 1207 1268 1264; x_wconf 86' lang='lat' dir='ltr'><strong>ecclesiastica</strong></span> <span class='ocrx_word' id='word_1_78' title='bbox 1322 1205 1573 1262; x_wconf 82' lang='lat' dir='ltr'><strong>Historia</strong></span> <span class='ocrx_word' id='word_1_79' title='bbox 1622 1209 1978 1268; x_wconf 89' lang='lat' dir='ltr'><strong>retractaret,</strong></span> 
     </span>
    </p>
   </div>
   <div class='ocr_carea' id='block_1_13' title="bbox 285 1291 1982 1360">
    <p class='ocr_par' dir='ltr' id='par_1_13' title="bbox 285 1291 1982 1360">
     <span class='ocr_line' id='line_1_13' title="bbox 285 1291 1982 1360; baseline -0.008 -1"><span class='ocrx_word' id='word_1_80' title='bbox 285 1315 537 1358; x_wconf 87' lang='lat' dir='ltr'><strong>sororem</strong></span> <span class='ocrx_word' id='word_1_81' title='bbox 575 1297 984 1354; x_wconf 90' lang='lat' dir='ltr'><strong>absurdissime</strong></span> <span class='ocrx_word' id='word_1_82' title='bbox 1004 1295 1164 1352; x_wconf 88' lang='lat' dir='ltr'><strong>Pauli</strong></span> <span class='ocrx_word' id='word_1_83' title='bbox 1197 1295 1345 1351; x_wconf 81' lang='lat' dir='ltr'><strong>dixit</strong></span> <span class='ocrx_word' id='word_1_84' title='bbox 1383 1308 1644 1350; x_wconf 79' lang='lat' dir='ltr'><strong>uxorem.</strong></span> <span class='ocrx_word' id='word_1_85' title='bbox 1686 1291 1848 1360; x_wconf 89' lang='lat' dir='ltr'><strong>Quod</strong></span> <span class='ocrx_word' id='word_1_86' title='bbox 1879 1305 1982 1346; x_wconf 91' lang='lat' dir='ltr'><strong>nos</strong></span> 
     </span>
    </p>
   </div>
   <div class='ocr_carea' id='block_1_14' title="bbox 286 1379 1978 1454">
    <p class='ocr_par' dir='ltr' id='par_1_14' title="bbox 286 1379 1978 1454">
     <span class='ocr_line' id='line_1_14' title="bbox 286 1379 1978 1454; baseline -0.007 -9"><span class='ocrx_word' id='word_1_87' title='bbox 286 1389 366 1445; x_wconf 92' lang='lat' dir='ltr'><strong>ita</strong></span> <span class='ocrx_word' id='word_1_88' title='bbox 395 1388 735 1452; x_wconf 88' lang='lat' dir='ltr'><strong>refutamus,</strong></span> <span class='ocrx_word' id='word_1_89' title='bbox 787 1385 936 1441; x_wconf 91' lang='lat' dir='ltr'><strong>sicut</strong></span> <span class='ocrx_word' id='word_1_90' title='bbox 971 1384 1133 1451; x_wconf 90' lang='lat' dir='ltr'><strong>illud,</strong></span> <span class='ocrx_word' id='word_1_91' title='bbox 1168 1383 1325 1454; x_wconf 92' lang='lat' dir='ltr'><strong>quod</strong></span> <span class='ocrx_word' id='word_1_92' title='bbox 1354 1383 1428 1438; x_wconf 92' lang='lat' dir='ltr'><strong>ad</strong></span> <span class='ocrx_word' id='word_1_93' title='bbox 1477 1381 1813 1452; x_wconf 76' lang='lat' dir='ltr'><strong>Abagarum</strong></span> <span class='ocrx_word' id='word_1_94' title='bbox 1845 1379 1978 1450; x_wconf 91' lang='lat' dir='ltr'><strong>Epi-</strong></span> 
     </span>
    </p>
   </div>
   <div class='ocr_carea' id='block_1_15' title="bbox 283 1467 1983 1544">
    <p class='ocr_par' dir='ltr' id='par_1_15' title="bbox 283 1467 1983 1544">
     <span class='ocr_line' id='line_1_15' title="bbox 283 1467 1983 1544; baseline -0.006 -10"><span class='ocrx_word' id='word_1_95' title='bbox 283 1477 485 1534; x_wconf 90' lang='lat' dir='ltr'><strong>stolam</strong></span> <span class='ocrx_word' id='word_1_96' title='bbox 527 1474 820 1544; x_wconf 88' lang='lat' dir='ltr'><strong>scripserit</strong></span> <span class='ocrx_word' id='word_1_97' title='bbox 867 1472 1165 1528; x_wconf 89' lang='lat' dir='ltr'><strong>Dominus.</strong></span> <span class='ocrx_word' id='word_1_98' title='bbox 1200 1473 1272 1528; x_wconf 84' lang='lat' dir='ltr'><strong>At</strong></span> <span class='ocrx_word' id='word_1_99' title='bbox 1301 1485 1437 1542; x_wconf 88' lang='lat' dir='ltr'><strong>ergo</strong></span> <span class='ocrx_word' id='word_1_100' title='bbox 1475 1471 1726 1526; x_wconf 90' lang='lat' dir='ltr'><strong>domnus</strong></span> <span class='ocrx_word' id='word_1_101' title='bbox 1761 1467 1983 1524; x_wconf 86' lang='lat' dir='ltr'><strong>Paulus</strong></span> 
     </span>
    </p>
   </div>
   <div class='ocr_carea' id='block_1_16' title="bbox 283 1557 1977 1633">
    <p class='ocr_par' dir='ltr' id='par_1_16' title="bbox 283 1557 1977 1633">
     <span class='ocr_line' id='line_1_16' title="bbox 283 1557 1977 1633; baseline -0.008 -10"><span class='ocrx_word' id='word_1_102' title='bbox 283 1580 399 1622; x_wconf 93' lang='lat' dir='ltr'><strong>non</strong></span> <span class='ocrx_word' id='word_1_103' title='bbox 424 1566 546 1622; x_wconf 89' lang='lat' dir='ltr'><strong>sine</strong></span> <span class='ocrx_word' id='word_1_104' title='bbox 573 1578 633 1620; x_wconf 90' lang='lat' dir='ltr'><strong>re</strong></span> <span class='ocrx_word' id='word_1_105' title='bbox 672 1565 730 1618; x_wconf 93' lang='lat' dir='ltr'><strong>in</strong></span> <span class='ocrx_word' id='word_1_106' title='bbox 769 1563 894 1633; x_wconf 91' lang='lat' dir='ltr'><strong>ipsa</strong></span> <span class='ocrx_word' id='word_1_107' title='bbox 939 1562 1066 1630; x_wconf 88' lang='lat' dir='ltr'><strong>ejus</strong></span> <span class='ocrx_word' id='word_1_108' title='bbox 1109 1560 1343 1616; x_wconf 89' lang='lat' dir='ltr'><strong>basilica</strong></span> <span class='ocrx_word' id='word_1_109' title='bbox 1385 1557 1740 1628; x_wconf 66' lang='lat' dir='ltr'><strong>praeponitur</strong></span> <span class='ocrx_word' id='word_1_110' title='bbox 1794 1557 1977 1612; x_wconf 88' lang='lat' dir='ltr'><strong>Petro.</strong></span> 
     </span>
    </p>
   </div>
   <div class='ocr_carea' id='block_1_17' title="bbox 941 1649 1317 1706">
    <p class='ocr_par' dir='ltr' id='par_1_17' title="bbox 941 1649 1317 1706">
     <span class='ocr_line' id='line_1_17' title="bbox 941 1649 1317 1706; baseline -0.011 0"><span class='ocrx_word' id='word_1_111' title='bbox 941 1649 1178 1706; x_wconf 86' lang='lat' dir='ltr'><strong>CAPUT</strong></span> <span class='ocrx_word' id='word_1_112' title='bbox 1222 1649 1317 1706; x_wconf 86' lang='lat' dir='ltr'><strong>Vl.</strong></span> 
     </span>
    </p>
   </div>
   <div class='ocr_carea' id='block_1_18' title="bbox 352 1731 1980 1811">
    <p class='ocr_par' dir='ltr' id='par_1_18' title="bbox 352 1731 1980 1811">
     <span class='ocr_line' id='line_1_18' title="bbox 352 1731 1980 1811; baseline -0.007 -13"><span class='ocrx_word' id='word_1_113' title='bbox 352 1741 604 1799; x_wconf 73' lang='lat' dir='ltr'><strong>Cartita:</strong></span> <span class='ocrx_word' id='word_1_114' title='bbox 630 1740 758 1811; x_wconf 64' lang='lat' dir='ltr'><strong>post</strong></span> <span class='ocrx_word' id='word_1_115' title='bbox 787 1735 1141 1809; x_wconf 69' lang='lat' dir='ltr'><strong>confugium,</strong></span> <span class='ocrx_word' id='word_1_116' title='bbox 1163 1735 1254 1791; x_wconf 77' lang='lat' dir='ltr'><strong>vel</strong></span> <span class='ocrx_word' id='word_1_117' title='bbox 1277 1734 1507 1806; x_wconf 67' lang='lat' dir='ltr'><strong>lapsum</strong></span> <span class='ocrx_word' id='word_1_118' title='bbox 1532 1731 1732 1806; x_wconf 79' lang='lat' dir='ltr'><strong>magni</strong></span> <span class='ocrx_word' id='word_1_119' title='bbox 1760 1735 1846 1787; x_wconf 72' lang='lat' dir='ltr'><strong>est</strong></span> <span class='ocrx_word' id='word_1_120' title='bbox 1875 1731 1980 1786; x_wconf 81' lang='lat' dir='ltr'><strong>ha-</strong></span> 
     </span>
    </p>
   </div>
   <div class='ocr_carea' id='block_1_19' title="bbox 284 1819 1981 1892">
    <p class='ocr_par' dir='ltr' id='par_1_19' title="bbox 284 1819 1981 1892">
     <span class='ocr_line' id='line_1_19' title="bbox 284 1819 1981 1892; baseline -0.005 -8"><span class='ocrx_word' id='word_1_121' title='bbox 284 1829 485 1884; x_wconf 82' lang='lat' dir='ltr'><strong>benda.</strong></span> <span class='ocrx_word' id='word_1_122' title='bbox 535 1857 603 1866; x_wconf 98' lang='lat'><strong>—</strong></span> <span class='ocrx_word' id='word_1_123' title='bbox 649 1824 956 1882; x_wconf 88' lang='lat' dir='ltr'><strong>Sciendum</strong></span> <span class='ocrx_word' id='word_1_124' title='bbox 1005 1823 1153 1878; x_wconf 91' lang='lat' dir='ltr'><strong>inter</strong></span> <span class='ocrx_word' id='word_1_125' title='bbox 1203 1823 1307 1878; x_wconf 90' lang='lat' dir='ltr'><strong>has</strong></span> <span class='ocrx_word' id='word_1_126' title='bbox 1361 1821 1712 1892; x_wconf 82' lang='lat' dir='ltr'><strong>virginitatis</strong></span> <span class='ocrx_word' id='word_1_127' title='bbox 1759 1819 1981 1886; x_wconf 90' lang='lat' dir='ltr'><strong>laudes,</strong></span> 
     </span>
    </p>
   </div>
   <div class='ocr_carea' id='block_1_20' title="bbox 281 1908 1988 1982">
    <p class='ocr_par' dir='ltr' id='par_1_20' title="bbox 281 1908 1988 1982">
     <span class='ocr_line' id='line_1_20' title="bbox 281 1908 1988 1982; baseline -0.006 -8"><span class='ocrx_word' id='word_1_128' title='bbox 281 1915 694 1974; x_wconf 89' lang='lat' dir='ltr'><strong>continentiam</strong></span> <span class='ocrx_word' id='word_1_129' title='bbox 724 1921 826 1970; x_wconf 90' lang='lat' dir='ltr'><strong>aut</strong></span> <span class='ocrx_word' id='word_1_130' title='bbox 855 1919 979 1982; x_wconf 89' lang='lat' dir='ltr'><strong>post</strong></span> <span class='ocrx_word' id='word_1_131' title='bbox 1024 1911 1385 1982; x_wconf 89' lang='lat' dir='ltr'><strong>conjugium,</strong></span> <span class='ocrx_word' id='word_1_132' title='bbox 1429 1918 1530 1966; x_wconf 88' lang='lat' dir='ltr'><strong>aut</strong></span> <span class='ocrx_word' id='word_1_133' title='bbox 1579 1917 1704 1980; x_wconf 91' lang='lat' dir='ltr'><strong>post</strong></span> <span class='ocrx_word' id='word_1_134' title='bbox 1758 1908 1988 1978; x_wconf 86' lang='lat' dir='ltr'><strong>lapsum</strong></span> 
     </span>
    </p>
   </div>
   <div class='ocr_carea' id='block_1_21' title="bbox 281 1996 1989 2076">
    <p class='ocr_par' dir='ltr' id='par_1_21' title="bbox 281 1996 1989 2076">
     <span class='ocr_line' id='line_1_21' title="bbox 281 1996 1989 2076; baseline -0.006 -14"><span class='ocrx_word' id='word_1_135' title='bbox 281 2005 508 2076; x_wconf 84' lang='lat' dir='ltr'><strong>magnis</strong></span> <span class='ocrx_word' id='word_1_136' title='bbox 545 2003 741 2060; x_wconf 88' lang='lat' dir='ltr'><strong>itidem</strong></span> <span class='ocrx_word' id='word_1_137' title='bbox 779 2001 962 2058; x_wconf 90' lang='lat' dir='ltr'><strong>attolli</strong></span> <span class='ocrx_word' id='word_1_138' title='bbox 1003 2000 1207 2056; x_wconf 91' lang='lat' dir='ltr'><strong>debere</strong></span> <span class='ocrx_word' id='word_1_139' title='bbox 1255 1998 1574 2069; x_wconf 65' lang='lat' dir='ltr'><strong>praeconiis,</strong></span> <span class='ocrx_word' id='word_1_140' title='bbox 1622 2012 1754 2068; x_wconf 75' lang='lat' dir='ltr'><strong>quae</strong></span> <span class='ocrx_word' id='word_1_141' title='bbox 1812 1996 1989 2052; x_wconf 82' lang='lat' dir='ltr'><strong>tantis</strong></span> 
     </span>
    </p>
   </div>
   <div class='ocr_carea' id='block_1_22' title="bbox 281 2085 1986 2162">
    <p class='ocr_par' dir='ltr' id='par_1_22' title="bbox 281 2085 1986 2162">
     <span class='ocr_line' id='line_1_22' title="bbox 281 2085 1986 2162; baseline -0.007 -10"><span class='ocrx_word' id='word_1_142' title='bbox 281 2100 626 2152; x_wconf 88' lang='lat' dir='ltr'><strong>muneratur</strong></span> <span class='ocrx_word' id='word_1_143' title='bbox 655 2089 906 2162; x_wconf 63' lang='lat' dir='ltr'><strong>praemiis</strong></span> <span class='ocrx_word' id='word_1_144' title='bbox 935 2095 1154 2160; x_wconf 90' lang='lat' dir='ltr'><strong>quanto</strong></span> <span class='ocrx_word' id='word_1_145' title='bbox 1201 2087 1524 2144; x_wconf 88' lang='lat' dir='ltr'><strong>acrioribus</strong></span> <span class='ocrx_word' id='word_1_146' title='bbox 1567 2087 1636 2142; x_wconf 87' lang='lat' dir='ltr'><strong>de</strong></span> <span class='ocrx_word' id='word_1_147' title='bbox 1684 2085 1986 2156; x_wconf 84' lang='lat' dir='ltr'><strong>experien-</strong></span> 
     </span>
    </p>
   </div>
   <div class='ocr_carea' id='block_1_23' title="bbox 283 2173 1985 2251">
    <p class='ocr_par' dir='ltr' id='par_1_23' title="bbox 283 2173 1985 2251">
     <span class='ocr_line' id='line_1_23' title="bbox 283 2173 1985 2251; baseline -0.007 -12"><span class='ocrx_word' id='word_1_148' title='bbox 283 2184 363 2239; x_wconf 87' lang='lat' dir='ltr'><strong>tia</strong></span> <span class='ocrx_word' id='word_1_149' title='bbox 389 2181 753 2251; x_wconf 87' lang='lat' dir='ltr'><strong>voluptatum</strong></span> <span class='ocrx_word' id='word_1_150' title='bbox 776 2177 1108 2249; x_wconf 74' lang='lat' dir='ltr'><strong>exagitatur</strong></span> <span class='ocrx_word' id='word_1_151' title='bbox 1156 2175 1454 2232; x_wconf 90' lang='lat' dir='ltr'><strong>incendiis.</strong></span> <span class='ocrx_word' id='word_1_152' title='bbox 1505 2174 1628 2242; x_wconf 88' lang='lat' dir='ltr'><strong>Quo</strong></span> <span class='ocrx_word' id='word_1_153' title='bbox 1660 2173 1814 2229; x_wconf 89' lang='lat' dir='ltr'><strong>enim</strong></span> <span class='ocrx_word' id='word_1_154' title='bbox 1848 2185 1985 2244; x_wconf 88' lang='lat' dir='ltr'><strong>gra-</strong></span> 
     </span>
    </p>
   </div>
   <div class='ocr_carea' id='block_1_24' title="bbox 282 2259 1986 2334">
    <p class='ocr_par' dir='ltr' id='par_1_24' title="bbox 282 2259 1986 2334">
     <span class='ocr_line' id='line_1_24' title="bbox 282 2259 1986 2334; baseline -0.006 -9"><span class='ocrx_word' id='word_1_155' title='bbox 282 2271 414 2326; x_wconf 89' lang='lat' dir='ltr'><strong>vius</strong></span> <span class='ocrx_word' id='word_1_156' title='bbox 463 2265 735 2324; x_wconf 89' lang='lat' dir='ltr'><strong>luctantis</strong></span> <span class='ocrx_word' id='word_1_157' title='bbox 771 2271 856 2320; x_wconf 88' lang='lat' dir='ltr'><strong>est</strong></span> <span class='ocrx_word' id='word_1_158' title='bbox 885 2263 1172 2334; x_wconf 60' lang='lat' dir='ltr'><strong>praelium,</strong></span> <span class='ocrx_word' id='word_1_159' title='bbox 1206 2263 1430 2334; x_wconf 88' lang='lat' dir='ltr'><strong>gratius</strong></span> <span class='ocrx_word' id='word_1_160' title='bbox 1455 2270 1512 2318; x_wconf 90' lang='lat' dir='ltr'><strong>et</strong></span> <span class='ocrx_word' id='word_1_161' title='bbox 1555 2261 1750 2333; x_wconf 67' lang='lat' dir='ltr'><strong>glorias</strong></span> <span class='ocrx_word' id='word_1_162' title='bbox 1789 2259 1986 2330; x_wconf 85' lang='lat' dir='ltr'><strong>sequi-</strong></span> 
     </span>
    </p>
   </div>
   <div class='ocr_carea' id='block_1_25' title="bbox 282 2347 1987 2418">
    <p class='ocr_par' dir='ltr' id='par_1_25' title="bbox 282 2347 1987 2418">
     <span class='ocr_line' id='line_1_25' title="bbox 282 2347 1987 2418; baseline -0.004 -9"><span class='ocrx_word' id='word_1_163' title='bbox 282 2361 380 2409; x_wconf 89' lang='lat' dir='ltr'><strong>tur</strong></span> <span class='ocrx_word' id='word_1_164' title='bbox 411 2352 852 2418; x_wconf 89' lang='lat' dir='ltr'><strong>incrementum,</strong></span> <span class='ocrx_word' id='word_1_165' title='bbox 885 2351 1012 2406; x_wconf 88' lang='lat' dir='ltr'><strong>licet</strong></span> <span class='ocrx_word' id='word_1_166' title='bbox 1043 2351 1218 2406; x_wconf 91' lang='lat' dir='ltr'><strong>nullis</strong></span> <span class='ocrx_word' id='word_1_167' title='bbox 1268 2349 1578 2406; x_wconf 87' lang='lat' dir='ltr'><strong>sudoribus</strong></span> <span class='ocrx_word' id='word_1_168' title='bbox 1605 2349 1674 2404; x_wconf 92' lang='lat' dir='ltr'><strong>ad</strong></span> <span class='ocrx_word' id='word_1_169' title='bbox 1715 2347 1844 2418; x_wconf 84' lang='lat' dir='ltr'><strong>ejus</strong></span> <span class='ocrx_word' id='word_1_170' title='bbox 1883 2347 1987 2418; x_wconf 88' lang='lat' dir='ltr'><strong>qui</strong></span> 
     </span>
    </p>
   </div>
   <div class='ocr_carea' id='block_1_26' title="bbox 283 2435 1984 2508">
    <p class='ocr_par' dir='ltr' id='par_1_26' title="bbox 283 2435 1984 2508">
     <span class='ocr_line' id='line_1_26' title="bbox 283 2435 1984 2508; baseline -0.004 -12"><span class='ocrx_word' id='word_1_171' title='bbox 283 2440 690 2497; x_wconf 88' lang='lat' dir='ltr'><strong>immaculatus</strong></span> <span class='ocrx_word' id='word_1_172' title='bbox 718 2446 802 2496; x_wconf 90' lang='lat' dir='ltr'><strong>est</strong></span> <span class='ocrx_word' id='word_1_173' title='bbox 844 2439 1041 2494; x_wconf 89' lang='lat' dir='ltr'><strong>venire</strong></span> <span class='ocrx_word' id='word_1_174' title='bbox 1072 2437 1246 2508; x_wconf 87' lang='lat' dir='ltr'><strong>possit</strong></span> <span class='ocrx_word' id='word_1_175' title='bbox 1291 2436 1635 2507; x_wconf 88' lang='lat' dir='ltr'><strong>tripudium.</strong></span> <span class='ocrx_word' id='word_1_176' title='bbox 1685 2435 1840 2502; x_wconf 82' lang='lat' dir='ltr'><strong>Quos</strong></span> <span class='ocrx_word' id='word_1_177' title='bbox 1879 2449 1984 2505; x_wconf 87' lang='lat' dir='ltr'><strong>ego</strong></span> 
     </span>
    </p>
   </div>
   <div class='ocr_carea' id='block_1_27' title="bbox 282 2522 1986 2594">
    <p class='ocr_par' dir='ltr' id='par_1_27' title="bbox 282 2522 1986 2594">
     <span class='ocr_line' id='line_1_27' title="bbox 282 2522 1986 2594; baseline -0.004 -9"><span class='ocrx_word' id='word_1_178' title='bbox 282 2529 428 2585; x_wconf 91' lang='lat' dir='ltr'><strong>duos</strong></span> <span class='ocrx_word' id='word_1_179' title='bbox 455 2529 706 2594; x_wconf 90' lang='lat' dir='ltr'><strong>ordines,</strong></span> <span class='ocrx_word' id='word_1_180' title='bbox 737 2526 989 2583; x_wconf 90' lang='lat' dir='ltr'><strong>duorum</strong></span> <span class='ocrx_word' id='word_1_181' title='bbox 1029 2525 1259 2581; x_wconf 91' lang='lat' dir='ltr'><strong>illorum</strong></span> <span class='ocrx_word' id='word_1_182' title='bbox 1291 2525 1508 2581; x_wconf 89' lang='lat' dir='ltr'><strong>ducum</strong></span> <span class='ocrx_word' id='word_1_183' title='bbox 1551 2532 1688 2594; x_wconf 78' lang='lat' dir='ltr'><strong>typo</strong></span> <span class='ocrx_word' id='word_1_184' title='bbox 1735 2522 1986 2579; x_wconf 90' lang='lat' dir='ltr'><strong>arbitror</strong></span> 
     </span>
    </p>
   </div>
   <div class='ocr_carea' id='block_1_28' title="bbox 283 2611 1980 2687">
    <p class='ocr_par' dir='ltr' id='par_1_28' title="bbox 283 2611 1980 2687">
     <span class='ocr_line' id='line_1_28' title="bbox 283 2611 1980 2687; baseline -0.004 -15"><span class='ocrx_word' id='word_1_185' title='bbox 283 2631 448 2687; x_wconf 89' lang='lat' dir='ltr'><strong>posse</strong></span> <span class='ocrx_word' id='word_1_186' title='bbox 502 2613 742 2686; x_wconf 90' lang='lat' dir='ltr'><strong>intelligi</strong></span> <span class='ocrx_word' id='word_1_187' title='bbox 791 2614 1089 2684; x_wconf 86' lang='lat' dir='ltr'><strong>ﬁguratos,</strong></span> <span class='ocrx_word' id='word_1_188' title='bbox 1151 2612 1329 2682; x_wconf 82' lang='lat' dir='ltr'><strong>Moysi</strong></span> <span class='ocrx_word' id='word_1_189' title='bbox 1390 2611 1622 2679; x_wconf 90' lang='lat' dir='ltr'><strong>scilicet,</strong></span> <span class='ocrx_word' id='word_1_190' title='bbox 1679 2619 1735 2667; x_wconf 93' lang='lat' dir='ltr'><strong>et</strong></span> <span class='ocrx_word' id='word_1_191' title='bbox 1787 2613 1980 2679; x_wconf 92' lang='lat' dir='ltr'><strong>Iosue,</strong></span> 
     </span>
    </p>
   </div>
   <div class='ocr_carea' id='block_1_29' title="bbox 281 2699 1981 2776">
    <p class='ocr_par' dir='ltr' id='par_1_29' title="bbox 281 2699 1981 2776">
     <span class='ocr_line' id='line_1_29' title="bbox 281 2699 1981 2776; baseline -0.004 -16"><span class='ocrx_word' id='word_1_192' title='bbox 281 2719 430 2776; x_wconf 89' lang='lat' dir='ltr'><strong>quos</strong></span> <span class='ocrx_word' id='word_1_193' title='bbox 483 2703 736 2760; x_wconf 69' lang='lat' dir='ltr'><strong>Hebraeis</strong></span> <span class='ocrx_word' id='word_1_194' title='bbox 804 2715 974 2757; x_wconf 91' lang='lat' dir='ltr'><strong>nemo</strong></span> <span class='ocrx_word' id='word_1_195' title='bbox 1028 2700 1165 2756; x_wconf 88' lang='lat' dir='ltr'><strong>olim</strong></span> <span class='ocrx_word' id='word_1_196' title='bbox 1217 2701 1458 2771; x_wconf 88' lang='lat' dir='ltr'><strong>ambigit</strong></span> <span class='ocrx_word' id='word_1_197' title='bbox 1517 2714 1639 2756; x_wconf 88' lang='lat' dir='ltr'><strong>esse</strong></span> <span class='ocrx_word' id='word_1_198' title='bbox 1697 2699 1981 2770; x_wconf 68' lang='lat' dir='ltr'><strong>praelatos.</strong></span> 
     </span>
    </p>
   </div>
   <div class='ocr_carea' id='block_1_30' title="bbox 283 2787 1982 2862">
    <p class='ocr_par' dir='ltr' id='par_1_30' title="bbox 283 2787 1982 2862">
     <span class='ocr_line' id='line_1_30' title="bbox 283 2787 1982 2862; baseline -0.004 -13"><span class='ocrx_word' id='word_1_199' title='bbox 283 2793 520 2862; x_wconf 81' lang='lat' dir='ltr'><strong>Moysen</strong></span> <span class='ocrx_word' id='word_1_200' title='bbox 575 2805 734 2862; x_wconf 88' lang='lat' dir='ltr'><strong>ergo,</strong></span> <span class='ocrx_word' id='word_1_201' title='bbox 794 2803 966 2860; x_wconf 90' lang='lat' dir='ltr'><strong>quem</strong></span> <span class='ocrx_word' id='word_1_202' title='bbox 1019 2789 1271 2845; x_wconf 89' lang='lat' dir='ltr'><strong>duarum</strong></span> <span class='ocrx_word' id='word_1_203' title='bbox 1319 2789 1622 2859; x_wconf 90' lang='lat' dir='ltr'><strong>conjugem</strong></span> <span class='ocrx_word' id='word_1_204' title='bbox 1672 2787 1982 2844; x_wconf 88' lang='lat' dir='ltr'><strong>mulierum</strong></span> 
     </span>
    </p>
   </div>
   <div class='ocr_carea' id='block_1_31' title="bbox 283 2875 1982 2949">
    <p class='ocr_par' dir='ltr' id='par_1_31' title="bbox 283 2875 1982 2949">
     <span class='ocr_line' id='line_1_31' title="bbox 283 2875 1982 2949; baseline -0.004 -13"><span class='ocrx_word' id='word_1_205' title='bbox 283 2881 578 2948; x_wconf 89' lang='lat' dir='ltr'><strong>novimus,</strong></span> <span class='ocrx_word' id='word_1_206' title='bbox 623 2886 855 2949; x_wconf 91' lang='lat' dir='ltr'><strong>peccata</strong></span> <span class='ocrx_word' id='word_1_207' title='bbox 891 2879 1085 2933; x_wconf 89' lang='lat' dir='ltr'><strong>carnis</strong></span> <span class='ocrx_word' id='word_1_208' title='bbox 1131 2885 1499 2947; x_wconf 80' lang='lat' dir='ltr'><strong>expertorutn</strong></span> <span class='ocrx_word' id='word_1_209' title='bbox 1553 2878 1705 2932; x_wconf 91' lang='lat' dir='ltr'><strong>viam</strong></span> <span class='ocrx_word' id='word_1_210' title='bbox 1754 2875 1982 2946; x_wconf 83' lang='lat' dir='ltr'><strong>signifi-</strong></span> 
     </span>
    </p>
   </div>
   <div class='ocr_carea' id='block_1_32' title="bbox 280 2963 1979 3038">
    <p class='ocr_par' dir='ltr' id='par_1_32' title="bbox 280 2963 1979 3038">
     <span class='ocr_line' id='line_1_32' title="bbox 280 2963 1979 3038; baseline -0.004 -12"><span class='ocrx_word' id='word_1_211' title='bbox 280 2983 413 3026; x_wconf 90' lang='lat' dir='ltr'><strong>care</strong></span> <span class='ocrx_word' id='word_1_212' title='bbox 443 2969 768 3034; x_wconf 89' lang='lat' dir='ltr'><strong>credamus,</strong></span> <span class='ocrx_word' id='word_1_213' title='bbox 797 2965 898 3038; x_wconf 91' lang='lat' dir='ltr'><strong>qui</strong></span> <span class='ocrx_word' id='word_1_214' title='bbox 928 2965 999 3022; x_wconf 93' lang='lat' dir='ltr'><strong>de</strong></span> <span class='ocrx_word' id='word_1_215' title='bbox 1033 2965 1283 3036; x_wconf 69' lang='lat' dir='ltr'><strong>Egypto</strong></span> <span class='ocrx_word' id='word_1_216' title='bbox 1327 2979 1461 3022; x_wconf 89' lang='lat' dir='ltr'><strong>cum</strong></span> <span class='ocrx_word' id='word_1_217' title='bbox 1511 2964 1762 3021; x_wconf 81' lang='lat' dir='ltr'><strong>filiorum</strong></span> <span class='ocrx_word' id='word_1_218' title='bbox 1809 2963 1979 3020; x_wconf 91' lang='lat' dir='ltr'><strong>lsrael</strong></span> 
     </span>
    </p>
   </div>
   <div class='ocr_carea' id='block_1_33' title="bbox 2091 584 3818 658">
    <p class='ocr_par' dir='ltr' id='par_1_33' title="bbox 2091 584 3818 658">
     <span class='ocr_line' id='line_1_33' title="bbox 2091 584 3818 658; baseline -0.002 -18"><span class='ocrx_word' id='word_1_219' title='bbox 2091 584 2383 658; x_wconf 82' lang='lat' dir='ltr'><strong>fastigium</strong></span> <span class='ocrx_word' id='word_1_220' title='bbox 2415 588 2768 658; x_wconf 87' lang='lat' dir='ltr'><strong>pertingant,</strong></span> <span class='ocrx_word' id='word_1_221' title='bbox 2805 594 2867 642; x_wconf 88' lang='lat' dir='ltr'><strong>ut</strong></span> <span class='ocrx_word' id='word_1_222' title='bbox 2911 585 3166 641; x_wconf 88' lang='lat' dir='ltr'><strong>adversis</strong></span> <span class='ocrx_word' id='word_1_223' title='bbox 3206 585 3406 641; x_wconf 87' lang='lat' dir='ltr'><strong>crebro</strong></span> <span class='ocrx_word' id='word_1_224' title='bbox 3440 595 3818 654; x_wconf 87' lang='lat' dir='ltr'><strong>premantur.</strong></span> 
     </span>
    </p>
   </div>
   <div class='ocr_carea' id='block_1_34' title="bbox 2094 671 3820 746">
    <p class='ocr_par' dir='ltr' id='par_1_34' title="bbox 2094 671 3820 746">
     <span class='ocr_line' id='line_1_34' title="bbox 2094 671 3820 746; baseline -0.003 -14"><span class='ocrx_word' id='word_1_225' title='bbox 2094 676 2235 746; x_wconf 88' lang='lat' dir='ltr'><strong>quia</strong></span> <span class='ocrx_word' id='word_1_226' title='bbox 2281 676 2430 732; x_wconf 88' lang='lat' dir='ltr'><strong>sicut</strong></span> <span class='ocrx_word' id='word_1_227' title='bbox 2477 690 2758 746; x_wconf 90' lang='lat' dir='ltr'><strong>pauperes</strong></span> <span class='ocrx_word' id='word_1_228' title='bbox 2799 675 2904 745; x_wconf 88' lang='lat' dir='ltr'><strong>qui</strong></span> <span class='ocrx_word' id='word_1_229' title='bbox 2943 682 3177 744; x_wconf 89' lang='lat' dir='ltr'><strong>repente</strong></span> <span class='ocrx_word' id='word_1_230' title='bbox 3217 673 3476 744; x_wconf 89' lang='lat' dir='ltr'><strong>quolibet</strong></span> <span class='ocrx_word' id='word_1_231' title='bbox 3506 675 3678 729; x_wconf 90' lang='lat' dir='ltr'><strong>modo</strong></span> <span class='ocrx_word' id='word_1_232' title='bbox 3722 671 3820 728; x_wconf 90' lang='lat' dir='ltr'><strong>di-</strong></span> 
     </span>
    </p>
   </div>
   <div class='ocr_carea' id='block_1_35' title="bbox 2093 761 3818 834">
    <p class='ocr_par' dir='ltr' id='par_1_35' title="bbox 2093 761 3818 834">
     <span class='ocr_line' id='line_1_35' title="bbox 2093 761 3818 834; baseline -0.002 -14"><span class='ocrx_word' id='word_1_233' title='bbox 2093 771 2318 820; x_wconf 90' lang='lat' dir='ltr'><strong>tescant</strong></span> <span class='ocrx_word' id='word_1_234' title='bbox 2359 763 2526 820; x_wconf 82' lang='lat' dir='ltr'><strong>facile</strong></span> <span class='ocrx_word' id='word_1_235' title='bbox 2556 764 2922 834; x_wconf 90' lang='lat' dir='ltr'><strong>superbiant,</strong></span> <span class='ocrx_word' id='word_1_236' title='bbox 2980 763 3062 818; x_wconf 90' lang='lat' dir='ltr'><strong>sic</strong></span> <span class='ocrx_word' id='word_1_237' title='bbox 3089 763 3227 818; x_wconf 88' lang='lat' dir='ltr'><strong>tales</strong></span> <span class='ocrx_word' id='word_1_238' title='bbox 3259 762 3368 818; x_wconf 88' lang='lat' dir='ltr'><strong>nisi</strong></span> <span class='ocrx_word' id='word_1_239' title='bbox 3409 761 3639 818; x_wconf 87' lang='lat' dir='ltr'><strong>assidue</strong></span> <span class='ocrx_word' id='word_1_240' title='bbox 3683 775 3818 832; x_wconf 66' lang='lat' dir='ltr'><strong>pa:-</strong></span> 
     </span>
    </p>
   </div>
   <div class='ocr_carea' id='block_1_36' title="bbox 2092 847 3816 920">
    <p class='ocr_par' dir='ltr' id='par_1_36' title="bbox 2092 847 3816 920">
     <span class='ocr_line' id='line_1_36' title="bbox 2092 847 3816 920; baseline -0.003 -14"><span class='ocrx_word' id='word_1_241' title='bbox 2092 850 2184 906; x_wconf 91' lang='lat' dir='ltr'><strong>nis</strong></span> <span class='ocrx_word' id='word_1_242' title='bbox 2227 857 2488 908; x_wconf 88' lang='lat' dir='ltr'><strong>terantur</strong></span> <span class='ocrx_word' id='word_1_243' title='bbox 2542 850 2825 906; x_wconf 88' lang='lat' dir='ltr'><strong>cervicem</strong></span> <span class='ocrx_word' id='word_1_244' title='bbox 2849 849 3076 920; x_wconf 80' lang='lat' dir='ltr'><strong>pristini</strong></span> <span class='ocrx_word' id='word_1_245' title='bbox 3107 847 3268 904; x_wconf 89' lang='lat' dir='ltr'><strong>obliti</strong></span> <span class='ocrx_word' id='word_1_246' title='bbox 3302 849 3514 904; x_wconf 91' lang='lat' dir='ltr'><strong>erroris</strong></span> <span class='ocrx_word' id='word_1_247' title='bbox 3543 848 3816 920; x_wconf 89' lang='lat' dir='ltr'><strong>erigant.</strong></span> 
     </span>
    </p>
   </div>
   <div class='ocr_carea' id='block_1_37' title="bbox 2095 935 3820 1009">
    <p class='ocr_par' dir='ltr' id='par_1_37' title="bbox 2095 935 3820 1009">
     <span class='ocr_line' id='line_1_37' title="bbox 2095 935 3820 1009; baseline -0.002 -14"><span class='ocrx_word' id='word_1_248' title='bbox 2095 937 2256 995; x_wconf 90' lang='lat' dir='ltr'><strong>Unde</strong></span> <span class='ocrx_word' id='word_1_249' title='bbox 2291 946 2346 994; x_wconf 90' lang='lat' dir='ltr'><strong>et</strong></span> <span class='ocrx_word' id='word_1_250' title='bbox 2373 951 2508 995; x_wconf 89' lang='lat' dir='ltr'><strong>rara</strong></span> <span class='ocrx_word' id='word_1_251' title='bbox 2538 939 2851 1009; x_wconf 89' lang='lat' dir='ltr'><strong>minasque</strong></span> <span class='ocrx_word' id='word_1_252' title='bbox 2881 937 3162 993; x_wconf 90' lang='lat' dir='ltr'><strong>diuturna</strong></span> <span class='ocrx_word' id='word_1_253' title='bbox 3190 936 3274 992; x_wconf 91' lang='lat' dir='ltr'><strong>eis</strong></span> <span class='ocrx_word' id='word_1_254' title='bbox 3301 935 3820 1006; x_wconf 88' lang='lat' dir='ltr'><strong>contemplationis</strong></span> 
     </span>
    </p>
   </div>
   <div class='ocr_carea' id='block_1_38' title="bbox 2091 1023 3812 1098">
    <p class='ocr_par' dir='ltr' id='par_1_38' title="bbox 2091 1023 3812 1098">
     <span class='ocr_line' id='line_1_38' title="bbox 2091 1023 3812 1098; baseline -0.001 -16"><span class='ocrx_word' id='word_1_255' title='bbox 2091 1027 2278 1084; x_wconf 86' lang='lat' dir='ltr'><strong>virtus</strong></span> <span class='ocrx_word' id='word_1_256' title='bbox 2305 1027 2573 1097; x_wconf 88' lang='lat' dir='ltr'><strong>suppetit,</strong></span> <span class='ocrx_word' id='word_1_257' title='bbox 2611 1041 2744 1098; x_wconf 63' lang='lat' dir='ltr'><strong>qua:</strong></span> <span class='ocrx_word' id='word_1_258' title='bbox 2772 1025 2876 1083; x_wconf 90' lang='lat' dir='ltr'><strong>etsi</strong></span> <span class='ocrx_word' id='word_1_259' title='bbox 2921 1024 3225 1096; x_wconf 90' lang='lat' dir='ltr'><strong>aliquoties</strong></span> <span class='ocrx_word' id='word_1_260' title='bbox 3280 1023 3391 1080; x_wconf 92' lang='lat' dir='ltr'><strong>sibi</strong></span> <span class='ocrx_word' id='word_1_261' title='bbox 3438 1023 3812 1091; x_wconf 88' lang='lat' dir='ltr'><strong>conceditur,</strong></span> 
     </span>
    </p>
   </div>
   <div class='ocr_carea' id='block_1_39' title="bbox 2090 1112 3819 1182">
    <p class='ocr_par' dir='ltr' id='par_1_39' title="bbox 2090 1112 3819 1182">
     <span class='ocr_line' id='line_1_39' title="bbox 2090 1112 3819 1182; baseline -0.002 -10"><span class='ocrx_word' id='word_1_262' title='bbox 2090 1115 2164 1172; x_wconf 90' lang='lat' dir='ltr'><strong>ad</strong></span> <span class='ocrx_word' id='word_1_263' title='bbox 2219 1116 2325 1172; x_wconf 92' lang='lat' dir='ltr'><strong>hoc</strong></span> <span class='ocrx_word' id='word_1_264' title='bbox 2381 1115 2501 1172; x_wconf 88' lang='lat' dir='ltr'><strong>ﬂeri</strong></span> <span class='ocrx_word' id='word_1_265' title='bbox 2551 1115 2822 1182; x_wconf 90' lang='lat' dir='ltr'><strong>creditur,</strong></span> <span class='ocrx_word' id='word_1_266' title='bbox 2875 1123 2940 1171; x_wconf 93' lang='lat' dir='ltr'><strong>ut</strong></span> <span class='ocrx_word' id='word_1_267' title='bbox 2992 1127 3127 1170; x_wconf 89' lang='lat' dir='ltr'><strong>cum</strong></span> <span class='ocrx_word' id='word_1_268' title='bbox 3171 1113 3246 1169; x_wconf 89' lang='lat' dir='ltr'><strong>ad</strong></span> <span class='ocrx_word' id='word_1_269' title='bbox 3307 1112 3512 1170; x_wconf 91' lang='lat' dir='ltr'><strong>horam</strong></span> <span class='ocrx_word' id='word_1_270' title='bbox 3573 1113 3819 1169; x_wconf 78' lang='lat' dir='ltr'><strong>cceleste</strong></span> 
     </span>
    </p>
   </div>
   <div class='ocr_carea' id='block_1_40' title="bbox 2090 1201 3819 1275">
    <p class='ocr_par' dir='ltr' id='par_1_40' title="bbox 2090 1201 3819 1275">
     <span class='ocr_line' id='line_1_40' title="bbox 2090 1201 3819 1275; baseline -0.003 -15"><span class='ocrx_word' id='word_1_271' title='bbox 2090 1203 2390 1275; x_wconf 91' lang='lat' dir='ltr'><strong>quidpiam</strong></span> <span class='ocrx_word' id='word_1_272' title='bbox 2415 1205 2619 1268; x_wconf 67' lang='lat' dir='ltr'><strong>{mente</strong></span> <span class='ocrx_word' id='word_1_273' title='bbox 2665 1203 2979 1274; x_wconf 88' lang='lat' dir='ltr'><strong>attigerint,</strong></span> <span class='ocrx_word' id='word_1_274' title='bbox 3017 1217 3123 1259; x_wconf 89' lang='lat' dir='ltr'><strong>nec</strong></span> <span class='ocrx_word' id='word_1_275' title='bbox 3170 1209 3363 1258; x_wconf 86' lang='lat' dir='ltr'><strong>tamen</strong></span> <span class='ocrx_word' id='word_1_276' title='bbox 3403 1201 3640 1272; x_wconf 88' lang='lat' dir='ltr'><strong>quando</strong></span> <span class='ocrx_word' id='word_1_277' title='bbox 3703 1215 3819 1256; x_wconf 83' lang='lat' dir='ltr'><strong>vo-</strong></span> 
     </span>
    </p>
   </div>
   <div class='ocr_carea' id='block_1_41' title="bbox 2091 1289 3809 1362">
    <p class='ocr_par' dir='ltr' id='par_1_41' title="bbox 2091 1289 3809 1362">
     <span class='ocr_line' id='line_1_41' title="bbox 2091 1289 3809 1362; baseline -0.002 -13"><span class='ocrx_word' id='word_1_278' title='bbox 2091 1293 2303 1349; x_wconf 87' lang='lat' dir='ltr'><strong>luerint</strong></span> <span class='ocrx_word' id='word_1_279' title='bbox 2337 1300 2460 1362; x_wconf 87' lang='lat' dir='ltr'><strong>post</strong></span> <span class='ocrx_word' id='word_1_280' title='bbox 2488 1292 2852 1348; x_wconf 89' lang='lat' dir='ltr'><strong>amissionem</strong></span> <span class='ocrx_word' id='word_1_281' title='bbox 2882 1292 2956 1346; x_wconf 90' lang='lat' dir='ltr'><strong>ad</strong></span> <span class='ocrx_word' id='word_1_282' title='bbox 3003 1291 3190 1360; x_wconf 90' lang='lat' dir='ltr'><strong>ipsum</strong></span> <span class='ocrx_word' id='word_1_283' title='bbox 3234 1290 3422 1345; x_wconf 89' lang='lat' dir='ltr'><strong>redire</strong></span> <span class='ocrx_word' id='word_1_284' title='bbox 3481 1289 3809 1353; x_wconf 86' lang='lat' dir='ltr'><strong>valuerint,</strong></span> 
     </span>
    </p>
   </div>
   <div class='ocr_carea' id='block_1_42' title="bbox 2091 1377 3814 1451">
    <p class='ocr_par' dir='ltr' id='par_1_42' title="bbox 2091 1377 3814 1451">
     <span class='ocr_line' id='line_1_42' title="bbox 2091 1377 3814 1451; baseline -0.003 -14"><span class='ocrx_word' id='word_1_285' title='bbox 2091 1389 2321 1451; x_wconf 89' lang='lat' dir='ltr'><strong>peccato</strong></span> <span class='ocrx_word' id='word_1_286' title='bbox 2359 1395 2466 1437; x_wconf 93' lang='lat' dir='ltr'><strong>suo</strong></span> <span class='ocrx_word' id='word_1_287' title='bbox 2498 1381 2802 1450; x_wconf 89' lang='lat' dir='ltr'><strong>imputent,</strong></span> <span class='ocrx_word' id='word_1_288' title='bbox 2835 1379 2990 1450; x_wconf 92' lang='lat' dir='ltr'><strong>quod</strong></span> <span class='ocrx_word' id='word_1_289' title='bbox 3020 1379 3279 1434; x_wconf 89' lang='lat' dir='ltr'><strong>videndis</strong></span> <span class='ocrx_word' id='word_1_290' title='bbox 3311 1378 3636 1434; x_wconf 71' lang='lat' dir='ltr'><strong>caelestibus</strong></span> <span class='ocrx_word' id='word_1_291' title='bbox 3689 1377 3814 1433; x_wconf 89' lang='lat' dir='ltr'><strong>mi-</strong></span> 
     </span>
    </p>
   </div>
   <div class='ocr_carea' id='block_1_43' title="bbox 2089 1467 3811 1539">
    <p class='ocr_par' dir='ltr' id='par_1_43' title="bbox 2089 1467 3811 1539">
     <span class='ocr_line' id='line_1_43' title="bbox 2089 1467 3811 1539; baseline -0.002 -14"><span class='ocrx_word' id='word_1_292' title='bbox 2089 1484 2202 1525; x_wconf 90' lang='lat' dir='ltr'><strong>nus</strong></span> <span class='ocrx_word' id='word_1_293' title='bbox 2238 1469 2451 1526; x_wconf 93' lang='lat' dir='ltr'><strong>valent.</strong></span> <span class='ocrx_word' id='word_1_294' title='bbox 2501 1469 2665 1536; x_wconf 86' lang='lat' dir='ltr'><strong>Quod</strong></span> <span class='ocrx_word' id='word_1_295' title='bbox 2711 1483 2813 1539; x_wconf 91' lang='lat' dir='ltr'><strong>per</strong></span> <span class='ocrx_word' id='word_1_296' title='bbox 2873 1467 3017 1524; x_wconf 90' lang='lat' dir='ltr'><strong>illud</strong></span> <span class='ocrx_word' id='word_1_297' title='bbox 3069 1468 3338 1524; x_wconf 92' lang='lat' dir='ltr'><strong>innuitur</strong></span> <span class='ocrx_word' id='word_1_298' title='bbox 3375 1467 3534 1538; x_wconf 91' lang='lat' dir='ltr'><strong>quod</strong></span> <span class='ocrx_word' id='word_1_299' title='bbox 3575 1467 3811 1537; x_wconf 81' lang='lat' dir='ltr'><strong>Moyses</strong></span> 
     </span>
    </p>
   </div>
   <div class='ocr_carea' id='block_1_44' title="bbox 2090 1557 3804 1628">
    <p class='ocr_par' dir='ltr' id='par_1_44' title="bbox 2090 1557 3804 1628">
     <span class='ocr_line' id='line_1_44' title="bbox 2090 1557 3804 1628; baseline -0.001 -14"><span class='ocrx_word' id='word_1_300' title='bbox 2090 1566 2339 1614; x_wconf 90' lang='lat' dir='ltr'><strong>montem</strong></span> <span class='ocrx_word' id='word_1_301' title='bbox 2381 1559 2760 1614; x_wconf 88' lang='lat' dir='ltr'><strong>conscendere</strong></span> <span class='ocrx_word' id='word_1_302' title='bbox 2801 1557 3060 1628; x_wconf 90' lang='lat' dir='ltr'><strong>jubetur,</strong></span> <span class='ocrx_word' id='word_1_303' title='bbox 3111 1571 3175 1613; x_wconf 84' lang='lat' dir='ltr'><strong>ex</strong></span> <span class='ocrx_word' id='word_1_304' title='bbox 3224 1571 3343 1628; x_wconf 89' lang='lat' dir='ltr'><strong>quo</strong></span> <span class='ocrx_word' id='word_1_305' title='bbox 3389 1563 3601 1613; x_wconf 87' lang='lat' dir='ltr'><strong>terram</strong></span> <span class='ocrx_word' id='word_1_306' title='bbox 3663 1570 3804 1626; x_wconf 89' lang='lat' dir='ltr'><strong>pro-</strong></span> 
     </span>
    </p>
   </div>
   <div class='ocr_carea' id='block_1_45' title="bbox 2090 1643 3809 1716">
    <p class='ocr_par' dir='ltr' id='par_1_45' title="bbox 2090 1643 3809 1716">
     <span class='ocr_line' id='line_1_45' title="bbox 2090 1643 3809 1716; baseline -0.002 -14"><span class='ocrx_word' id='word_1_307' title='bbox 2090 1647 2377 1702; x_wconf 91' lang='lat' dir='ltr'><strong>missionis</strong></span> <span class='ocrx_word' id='word_1_308' title='bbox 2419 1646 2854 1716; x_wconf 91' lang='lat' dir='ltr'><strong>contempletur,</strong></span> <span class='ocrx_word' id='word_1_309' title='bbox 2901 1645 2994 1702; x_wconf 93' lang='lat' dir='ltr'><strong>cui</strong></span> <span class='ocrx_word' id='word_1_310' title='bbox 3049 1652 3240 1701; x_wconf 87' lang='lat' dir='ltr'><strong>tamen</strong></span> <span class='ocrx_word' id='word_1_311' title='bbox 3295 1644 3353 1700; x_wconf 94' lang='lat' dir='ltr'><strong>in</strong></span> <span class='ocrx_word' id='word_1_312' title='bbox 3412 1657 3482 1700; x_wconf 89' lang='lat' dir='ltr'><strong>ea</strong></span> <span class='ocrx_word' id='word_1_313' title='bbox 3534 1643 3809 1700; x_wconf 88' lang='lat' dir='ltr'><strong>habitare</strong></span> 
     </span>
    </p>
   </div>
   <div class='ocr_carea' id='block_1_46' title="bbox 2091 1731 3810 1792">
    <p class='ocr_par' dir='ltr' id='par_1_46' title="bbox 2091 1731 3810 1792">
     <span class='ocr_line' id='line_1_46' title="bbox 2091 1731 3810 1792; baseline -0.003 -1"><span class='ocrx_word' id='word_1_314' title='bbox 2091 1750 2208 1792; x_wconf 92' lang='lat' dir='ltr'><strong>non</strong></span> <span class='ocrx_word' id='word_1_315' title='bbox 2266 1735 2458 1791; x_wconf 91' lang='lat' dir='ltr'><strong>datur.</strong></span> <span class='ocrx_word' id='word_1_316' title='bbox 2519 1734 2858 1791; x_wconf 86' lang='lat' dir='ltr'><strong>Sanctorum</strong></span> <span class='ocrx_word' id='word_1_317' title='bbox 2915 1733 3069 1790; x_wconf 90' lang='lat' dir='ltr'><strong>enim</strong></span> <span class='ocrx_word' id='word_1_318' title='bbox 3123 1731 3481 1788; x_wconf 71' lang='lat' dir='ltr'><strong>conversatio</strong></span> <span class='ocrx_word' id='word_1_319' title='bbox 3531 1732 3588 1786; x_wconf 93' lang='lat' dir='ltr'><strong>in</strong></span> <span class='ocrx_word' id='word_1_320' title='bbox 3639 1732 3810 1787; x_wconf 67' lang='lat' dir='ltr'><strong>caelis</strong></span> 
     </span>
    </p>
   </div>
   <div class='ocr_carea' id='block_1_47' title="bbox 2102 1819 3810 1893">
    <p class='ocr_par' dir='ltr' id='par_1_47' title="bbox 2102 1819 3810 1893">
     <span class='ocr_line' id='line_1_47' title="bbox 2102 1819 3810 1893; baseline -0.003 -14"><span class='ocrx_word' id='word_1_321' title='bbox 2102 1830 2187 1879; x_wconf 91' lang='lat' dir='ltr'><strong>est</strong></span> <span class='ocrx_word' id='word_1_322' title='bbox 2217 1821 2395 1893; x_wconf 81' lang='lat' dir='ltr'><strong>(Phil.</strong></span> <span class='ocrx_word' id='word_1_323' title='bbox 2455 1837 2533 1889; x_wconf 80' lang='grc' dir='ltr'><strong>ιιι,</strong></span> <span class='ocrx_word' id='word_1_324' title='bbox 2585 1825 2698 1891; x_wconf 76' lang='lat'><strong>9.0).</strong></span> <span class='ocrx_word' id='word_1_325' title='bbox 2732 1822 2838 1878; x_wconf 90' lang='lat' dir='ltr'><strong>Sed</strong></span> <span class='ocrx_word' id='word_1_326' title='bbox 2894 1821 2940 1876; x_wconf 92' lang='lat' dir='ltr'><strong>si</strong></span> <span class='ocrx_word' id='word_1_327' title='bbox 2995 1835 3194 1877; x_wconf 90' lang='lat' dir='ltr'><strong>omnes</strong></span> <span class='ocrx_word' id='word_1_328' title='bbox 3241 1820 3381 1876; x_wconf 92' lang='lat' dir='ltr'><strong>illuc</strong></span> <span class='ocrx_word' id='word_1_329' title='bbox 3438 1819 3646 1874; x_wconf 89' lang='lat' dir='ltr'><strong>ardent</strong></span> <span class='ocrx_word' id='word_1_330' title='bbox 3700 1832 3810 1888; x_wconf 90' lang='lat' dir='ltr'><strong>per</strong></span> 
     </span>
    </p>
   </div>
   <div class='ocr_carea' id='block_1_48' title="bbox 2098 1913 3810 1983">
    <p class='ocr_par' dir='ltr' id='par_1_48' title="bbox 2098 1913 3810 1983">
     <span class='ocr_line' id='line_1_48' title="bbox 2098 1913 3810 1983; baseline -0.002 -11"><span class='ocrx_word' id='word_1_331' title='bbox 2098 1915 2305 1972; x_wconf 90' lang='lat' dir='ltr'><strong>mentis</strong></span> <span class='ocrx_word' id='word_1_332' title='bbox 2360 1915 2728 1982; x_wconf 89' lang='lat' dir='ltr'><strong>desiderium,</strong></span> <span class='ocrx_word' id='word_1_333' title='bbox 2817 1928 2934 1970; x_wconf 93' lang='lat' dir='ltr'><strong>non</strong></span> <span class='ocrx_word' id='word_1_334' title='bbox 3003 1921 3192 1969; x_wconf 91' lang='lat' dir='ltr'><strong>tamen</strong></span> <span class='ocrx_word' id='word_1_335' title='bbox 3260 1927 3460 1968; x_wconf 90' lang='lat' dir='ltr'><strong>omnes</strong></span> <span class='ocrx_word' id='word_1_336' title='bbox 3497 1913 3810 1983; x_wconf 68' lang='lat' dir='ltr'><strong>aequaliter</strong></span> 
     </span>
    </p>
   </div>
   <div class='ocr_carea' id='block_1_49' title="bbox 2099 2001 3420 2072">
    <p class='ocr_par' dir='ltr' id='par_1_49' title="bbox 2099 2001 3420 2072">
     <span class='ocr_line' id='line_1_49' title="bbox 2099 2001 3420 2072; baseline -0.002 -13"><span class='ocrx_word' id='word_1_337' title='bbox 2099 2003 2212 2060; x_wconf 90' lang='lat' dir='ltr'><strong>illic</strong></span> <span class='ocrx_word' id='word_1_338' title='bbox 2243 2003 2504 2059; x_wconf 85' lang='lat' dir='ltr'><strong>habitant</strong></span> <span class='ocrx_word' id='word_1_339' title='bbox 2530 2016 2630 2072; x_wconf 91' lang='lat' dir='ltr'><strong>per</strong></span> <span class='ocrx_word' id='word_1_340' title='bbox 2653 2001 3152 2072; x_wconf 90' lang='lat' dir='ltr'><strong>contemplationis</strong></span> <span class='ocrx_word' id='word_1_341' title='bbox 3183 2001 3420 2057; x_wconf 89' lang='lat' dir='ltr'><strong>donum.</strong></span> 
     </span>
    </p>
   </div>
   <div class='ocr_carea' id='block_1_50' title="bbox 2163 2089 3809 2162">
    <p class='ocr_par' dir='ltr' id='par_1_50' title="bbox 2163 2089 3809 2162">
     <span class='ocr_line' id='line_1_50' title="bbox 2163 2089 3809 2162; baseline -0.002 -16"><span class='ocrx_word' id='word_1_342' title='bbox 2163 2093 2342 2147; x_wconf 71' lang='lat' dir='ltr'><strong>J0me</strong></span> <span class='ocrx_word' id='word_1_343' title='bbox 2369 2106 2466 2147; x_wconf 75' lang='lat' dir='ltr'><strong>eos</strong></span> <span class='ocrx_word' id='word_1_344' title='bbox 2494 2090 2593 2162; x_wconf 79' lang='lat' dir='ltr'><strong>qui</strong></span> <span class='ocrx_word' id='word_1_345' title='bbox 2621 2089 3024 2160; x_wconf 64' lang='lat' dir='ltr'><strong>baptismalem</strong></span> <span class='ocrx_word' id='word_1_346' title='bbox 3043 2089 3349 2145; x_wconf 83' lang='lat' dir='ltr'><strong>candorem</strong></span> <span class='ocrx_word' id='word_1_347' title='bbox 3385 2091 3809 2144; x_wconf 75' lang='lat' dir='ltr'><strong>commorunt</strong></span> 
     </span>
    </p>
   </div>
   <div class='ocr_carea' id='block_1_51' title="bbox 2093 2176 3800 2250">
    <p class='ocr_par' dir='ltr' id='par_1_51' title="bbox 2093 2176 3800 2250">
     <span class='ocr_line' id='line_1_51' title="bbox 2093 2176 3800 2250; baseline -0.001 -18"><span class='ocrx_word' id='word_1_348' title='bbox 2093 2177 2332 2234; x_wconf 76' lang='lat' dir='ltr'><strong>indicat.</strong></span> <span class='ocrx_word' id='word_1_349' title='bbox 2359 2211 2428 2220; x_wconf 90' lang='lat'><strong><em>—</em></strong></span> <span class='ocrx_word' id='word_1_350' title='bbox 2460 2181 2531 2236; x_wconf 86' lang='lat' dir='ltr'><strong>Et</strong></span> <span class='ocrx_word' id='word_1_351' title='bbox 2565 2181 2754 2245; x_wconf 91' lang='lat' dir='ltr'><strong>Iosue,</strong></span> <span class='ocrx_word' id='word_1_352' title='bbox 2802 2180 2904 2250; x_wconf 91' lang='lat' dir='ltr'><strong>qui</strong></span> <span class='ocrx_word' id='word_1_353' title='bbox 2953 2180 3010 2234; x_wconf 92' lang='lat' dir='ltr'><strong>in</strong></span> <span class='ocrx_word' id='word_1_354' title='bbox 3045 2179 3143 2234; x_wconf 91' lang='lat' dir='ltr'><strong>Dei</strong></span> <span class='ocrx_word' id='word_1_355' title='bbox 3177 2176 3572 2245; x_wconf 88' lang='lat' dir='ltr'><strong>tabernaculo,</strong></span> <span class='ocrx_word' id='word_1_356' title='bbox 3613 2176 3671 2231; x_wconf 90' lang='lat' dir='ltr'><strong>id</strong></span> <span class='ocrx_word' id='word_1_357' title='bbox 3711 2184 3800 2232; x_wconf 87' lang='lat' dir='ltr'><strong>est</strong></span> 
     </span>
    </p>
   </div>
   <div class='ocr_carea' id='block_1_52' title="bbox 2093 2266 3800 2338">
    <p class='ocr_par' dir='ltr' id='par_1_52' title="bbox 2093 2266 3800 2338">
     <span class='ocr_line' id='line_1_52' title="bbox 2093 2266 3800 2338; baseline -0.001 -15"><span class='ocrx_word' id='word_1_358' title='bbox 2093 2267 2298 2323; x_wconf 91' lang='lat' dir='ltr'><strong>militia</strong></span> <span class='ocrx_word' id='word_1_359' title='bbox 2339 2268 2678 2335; x_wconf 89' lang='lat' dir='ltr'><strong>mansitans,</strong></span> <span class='ocrx_word' id='word_1_360' title='bbox 2710 2268 2818 2324; x_wconf 91' lang='lat' dir='ltr'><strong>sub</strong></span> <span class='ocrx_word' id='word_1_361' title='bbox 2849 2268 3104 2338; x_wconf 88' lang='lat' dir='ltr'><strong>quadam</strong></span> <span class='ocrx_word' id='word_1_362' title='bbox 3149 2267 3419 2338; x_wconf 88' lang='lat' dir='ltr'><strong>virginali</strong></span> <span class='ocrx_word' id='word_1_363' title='bbox 3471 2266 3800 2323; x_wconf 91' lang='lat' dir='ltr'><strong>reverentia</strong></span> 
     </span>
    </p>
   </div>
   <div class='ocr_carea' id='block_1_53' title="bbox 2092 2354 3798 2425">
    <p class='ocr_par' dir='ltr' id='par_1_53' title="bbox 2092 2354 3798 2425">
     <span class='ocr_line' id='line_1_53' title="bbox 2092 2354 3798 2425; baseline 0 -15"><span class='ocrx_word' id='word_1_364' title='bbox 2092 2354 2354 2411; x_wconf 67' lang='lat' dir='ltr'><strong>Mosaicae</strong></span> <span class='ocrx_word' id='word_1_365' title='bbox 2420 2355 2734 2425; x_wconf 65' lang='lat' dir='ltr'><strong>disciplinae</strong></span> <span class='ocrx_word' id='word_1_366' title='bbox 2789 2355 3071 2411; x_wconf 88' lang='lat' dir='ltr'><strong>indivisus</strong></span> <span class='ocrx_word' id='word_1_367' title='bbox 3127 2369 3353 2424; x_wconf 89' lang='lat' dir='ltr'><strong>semper</strong></span> <span class='ocrx_word' id='word_1_368' title='bbox 3425 2355 3676 2421; x_wconf 65' lang='lat' dir='ltr'><strong>inhaesit,</strong></span> <span class='ocrx_word' id='word_1_369' title='bbox 3739 2361 3798 2410; x_wconf 91' lang='lat' dir='ltr'><strong>et</strong></span> 
     </span>
    </p>
   </div>
   <div class='ocr_carea' id='block_1_54' title="bbox 2091 2442 3797 2514">
    <p class='ocr_par' dir='ltr' id='par_1_54' title="bbox 2091 2442 3797 2514">
     <span class='ocr_line' id='line_1_54' title="bbox 2091 2442 3797 2514; baseline -0.001 -16"><span class='ocrx_word' id='word_1_370' title='bbox 2091 2443 2238 2499; x_wconf 93' lang='lat' dir='ltr'><strong>nulli</strong></span> <span class='ocrx_word' id='word_1_371' title='bbox 2264 2443 2554 2514; x_wconf 86' lang='lat' dir='ltr'><strong>obligatus</strong></span> <span class='ocrx_word' id='word_1_372' title='bbox 2578 2443 2848 2514; x_wconf 90' lang='lat' dir='ltr'><strong>conjugio</strong></span> <span class='ocrx_word' id='word_1_373' title='bbox 2898 2443 3102 2499; x_wconf 66' lang='lat' dir='ltr'><strong>caelebs</strong></span> <span class='ocrx_word' id='word_1_374' title='bbox 3131 2443 3361 2504; x_wconf 88' lang='lat' dir='ltr'><strong>mansit,</strong></span> <span class='ocrx_word' id='word_1_375' title='bbox 3405 2443 3634 2510; x_wconf 88' lang='lat' dir='ltr'><strong>horam,</strong></span> <span class='ocrx_word' id='word_1_376' title='bbox 3690 2442 3797 2512; x_wconf 90' lang='lat' dir='ltr'><strong>qui</strong></span> 
     </span>
    </p>
   </div>
   <div class='ocr_carea' id='block_1_55' title="bbox 2090 2528 3796 2602">
    <p class='ocr_par' dir='ltr' id='par_1_55' title="bbox 2090 2528 3796 2602">
     <span class='ocr_line' id='line_1_55' title="bbox 2090 2528 3796 2602; baseline -0.002 -16"><span class='ocrx_word' id='word_1_377' title='bbox 2090 2531 2416 2602; x_wconf 88' lang='lat' dir='ltr'><strong>integritate</strong></span> <span class='ocrx_word' id='word_1_378' title='bbox 2445 2530 2717 2600; x_wconf 88' lang='lat' dir='ltr'><strong>corporis,</strong></span> <span class='ocrx_word' id='word_1_379' title='bbox 2757 2538 2814 2586; x_wconf 92' lang='lat' dir='ltr'><strong>et</strong></span> <span class='ocrx_word' id='word_1_380' title='bbox 2851 2531 3030 2586; x_wconf 88' lang='lat' dir='ltr'><strong>animi</strong></span> <span class='ocrx_word' id='word_1_381' title='bbox 3084 2529 3315 2600; x_wconf 91' lang='lat' dir='ltr'><strong>pollent,</strong></span> <span class='ocrx_word' id='word_1_382' title='bbox 3367 2537 3586 2600; x_wconf 88' lang='lat' dir='ltr'><strong>gestare</strong></span> <span class='ocrx_word' id='word_1_383' title='bbox 3651 2528 3796 2584; x_wconf 90' lang='lat' dir='ltr'><strong>mihi</strong></span> 
     </span>
    </p>
   </div>
   <div class='ocr_carea' id='block_1_56' title="bbox 2089 2617 3796 2688">
    <p class='ocr_par' dir='ltr' id='par_1_56' title="bbox 2089 2617 3796 2688">
     <span class='ocr_line' id='line_1_56' title="bbox 2089 2617 3796 2688; baseline -0.001 -14"><span class='ocrx_word' id='word_1_384' title='bbox 2089 2620 2344 2676; x_wconf 77' lang='lat' dir='ltr'><strong>creditur</strong></span> <span class='ocrx_word' id='word_1_385' title='bbox 2385 2619 2649 2675; x_wconf 87' lang='lat' dir='ltr'><strong>formam.</strong></span> <span class='ocrx_word' id='word_1_386' title='bbox 2696 2619 2805 2684; x_wconf 88' lang='lat' dir='ltr'><strong>Qui</strong></span> <span class='ocrx_word' id='word_1_387' title='bbox 2853 2618 3105 2674; x_wconf 89' lang='lat' dir='ltr'><strong>secando</strong></span> <span class='ocrx_word' id='word_1_388' title='bbox 3150 2617 3431 2688; x_wconf 91' lang='lat' dir='ltr'><strong>populum</strong></span> <span class='ocrx_word' id='word_1_389' title='bbox 3481 2617 3796 2672; x_wconf 86' lang='lat' dir='ltr'><strong>circumci-</strong></span> 
     </span>
    </p>
   </div>
   <div class='ocr_carea' id='block_1_57' title="bbox 2089 2705 3792 2778">
    <p class='ocr_par' dir='ltr' id='par_1_57' title="bbox 2089 2705 3792 2778">
     <span class='ocr_line' id='line_1_57' title="bbox 2089 2705 3792 2778; baseline -0.002 -14"><span class='ocrx_word' id='word_1_390' title='bbox 2089 2708 2230 2764; x_wconf 89' lang='lat' dir='ltr'><strong>dens</strong></span> <span class='ocrx_word' id='word_1_391' title='bbox 2259 2714 2346 2776; x_wconf 93' lang='lat' dir='ltr'><strong>(ut</strong></span> <span class='ocrx_word' id='word_1_392' title='bbox 2374 2707 2475 2778; x_wconf 92' lang='lat' dir='ltr'><strong>qui</strong></span> <span class='ocrx_word' id='word_1_393' title='bbox 2528 2708 2879 2778; x_wconf 92' lang='lat' dir='ltr'><strong>baptismum</strong></span> <span class='ocrx_word' id='word_1_394' title='bbox 2926 2708 3127 2778; x_wconf 92' lang='lat' dir='ltr'><strong>aliqua</strong></span> <span class='ocrx_word' id='word_1_395' title='bbox 3168 2706 3588 2762; x_wconf 91' lang='lat' dir='ltr'><strong>maculaverint</strong></span> <span class='ocrx_word' id='word_1_396' title='bbox 3643 2705 3792 2772; x_wconf 91' lang='lat' dir='ltr'><strong>labe,</strong></span> 
     </span>
    </p>
   </div>
   <div class='ocr_carea' id='block_1_58' title="bbox 2091 2793 3899 2868">
    <p class='ocr_par' dir='ltr' id='par_1_58' title="bbox 2091 2793 3899 2868">
     <span class='ocr_line' id='line_1_58' title="bbox 2091 2793 3899 2868; baseline -0.002 -16"><span class='ocrx_word' id='word_1_397' title='bbox 2091 2811 2187 2852; x_wconf 91' lang='lat' dir='ltr'><strong>eos</strong></span> <span class='ocrx_word' id='word_1_398' title='bbox 2264 2796 2585 2853; x_wconf 90' lang='lat' dir='ltr'><strong>ostenderet</strong></span> <span class='ocrx_word' id='word_1_399' title='bbox 2664 2796 3074 2852; x_wconf 90' lang='lat' dir='ltr'><strong>conscientiam</strong></span> <span class='ocrx_word' id='word_1_400' title='bbox 3159 2795 3514 2851; x_wconf 80' lang='lat' dir='ltr'><strong>confessione</strong></span> <span class='ocrx_word' id='word_1_401' title='bbox 3585 2793 3792 2849; x_wconf 89' lang='lat' dir='ltr'><strong>debere</strong></span> <span class='ocrx_word' id='word_1_402' title='bbox 3897 2863 3899 2868; x_wconf 25' lang='grc' dir='ltr'><strong>η</strong></span> 
     </span>
    </p>
   </div>
   <div class='ocr_carea' id='block_1_59' title="bbox 2091 2881 3793 2956">
    <p class='ocr_par' dir='ltr' id='par_1_59' title="bbox 2091 2881 3793 2956">
     <span class='ocr_line' id='line_1_59' title="bbox 2091 2881 3793 2956; baseline -0.002 -15"><span class='ocrx_word' id='word_1_403' title='bbox 2091 2884 2364 2956; x_wconf 89' lang='lat' dir='ltr'><strong>purgare)</strong></span> <span class='ocrx_word' id='word_1_404' title='bbox 2418 2885 2490 2940; x_wconf 89' lang='lat' dir='ltr'><strong>ad</strong></span> <span class='ocrx_word' id='word_1_405' title='bbox 2542 2883 2808 2940; x_wconf 89' lang='lat' dir='ltr'><strong>Iordanis</strong></span> <span class='ocrx_word' id='word_1_406' title='bbox 2863 2883 3162 2940; x_wconf 87' lang='lat' dir='ltr'><strong>introitum</strong></span> <span class='ocrx_word' id='word_1_407' title='bbox 3220 2883 3498 2938; x_wconf 90' lang='lat' dir='ltr'><strong>ducatum</strong></span> <span class='ocrx_word' id='word_1_408' title='bbox 3567 2881 3793 2938; x_wconf 89' lang='lat' dir='ltr'><strong>lsraelis</strong></span> 
     </span>
    </p>
   </div>
   <div class='ocr_carea' id='block_1_60' title="bbox 2089 2969 3795 3044">
    <p class='ocr_par' dir='ltr' id='par_1_60' title="bbox 2089 2969 3795 3044">
     <span class='ocr_line' id='line_1_60' title="bbox 2089 2969 3795 3044; baseline -0.002 -16"><span class='ocrx_word' id='word_1_409' title='bbox 2089 2974 2314 3044; x_wconf 88' lang='lat' dir='ltr'><strong>accipit,</strong></span> <span class='ocrx_word' id='word_1_410' title='bbox 2346 2972 2486 3043; x_wconf 91' lang='lat' dir='ltr'><strong>quia</strong></span> <span class='ocrx_word' id='word_1_411' title='bbox 2535 2973 2696 3038; x_wconf 85' lang='lat' dir='ltr'><strong>tales,</strong></span> <span class='ocrx_word' id='word_1_412' title='bbox 2745 2973 2846 3043; x_wconf 92' lang='lat' dir='ltr'><strong>qui</strong></span> <span class='ocrx_word' id='word_1_413' title='bbox 2887 2972 2964 3028; x_wconf 90' lang='lat' dir='ltr'><strong>ab</strong></span> <span class='ocrx_word' id='word_1_414' title='bbox 2995 2973 3228 3028; x_wconf 91' lang='lat' dir='ltr'><strong>ineunte</strong></span> <span class='ocrx_word' id='word_1_415' title='bbox 3269 2985 3393 3027; x_wconf 69' lang='lat' dir='ltr'><strong>aevo</strong></span> <span class='ocrx_word' id='word_1_416' title='bbox 3414 2985 3669 3026; x_wconf 87' lang='lat' dir='ltr'><strong>amorem</strong></span> <span class='ocrx_word' id='word_1_417' title='bbox 3717 2969 3795 3025; x_wconf 88' lang='lat' dir='ltr'><strong>di-</strong></span> 
     </span>
    </p>
   </div>
   <div class='ocr_carea' id='block_1_61' title="bbox 277 3053 3785 3132">
    <p class='ocr_par' dir='ltr' id='par_1_61' title="bbox 277 3053 3785 3132">
     <span class='ocr_line' id='line_1_61' title="bbox 277 3053 3785 3132; baseline -0.004 -18"><span class='ocrx_word' id='word_1_418' title='bbox 277 3059 536 3114; x_wconf 82' lang='lat' dir='ltr'><strong>exercitu</strong></span> <span class='ocrx_word' id='word_1_419' title='bbox 587 3055 833 3128; x_wconf 81' lang='lat' dir='ltr'><strong>fugiens,</strong></span> <span class='ocrx_word' id='word_1_420' title='bbox 892 3055 1062 3125; x_wconf 78' lang='lat' dir='ltr'><strong>aquis</strong></span> <span class='ocrx_word' id='word_1_421' title='bbox 1117 3054 1252 3110; x_wconf 89' lang='lat' dir='ltr'><strong>hinc</strong></span> <span class='ocrx_word' id='word_1_422' title='bbox 1309 3053 1439 3110; x_wconf 90' lang='lat' dir='ltr'><strong>inde</strong></span> <span class='ocrx_word' id='word_1_423' title='bbox 1485 3053 1772 3110; x_wconf 84' lang='lat' dir='ltr'><strong>stantibus</strong></span> <span class='ocrx_word' id='word_1_424' title='bbox 1824 3065 1979 3108; x_wconf 90' lang='lat' dir='ltr'><strong>mare</strong></span> <span class='ocrx_word' id='word_1_425' title='bbox 2016 3075 2059 3132; x_wconf 70' lang='grc' dir='ltr'><strong>ρ</strong></span> <span class='ocrx_word' id='word_1_426' title='bbox 2090 3063 2294 3118; x_wconf 78' lang='lat' dir='ltr'><strong>vinum</strong></span> <span class='ocrx_word' id='word_1_427' title='bbox 2365 3061 2753 3132; x_wconf 61' lang='lat' dir='ltr'><strong>conceperint,</strong></span> <span class='ocrx_word' id='word_1_428' title='bbox 2836 3075 2969 3117; x_wconf 79' lang='lat' dir='ltr'><strong>cum</strong></span> <span class='ocrx_word' id='word_1_429' title='bbox 3029 3061 3101 3115; x_wconf 78' lang='lat' dir='ltr'><strong>ad</strong></span> <span class='ocrx_word' id='word_1_430' title='bbox 3153 3073 3354 3116; x_wconf 73' lang='lat' dir='ltr'><strong>eorum</strong></span> <span class='ocrx_word' id='word_1_431' title='bbox 3429 3059 3785 3123; x_wconf 59' lang='lat' dir='ltr'><strong>descensum,</strong></span> 
     </span>
    </p>
   </div>
   <div class='ocr_carea' id='block_1_62' title="bbox 280 3139 1980 3215">
    <p class='ocr_par' dir='ltr' id='par_1_62' title="bbox 280 3139 1980 3215">
     <span class='ocr_line' id='line_1_62' title="bbox 280 3139 1980 3215; baseline -0.004 -13"><span class='ocrx_word' id='word_1_432' title='bbox 280 3145 505 3202; x_wconf 86' lang='lat' dir='ltr'><strong>transiit</strong></span> <span class='ocrx_word' id='word_1_433' title='bbox 534 3145 797 3201; x_wconf 83' lang='lat' dir='ltr'><strong>Rubrum</strong></span> <span class='ocrx_word' id='word_1_434' title='bbox 829 3142 1025 3215; x_wconf 66' lang='lat' dir='ltr'><strong>(Exod.</strong></span> <span class='ocrx_word' id='word_1_435' title='bbox 1074 3157 1192 3211; x_wconf 82' lang='lat' dir='ltr'><strong>x1v,</strong></span> <span class='ocrx_word' id='word_1_436' title='bbox 1227 3141 1338 3213; x_wconf 84' lang='lat'><strong>22),</strong></span> <span class='ocrx_word' id='word_1_437' title='bbox 1371 3143 1512 3213; x_wconf 91' lang='lat' dir='ltr'><strong>quia</strong></span> <span class='ocrx_word' id='word_1_438' title='bbox 1556 3156 1690 3198; x_wconf 90' lang='lat' dir='ltr'><strong>cum</strong></span> <span class='ocrx_word' id='word_1_439' title='bbox 1736 3141 1868 3212; x_wconf 90' lang='lat' dir='ltr'><strong>quis</strong></span> <span class='ocrx_word' id='word_1_440' title='bbox 1917 3139 1980 3196; x_wconf 92' lang='lat' dir='ltr'><strong>in</strong></span> 
     </span>
    </p>
   </div>
   <div class='ocr_carea' id='block_1_63' title="bbox 279 3229 1980 3301">
    <p class='ocr_par' dir='ltr' id='par_1_63' title="bbox 279 3229 1980 3301">
     <span class='ocr_line' id='line_1_63' title="bbox 279 3229 1980 3301; baseline -0.004 -10"><span class='ocrx_word' id='word_1_441' title='bbox 279 3248 521 3291; x_wconf 62' lang='lat' dir='ltr'><strong>maerore</strong></span> <span class='ocrx_word' id='word_1_442' title='bbox 549 3241 605 3292; x_wconf 88' lang='lat' dir='ltr'><strong>et</strong></span> <span class='ocrx_word' id='word_1_443' title='bbox 657 3233 908 3290; x_wconf 90' lang='lat' dir='ltr'><strong>tenebris</strong></span> <span class='ocrx_word' id='word_1_444' title='bbox 939 3233 1143 3289; x_wconf 90' lang='lat' dir='ltr'><strong>mundi</strong></span> <span class='ocrx_word' id='word_1_445' title='bbox 1199 3232 1418 3301; x_wconf 92' lang='lat' dir='ltr'><strong>positas</strong></span> <span class='ocrx_word' id='word_1_446' title='bbox 1456 3231 1525 3288; x_wconf 86' lang='lat' dir='ltr'><strong>de</strong></span> <span class='ocrx_word' id='word_1_447' title='bbox 1569 3246 1690 3288; x_wconf 65' lang='lat' dir='ltr'><strong>suae</strong></span> <span class='ocrx_word' id='word_1_448' title='bbox 1739 3229 1980 3286; x_wconf 85' lang='lat' dir='ltr'><strong>actionis</strong></span> 
     </span>
    </p>
   </div>
   <div class='ocr_carea' id='block_1_64' title="bbox 281 3318 1980 3388">
    <p class='ocr_par' dir='ltr' id='par_1_64' title="bbox 281 3318 1980 3388">
     <span class='ocr_line' id='line_1_64' title="bbox 281 3318 1980 3388; baseline -0.004 -8"><span class='ocrx_word' id='word_1_449' title='bbox 281 3323 533 3380; x_wconf 75' lang='lat' dir='ltr'><strong>foeditate</strong></span> <span class='ocrx_word' id='word_1_450' title='bbox 564 3322 873 3388; x_wconf 90' lang='lat' dir='ltr'><strong>erubescit,</strong></span> <span class='ocrx_word' id='word_1_451' title='bbox 895 3329 952 3378; x_wconf 90' lang='lat' dir='ltr'><strong>et</strong></span> <span class='ocrx_word' id='word_1_452' title='bbox 976 3321 1245 3378; x_wconf 90' lang='lat' dir='ltr'><strong>eamdem</strong></span> <span class='ocrx_word' id='word_1_453' title='bbox 1272 3319 1555 3376; x_wconf 89' lang='lat' dir='ltr'><strong>mundum</strong></span> <span class='ocrx_word' id='word_1_454' title='bbox 1597 3318 1824 3386; x_wconf 80' lang='lat' dir='ltr'><strong>deserit,</strong></span> <span class='ocrx_word' id='word_1_455' title='bbox 1855 3331 1980 3373; x_wconf 89' lang='lat' dir='ltr'><strong>om-</strong></span> 
     </span>
    </p>
   </div>
   <div class='ocr_carea' id='block_1_65' title="bbox 279 3405 1979 3481">
    <p class='ocr_par' dir='ltr' id='par_1_65' title="bbox 279 3405 1979 3481">
     <span class='ocr_line' id='line_1_65' title="bbox 279 3405 1979 3481; baseline -0.005 -12"><span class='ocrx_word' id='word_1_456' title='bbox 279 3426 412 3468; x_wconf 90' lang='lat' dir='ltr'><strong>nem</strong></span> <span class='ocrx_word' id='word_1_457' title='bbox 437 3425 612 3468; x_wconf 89' lang='lat' dir='ltr'><strong>suam</strong></span> <span class='ocrx_word' id='word_1_458' title='bbox 639 3410 976 3481; x_wconf 90' lang='lat' dir='ltr'><strong>cogitatum,</strong></span> <span class='ocrx_word' id='word_1_459' title='bbox 1009 3423 1183 3479; x_wconf 89' lang='lat' dir='ltr'><strong>quem</strong></span> <span class='ocrx_word' id='word_1_460' title='bbox 1217 3407 1287 3462; x_wconf 85' lang='lat' dir='ltr'><strong>ad</strong></span> <span class='ocrx_word' id='word_1_461' title='bbox 1327 3407 1426 3464; x_wconf 89' lang='lat' dir='ltr'><strong>Dei</strong></span> <span class='ocrx_word' id='word_1_462' title='bbox 1467 3407 1747 3463; x_wconf 90' lang='lat' dir='ltr'><strong>visionem</strong></span> <span class='ocrx_word' id='word_1_463' title='bbox 1794 3405 1979 3461; x_wconf 90' lang='lat' dir='ltr'><strong>infor-</strong></span> 
     </span>
    </p>
   </div>
   <div class='ocr_carea' id='block_1_66' title="bbox 279 3493 1982 3570">
    <p class='ocr_par' dir='ltr' id='par_1_66' title="bbox 279 3493 1982 3570">
     <span class='ocr_line' id='line_1_66' title="bbox 279 3493 1982 3570; baseline -0.005 -14"><span class='ocrx_word' id='word_1_464' title='bbox 279 3507 418 3567; x_wconf 89' lang='lat' dir='ltr'><strong>mat,</strong></span> <span class='ocrx_word' id='word_1_465' title='bbox 451 3497 619 3570; x_wconf 89' lang='lat' dir='ltr'><strong>qaasi</strong></span> <span class='ocrx_word' id='word_1_466' title='bbox 643 3497 955 3568; x_wconf 87' lang='lat' dir='ltr'><strong>quemdam</strong></span> <span class='ocrx_word' id='word_1_467' title='bbox 995 3495 1095 3550; x_wconf 90' lang='lat' dir='ltr'><strong>Dei</strong></span> <span class='ocrx_word' id='word_1_468' title='bbox 1136 3495 1417 3566; x_wconf 90' lang='lat' dir='ltr'><strong>populum</strong></span> <span class='ocrx_word' id='word_1_469' title='bbox 1448 3509 1643 3550; x_wconf 90' lang='lat' dir='ltr'><strong>secum</strong></span> <span class='ocrx_word' id='word_1_470' title='bbox 1677 3493 1893 3561; x_wconf 86' lang='lat' dir='ltr'><strong>dactat,</strong></span> <span class='ocrx_word' id='word_1_471' title='bbox 1924 3499 1982 3548; x_wconf 92' lang='lat' dir='ltr'><strong>et</strong></span> 
     </span>
    </p>
   </div>
   <div class='ocr_carea' id='block_1_67' title="bbox 279 3582 1975 3658">
    <p class='ocr_par' dir='ltr' id='par_1_67' title="bbox 279 3582 1975 3658">
     <span class='ocr_line' id='line_1_67' title="bbox 279 3582 1975 3658; baseline -0.005 -13"><span class='ocrx_word' id='word_1_472' title='bbox 279 3589 387 3645; x_wconf 90' lang='lat' dir='ltr'><strong>hoc</strong></span> <span class='ocrx_word' id='word_1_473' title='bbox 431 3601 532 3658; x_wconf 89' lang='lat' dir='ltr'><strong>per</strong></span> <span class='ocrx_word' id='word_1_474' title='bbox 575 3599 735 3642; x_wconf 89' lang='lat' dir='ltr'><strong>mare</strong></span> <span class='ocrx_word' id='word_1_475' title='bbox 787 3585 1072 3652; x_wconf 81' lang='lat' dir='ltr'><strong>Rubrum,</strong></span> <span class='ocrx_word' id='word_1_476' title='bbox 1119 3583 1178 3639; x_wconf 88' lang='lat' dir='ltr'><strong>id</strong></span> <span class='ocrx_word' id='word_1_477' title='bbox 1236 3591 1321 3640; x_wconf 88' lang='lat' dir='ltr'><strong>est</strong></span> <span class='ocrx_word' id='word_1_478' title='bbox 1360 3597 1461 3653; x_wconf 91' lang='lat' dir='ltr'><strong>per</strong></span> <span class='ocrx_word' id='word_1_479' title='bbox 1505 3582 1975 3648; x_wconf 88' lang='lat' dir='ltr'><strong>amaritudinem,</strong></span> 
     </span>
    </p>
   </div>
   <div class='ocr_carea' id='block_1_68' title="bbox 279 3669 1980 3743">
    <p class='ocr_par' dir='ltr' id='par_1_68' title="bbox 279 3669 1980 3743">
     <span class='ocr_line' id='line_1_68' title="bbox 279 3669 1980 3743; baseline -0.005 -10"><span class='ocrx_word' id='word_1_480' title='bbox 279 3676 522 3733; x_wconf 89' lang='lat' dir='ltr'><strong>multam</strong></span> <span class='ocrx_word' id='word_1_481' title='bbox 555 3674 968 3743; x_wconf 88' lang='lat' dir='ltr'><strong>lacrymarum,</strong></span> <span class='ocrx_word' id='word_1_482' title='bbox 996 3671 1213 3742; x_wconf 91' lang='lat' dir='ltr'><strong>quibus</strong></span> <span class='ocrx_word' id='word_1_483' title='bbox 1239 3677 1470 3740; x_wconf 91' lang='lat' dir='ltr'><strong>peccata</strong></span> <span class='ocrx_word' id='word_1_484' title='bbox 1498 3670 1605 3727; x_wconf 90' lang='lat' dir='ltr'><strong>sibi</strong></span> <span class='ocrx_word' id='word_1_485' title='bbox 1637 3669 1825 3726; x_wconf 90' lang='lat' dir='ltr'><strong>remiti</strong></span> <span class='ocrx_word' id='word_1_486' title='bbox 1851 3669 1980 3741; x_wconf 79' lang='lat' dir='ltr'><strong>jcla-</strong></span> 
     </span>
    </p>
   </div>
   <div class='ocr_carea' id='block_1_69' title="bbox 279 3759 1977 3834">
    <p class='ocr_par' dir='ltr' id='par_1_69' title="bbox 279 3759 1977 3834">
     <span class='ocr_line' id='line_1_69' title="bbox 279 3759 1977 3834; baseline -0.006 -11"><span class='ocrx_word' id='word_1_487' title='bbox 279 3773 401 3823; x_wconf 90' lang='lat' dir='ltr'><strong>mat</strong></span> <span class='ocrx_word' id='word_1_488' title='bbox 428 3765 624 3821; x_wconf 89' lang='lat' dir='ltr'><strong>dicens</strong></span> <span class='ocrx_word' id='word_1_489' title='bbox 654 3779 667 3818; x_wconf 90' lang='lat'>:</span> <span class='ocrx_word' id='word_1_490' title='bbox 695 3761 906 3819; x_wconf 78' lang='lat' dir='ltr'><strong>Libera</strong></span> <span class='ocrx_word' id='word_1_491' title='bbox 933 3778 1024 3816; x_wconf 84' lang='lat' dir='ltr'><strong>me</strong></span> <span class='ocrx_word' id='word_1_492' title='bbox 1049 3760 1120 3818; x_wconf 80' lang='lat' dir='ltr'><strong>de</strong></span> <span class='ocrx_word' id='word_1_493' title='bbox 1141 3760 1537 3834; x_wconf 73' lang='lat' dir='ltr'><strong>sanguinibus,</strong></span> <span class='ocrx_word' id='word_1_494' title='bbox 1585 3763 1731 3814; x_wconf 74' lang='lat' dir='ltr'><strong>Dea:</strong></span> <span class='ocrx_word' id='word_1_495' title='bbox 1787 3759 1977 3830; x_wconf 71' lang='grc' dir='ltr'><strong>(Ρεαι.</strong></span> 
     </span>
    </p>
   </div>
   <div class='ocr_carea' id='block_1_70' title="bbox 199 3849 1982 3925">
    <p class='ocr_par' dir='ltr' id='par_1_70' title="bbox 199 3849 1982 3925">
     <span class='ocr_line' id='line_1_70' title="bbox 199 3849 1982 3925; baseline -0.004 -16"><span class='ocrx_word' id='word_1_496' title='bbox 199 3909 208 3916; x_wconf 82' lang='grc'><em>,</em></span> <span class='ocrx_word' id='word_1_497' title='bbox 279 3871 318 3923; x_wconf 88' lang='grc' dir='ltr'><strong>ι,</strong></span> <span class='ocrx_word' id='word_1_498' title='bbox 354 3854 464 3925; x_wconf 75' lang='grc'><strong>16).</strong></span> <span class='ocrx_word' id='word_1_499' title='bbox 524 3851 706 3924; x_wconf 84' lang='lat' dir='ltr'><strong>Cujus</strong></span> <span class='ocrx_word' id='word_1_500' title='bbox 753 3851 942 3908; x_wconf 90' lang='lat' dir='ltr'><strong>undas</strong></span> <span class='ocrx_word' id='word_1_501' title='bbox 989 3851 1158 3921; x_wconf 90' lang='lat' dir='ltr'><strong>quasi</strong></span> <span class='ocrx_word' id='word_1_502' title='bbox 1219 3864 1416 3906; x_wconf 90' lang='lat' dir='ltr'><strong>muros</strong></span> <span class='ocrx_word' id='word_1_503' title='bbox 1467 3849 1671 3905; x_wconf 82' lang='lat' dir='ltr'><strong>dextra</strong></span> <span class='ocrx_word' id='word_1_504' title='bbox 1719 3849 1982 3918; x_wconf 63' lang='lat' dir='ltr'><strong>laevaque</strong></span> 
     </span>
    </p>
   </div>
   <div class='ocr_carea' id='block_1_71' title="bbox 280 3937 1980 4013">
    <p class='ocr_par' dir='ltr' id='par_1_71' title="bbox 280 3937 1980 4013">
     <span class='ocr_line' id='line_1_71' title="bbox 280 3937 1980 4013; baseline -0.004 -14"><span class='ocrx_word' id='word_1_505' title='bbox 280 3943 452 4000; x_wconf 88' lang='lat' dir='ltr'><strong>habet</strong></span> <span class='ocrx_word' id='word_1_506' title='bbox 497 3941 639 4013; x_wconf 89' lang='lat' dir='ltr'><strong>quia</strong></span> <span class='ocrx_word' id='word_1_507' title='bbox 681 3941 802 3998; x_wconf 90' lang='lat' dir='ltr'><strong>sive</strong></span> <span class='ocrx_word' id='word_1_508' title='bbox 866 3946 1138 4008; x_wconf 91' lang='lat' dir='ltr'><strong>tentetur,</strong></span> <span class='ocrx_word' id='word_1_509' title='bbox 1193 3938 1314 3995; x_wconf 92' lang='lat' dir='ltr'><strong>sive</strong></span> <span class='ocrx_word' id='word_1_510' title='bbox 1361 3938 1613 4010; x_wconf 89' lang='lat' dir='ltr'><strong>quietem</strong></span> <span class='ocrx_word' id='word_1_511' title='bbox 1663 3951 1825 3994; x_wconf 91' lang='lat' dir='ltr'><strong>mens</strong></span> <span class='ocrx_word' id='word_1_512' title='bbox 1879 3937 1980 3992; x_wconf 89' lang='lat' dir='ltr'><strong>ha-</strong></span> 
     </span>
    </p>
   </div>
   <div class='ocr_carea' id='block_1_72' title="bbox 280 4024 1980 4100">
    <p class='ocr_par' dir='ltr' id='par_1_72' title="bbox 280 4024 1980 4100">
     <span class='ocr_line' id='line_1_72' title="bbox 280 4024 1980 4100; baseline -0.005 -12"><span class='ocrx_word' id='word_1_513' title='bbox 280 4031 430 4099; x_wconf 92' lang='lat' dir='ltr'><strong>beat,</strong></span> <span class='ocrx_word' id='word_1_514' title='bbox 485 4030 734 4100; x_wconf 91' lang='lat' dir='ltr'><strong>suspirio</strong></span> <span class='ocrx_word' id='word_1_515' title='bbox 783 4035 840 4086; x_wconf 92' lang='lat' dir='ltr'><strong>et</strong></span> <span class='ocrx_word' id='word_1_516' title='bbox 899 4027 1186 4098; x_wconf 89' lang='lat' dir='ltr'><strong>precibus,</strong></span> <span class='ocrx_word' id='word_1_517' title='bbox 1243 4034 1298 4084; x_wconf 89' lang='lat' dir='ltr'><strong>et</strong></span> <span class='ocrx_word' id='word_1_518' title='bbox 1359 4027 1417 4082; x_wconf 92' lang='lat' dir='ltr'><strong>in</strong></span> <span class='ocrx_word' id='word_1_519' title='bbox 1479 4026 1766 4098; x_wconf 87' lang='lat' dir='ltr'><strong>prosperis</strong></span> <span class='ocrx_word' id='word_1_520' title='bbox 1810 4032 1866 4081; x_wconf 93' lang='lat' dir='ltr'><strong>et</strong></span> <span class='ocrx_word' id='word_1_521' title='bbox 1921 4024 1980 4080; x_wconf 93' lang='lat' dir='ltr'><strong>in</strong></span> 
     </span>
    </p>
   </div>
   <div class='ocr_carea' id='block_1_73' title="bbox 279 4113 1982 4187">
    <p class='ocr_par' dir='ltr' id='par_1_73' title="bbox 279 4113 1982 4187">
     <span class='ocr_line' id='line_1_73' title="bbox 279 4113 1982 4187; baseline -0.004 -11"><span class='ocrx_word' id='word_1_522' title='bbox 279 4118 538 4176; x_wconf 91' lang='lat' dir='ltr'><strong>adversis</strong></span> <span class='ocrx_word' id='word_1_523' title='bbox 587 4117 750 4174; x_wconf 87' lang='lat' dir='ltr'><strong>nulla</strong></span> <span class='ocrx_word' id='word_1_524' title='bbox 798 4129 1064 4187; x_wconf 88' lang='lat' dir='ltr'><strong>unquam</strong></span> <span class='ocrx_word' id='word_1_525' title='bbox 1117 4113 1449 4172; x_wconf 89' lang='lat' dir='ltr'><strong>remissione</strong></span> <span class='ocrx_word' id='word_1_526' title='bbox 1507 4114 1856 4185; x_wconf 63' lang='lat' dir='ltr'><strong>prmmunire</strong></span> <span class='ocrx_word' id='word_1_527' title='bbox 1922 4127 1982 4168; x_wconf 92' lang='lat' dir='ltr'><strong>se</strong></span> 
     </span>
    </p>
   </div>
   <div class='ocr_carea' id='block_1_74' title="bbox 405 4213 481 4262">
    <p class='ocr_par' dir='ltr' id='par_1_74' title="bbox 405 4213 481 4262">
     <span class='ocr_line' id='line_1_74' title="bbox 405 4213 481 4262; baseline -0.026 0"><span class='ocrx_word' id='word_1_528' title='bbox 405 4213 481 4262; x_wconf 91' lang='lat' dir='ltr'><strong>at.</strong></span> 
     </span>
    </p>
   </div>
   <div class='ocr_carea' id='block_1_75' title="bbox 282 4221 1980 4363">
    <p class='ocr_par' dir='ltr' id='par_1_75' title="bbox 282 4221 1980 4363">
     <span class='ocr_line' id='line_1_75' title="bbox 405 4221 481 4262; baseline -0.039 1"><span class='ocrx_word' id='word_1_529' title='bbox 405 4221 481 4262; x_wconf 87' lang='lat' dir='ltr'><strong>at.</strong></span> 
     </span>
     <span class='ocr_line' id='line_1_76' title="bbox 282 4221 1980 4363; baseline -0.004 -11"><span class='ocrx_word' id='word_1_530' title='bbox 282 4221 611 4362; x_wconf 53' lang='lat' dir='ltr'><strong>cegnarum</strong></span> <span class='ocrx_word' id='word_1_531' title='bbox 635 4291 935 4349; x_wconf 87' lang='lat' dir='ltr'><strong>afﬂuentia</strong></span> <span class='ocrx_word' id='word_1_532' title='bbox 960 4291 1264 4363; x_wconf 69' lang='lat' dir='ltr'><strong>Egyptiis,</strong></span> <span class='ocrx_word' id='word_1_533' title='bbox 1303 4291 1359 4347; x_wconf 94' lang='lat' dir='ltr'><strong>id</strong></span> <span class='ocrx_word' id='word_1_534' title='bbox 1382 4299 1466 4347; x_wconf 89' lang='lat' dir='ltr'><strong>est</strong></span> <span class='ocrx_word' id='word_1_535' title='bbox 1493 4289 1833 4348; x_wconf 90' lang='lat' dir='ltr'><strong>criminibus</strong></span> <span class='ocrx_word' id='word_1_536' title='bbox 1850 4289 1980 4346; x_wconf 75' lang='lat' dir='ltr'><strong>vitae</strong></span> 
     </span>
    </p>
   </div>
   <div class='ocr_carea' id='block_1_76' title="bbox 2085 3146 3786 3221">
    <p class='ocr_par' dir='ltr' id='par_1_76' title="bbox 2085 3146 3786 3221">
     <span class='ocr_line' id='line_1_77' title="bbox 2085 3146 3786 3221; baseline -0.003 -15"><span class='ocrx_word' id='word_1_537' title='bbox 2085 3149 2241 3221; x_wconf 90' lang='lat' dir='ltr'><strong>quod</strong></span> <span class='ocrx_word' id='word_1_538' title='bbox 2268 3149 2534 3206; x_wconf 88' lang='lat' dir='ltr'><strong>Iordanis</strong></span> <span class='ocrx_word' id='word_1_539' title='bbox 2571 3149 3004 3218; x_wconf 86' lang='lat' dir='ltr'><strong>interpretatur,</strong></span> <span class='ocrx_word' id='word_1_540' title='bbox 3052 3147 3266 3203; x_wconf 90' lang='lat' dir='ltr'><strong>scilicet</strong></span> <span class='ocrx_word' id='word_1_541' title='bbox 3323 3146 3394 3202; x_wconf 89' lang='lat' dir='ltr'><strong>ad</strong></span> <span class='ocrx_word' id='word_1_542' title='bbox 3427 3147 3786 3217; x_wconf 90' lang='lat' dir='ltr'><strong>cogitatuum</strong></span> 
     </span>
    </p>
   </div>
   <div class='ocr_carea' id='block_1_77' title="bbox 2086 3233 3789 3302">
    <p class='ocr_par' dir='ltr' id='par_1_77' title="bbox 2086 3233 3789 3302">
     <span class='ocr_line' id='line_1_78' title="bbox 2086 3233 3789 3302; baseline -0.004 -8"><span class='ocrx_word' id='word_1_543' title='bbox 2086 3251 2325 3294; x_wconf 90' lang='lat' dir='ltr'><strong>suorum</strong></span> <span class='ocrx_word' id='word_1_544' title='bbox 2389 3236 2864 3302; x_wconf 89' lang='lat' dir='ltr'><strong>humiliationem,</strong></span> <span class='ocrx_word' id='word_1_545' title='bbox 2919 3251 3032 3291; x_wconf 91' lang='lat' dir='ltr'><strong>non</strong></span> <span class='ocrx_word' id='word_1_546' title='bbox 3092 3235 3294 3291; x_wconf 89' lang='lat' dir='ltr'><strong>timore</strong></span> <span class='ocrx_word' id='word_1_547' title='bbox 3339 3233 3617 3301; x_wconf 87' lang='lat' dir='ltr'><strong>criminis,</strong></span> <span class='ocrx_word' id='word_1_548' title='bbox 3690 3233 3789 3288; x_wconf 90' lang='lat' dir='ltr'><strong>sed</strong></span> 
     </span>
    </p>
   </div>
   <div class='ocr_carea' id='block_1_78' title="bbox 2087 3321 3790 3395">
    <p class='ocr_par' dir='ltr' id='par_1_78' title="bbox 2087 3321 3790 3395">
     <span class='ocr_line' id='line_1_79' title="bbox 2087 3321 3790 3395; baseline -0.004 -15"><span class='ocrx_word' id='word_1_549' title='bbox 2087 3324 2251 3395; x_wconf 90' lang='lat' dir='ltr'><strong>regni</strong></span> <span class='ocrx_word' id='word_1_550' title='bbox 2307 3324 2585 3380; x_wconf 90' lang='lat' dir='ltr'><strong>desiderio</strong></span> <span class='ocrx_word' id='word_1_551' title='bbox 2644 3323 3026 3392; x_wconf 88' lang='lat' dir='ltr'><strong>pervenerint,</strong></span> <span class='ocrx_word' id='word_1_552' title='bbox 3088 3321 3554 3378; x_wconf 82' lang='lat' dir='ltr'><strong>motus-mentis</strong></span> <span class='ocrx_word' id='word_1_553' title='bbox 3641 3325 3790 3375; x_wconf 73' lang='lat' dir='ltr'><strong>ala</strong></span> 
     </span>
    </p>
   </div>
   <div class='ocr_carea' id='block_1_79' title="bbox 2086 3406 3790 3482">
    <p class='ocr_par' dir='ltr' id='par_1_79' title="bbox 2086 3406 3790 3482">
     <span class='ocr_line' id='line_1_80' title="bbox 2086 3406 3790 3482; baseline -0.004 -13"><span class='ocrx_word' id='word_1_554' title='bbox 2086 3413 2457 3482; x_wconf 90' lang='lat' dir='ltr'><strong>corporisque</strong></span> <span class='ocrx_word' id='word_1_555' title='bbox 2488 3413 2754 3482; x_wconf 90' lang='lat' dir='ltr'><strong>impetus,</strong></span> <span class='ocrx_word' id='word_1_556' title='bbox 2781 3411 2948 3481; x_wconf 86' lang='lat' dir='ltr'><strong>quasi</strong></span> <span class='ocrx_word' id='word_1_557' title='bbox 2977 3410 3118 3466; x_wconf 89' lang='lat' dir='ltr'><strong>levis</strong></span> <span class='ocrx_word' id='word_1_558' title='bbox 3147 3409 3309 3480; x_wconf 90' lang='lat' dir='ltr'><strong>vulgi</strong></span> <span class='ocrx_word' id='word_1_559' title='bbox 3355 3409 3576 3476; x_wconf 90' lang='lat' dir='ltr'><strong>turbas,</strong></span> <span class='ocrx_word' id='word_1_560' title='bbox 3629 3406 3790 3478; x_wconf 90' lang='lat' dir='ltr'><strong>spiri-</strong></span> 
     </span>
    </p>
   </div>
   <div class='ocr_carea' id='block_1_80' title="bbox 2090 3496 3788 3570">
    <p class='ocr_par' dir='ltr' id='par_1_80' title="bbox 2090 3496 3788 3570">
     <span class='ocr_line' id='line_1_81' title="bbox 2090 3496 3788 3570; baseline -0.004 -12"><span class='ocrx_word' id='word_1_561' title='bbox 2090 3509 2182 3558; x_wconf 90' lang='lat' dir='ltr'><strong>tus</strong></span> <span class='ocrx_word' id='word_1_562' title='bbox 2229 3502 2465 3570; x_wconf 91' lang='lat' dir='ltr'><strong>imperio</strong></span> <span class='ocrx_word' id='word_1_563' title='bbox 2519 3499 2780 3570; x_wconf 88' lang='lat' dir='ltr'><strong>protinus</strong></span> <span class='ocrx_word' id='word_1_564' title='bbox 2833 3499 3128 3555; x_wconf 90' lang='lat' dir='ltr'><strong>addicunt.</strong></span> <span class='ocrx_word' id='word_1_565' title='bbox 3199 3499 3308 3553; x_wconf 91' lang='lat' dir='ltr'><strong>Per</strong></span> <span class='ocrx_word' id='word_1_566' title='bbox 3368 3510 3554 3568; x_wconf 90' lang='lat' dir='ltr'><strong>aquas</strong></span> <span class='ocrx_word' id='word_1_567' title='bbox 3621 3496 3788 3566; x_wconf 83' lang='lat' dir='ltr'><strong>plane</strong></span> 
     </span>
    </p>
   </div>
   <div class='ocr_carea' id='block_1_81' title="bbox 2085 3585 3788 3658">
    <p class='ocr_par' dir='ltr' id='par_1_81' title="bbox 2085 3585 3788 3658">
     <span class='ocr_line' id='line_1_82' title="bbox 2085 3585 3788 3658; baseline -0.004 -13"><span class='ocrx_word' id='word_1_568' title='bbox 2085 3589 2372 3654; x_wconf 90' lang='lat' dir='ltr'><strong>Iordanis,</strong></span> <span class='ocrx_word' id='word_1_569' title='bbox 2397 3589 2495 3644; x_wconf 91' lang='lat' dir='ltr'><strong>illa</strong></span> <span class='ocrx_word' id='word_1_570' title='bbox 2527 3602 2766 3658; x_wconf 92' lang='lat' dir='ltr'><strong>prorsus</strong></span> <span class='ocrx_word' id='word_1_571' title='bbox 2794 3587 3044 3643; x_wconf 89' lang='lat' dir='ltr'><strong>absurde</strong></span> <span class='ocrx_word' id='word_1_572' title='bbox 3086 3585 3453 3656; x_wconf 90' lang='lat' dir='ltr'><strong>compunctio</strong></span> <span class='ocrx_word' id='word_1_573' title='bbox 3485 3585 3623 3640; x_wconf 88' lang='lat' dir='ltr'><strong>mihi</strong></span> <span class='ocrx_word' id='word_1_574' title='bbox 3671 3599 3788 3640; x_wconf 78' lang='lat' dir='ltr'><strong>sen-</strong></span> 
     </span>
    </p>
   </div>
   <div class='ocr_carea' id='block_1_82' title="bbox 2089 3673 3782 3746">
    <p class='ocr_par' dir='ltr' id='par_1_82' title="bbox 2089 3673 3782 3746">
     <span class='ocr_line' id='line_1_83' title="bbox 2089 3673 3782 3746; baseline -0.002 -13"><span class='ocrx_word' id='word_1_575' title='bbox 2089 3677 2282 3734; x_wconf 90' lang='lat' dir='ltr'><strong>tienda</strong></span> <span class='ocrx_word' id='word_1_576' title='bbox 2332 3677 2578 3743; x_wconf 91' lang='lat' dir='ltr'><strong>videtur,</strong></span> <span class='ocrx_word' id='word_1_577' title='bbox 2630 3690 2808 3746; x_wconf 85' lang='lat' dir='ltr'><strong>quam</strong></span> <span class='ocrx_word' id='word_1_578' title='bbox 2859 3690 2974 3731; x_wconf 89' lang='lat' dir='ltr'><strong>non</strong></span> <span class='ocrx_word' id='word_1_579' title='bbox 3019 3675 3316 3742; x_wconf 90' lang='lat' dir='ltr'><strong>amaricat,</strong></span> <span class='ocrx_word' id='word_1_580' title='bbox 3369 3673 3553 3730; x_wconf 90' lang='lat' dir='ltr'><strong>instar</strong></span> <span class='ocrx_word' id='word_1_581' title='bbox 3590 3674 3782 3741; x_wconf 88' lang='lat' dir='ltr'><strong>maris,</strong></span> 
     </span>
    </p>
   </div>
   <div class='ocr_carea' id='block_1_83' title="bbox 2088 3761 3787 3836">
    <p class='ocr_par' dir='ltr' id='par_1_83' title="bbox 2088 3761 3787 3836">
     <span class='ocr_line' id='line_1_84' title="bbox 2088 3761 3787 3836; baseline -0.002 -15"><span class='ocrx_word' id='word_1_582' title='bbox 2088 3765 2358 3821; x_wconf 88' lang='lat' dir='ltr'><strong>facinoris</strong></span> <span class='ocrx_word' id='word_1_583' title='bbox 2393 3765 2700 3836; x_wconf 92' lang='lat' dir='ltr'><strong>perpetrati</strong></span> <span class='ocrx_word' id='word_1_584' title='bbox 2731 3764 3036 3831; x_wconf 90' lang='lat' dir='ltr'><strong>memoria;</strong></span> <span class='ocrx_word' id='word_1_585' title='bbox 3085 3763 3183 3818; x_wconf 88' lang='lat' dir='ltr'><strong>sed</strong></span> <span class='ocrx_word' id='word_1_586' title='bbox 3229 3777 3407 3833; x_wconf 91' lang='lat' dir='ltr'><strong>quam</strong></span> <span class='ocrx_word' id='word_1_587' title='bbox 3438 3761 3596 3818; x_wconf 88' lang='lat' dir='ltr'><strong>omni</strong></span> <span class='ocrx_word' id='word_1_588' title='bbox 3655 3769 3787 3832; x_wconf 89' lang='lat' dir='ltr'><strong>potu</strong></span> 
     </span>
    </p>
   </div>
   <div class='ocr_carea' id='block_1_84' title="bbox 2088 3849 3786 3924">
    <p class='ocr_par' dir='ltr' id='par_1_84' title="bbox 2088 3849 3786 3924">
     <span class='ocr_line' id='line_1_85' title="bbox 2088 3849 3786 3924; baseline -0.003 -15"><span class='ocrx_word' id='word_1_589' title='bbox 2088 3853 2336 3924; x_wconf 91' lang='lat' dir='ltr'><strong>ciboque</strong></span> <span class='ocrx_word' id='word_1_590' title='bbox 2382 3853 2876 3924; x_wconf 90' lang='lat' dir='ltr'><strong>voluptuosiorem</strong></span> <span class='ocrx_word' id='word_1_591' title='bbox 2905 3851 3078 3908; x_wconf 82' lang='lat' dir='ltr'><strong>efficit</strong></span> <span class='ocrx_word' id='word_1_592' title='bbox 3116 3851 3312 3908; x_wconf 73' lang='lat' dir='ltr'><strong>aeterni</strong></span> <span class='ocrx_word' id='word_1_593' title='bbox 3365 3850 3563 3922; x_wconf 90' lang='lat' dir='ltr'><strong>gaudii</strong></span> <span class='ocrx_word' id='word_1_594' title='bbox 3597 3849 3786 3905; x_wconf 87' lang='lat' dir='ltr'><strong>nanci-</strong></span> 
     </span>
    </p>
   </div>
   <div class='ocr_carea' id='block_1_85' title="bbox 2087 3937 3784 4010">
    <p class='ocr_par' dir='ltr' id='par_1_85' title="bbox 2087 3937 3784 4010">
     <span class='ocr_line' id='line_1_86' title="bbox 2087 3937 3784 4010; baseline -0.002 -13"><span class='ocrx_word' id='word_1_595' title='bbox 2087 3941 2282 3997; x_wconf 90' lang='lat' dir='ltr'><strong>scendi</strong></span> <span class='ocrx_word' id='word_1_596' title='bbox 2342 3941 2572 3998; x_wconf 85' lang='lat' dir='ltr'><strong>fiducia.</strong></span> <span class='ocrx_word' id='word_1_597' title='bbox 2627 3940 2786 4008; x_wconf 66' lang='lat' dir='ltr'><strong>Quae,</strong></span> <span class='ocrx_word' id='word_1_598' title='bbox 2828 3940 3004 4010; x_wconf 78' lang='lat' dir='ltr'><strong>juxta</strong></span> <span class='ocrx_word' id='word_1_599' title='bbox 3065 3938 3315 3996; x_wconf 90' lang='lat' dir='ltr'><strong>nominis</strong></span> <span class='ocrx_word' id='word_1_600' title='bbox 3363 3937 3784 4009; x_wconf 89' lang='lat' dir='ltr'><strong>etymologiam,</strong></span> 
     </span>
    </p>
   </div>
   <div class='ocr_carea' id='block_1_86' title="bbox 2087 4026 3786 4086">
    <p class='ocr_par' dir='ltr' id='par_1_86' title="bbox 2087 4026 3786 4086">
     <span class='ocr_line' id='line_1_87' title="bbox 2087 4026 3786 4086; baseline -0.002 0"><span class='ocrx_word' id='word_1_601' title='bbox 2087 4029 2428 4086; x_wconf 90' lang='lat' dir='ltr'><strong>diuturnam</strong></span> <span class='ocrx_word' id='word_1_602' title='bbox 2475 4029 2565 4085; x_wconf 92' lang='lat' dir='ltr'><strong>sui</strong></span> <span class='ocrx_word' id='word_1_603' title='bbox 2646 4029 2958 4084; x_wconf 91' lang='lat' dir='ltr'><strong>descensus</strong></span> <span class='ocrx_word' id='word_1_604' title='bbox 3003 4041 3222 4084; x_wconf 90' lang='lat' dir='ltr'><strong>moram</strong></span> <span class='ocrx_word' id='word_1_605' title='bbox 3263 4026 3323 4082; x_wconf 89' lang='lat' dir='ltr'><strong>in</strong></span> <span class='ocrx_word' id='word_1_606' title='bbox 3362 4026 3610 4082; x_wconf 87' lang='lat' dir='ltr'><strong>convalli</strong></span> <span class='ocrx_word' id='word_1_607' title='bbox 3661 4026 3786 4082; x_wconf 63' lang='lat' dir='ltr'><strong>vitae</strong></span> 
     </span>
    </p>
   </div>
   <div class='ocr_carea' id='block_1_87' title="bbox 2089 4114 3784 4188">
    <p class='ocr_par' dir='ltr' id='par_1_87' title="bbox 2089 4114 3784 4188">
     <span class='ocr_line' id='line_1_88' title="bbox 2089 4114 3784 4188; baseline -0.002 -15"><span class='ocrx_word' id='word_1_608' title='bbox 2089 4117 2253 4174; x_wconf 91' lang='lat' dir='ltr'><strong>istius</strong></span> <span class='ocrx_word' id='word_1_609' title='bbox 2283 4117 2626 4188; x_wconf 90' lang='lat' dir='ltr'><strong>illacrymat,</strong></span> <span class='ocrx_word' id='word_1_610' title='bbox 2647 4117 2746 4172; x_wconf 91' lang='lat' dir='ltr'><strong>sed</strong></span> <span class='ocrx_word' id='word_1_611' title='bbox 2785 4125 2978 4172; x_wconf 89' lang='lat' dir='ltr'><strong>tamen</strong></span> <span class='ocrx_word' id='word_1_612' title='bbox 3017 4129 3116 4186; x_wconf 91' lang='lat' dir='ltr'><strong>spe</strong></span> <span class='ocrx_word' id='word_1_613' title='bbox 3159 4115 3383 4172; x_wconf 87' lang='lat' dir='ltr'><strong>fructus</strong></span> <span class='ocrx_word' id='word_1_614' title='bbox 3442 4114 3784 4185; x_wconf 85' lang='lat' dir='ltr'><strong>percipiendi</strong></span> 
     </span>
    </p>
   </div>
   <div class='ocr_carea' id='block_1_88' title="bbox 2087 4203 3255 4281">
    <p class='ocr_par' dir='ltr' id='par_1_88' title="bbox 2087 4203 3255 4281">
     <span class='ocr_line' id='line_1_89' title="bbox 2087 4203 3255 4281; baseline -0.005 -18"><span class='ocrx_word' id='word_1_615' title='bbox 2087 4207 2297 4276; x_wconf 66' lang='lat' dir='ltr'><strong>saepius</strong></span> <span class='ocrx_word' id='word_1_616' title='bbox 2335 4205 2590 4262; x_wconf 78' lang='lat' dir='ltr'><strong>maxima</strong></span> <span class='ocrx_word' id='word_1_617' title='bbox 2612 4205 2898 4281; x_wconf 84' lang='lat' dir='ltr'><strong>hilaritate</strong></span> <span class='ocrx_word' id='word_1_618' title='bbox 2921 4203 3255 4273; x_wconf 87' lang='lat' dir='ltr'><strong>triumphat.</strong></span> 
     </span>
    </p>
   </div>
   <div class='ocr_carea' id='block_1_89' title="bbox 2161 4291 3784 4364">
    <p class='ocr_par' dir='ltr' id='par_1_89' title="bbox 2161 4291 3784 4364">
     <span class='ocr_line' id='line_1_90' title="bbox 2161 4291 3784 4364; baseline -0.001 -14"><span class='ocrx_word' id='word_1_619' title='bbox 2161 4296 2270 4350; x_wconf 86' lang='lat' dir='ltr'><strong>Iste</strong></span> <span class='ocrx_word' id='word_1_620' title='bbox 2315 4295 2506 4362; x_wconf 89' lang='lat' dir='ltr'><strong>Iosue,</strong></span> <span class='ocrx_word' id='word_1_621' title='bbox 2569 4294 2708 4350; x_wconf 90' lang='lat' dir='ltr'><strong>dum</strong></span> <span class='ocrx_word' id='word_1_622' title='bbox 2768 4294 2946 4364; x_wconf 90' lang='lat' dir='ltr'><strong>hujus</strong></span> <span class='ocrx_word' id='word_1_623' title='bbox 3000 4292 3152 4349; x_wconf 90' lang='lat' dir='ltr'><strong>beati</strong></span> <span class='ocrx_word' id='word_1_624' title='bbox 3193 4291 3451 4348; x_wconf 88' lang='lat' dir='ltr'><strong>ﬂuminis</strong></span> <span class='ocrx_word' id='word_1_625' title='bbox 3506 4291 3784 4362; x_wconf 88' lang='lat' dir='ltr'><strong>profunda</strong></span> 
     </span>
    </p>
   </div>
   <div class='ocr_carea' id='block_1_90' title="bbox 282 4371 3779 4454">
    <p class='ocr_par' dir='ltr' id='par_1_90' title="bbox 282 4371 3779 4454">
     <span class='ocr_line' id='line_1_91' title="bbox 282 4371 3779 4454; baseline -0.001 -14"><span class='ocrx_word' id='word_1_626' title='bbox 282 4381 671 4440; x_wconf 88' lang='lat' dir='ltr'><strong>anterioribus</strong></span> <span class='ocrx_word' id='word_1_627' title='bbox 706 4380 1038 4449; x_wconf 87' lang='lat' dir='ltr'><strong>submersis,</strong></span> <span class='ocrx_word' id='word_1_628' title='bbox 1087 4381 1162 4436; x_wconf 93' lang='lat' dir='ltr'><strong>ad</strong></span> <span class='ocrx_word' id='word_1_629' title='bbox 1190 4379 1557 4436; x_wconf 90' lang='lat' dir='ltr'><strong>solitudinem</strong></span> <span class='ocrx_word' id='word_1_630' title='bbox 1599 4379 1826 4447; x_wconf 80' lang='lat' dir='ltr'><strong>deserti,</strong></span> <span class='ocrx_word' id='word_1_631' title='bbox 1859 4379 1974 4434; x_wconf 89' lang='lat' dir='ltr'><strong>sci-</strong></span> <span class='ocrx_word' id='word_1_632' title='bbox 2012 4371 2058 4426; x_wconf 79' lang='grc' dir='ltr'><strong>Ι)</strong></span> <span class='ocrx_word' id='word_1_633' title='bbox 2087 4383 2350 4454; x_wconf 82' lang='lat' dir='ltr'><strong>vestigat,</strong></span> <span class='ocrx_word' id='word_1_634' title='bbox 2406 4381 2706 4438; x_wconf 89' lang='lat' dir='ltr'><strong>duodecim</strong></span> <span class='ocrx_word' id='word_1_635' title='bbox 2778 4383 3052 4452; x_wconf 91' lang='lat' dir='ltr'><strong>pretiosos</strong></span> <span class='ocrx_word' id='word_1_636' title='bbox 3111 4380 3226 4436; x_wconf 92' lang='lat' dir='ltr'><strong>illic</strong></span> <span class='ocrx_word' id='word_1_637' title='bbox 3283 4379 3496 4450; x_wconf 85' lang='lat' dir='ltr'><strong>lapides</strong></span> <span class='ocrx_word' id='word_1_638' title='bbox 3553 4381 3779 4450; x_wconf 89' lang='lat' dir='ltr'><strong>reperit,</strong></span> 
     </span>
    </p>
   </div>
   <div class='ocr_carea' id='block_1_91' title="bbox 281 4469 1982 4542">
    <p class='ocr_par' dir='ltr' id='par_1_91' title="bbox 281 4469 1982 4542">
     <span class='ocr_line' id='line_1_92' title="bbox 281 4469 1982 4542; baseline -0.003 -13"><span class='ocrx_word' id='word_1_639' title='bbox 281 4473 414 4530; x_wconf 88' lang='lat' dir='ltr'><strong>licet</strong></span> <span class='ocrx_word' id='word_1_640' title='bbox 459 4469 883 4542; x_wconf 89' lang='lat' dir='ltr'><strong>aliquantulam</strong></span> <span class='ocrx_word' id='word_1_641' title='bbox 933 4471 1122 4526; x_wconf 88' lang='lat' dir='ltr'><strong>cordis</strong></span> <span class='ocrx_word' id='word_1_642' title='bbox 1167 4470 1548 4537; x_wconf 88' lang='lat' dir='ltr'><strong>serenitatem,</strong></span> <span class='ocrx_word' id='word_1_643' title='bbox 1601 4469 1700 4524; x_wconf 91' lang='lat' dir='ltr'><strong>ubi</strong></span> <span class='ocrx_word' id='word_1_644' title='bbox 1749 4469 1982 4524; x_wconf 89' lang='lat' dir='ltr'><strong>remotis</strong></span> 
     </span>
    </p>
   </div>
   <div class='ocr_carea' id='block_1_92' title="bbox 283 4557 1975 4630">
    <p class='ocr_par' dir='ltr' id='par_1_92' title="bbox 283 4557 1975 4630">
     <span class='ocr_line' id='line_1_93' title="bbox 283 4557 1975 4630; baseline -0.005 -11"><span class='ocrx_word' id='word_1_645' title='bbox 283 4559 716 4619; x_wconf 88' lang='lat' dir='ltr'><strong>urbanitatibus</strong></span> <span class='ocrx_word' id='word_1_646' title='bbox 755 4560 887 4626; x_wconf 91' lang='lat' dir='ltr'><strong>Deo,</strong></span> <span class='ocrx_word' id='word_1_647' title='bbox 927 4559 1154 4630; x_wconf 89' lang='lat' dir='ltr'><strong>sibique</strong></span> <span class='ocrx_word' id='word_1_648' title='bbox 1181 4559 1479 4615; x_wconf 91' lang='lat' dir='ltr'><strong>vacantins</strong></span> <span class='ocrx_word' id='word_1_649' title='bbox 1518 4557 1694 4623; x_wconf 90' lang='lat' dir='ltr'><strong>vivat,</strong></span> <span class='ocrx_word' id='word_1_650' title='bbox 1739 4557 1975 4612; x_wconf 91' lang='lat' dir='ltr'><strong>accedit.</strong></span> 
     </span>
    </p>
   </div>
   <div class='ocr_carea' id='block_1_93' title="bbox 284 4645 1974 4717">
    <p class='ocr_par' dir='ltr' id='par_1_93' title="bbox 284 4645 1974 4717">
     <span class='ocr_line' id='line_1_94' title="bbox 284 4645 1974 4717; baseline -0.003 -13"><span class='ocrx_word' id='word_1_651' title='bbox 284 4649 370 4706; x_wconf 88' lang='lat' dir='ltr'><strong>lbi</strong></span> <span class='ocrx_word' id='word_1_652' title='bbox 401 4649 460 4705; x_wconf 92' lang='lat' dir='ltr'><strong>in</strong></span> <span class='ocrx_word' id='word_1_653' title='bbox 488 4647 579 4704; x_wconf 91' lang='lat' dir='ltr'><strong>sui</strong></span> <span class='ocrx_word' id='word_1_654' title='bbox 627 4647 803 4704; x_wconf 88' lang='lat' dir='ltr'><strong>solius</strong></span> <span class='ocrx_word' id='word_1_655' title='bbox 846 4647 996 4703; x_wconf 92' lang='lat' dir='ltr'><strong>bello</strong></span> <span class='ocrx_word' id='word_1_656' title='bbox 1040 4655 1357 4717; x_wconf 91' lang='lat' dir='ltr'><strong>occupatas</strong></span> <span class='ocrx_word' id='word_1_657' title='bbox 1391 4646 1813 4717; x_wconf 86' lang='lat' dir='ltr'><strong>cogitationum</strong></span> <span class='ocrx_word' id='word_1_658' title='bbox 1863 4645 1974 4700; x_wconf 90' lang='lat' dir='ltr'><strong>im-</strong></span> 
     </span>
    </p>
   </div>
   <div class='ocr_carea' id='block_1_94' title="bbox 279 4734 1978 4809">
    <p class='ocr_par' dir='ltr' id='par_1_94' title="bbox 279 4734 1978 4809">
     <span class='ocr_line' id='line_1_95' title="bbox 279 4734 1978 4809; baseline -0.002 -15"><span class='ocrx_word' id='word_1_659' title='bbox 279 4737 683 4809; x_wconf 89' lang='lat' dir='ltr'><strong>portunitates,</strong></span> <span class='ocrx_word' id='word_1_660' title='bbox 730 4736 900 4806; x_wconf 89' lang='lat' dir='ltr'><strong>quasi</strong></span> <span class='ocrx_word' id='word_1_661' title='bbox 941 4735 1104 4807; x_wconf 87' lang='lat' dir='ltr'><strong>vulgi</strong></span> <span class='ocrx_word' id='word_1_662' title='bbox 1137 4735 1388 4792; x_wconf 92' lang='lat' dir='ltr'><strong>enormis</strong></span> <span class='ocrx_word' id='word_1_663' title='bbox 1417 4734 1813 4806; x_wconf 88' lang='lat' dir='ltr'><strong>querimonias</strong></span> <span class='ocrx_word' id='word_1_664' title='bbox 1837 4734 1978 4790; x_wconf 92' lang='lat' dir='ltr'><strong>adeo</strong></span> 
     </span>
    </p>
   </div>
   <div class='ocr_carea' id='block_1_95' title="bbox 283 4821 1982 4896">
    <p class='ocr_par' dir='ltr' id='par_1_95' title="bbox 283 4821 1982 4896">
     <span class='ocr_line' id='line_1_96' title="bbox 283 4821 1982 4896; baseline -0.004 -13"><span class='ocrx_word' id='word_1_665' title='bbox 283 4839 492 4895; x_wconf 77' lang='lat' dir='ltr'><strong>graves</strong></span> <span class='ocrx_word' id='word_1_666' title='bbox 513 4824 856 4896; x_wconf 88' lang='lat' dir='ltr'><strong>plerumque</strong></span> <span class='ocrx_word' id='word_1_667' title='bbox 897 4827 1115 4894; x_wconf 92' lang='lat' dir='ltr'><strong>patitur</strong></span> <span class='ocrx_word' id='word_1_668' title='bbox 1139 4832 1204 4881; x_wconf 91' lang='lat' dir='ltr'><strong>at</strong></span> <span class='ocrx_word' id='word_1_669' title='bbox 1239 4823 1349 4880; x_wconf 90' lang='lat' dir='ltr'><strong>nisi</strong></span> <span class='ocrx_word' id='word_1_670' title='bbox 1377 4823 1452 4880; x_wconf 90' lang='lat' dir='ltr'><strong>ad</strong></span> <span class='ocrx_word' id='word_1_671' title='bbox 1499 4821 1725 4879; x_wconf 88' lang='lat' dir='ltr'><strong>Domini</strong></span> <span class='ocrx_word' id='word_1_672' title='bbox 1771 4835 1982 4877; x_wconf 83' lang='lat' dir='ltr'><strong>oracu-</strong></span> 
     </span>
    </p>
   </div>
   <div class='ocr_carea' id='block_1_96' title="bbox 280 4910 1981 4983">
    <p class='ocr_par' dir='ltr' id='par_1_96' title="bbox 280 4910 1981 4983">
     <span class='ocr_line' id='line_1_97' title="bbox 280 4910 1981 4983; baseline -0.005 -11"><span class='ocrx_word' id='word_1_673' title='bbox 280 4915 426 4983; x_wconf 90' lang='lat' dir='ltr'><strong>lum,</strong></span> <span class='ocrx_word' id='word_1_674' title='bbox 478 4914 545 4970; x_wconf 89' lang='lat' dir='ltr'><strong>.id</strong></span> <span class='ocrx_word' id='word_1_675' title='bbox 596 4921 680 4970; x_wconf 88' lang='lat' dir='ltr'><strong>est</strong></span> <span class='ocrx_word' id='word_1_676' title='bbox 731 4913 1068 4982; x_wconf 88' lang='lat' dir='ltr'><strong>orationem,</strong></span> <span class='ocrx_word' id='word_1_677' title='bbox 1126 4927 1276 4983; x_wconf 66' lang='lat' dir='ltr'><strong>saepe</strong></span> <span class='ocrx_word' id='word_1_678' title='bbox 1332 4918 1673 4979; x_wconf 89' lang='lat' dir='ltr'><strong>recurreret,</strong></span> <span class='ocrx_word' id='word_1_679' title='bbox 1740 4910 1981 4966; x_wconf 88' lang='lat' dir='ltr'><strong>tolerare</strong></span> 
     </span>
    </p>
   </div>
   <div class='ocr_carea' id='block_1_97' title="bbox 281 4995 1980 5057">
    <p class='ocr_par' dir='ltr' id='par_1_97' title="bbox 281 4995 1980 5057">
     <span class='ocr_line' id='line_1_98' title="bbox 281 4995 1980 5057; baseline -0.004 0"><span class='ocrx_word' id='word_1_680' title='bbox 281 5003 404 5057; x_wconf 90' lang='lat' dir='ltr'><strong>vim</strong></span> <span class='ocrx_word' id='word_1_681' title='bbox 455 4998 782 5056; x_wconf 86' lang='lat' dir='ltr'><strong>tentationis</strong></span> <span class='ocrx_word' id='word_1_682' title='bbox 837 4999 998 5055; x_wconf 89' lang='lat' dir='ltr'><strong>nullo</strong></span> <span class='ocrx_word' id='word_1_683' title='bbox 1045 5001 1214 5055; x_wconf 90' lang='lat' dir='ltr'><strong>modo</strong></span> <span class='ocrx_word' id='word_1_684' title='bbox 1261 4997 1566 5055; x_wconf 83' lang='lat' dir='ltr'><strong>sufficeret.</strong></span> <span class='ocrx_word' id='word_1_685' title='bbox 1617 4996 1700 5052; x_wconf 92' lang='lat' dir='ltr'><strong>lbi</strong></span> <span class='ocrx_word' id='word_1_686' title='bbox 1759 4995 1980 5052; x_wconf 90' lang='lat' dir='ltr'><strong>vitulus</strong></span> 
     </span>
    </p>
   </div>
   <div class='ocr_carea' id='block_1_98' title="bbox 281 5085 1976 5162">
    <p class='ocr_par' dir='ltr' id='par_1_98' title="bbox 281 5085 1976 5162">
     <span class='ocr_line' id='line_1_99' title="bbox 281 5085 1976 5162; baseline -0.005 -14"><span class='ocrx_word' id='word_1_687' title='bbox 281 5087 564 5162; x_wconf 61' lang='lat' dir='ltr'><strong>superbia</strong></span> <span class='ocrx_word' id='word_1_688' title='bbox 616 5087 765 5144; x_wconf 89' lang='lat' dir='ltr'><strong>clam</strong></span> <span class='ocrx_word' id='word_1_689' title='bbox 824 5087 942 5156; x_wconf 88' lang='lat' dir='ltr'><strong>ipso</strong></span> <span class='ocrx_word' id='word_1_690' title='bbox 979 5087 1163 5143; x_wconf 89' lang='lat' dir='ltr'><strong>factus</strong></span> <span class='ocrx_word' id='word_1_691' title='bbox 1195 5087 1458 5159; x_wconf 89' lang='lat' dir='ltr'><strong>erigitur,</strong></span> <span class='ocrx_word' id='word_1_692' title='bbox 1503 5085 1601 5142; x_wconf 91' lang='lat' dir='ltr'><strong>sed</strong></span> <span class='ocrx_word' id='word_1_693' title='bbox 1630 5099 1666 5141; x_wconf 87' lang='lat' dir='ltr'><strong>a</strong></span> <span class='ocrx_word' id='word_1_694' title='bbox 1713 5085 1836 5141; x_wconf 91' lang='lat' dir='ltr'><strong>suis</strong></span> <span class='ocrx_word' id='word_1_695' title='bbox 1872 5098 1976 5140; x_wconf 91' lang='lat' dir='ltr'><strong>au-</strong></span> 
     </span>
    </p>
   </div>
   <div class='ocr_carea' id='block_1_99' title="bbox 283 5169 1982 5235">
    <p class='ocr_par' dir='ltr' id='par_1_99' title="bbox 283 5169 1982 5235">
     <span class='ocr_line' id='line_1_100' title="bbox 283 5169 1982 5235; baseline -0.006 0"><span class='ocrx_word' id='word_1_696' title='bbox 283 5177 538 5235; x_wconf 88' lang='lat' dir='ltr'><strong>ctoribus</strong></span> <span class='ocrx_word' id='word_1_697' title='bbox 557 5174 832 5232; x_wconf 89' lang='lat' dir='ltr'><strong>continuo</strong></span> <span class='ocrx_word' id='word_1_698' title='bbox 861 5173 1258 5230; x_wconf 89' lang='lat' dir='ltr'><strong>comminatus</strong></span> <span class='ocrx_word' id='word_1_699' title='bbox 1293 5172 1674 5229; x_wconf 89' lang='lat' dir='ltr'><strong>consumitur.</strong></span> <span class='ocrx_word' id='word_1_700' title='bbox 1716 5171 1798 5228; x_wconf 91' lang='lat' dir='ltr'><strong>lbi</strong></span> <span class='ocrx_word' id='word_1_701' title='bbox 1834 5169 1982 5227; x_wconf 89' lang='lat' dir='ltr'><strong>Beel-</strong></span> 
     </span>
    </p>
   </div>
   <div class='ocr_carea' id='block_1_100' title="bbox 285 5259 1978 5336">
    <p class='ocr_par' dir='ltr' id='par_1_100' title="bbox 285 5259 1978 5336">
     <span class='ocr_line' id='line_1_101' title="bbox 285 5259 1978 5336; baseline -0.005 -15"><span class='ocrx_word' id='word_1_702' title='bbox 285 5266 521 5336; x_wconf 90' lang='lat' dir='ltr'><strong>phegor,</strong></span> <span class='ocrx_word' id='word_1_703' title='bbox 557 5262 612 5318; x_wconf 91' lang='lat' dir='ltr'><strong>id</strong></span> <span class='ocrx_word' id='word_1_704' title='bbox 630 5269 716 5319; x_wconf 90' lang='lat' dir='ltr'><strong>est</strong></span> <span class='ocrx_word' id='word_1_705' title='bbox 735 5263 981 5334; x_wconf 88' lang='lat' dir='ltr'><strong>Priapus</strong></span> <span class='ocrx_word' id='word_1_706' title='bbox 1003 5261 1126 5316; x_wconf 81' lang='lat' dir='ltr'><strong>dux</strong></span> <span class='ocrx_word' id='word_1_707' title='bbox 1159 5260 1408 5317; x_wconf 89' lang='lat' dir='ltr'><strong>libidinis</strong></span> <span class='ocrx_word' id='word_1_708' title='bbox 1437 5260 1666 5317; x_wconf 73' lang='lat' dir='ltr'><strong>furtivae</strong></span> <span class='ocrx_word' id='word_1_709' title='bbox 1692 5275 1726 5316; x_wconf 90' lang='lat' dir='ltr'><strong>a</strong></span> <span class='ocrx_word' id='word_1_710' title='bbox 1755 5259 1978 5329; x_wconf 91' lang='lat' dir='ltr'><strong>procaci</strong></span> 
     </span>
    </p>
   </div>
   <div class='ocr_carea' id='block_1_101' title="bbox 285 5347 1978 5422">
    <p class='ocr_par' dir='ltr' id='par_1_101' title="bbox 285 5347 1978 5422">
     <span class='ocr_line' id='line_1_102' title="bbox 285 5347 1978 5422; baseline -0.004 -13"><span class='ocrx_word' id='word_1_711' title='bbox 285 5353 480 5420; x_wconf 87' lang='lat' dir='ltr'><strong>turba,</strong></span> <span class='ocrx_word' id='word_1_712' title='bbox 535 5351 628 5408; x_wconf 89' lang='lat' dir='ltr'><strong>sed</strong></span> <span class='ocrx_word' id='word_1_713' title='bbox 682 5365 818 5407; x_wconf 77' lang='lat' dir='ltr'><strong>mox</strong></span> <span class='ocrx_word' id='word_1_714' title='bbox 872 5349 1277 5422; x_wconf 88' lang='lat' dir='ltr'><strong>propellendus</strong></span> <span class='ocrx_word' id='word_1_715' title='bbox 1329 5349 1674 5416; x_wconf 87' lang='lat' dir='ltr'><strong>admittitur,</strong></span> <span class='ocrx_word' id='word_1_716' title='bbox 1731 5355 1784 5404; x_wconf 90' lang='lat' dir='ltr'><strong>et</strong></span> <span class='ocrx_word' id='word_1_717' title='bbox 1842 5347 1978 5418; x_wconf 67' lang='lat' dir='ltr'><strong>ipsa:</strong></span> 
     </span>
    </p>
   </div>
   <div class='ocr_carea' id='block_1_102' title="bbox 282 5436 1979 5510">
    <p class='ocr_par' dir='ltr' id='par_1_102' title="bbox 282 5436 1979 5510">
     <span class='ocr_line' id='line_1_103' title="bbox 282 5436 1979 5510; baseline -0.003 -13"><span class='ocrx_word' id='word_1_718' title='bbox 282 5439 536 5497; x_wconf 76' lang='lat' dir='ltr'><strong>victoriae</strong></span> <span class='ocrx_word' id='word_1_719' title='bbox 578 5439 800 5510; x_wconf 89' lang='lat' dir='ltr'><strong>quoties</strong></span> <span class='ocrx_word' id='word_1_720' title='bbox 846 5439 1232 5506; x_wconf 87' lang='lat' dir='ltr'><strong>celebrantur,</strong></span> <span class='ocrx_word' id='word_1_721' title='bbox 1285 5453 1402 5494; x_wconf 89' lang='lat' dir='ltr'><strong>non</strong></span> <span class='ocrx_word' id='word_1_722' title='bbox 1451 5438 1575 5494; x_wconf 91' lang='lat' dir='ltr'><strong>sine</strong></span> <span class='ocrx_word' id='word_1_723' title='bbox 1612 5437 1822 5493; x_wconf 90' lang='lat' dir='ltr'><strong>damno</strong></span> <span class='ocrx_word' id='word_1_724' title='bbox 1867 5436 1979 5506; x_wconf 84' lang='lat' dir='ltr'><strong>ple-</strong></span> 
     </span>
    </p>
   </div>
   <div class='ocr_carea' id='block_1_103' title="bbox 284 5526 1978 5598">
    <p class='ocr_par' dir='ltr' id='par_1_103' title="bbox 284 5526 1978 5598">
     <span class='ocr_line' id='line_1_104' title="bbox 284 5526 1978 5598; baseline -0.002 -13"><span class='ocrx_word' id='word_1_725' title='bbox 284 5541 554 5598; x_wconf 87' lang='lat' dir='ltr'><strong>rumque,</strong></span> <span class='ocrx_word' id='word_1_726' title='bbox 603 5534 658 5582; x_wconf 90' lang='lat' dir='ltr'><strong>et</strong></span> <span class='ocrx_word' id='word_1_727' title='bbox 695 5526 1125 5597; x_wconf 87' lang='lat' dir='ltr'><strong>aliquantulum</strong></span> <span class='ocrx_word' id='word_1_728' title='bbox 1161 5526 1470 5594; x_wconf 84' lang='lat' dir='ltr'><strong>difficilius,</strong></span> <span class='ocrx_word' id='word_1_729' title='bbox 1517 5533 1842 5596; x_wconf 89' lang='lat' dir='ltr'><strong>perpetrare</strong></span> <span class='ocrx_word' id='word_1_730' title='bbox 1881 5541 1978 5582; x_wconf 89' lang='lat' dir='ltr'><strong>no-</strong></span> 
     </span>
    </p>
   </div>
   <div class='ocr_carea' id='block_1_104' title="bbox 283 5613 1977 5685">
    <p class='ocr_par' dir='ltr' id='par_1_104' title="bbox 283 5613 1977 5685">
     <span class='ocr_line' id='line_1_105' title="bbox 283 5613 1977 5685; baseline -0.003 -13"><span class='ocrx_word' id='word_1_731' title='bbox 283 5621 548 5673; x_wconf 88' lang='lat' dir='ltr'><strong>scantur.</strong></span> <span class='ocrx_word' id='word_1_732' title='bbox 599 5613 770 5672; x_wconf 88' lang='lat' dir='ltr'><strong>Novit</strong></span> <span class='ocrx_word' id='word_1_733' title='bbox 803 5613 958 5670; x_wconf 91' lang='lat' dir='ltr'><strong>enim</strong></span> <span class='ocrx_word' id='word_1_734' title='bbox 990 5615 1142 5671; x_wconf 88' lang='lat' dir='ltr'><strong>Deus</strong></span> <span class='ocrx_word' id='word_1_735' title='bbox 1172 5615 1384 5685; x_wconf 72' lang='lat' dir='ltr'><strong>saepius</strong></span> <span class='ocrx_word' id='word_1_736' title='bbox 1419 5614 1688 5684; x_wconf 87' lang='lat' dir='ltr'><strong>expedire</strong></span> <span class='ocrx_word' id='word_1_737' title='bbox 1725 5613 1815 5669; x_wconf 89' lang='lat' dir='ltr'><strong>his</strong></span> <span class='ocrx_word' id='word_1_738' title='bbox 1852 5613 1977 5684; x_wconf 90' lang='lat' dir='ltr'><strong>qui,</strong></span> 
     </span>
    </p>
   </div>
   <div class='ocr_carea' id='block_1_105' title="bbox 2083 4469 3781 4544">
    <p class='ocr_par' dir='ltr' id='par_1_105' title="bbox 2083 4469 3781 4544">
     <span class='ocr_line' id='line_1_106' title="bbox 2083 4469 3781 4544; baseline -0.002 -16"><span class='ocrx_word' id='word_1_739' title='bbox 2083 4471 2225 4544; x_wconf 90' lang='lat' dir='ltr'><strong>quia</strong></span> <span class='ocrx_word' id='word_1_740' title='bbox 2254 4471 2514 4527; x_wconf 91' lang='lat' dir='ltr'><strong>videlicet</strong></span> <span class='ocrx_word' id='word_1_741' title='bbox 2544 4470 2684 4541; x_wconf 90' lang='lat' dir='ltr'><strong>legis</strong></span> <span class='ocrx_word' id='word_1_742' title='bbox 2724 4470 3092 4539; x_wconf 89' lang='lat' dir='ltr'><strong>Decalogam,</strong></span> <span class='ocrx_word' id='word_1_743' title='bbox 3135 4469 3222 4525; x_wconf 92' lang='lat' dir='ltr'><strong>vel</strong></span> <span class='ocrx_word' id='word_1_744' title='bbox 3268 4469 3459 4538; x_wconf 87' lang='lat' dir='ltr'><strong>potius</strong></span> <span class='ocrx_word' id='word_1_745' title='bbox 3515 4469 3781 4525; x_wconf 89' lang='lat' dir='ltr'><strong>universa</strong></span> 
     </span>
    </p>
   </div>
   <div class='ocr_carea' id='block_1_106' title="bbox 2083 4557 3779 4630">
    <p class='ocr_par' dir='ltr' id='par_1_106' title="bbox 2083 4557 3779 4630">
     <span class='ocr_line' id='line_1_107' title="bbox 2083 4557 3779 4630; baseline -0.002 -14"><span class='ocrx_word' id='word_1_746' title='bbox 2083 4560 2511 4630; x_wconf 88' lang='lat' dir='ltr'><strong>Scriptararum</strong></span> <span class='ocrx_word' id='word_1_747' title='bbox 2552 4567 2852 4629; x_wconf 73' lang='lat' dir='ltr'><strong>praecepta,</strong></span> <span class='ocrx_word' id='word_1_748' title='bbox 2883 4571 3016 4628; x_wconf 78' lang='lat' dir='ltr'><strong>quae</strong></span> <span class='ocrx_word' id='word_1_749' title='bbox 3056 4572 3298 4614; x_wconf 91' lang='lat' dir='ltr'><strong>numero</strong></span> <span class='ocrx_word' id='word_1_750' title='bbox 3329 4557 3522 4614; x_wconf 89' lang='lat' dir='ltr'><strong>valent</strong></span> <span class='ocrx_word' id='word_1_751' title='bbox 3550 4557 3779 4613; x_wconf 90' lang='lat' dir='ltr'><strong>denario</strong></span> 
     </span>
    </p>
   </div>
   <div class='ocr_carea' id='block_1_107' title="bbox 2085 4645 3781 4719">
    <p class='ocr_par' dir='ltr' id='par_1_107' title="bbox 2085 4645 3781 4719">
     <span class='ocr_line' id='line_1_108' title="bbox 2085 4645 3781 4719; baseline -0.002 -15"><span class='ocrx_word' id='word_1_752' title='bbox 2085 4663 2190 4719; x_wconf 90' lang='lat' dir='ltr'><strong>pro</strong></span> <span class='ocrx_word' id='word_1_753' title='bbox 2218 4649 2308 4704; x_wconf 91' lang='lat' dir='ltr'><strong>sui</strong></span> <span class='ocrx_word' id='word_1_754' title='bbox 2334 4648 2673 4718; x_wconf 91' lang='lat' dir='ltr'><strong>perfectione</strong></span> <span class='ocrx_word' id='word_1_755' title='bbox 2703 4646 2944 4718; x_wconf 89' lang='lat' dir='ltr'><strong>signari,</strong></span> <span class='ocrx_word' id='word_1_756' title='bbox 2979 4645 3116 4702; x_wconf 90' lang='lat' dir='ltr'><strong>solis</strong></span> <span class='ocrx_word' id='word_1_757' title='bbox 3144 4647 3373 4702; x_wconf 89' lang='lat' dir='ltr'><strong>duobus</strong></span> <span class='ocrx_word' id='word_1_758' title='bbox 3401 4646 3599 4702; x_wconf 91' lang='lat' dir='ltr'><strong>didicit</strong></span> <span class='ocrx_word' id='word_1_759' title='bbox 3627 4659 3781 4702; x_wconf 89' lang='lat' dir='ltr'><strong>man-</strong></span> 
     </span>
    </p>
   </div>
   <div class='ocr_carea' id='block_1_108' title="bbox 2083 4733 3778 4806">
    <p class='ocr_par' dir='ltr' id='par_1_108' title="bbox 2083 4733 3778 4806">
     <span class='ocr_line' id='line_1_109' title="bbox 2083 4733 3778 4806; baseline -0.002 -13"><span class='ocrx_word' id='word_1_760' title='bbox 2083 4737 2232 4794; x_wconf 93' lang='lat' dir='ltr'><strong>datis</strong></span> <span class='ocrx_word' id='word_1_761' title='bbox 2249 4737 2548 4792; x_wconf 86' lang='lat' dir='ltr'><strong>charitatis</strong></span> <span class='ocrx_word' id='word_1_762' title='bbox 2579 4736 2822 4806; x_wconf 91' lang='lat' dir='ltr'><strong>impleri.</strong></span> <span class='ocrx_word' id='word_1_763' title='bbox 2868 4735 3014 4792; x_wconf 90' lang='lat' dir='ltr'><strong>Cum</strong></span> <span class='ocrx_word' id='word_1_764' title='bbox 3055 4735 3209 4790; x_wconf 87' lang='lat' dir='ltr'><strong>enim</strong></span> <span class='ocrx_word' id='word_1_765' title='bbox 3262 4733 3569 4804; x_wconf 86' lang='lat' dir='ltr'><strong>cujuslibet</strong></span> <span class='ocrx_word' id='word_1_766' title='bbox 3625 4748 3778 4789; x_wconf 90' lang='lat' dir='ltr'><strong>mens</strong></span> 
     </span>
    </p>
   </div>
   <div class='ocr_carea' id='block_1_109' title="bbox 2084 4823 3777 4896">
    <p class='ocr_par' dir='ltr' id='par_1_109' title="bbox 2084 4823 3777 4896">
     <span class='ocr_line' id='line_1_110' title="bbox 2084 4823 3777 4896; baseline -0.001 -15"><span class='ocrx_word' id='word_1_767' title='bbox 2084 4827 2225 4882; x_wconf 93' lang='lat' dir='ltr'><strong>adeo</strong></span> <span class='ocrx_word' id='word_1_768' title='bbox 2253 4825 2476 4881; x_wconf 91' lang='lat' dir='ltr'><strong>sincera</strong></span> <span class='ocrx_word' id='word_1_769' title='bbox 2503 4825 2702 4882; x_wconf 83' lang='lat' dir='ltr'><strong>crebro</strong></span> <span class='ocrx_word' id='word_1_770' title='bbox 2733 4824 3160 4896; x_wconf 89' lang='lat' dir='ltr'><strong>compangitur,</strong></span> <span class='ocrx_word' id='word_1_771' title='bbox 3203 4823 3344 4880; x_wconf 89' lang='lat' dir='ltr'><strong>nihil</strong></span> <span class='ocrx_word' id='word_1_772' title='bbox 3385 4823 3646 4880; x_wconf 89' lang='lat' dir='ltr'><strong>invenias</strong></span> <span class='ocrx_word' id='word_1_773' title='bbox 3682 4825 3777 4880; x_wconf 92' lang='lat' dir='ltr'><strong>ubi</strong></span> 
     </span>
    </p>
   </div>
   <div class='ocr_carea' id='block_1_110' title="bbox 2087 4913 2848 4971">
    <p class='ocr_par' dir='ltr' id='par_1_110' title="bbox 2087 4913 2848 4971">
     <span class='ocr_line' id='line_1_111' title="bbox 2087 4913 2848 4971; baseline -0.008 0"><span class='ocrx_word' id='word_1_774' title='bbox 2087 4921 2311 4971; x_wconf 89' lang='lat' dir='ltr'><strong>tantum</strong></span> <span class='ocrx_word' id='word_1_775' title='bbox 2339 4913 2408 4969; x_wconf 92' lang='lat' dir='ltr'><strong>de</strong></span> <span class='ocrx_word' id='word_1_776' title='bbox 2430 4914 2542 4968; x_wconf 92' lang='lat' dir='ltr'><strong>Deo</strong></span> <span class='ocrx_word' id='word_1_777' title='bbox 2575 4913 2848 4968; x_wconf 91' lang='lat' dir='ltr'><strong>discatur.</strong></span> 
     </span>
    </p>
   </div>
   <div class='ocr_carea' id='block_1_111' title="bbox 2157 4999 3771 5073">
    <p class='ocr_par' dir='ltr' id='par_1_111' title="bbox 2157 4999 3771 5073">
     <span class='ocr_line' id='line_1_112' title="bbox 2157 4999 3771 5073; baseline -0.001 -15"><span class='ocrx_word' id='word_1_778' title='bbox 2157 5004 2257 5059; x_wconf 84' lang='lat' dir='ltr'><strong>His</strong></span> <span class='ocrx_word' id='word_1_779' title='bbox 2285 5016 2423 5073; x_wconf 91' lang='lat' dir='ltr'><strong>ergo</strong></span> <span class='ocrx_word' id='word_1_780' title='bbox 2471 5001 2704 5058; x_wconf 91' lang='lat' dir='ltr'><strong>demam</strong></span> <span class='ocrx_word' id='word_1_781' title='bbox 2755 4999 3058 5071; x_wconf 85' lang='lat' dir='ltr'><strong>parilicata</strong></span> <span class='ocrx_word' id='word_1_782' title='bbox 3105 4999 3358 5064; x_wconf 87' lang='lat' dir='ltr'><strong>ﬂuentis,</strong></span> <span class='ocrx_word' id='word_1_783' title='bbox 3402 5007 3611 5056; x_wconf 90' lang='lat' dir='ltr'><strong>terram</strong></span> <span class='ocrx_word' id='word_1_784' title='bbox 3649 5014 3771 5070; x_wconf 93' lang='lat' dir='ltr'><strong>pro-</strong></span> 
     </span>
    </p>
   </div>
   <div class='ocr_carea' id='block_1_112' title="bbox 2085 5087 3774 5159">
    <p class='ocr_par' dir='ltr' id='par_1_112' title="bbox 2085 5087 3774 5159">
     <span class='ocr_line' id='line_1_113' title="bbox 2085 5087 3774 5159; baseline -0.001 -13"><span class='ocrx_word' id='word_1_785' title='bbox 2085 5089 2372 5146; x_wconf 90' lang='lat' dir='ltr'><strong>missionis</strong></span> <span class='ocrx_word' id='word_1_786' title='bbox 2460 5088 2803 5159; x_wconf 86' lang='lat' dir='ltr'><strong>ingreditur.</strong></span> <span class='ocrx_word' id='word_1_787' title='bbox 2877 5088 3020 5159; x_wconf 91' lang='lat' dir='ltr'><strong>quia</strong></span> <span class='ocrx_word' id='word_1_788' title='bbox 3133 5087 3226 5143; x_wconf 87' lang='lat' dir='ltr'><strong>in.</strong></span> <span class='ocrx_word' id='word_1_789' title='bbox 3287 5088 3774 5158; x_wconf 83' lang='lat' dir='ltr'><strong>contemplationis</strong></span> 
     </span>
    </p>
   </div>
   <div class='ocr_carea' id='block_1_113' title="bbox 2082 5176 3774 5248">
    <p class='ocr_par' dir='ltr' id='par_1_113' title="bbox 2082 5176 3774 5248">
     <span class='ocr_line' id='line_1_114' title="bbox 2082 5176 3774 5248; baseline -0.001 -14"><span class='ocrx_word' id='word_1_790' title='bbox 2082 5179 2292 5234; x_wconf 68' lang='lat' dir='ltr'><strong>aethere</strong></span> <span class='ocrx_word' id='word_1_791' title='bbox 2329 5177 2660 5244; x_wconf 89' lang='lat' dir='ltr'><strong>constituta,</strong></span> <span class='ocrx_word' id='word_1_792' title='bbox 2694 5177 2859 5248; x_wconf 89' lang='lat' dir='ltr'><strong>quasi</strong></span> <span class='ocrx_word' id='word_1_793' title='bbox 2893 5177 3161 5248; x_wconf 58' lang='lat' dir='ltr'><strong>quaedam</strong></span> <span class='ocrx_word' id='word_1_794' title='bbox 3189 5176 3396 5233; x_wconf 89' lang='lat' dir='ltr'><strong>nobilis</strong></span> <span class='ocrx_word' id='word_1_795' title='bbox 3433 5176 3631 5247; x_wconf 89' lang='lat' dir='ltr'><strong>aquila</strong></span> <span class='ocrx_word' id='word_1_796' title='bbox 3663 5178 3774 5233; x_wconf 92' lang='lat' dir='ltr'><strong>sin-</strong></span> 
     </span>
    </p>
   </div>
   <div class='ocr_carea' id='block_1_114' title="bbox 2085 5264 3774 5338">
    <p class='ocr_par' dir='ltr' id='par_1_114' title="bbox 2085 5264 3774 5338">
     <span class='ocr_line' id='line_1_115' title="bbox 2085 5264 3774 5338; baseline -0.001 -15"><span class='ocrx_word' id='word_1_797' title='bbox 2085 5266 2273 5338; x_wconf 89' lang='lat' dir='ltr'><strong>gulari</strong></span> <span class='ocrx_word' id='word_1_798' title='bbox 2325 5265 2703 5337; x_wconf 90' lang='lat' dir='ltr'><strong>amplitudine</strong></span> <span class='ocrx_word' id='word_1_799' title='bbox 2746 5265 3048 5335; x_wconf 86' lang='lat' dir='ltr'><strong>spatiatur.</strong></span> <span class='ocrx_word' id='word_1_800' title='bbox 3106 5265 3258 5321; x_wconf 86' lang='lat' dir='ltr'><strong>Talis</strong></span> <span class='ocrx_word' id='word_1_801' title='bbox 3305 5264 3477 5321; x_wconf 90' lang='lat' dir='ltr'><strong>etiam</strong></span> <span class='ocrx_word' id='word_1_802' title='bbox 3535 5265 3774 5336; x_wconf 89' lang='lat' dir='ltr'><strong>quisque</strong></span> 
     </span>
    </p>
   </div>
   <div class='ocr_carea' id='block_1_115' title="bbox 2084 5353 3773 5424">
    <p class='ocr_par' dir='ltr' id='par_1_115' title="bbox 2084 5353 3773 5424">
     <span class='ocr_line' id='line_1_116' title="bbox 2084 5353 3773 5424; baseline 0 -13"><span class='ocrx_word' id='word_1_803' title='bbox 2084 5370 2200 5412; x_wconf 91' lang='lat' dir='ltr'><strong>non</strong></span> <span class='ocrx_word' id='word_1_804' title='bbox 2230 5355 2416 5411; x_wconf 90' lang='lat' dir='ltr'><strong>solum</strong></span> <span class='ocrx_word' id='word_1_805' title='bbox 2453 5368 2552 5424; x_wconf 89' lang='lat' dir='ltr'><strong>per</strong></span> <span class='ocrx_word' id='word_1_806' title='bbox 2575 5368 2634 5409; x_wconf 87' lang='lat' dir='ltr'><strong>se</strong></span> <span class='ocrx_word' id='word_1_807' title='bbox 2663 5354 2734 5410; x_wconf 91' lang='lat' dir='ltr'><strong>ad</strong></span> <span class='ocrx_word' id='word_1_808' title='bbox 2767 5361 2991 5410; x_wconf 89' lang='lat' dir='ltr'><strong>tantum</strong></span> <span class='ocrx_word' id='word_1_809' title='bbox 3021 5353 3252 5410; x_wconf 89' lang='lat' dir='ltr'><strong>culmen</strong></span> <span class='ocrx_word' id='word_1_810' title='bbox 3279 5353 3566 5419; x_wconf 90' lang='lat' dir='ltr'><strong>evehitur,</strong></span> <span class='ocrx_word' id='word_1_811' title='bbox 3606 5353 3698 5409; x_wconf 90' lang='lat' dir='ltr'><strong>sed</strong></span> <span class='ocrx_word' id='word_1_812' title='bbox 3721 5362 3773 5411; x_wconf 91' lang='lat' dir='ltr'><strong>et</strong></span> 
     </span>
    </p>
   </div>
   <div class='ocr_carea' id='block_1_116' title="bbox 2085 5438 3771 5512">
    <p class='ocr_par' dir='ltr' id='par_1_116' title="bbox 2085 5438 3771 5512">
     <span class='ocr_line' id='line_1_117' title="bbox 2085 5438 3771 5512; baseline 0 -16"><span class='ocrx_word' id='word_1_813' title='bbox 2085 5455 2184 5512; x_wconf 93' lang='lat' dir='ltr'><strong>per</strong></span> <span class='ocrx_word' id='word_1_814' title='bbox 2209 5455 2346 5498; x_wconf 90' lang='lat' dir='ltr'><strong>eum</strong></span> <span class='ocrx_word' id='word_1_815' title='bbox 2372 5440 2502 5496; x_wconf 91' lang='lat' dir='ltr'><strong>aliis</strong></span> <span class='ocrx_word' id='word_1_816' title='bbox 2530 5439 2729 5495; x_wconf 91' lang='lat' dir='ltr'><strong>eadem</strong></span> <span class='ocrx_word' id='word_1_817' title='bbox 2759 5439 2946 5510; x_wconf 89' lang='lat' dir='ltr'><strong>gratia</strong></span> <span class='ocrx_word' id='word_1_818' title='bbox 2973 5438 3318 5510; x_wconf 90' lang='lat' dir='ltr'><strong>impertitur,</strong></span> <span class='ocrx_word' id='word_1_819' title='bbox 3349 5438 3489 5495; x_wconf 91' lang='lat' dir='ltr'><strong>dum</strong></span> <span class='ocrx_word' id='word_1_820' title='bbox 3523 5438 3771 5509; x_wconf 90' lang='lat' dir='ltr'><strong>plerum-</strong></span> 
     </span>
    </p>
   </div>
   <div class='ocr_carea' id='block_1_117' title="bbox 2086 5526 3766 5598">
    <p class='ocr_par' dir='ltr' id='par_1_117' title="bbox 2086 5526 3766 5598">
     <span class='ocr_line' id='line_1_118' title="bbox 2086 5526 3766 5598; baseline 0 -15"><span class='ocrx_word' id='word_1_821' title='bbox 2086 5541 2222 5598; x_wconf 88' lang='lat' dir='ltr'><strong>que,</strong></span> <span class='ocrx_word' id='word_1_822' title='bbox 2272 5541 2404 5597; x_wconf 74' lang='lat' dir='ltr'><strong>qaae</strong></span> <span class='ocrx_word' id='word_1_823' title='bbox 2441 5527 2556 5583; x_wconf 91' lang='lat' dir='ltr'><strong>sint</strong></span> <span class='ocrx_word' id='word_1_824' title='bbox 2605 5527 2702 5583; x_wconf 91' lang='lat' dir='ltr'><strong>illa</strong></span> <span class='ocrx_word' id='word_1_825' title='bbox 2747 5527 3084 5583; x_wconf 89' lang='lat' dir='ltr'><strong>indefectiva</strong></span> <span class='ocrx_word' id='word_1_826' title='bbox 3147 5526 3358 5583; x_wconf 67' lang='lat' dir='ltr'><strong>caelesti</strong></span> <span class='ocrx_word' id='word_1_827' title='bbox 3401 5527 3562 5598; x_wconf 86' lang='lat' dir='ltr'><strong>regni</strong></span> <span class='ocrx_word' id='word_1_828' title='bbox 3604 5526 3766 5594; x_wconf 91' lang='lat' dir='ltr'><strong>bona,</strong></span> 
     </span>
    </p>
   </div>
   <div class='ocr_carea' id='block_1_118' title="bbox 2085 5613 3768 5686">
    <p class='ocr_par' dir='ltr' id='par_1_118' title="bbox 2085 5613 3768 5686">
     <span class='ocr_line' id='line_1_119' title="bbox 2085 5613 3768 5686; baseline 0.002 -16"><span class='ocrx_word' id='word_1_829' title='bbox 2085 5621 2343 5684; x_wconf 90' lang='lat' dir='ltr'><strong>potenter</strong></span> <span class='ocrx_word' id='word_1_830' title='bbox 2391 5613 2642 5670; x_wconf 89' lang='lat' dir='ltr'><strong>docendo</strong></span> <span class='ocrx_word' id='word_1_831' title='bbox 2685 5613 3008 5671; x_wconf 89' lang='lat' dir='ltr'><strong>secundum</strong></span> <span class='ocrx_word' id='word_1_832' title='bbox 3067 5614 3441 5685; x_wconf 89' lang='lat' dir='ltr'><strong>capacitatem</strong></span> <span class='ocrx_word' id='word_1_833' title='bbox 3495 5613 3768 5686; x_wconf 87' lang='lat' dir='ltr'><strong>cujusque</strong></span> 
     </span>
    </p>
   </div>
  </div>
