3956 6448
180 408 281 458 589
1412 406 1821 463 OPUSCULUM
1867 407 1954 461 DE
1995 408 2466 466 VIRGINITATE.

3586 420 3692 472 590

173 536 452 593 auditoris
501 536 828 592 funiculum
878 536 1183 592 locutionis
1217 537 1556 608 exporrigit.
1610 538 1718 605 Qui
1787 545 1875 594 ta—
1913 541 1958 592 A
1988 553 2138 609 saepe
2171 548 2475 596 moventur
2506 540 2562 596 in
2616 540 2801 607 nobis,
2842 541 2923 597 sic
2966 548 3149 598 totum
3201 542 3343 599 illud
3391 546 3686 615 negotium

170 641 301 682 men
335 641 466 682 cum
497 626 757 681 omnium
789 625 1163 681 mediocritati
1197 627 1556 683 conformare
1588 642 1708 683 sese
1755 642 1870 682 non

166 715 425 785 despicit,
471 716 656 770 ardua
695 713 803 770 sibi
837 722 892 770 et
931 723 1223 783 montana,
1273 723 1336 771 ut
1385 714 1516 771 olim
1543 717 1731 782 Iosue,
1768 731 1872 786 pro

165 818 286 859 suaa
359 804 810 859 conversationis
869 803 1206 860 excellentia
1255 803 1433 875 eligit,
1494 813 1548 861 et
1586 805 1868 862 attribuit.

166 893 676 962 lmpugnationum
710 892 1045 947 discrimina
1074 892 1120 948 si
1151 893 1516 963 contigerint,
1550 893 1621 949 ad
1651 893 1871 950 felicem

166 980 316 1036 illico
351 981 697 1050 perveniunt
730 988 892 1037 tanta
921 981 1216 1037 alacritate
1251 982 1632 1052 triumphum,
1683 997 1870 1054 quan-

162 1076 288 1124 tum
322 1069 485 1125 nulla
508 1070 839 1139 virgineum
881 1070 1117 1127 ﬂamma
1147 1071 1360 1127 excitat
1404 1072 1472 1127 de
1505 1071 1862 1143 experientia

168 1157 482 1228 voluptatis
547 1157 836 1214 affectum.
921 1160 1038 1215 Etsi
1107 1160 1255 1215 bella
1323 1160 1671 1231 frequentia,
1735 1174 1871 1217 rara

161 1247 507 1302 omnimodis
542 1248 637 1302 tibi
659 1247 889 1314 damna,
917 1247 1078 1303 nulla
1109 1248 1431 1304 murmuris
1447 1250 1739 1318 memoria,
1765 1265 1873 1308 nec

160 1336 232 1390 de
265 1349 527 1406 regressu
561 1335 619 1390 in
649 1337 963 1406 IEgyptum
996 1337 1195 1392 crebro
1223 1337 1334 1393 sub
1366 1337 1555 1408 Moyse
1582 1349 1872 1396 reversata

156 1421 376 1479 fabula.
413 1423 587 1490 Bella,
623 1425 886 1493 inquam,
929 1425 1033 1480 etsi
1065 1425 1320 1493 assidua,
1352 1425 1474 1496 jam
1507 1441 1619 1482 non
1663 1428 1870 1484 adver-

156 1525 262 1567 sus
301 1512 494 1567 carnis
544 1512 826 1579 incendia,
861 1513 956 1568 sed
1006 1521 1206 1569 contra
1247 1527 1315 1569 ea
1345 1528 1476 1583 quae
1510 1516 1872 1573 extrinsecus

155 1599 375 1670 inﬂigit
425 1599 749 1670 principum
804 1601 952 1657 aeris
1004 1602 1179 1672 hujus
1219 1602 1540 1672 spiritualis
1588 1606 1866 1675 nequitia.

158 1687 297 1742 Haec
356 1703 458 1744 nos
507 1704 622 1743 non
667 1691 1055 1759 comparando
1110 1699 1172 1746 ut
1220 1691 1465 1747 alterum
1520 1692 1682 1749 alteri
1735 1707 1872 1762 prae-

158 1776 446 1832 ferremus
494 1778 744 1833 duorum
797 1777 1006 1834 horum
1058 1779 1332 1847 diximus,
1383 1780 1480 1836 sed
1537 1789 1598 1836 ut
1645 1782 1868 1852 aliquid

159 1871 361 1920 nostro
420 1865 580 1937 operi
633 1866 702 1922 de
761 1874 1019 1922 veterum
1066 1869 1239 1938 gestis
1288 1869 1473 1938 typice
1521 1877 1868 1928 attexamus.

827 1955 1060 2012 CAPUT
1102 1958 1223 2014 VII.

241 2044 362 2109 Quo
389 2043 557 2098 modo
579 2044 944 2116 generationi
971 2044 1355 2101 intendissenl
1380 2045 1564 2118 primi
1598 2050 1876 2118 parentes

160 2130 221 2186 si
277 2148 392 2186 non
437 2136 787 2204 peccassent.
839 2164 908 2174 —
964 2134 1070 2190 Sed
1123 2135 1272 2190 inter
1330 2136 1438 2191 ista
1485 2136 1694 2206 optime
1738 2137 1874 2192 satis

163 2228 378 2276 nostra:
409 2222 661 2277 occurrit
693 2223 983 2278 memoriae
1016 2223 1192 2278 creati
1224 2223 1492 2292 hominis,
1527 2223 1574 2280 si
1613 2224 1671 2280 in
1699 2239 1870 2295 para-

164 2308 292 2364 diso
330 2318 765 2379 perseverasset,
810 2311 1000 2380 qualis
1041 2313 1176 2379 vita,
1222 2311 1334 2367 imo
1381 2327 1448 2368 ex
1490 2313 1735 2384 conjuge
1763 2313 1872 2368 sibi

165 2394 325 2463 data,
361 2395 552 2466 qualis
583 2397 779 2452 futura
817 2405 960 2453 esset
1002 2400 1356 2468 propagatio,
1397 2399 1444 2454 si
1491 2399 1614 2454 sine
1645 2407 1873 2468 peccato

165 2484 439 2540 conditus
492 2485 766 2552 creditur,
828 2493 882 2541 et
934 2486 1056 2541 sine
1107 2487 1317 2542 damno
1373 2488 1549 2544 totius
1603 2502 1723 2543 sua:
1773 2489 1869 2543 bo-

166 2587 260 2627 na:
293 2572 548 2643 originis,
576 2587 706 2643 quae
733 2573 842 2628 nisi
875 2588 972 2643 per
995 2582 1289 2644 peccatum
1322 2590 1434 2631 non
1460 2576 1676 2646 patitur
1706 2577 1874 2632 dam-

164 2677 313 2718 num
364 2663 649 2730 victurus,
694 2663 782 2718 vel
829 2664 942 2719 Deo
972 2665 1268 2733 obedisset,
1324 2665 1369 2721 si
1413 2681 1524 2720 non
1567 2672 1871 2735 peccasset,

166 2751 498 2820 perenniter
527 2759 689 2818 esset,
735 2759 788 2806 et
844 2751 991 2806 felici
1040 2752 1141 2807 loci
1166 2753 1530 2823 jucunditate
1564 2753 1870 2820 fruiturus,

166 2853 274 2909 pro
323 2847 474 2895 certo
505 2844 676 2895 etiam
725 2848 780 2896 et
823 2841 944 2897 sine
990 2851 1220 2910 peccato
1269 2850 1682 2912 generaturum
1739 2857 1879 2910 con:

165 2929 422 2984 stitisset.
471 2929 524 2984 Si
558 2937 747 2985 tamen
792 2930 978 2986 dicere
1022 2931 1361 2999 audeamus,
1395 2932 1549 3001 quod
1592 2931 1739 2999 talis,
1773 2932 1872 2988 tali

164 3017 228 3072 in
281 3017 422 3085 loco,
471 3034 504 3070 a
558 3018 770 3074 talibus
819 3034 1053 3088 quoque
1109 3020 1368 3089 personis
1405 3020 1659 3076 exerceri
1701 3034 1875 3090 opera

160 3113 376 3176 posset.
423 3106 528 3162 Sed
559 3107 606 3163 si
652 3122 764 3163 non
808 3109 1136 3179 generaturi
1179 3109 1234 3163 in
1285 3109 1400 3176 illo,
1453 3109 1875 3180 qualiscunque
1913 3128 1956 3185 ο
1985 3107 2183 3164 nullus
2278 3107 2626 3163 dissimiliter
2725 3121 2976 3178 querens

162 3195 291 3266 ipse
365 3203 527 3263 esset,
595 3195 716 3252 loco
783 3197 1080 3264 dicantur;
1143 3205 1198 3253 et
1273 3197 1378 3253 hoc
1442 3199 1873 3267 commercium,

163 3285 326 3356 quod
386 3285 551 3340 modo
609 3299 846 3355 prorsus
895 3293 1196 3355 reputatur
1242 3285 1630 3353 immundum,
1677 3300 1712 3342 a
1758 3295 1872 3343 tam

165 3374 403 3430 mundis
433 3389 550 3430 non
584 3374 841 3430 ﬂendum
873 3376 1177 3442 astruitur,
1213 3375 1410 3431 fabula
1436 3390 1557 3432 esse
1584 3375 1875 3432 videbitur

167 3463 352 3518 Deum
404 3463 665 3519 homines
707 3463 872 3530 duos,
922 3471 986 3519 ut
1025 3463 1141 3530 duo
1182 3463 1285 3519 soli
1325 3464 1426 3519 toti
1465 3472 1631 3521 terra:
1673 3478 1875 3534 praees-

163 3558 312 3616 sent,
343 3565 584 3618 creasse,
618 3550 834 3606 frustra
863 3551 1034 3607 etiam
1065 3552 1146 3608 eis
1168 3551 1408 3606 crescile
1443 3555 1494 3606 et
1515 3551 1874 3625 multiplica-

162 3638 313 3694 mini
339 3640 566 3695 dixisse.
601 3639 764 3710 (Gen.
798 3657 834 3708 1,
871 3642 980 3709 28).
1485 3649 1489 3652 '

236 3728 362 3784 Etsi
388 3731 776 3801 generassenl,
811 3728 1063 3802 virgines
1097 3727 1475 3784 nihilominus
1515 3729 1872 3802 permansis-

166 3822 317 3873 sent.
366 3847 436 3859 —
487 3817 590 3873 Sed
641 3817 781 3888 quia
837 3818 983 3874 mira
1032 3827 1115 3875 est
1153 3819 1484 3875 absurditas
1533 3819 1586 3874 id
1637 3820 1872 3885 sentire,

165 3907 540 3962 intendamus
593 3907 727 3976 quis
778 3908 982 3963 modus
1019 3908 1330 3978 generandi
1377 3916 1544 3975 esset,
1594 3909 1695 3978 qui
1753 3909 1874 3964 sine

164 3995 394 4066 piaculo
427 3996 625 4066 peragi
673 4003 874 4066 posset.
926 3996 1099 4052 Nulla
1141 3996 1454 4053 assertione
1493 3997 1728 4068 indiget,
1767 3997 1873 4053 ho—

163 4085 381 4140 minem
413 4085 630 4154 absque
676 4084 863 4140 delicti
905 4085 1170 4155 contagio
1214 4086 1259 4140 si
1300 4093 1559 4142 creatum
1606 4087 1870 4142 dicimus.

165 4171 221 4228 Si
246 4172 369 4228 sine
389 4173 542 4227 omni
569 4172 738 4238 malo,
761 4187 898 4243 ergo
919 4181 973 4228 et
991 4175 1184 4229 carnis
1203 4175 1460 4242 stimulo,
1484 4176 1636 4245 quod
1655 4175 1870 4231 malum

166 4267 272 4326 est,
306 4261 537 4330 penitus
579 4261 786 4317 caruit.
838 4260 893 4316 Si
934 4263 1153 4318 carnali
1209 4271 1370 4320 motu
1419 4264 1624 4328 caruit,
1673 4262 1873 4333 procul

169 4349 368 4414 dubio,
448 4350 493 4404 si
551 4350 725 4406 verbo
780 4350 877 4405 Dei
937 4352 1240 4421 paruisset,
1315 4352 1664 4408 zeternaliter
1713 4353 1873 4422 virgo

170 4451 487 4494 mansurus
517 4437 643 4506 fuit,
672 4446 726 4495 et
758 4419 955 4495 tamen
981 4439 1162 4496 multo
1195 4440 1503 4511 plusquam
1551 4441 1714 4512 virgo
1744 4419 1868 4511 hic;
1911 4419 1955 4473 D

171 4540 206 4582 a
237 4527 566 4598 virginibus
590 4528 742 4584 enim
776 4528 957 4585 multo
986 4543 1094 4585 sua
1129 4529 1338 4586 sudore
1368 4529 1632 4600 voluptas
1666 4531 1873 4586 restin-

170 4615 391 4688 guitur.
426 4617 571 4673 Huic
601 4631 788 4688 neque
819 4617 974 4688 quod
1005 4625 1268 4685 tentaret,
1321 4633 1509 4690 neque
1539 4619 1634 4675 cui
1675 4622 1872 4676 tentati

170 4705 359 4761 resisti
396 4713 698 4775 oporteret,
744 4705 948 4772 inerat,
999 4706 1094 4762 sed
1128 4721 1341 4762 novum
1385 4707 1561 4777 istud,
1600 4715 1654 4764 et
1682 4708 1876 4777 singu-

171 4793 296 4850 lare
338 4794 554 4850 mirum
585 4793 869 4865 virginem
902 4795 1116 4851 scilicet
1150 4795 1333 4851 Adam
1364 4810 1658 4867 generare,
1694 4796 1872 4867 virgi-

169 4897 306 4940 nem
361 4883 572 4939 scilicet
619 4883 796 4938 Evam
859 4898 1078 4954 parere.
1137 4885 1297 4941 Unde
1351 4893 1406 4940 et
1449 4885 1590 4942 illud
1641 4887 1873 4942 beatum

171 4987 466 5043 superque
510 4987 738 5028 omnem
789 4972 1088 5028 hominum
1151 4988 1282 5043 quae
1328 4989 1485 5029 nunc
1527 4988 1648 5030 esse
1701 4975 1874 5045 possit

172 5061 588 5118 beatitudinem
621 5061 755 5116 felix
783 5061 1062 5116 saeculum
1097 5060 1312 5128 fuisset,
1356 5063 1402 5118 si
1445 5063 1663 5129 fuisset,
1706 5064 1874 5134 quasi

172 5149 327 5207 enim
357 5164 471 5205 non
507 5149 634 5216 fuit,
669 5151 823 5219 quod
857 5149 914 5204 in
959 5149 1082 5220 ipso
1129 5165 1232 5207 suo
1275 5151 1554 5222 principio
1591 5168 1724 5208 cum
1755 5167 1875 5208 esse

174 5238 432 5308 ceperit,
491 5253 613 5293 esse
659 5238 957 5294 destiterit.
1007 5240 1236 5295 Certum
1293 5254 1431 5296 sane
1481 5241 1730 5297 habetur
1779 5241 1876 5296 illa

176 5327 457 5394 membra,
493 5342 624 5397 quae
656 5327 967 5396 generandi
1007 5328 1239 5398 explent
1282 5329 1488 5396 ofticia,
1529 5331 1651 5385 sine
1695 5345 1876 5400 pravo

175 5416 366 5474 calore
409 5430 522 5470 non
559 5415 739 5471 solere
781 5415 1020 5484 moveri,
1056 5425 1359 5487 motusque
1396 5418 1536 5485 illos,
1583 5433 1729 5488 quos
1753 5420 1874 5489 jam

176 5505 433 5576 patimur
486 5503 798 5570 naturales,
861 5503 984 5559 sine
1049 5512 1280 5573 peccato
1333 5519 1450 5560 non
1510 5520 1672 5576 posse
1733 5507 1872 5575 fieri,

177 5593 334 5664 quod
362 5599 544 5648 totum
575 5591 655 5645 sic
684 5605 752 5646 ac
782 5590 947 5647 nobis
974 5598 1112 5647 tunc
1141 5591 1407 5661 :alienum
1436 5592 1598 5660 foret,
1634 5601 1698 5650 ut
1727 5595 1876 5651 sicut

176 5695 275 5752 pes
321 5687 426 5738 aut
472 5693 701 5748 manus,
742 5694 844 5736 seu
890 5678 989 5736 alii
1031 5680 1273 5751 quilibet
1321 5689 1502 5752 artus,
1543 5681 1878 5740 innocenter

1985 628 2044 682 in
2105 629 2265 683 nullo
2340 629 2696 699 patrantium
2773 630 3035 686 animum
3093 645 3400 688 carnemve
3455 650 3489 687 a
3538 634 3686 691 bono

1983 715 2239 785 quolibet
2295 716 2504 773 affectu
2555 717 2898 786 detraheret,
2957 727 3011 775 et
3079 719 3229 776 sicut
3289 719 3346 775 in
3396 720 3685 792 gignendo

1983 804 2144 859 nulla
2213 805 2520 876 utrobique
2563 806 2960 863 dominaretur
3014 808 3220 878 passio,
3277 809 3359 864 sic
3407 809 3464 865 in
3514 818 3684 880 partu

1982 893 2209 948 nullum
2243 894 2494 950 dolorem
2529 895 2808 952 incuteret
2841 895 3063 952 eﬂ'usio.

2061 982 2224 1036 Unde
2255 982 2540 1056 originale
2579 987 2899 1053 peccalum.
2949 1013 3019 1026 -—
3065 986 3206 1041 Inde
3252 986 3374 1057 jam
3413 986 3684 1057 prolapsa

1981 1085 2084 1140 per
2128 1085 2294 1127 suam
2339 1071 2781 1128 inobedientiam
2825 1074 3048 1145 origine
3091 1082 3256 1133 vetus
3307 1075 3450 1132 illud
3492 1091 3686 1146 pecca-

1983 1166 2128 1225 tum,
2161 1172 2195 1213 a
2224 1159 2562 1229 parentibus
2592 1161 2648 1216 in
2697 1175 2813 1228 eos,
2845 1162 2946 1232 qui
2995 1171 3320 1220 nascuntur
3360 1179 3434 1220 ex
3475 1179 3688 1222 concu-

1979 1247 2134 1303 bitus
2166 1248 2456 1318 voluptate
2485 1249 2816 1306 devolvitur
2863 1257 2924 1305 ut
2973 1264 3195 1319 semper
3237 1252 3448 1307 veteris
3487 1253 3684 1308 damni

1981 1335 2422 1392 immensitatem
2447 1352 2519 1393 ex
2553 1338 2718 1393 novis
2747 1345 2801 1393 et
2835 1338 3186 1407 quotidianis
3214 1341 3336 1394 suis
3373 1342 3688 1411 corruptio-

1979 1425 2152 1480 nibus
2199 1425 2367 1481 homo
2407 1425 2748 1481 miserabilis
2796 1433 3009 1496 penset,
3055 1434 3111 1481 et
3160 1427 3423 1483 intimam
3473 1429 3682 1484 animae

1980 1512 2260 1569 vilitatem
2291 1528 2364 1569 ex
2401 1515 2654 1583 corporis
2695 1522 2809 1569 tam
2851 1514 3084 1569 sordida
3127 1515 3523 1584 procreatione
3567 1531 3688 1586 per-

1983 1601 2222 1670 pendat;
2255 1610 2308 1656 et
2328 1603 2446 1672 jam
2479 1601 2678 1656 saltem
2706 1616 2830 1656 sero
2863 1601 3050 1667 malis,
3082 1604 3255 1658 etiam
3283 1618 3414 1674 quae
3445 1603 3684 1660 minima

1981 1697 2166 1759 putat,
2235 1689 2560 1745 voluntarie
2624 1704 2684 1746 se
2745 1689 3104 1760 pertimescat
3162 1692 3520 1762 immergere,
3552 1705 3686 1748 cum

1981 1779 2237 1833 maxima
2267 1778 2444 1834 soleat
2492 1778 2733 1834 aediﬁcia
2775 1778 3116 1848 permodica:
3162 1781 3503 1850 quantitatis
3541 1781 3689 1836 scin-

1983 1867 2124 1934 tilla,
2178 1867 2223 1922 si
2273 1867 2422 1924 male
2473 1867 2757 1936 foveatur,
2810 1881 3075 1923 exurere.
3109 1868 3326 1924 Idcirco
3375 1883 3494 1925 suae
3525 1869 3688 1925 vitia-

1983 1964 2052 2012 ta
2092 1955 2424 2027 propaginis
2462 1971 2576 2012 non
2611 1957 2850 2028 ignarus
2880 1956 3062 2012 David
3083 1957 3462 2026 conqueritur
3484 1957 3544 2013 in
3575 1958 3686 2014 ini-

1982 2045 2306 2114 quitatibus
2344 2059 2402 2101 se
2451 2054 2791 2115 conceptum
2833 2045 3024 2116 (Psal,
3071 2061 3123 2112 L,
3156 2046 3233 2115 7),
3276 2053 3332 2100 et
3361 2060 3420 2101 se
3457 2045 3684 2117 aspergi

1981 2134 2077 2189 illo
2110 2135 2371 2204 byssopo,
2406 2135 2507 2204 qui
2539 2149 2642 2190 nos
2689 2134 2999 2190 humilitati
3039 2149 3160 2191 suae
3195 2132 3516 2192 informans
3546 2135 3683 2206 pul—

1982 2237 2211 2278 monem
2263 2223 2505 2278 tumoris
2545 2223 2807 2293 expians,
2839 2237 3046 2279 sanum
3078 2237 3194 2278 [nos
3235 2237 3436 2294 sapere
3466 2223 3681 2289 docuit,

1983 2309 2251 2379 postulat,
2299 2317 2352 2365 et
2400 2325 2460 2366 se
2519 2310 2694 2366 lotum
2738 2311 3078 2380 baptismate
3130 2311 3375 2381 gloriosa
3417 2326 3688 2381 praesunt-

1981 2399 2173 2468 ptione
2201 2405 2442 2454 testatur
2470 2412 2641 2467 super
2672 2398 2864 2454 nivem
2900 2398 3160 2468 protinus
3185 2399 3442 2454 dealbari
3485 2399 3682 2470 (Ibid.,

1981 2488 2078 2557 ιχ).
2111 2487 2192 2542 Ad
2226 2487 2333 2542 hoc
2366 2488 2565 2556 prima}
2595 2502 2714 2543 suae
2745 2487 3050 2543 creationis
3079 2486 3309 2543 initium
3360 2487 3539 2557 bujus
3583 2504 3685 2545 no-

1985 2577 2116 2632 bilis
2147 2576 2380 2632 virtutis
2407 2577 2711 2646 respondet
2741 2576 3002 2644 intentio,
3035 2591 3166 2646 quae
3188 2577 3327 2632 dum
3361 2578 3580 2647 majora
3600 2593 3678 2644 se,

1981 2673 2037 2720 et
2087 2679 2220 2735 quae
2269 2664 2327 2719 in
2379 2666 2643 2734 praesenti
2698 2665 2972 2736 consequi
3031 2666 3284 2735 plenarie
3342 2679 3456 2720 non
3512 2665 3684 2732 valet,

1983 2759 2131 2808 3|!
2176 2752 2546 2809 laudabiliter
2585 2754 2914 2821 aemulatur,
2954 2754 3233 2824 quiddam
3266 2754 3412 2822 inter
3461 2761 3690 2810 caetera-

1983 2856 2114 2898 rum
2176 2842 2461 2898 virtutum
2521 2842 2732 2912 glorias
2780 2842 3078 2913 singulare
3148 2842 3358 2898 habere
3412 2850 3683 2898 meretur.

1982 2931 2129 2985 Dum
2163 2930 2318 2986 enim
2348 2930 2578 2986 avidius
2605 2931 2929 3001 insequitur
2977 2931 3118 2986 illud
3168 2933 3324 3002 quod
3368 2932 3681 3000 perdidisse

1983 3019 2044 3074 in
2112 3019 2374 3088 patribus
2431 3034 2489 3074 se
2569 3019 2786 3086 recolit,
2867 3019 3160 3075 efﬁcacius
3245 3020 3463 3076 invenit
3527 3021 3684 3090 quod

3076 3107 3339 3164 similiter
3440 3107 3679 3177 adipisci

1987 3198 2180 3266 possit.

2056 3284 2199 3341 lllud
2255 3283 2447 3340 itidem
2525 3284 2993 3355 contemplantur
3046 3284 3150 3357 qui
3207 3284 3342 3340 huic
3399 3285 3687 3355 proposito

1984 3375 2370 3441 adhaeserunt,
2409 3374 2564 3444 quod
2616 3374 2673 3428 in
2709 3387 2778 3429 ea
2821 3374 3070 3431 hominis
3114 3382 3294 3444 parte,
3328 3373 3418 3430 cui
3455 3374 3684 3444 proprie

1986 3461 2084 3516 Dei
2111 3462 2300 3531 imago
2330 3461 2608 3530 impressa
2645 3467 2749 3528 est,
2785 3461 3086 3532 integritas
3114 3462 3382 3531 quaedam
3415 3469 3471 3517 et
3499 3475 3686 3532 ange-

1984 3550 2094 3606 lica
2121 3557 2314 3605 manet
2343 3549 2660 3616 sinceritas,
2711 3564 2888 3620 quam
2933 3549 3063 3606 licet
3107 3565 3338 3620 corpus,
3368 3550 3525 3621 quod
3554 3565 3687 3606 cor-

1983 3639 2297 3709 rumpitur,
2339 3647 2618 3709 aggravet
2659 3639 2821 3710 (Sap.
2879 3653 2958 3705 rx,
3010 3639 3119 3708 15),
3163 3646 3219 3695 et
3259 3647 3487 3695 terrena
3517 3638 3685 3694 inha-

1983 3728 2182 3784 bitatio
2223 3728 2532 3797 deprimat,
2572 3727 2716 3783 nihil
2771 3735 2962 3784 tamen
3009 3737 3093 3784 est
3136 3729 3292 3799 quod
3321 3743 3448 3785 eam
3492 3743 3526 3784 a
3567 3742 3688 3784 cor-

1985 3831 2119 3888 pore
2144 3831 2250 3872 suo
2282 3816 2525 3872 liberam
2564 3824 2738 3872 tentet
2772 3825 2874 3872 aut
2917 3817 2991 3872 ad
3031 3817 3170 3873 vitia
3207 3819 3400 3873 carnis
3440 3817 3683 3873 ulterius

1984 3905 2254 3960 inﬂectat.
2313 3905 2418 3960 Sed
2467 3913 2588 3960 tota
2633 3905 2972 3975 angelorum
3012 3906 3426 3961 cohabitationi
3475 3905 3684 3960 habilis

1983 3993 2202 4060 eﬂ'ecta,
2238 3993 2311 4048 ad
2335 4007 2509 4048 suum
2543 3992 2854 4062 purissima
2891 3993 3080 4049 evolat
3117 3994 3510 4062 Conditorem;
3555 4007 3683 4048 eam

1982 4083 2136 4138 enim
2187 4095 2363 4152 quam
2409 4090 2682 4137 aeternam
2736 4082 2924 4136 Deitas
2971 4090 3026 4138 et
3089 4082 3482 4151 incorpoream
3534 4082 3683 4148 fecit,

1985 4186 2100 4227 non
2130 4179 2212 4227 est
2244 4170 2525 4226 immerito
2553 4170 2706 4241 quod
2733 4185 2860 4225 eam
2890 4185 2995 4226 sua
3036 4171 3262 4241 proprie
3311 4170 3687 4226 similitudine

1987 4259 2320 4331 insignitam
2381 4259 2647 4314 dixerim.
2721 4259 2850 4315 Vim
2900 4259 3078 4330 igitur
3132 4272 3251 4314 suae
3308 4257 3546 4313 rationis
3612 4258 3684 4314 ad

1985 4349 2192 4405 animze
2254 4355 2525 4404 naturam
2589 4362 2748 4404 mens
2800 4363 3050 4419 quaeque
3097 4347 3395 4404 munditiae
3462 4347 3681 4403 intenta

1985 4437 2283 4504 convertit,
2318 4443 2393 4504 et,
2425 4436 2566 4491 dum
2591 4436 2699 4492 sibi
2739 4437 2798 4491 in
2831 4451 2891 4492 se
2933 4437 3056 4506 ipsa
3086 4435 3384 4505 exemplar
3423 4435 3684 4505 proposi-

1986 4533 2106 4583 tum
2136 4526 2412 4597 agnoscit,
2440 4533 2495 4580 et
2524 4539 2582 4581 se
2610 4523 2670 4580 in
2702 4525 2948 4592 duobus,
2983 4525 3162 4581 altero
3192 4524 3428 4596 quidem
3480 4524 3680 4579 intimo

1983 4621 2039 4671 et
2084 4613 2558 4683 corruptibilibus
2598 4613 2896 4684 indigenti,
2946 4614 3125 4668 altero
3175 4611 3465 4683 spirituali
3507 4619 3562 4667 et
3609 4611 3684 4667 ad

1983 4711 2198 4760 eterna
2232 4702 2464 4759 tendere
2502 4701 2750 4770 debenti,
2783 4711 3045 4758 constare
3093 4701 3356 4767 attendit,
3407 4708 3589 4756 totum
3623 4714 3681 4755 se

1983 4792 2204 4848 meliori
2254 4791 2404 4861 parti
2445 4790 2684 4858 confert,
2738 4798 2793 4846 et
2831 4790 2902 4846 ad
2958 4804 3086 4846 eam
3129 4789 3225 4845 cui
3263 4789 3448 4859 magis
3500 4787 3685 4858 gloria

1981 4879 2542 4951 incorruptibilitatis
2611 4879 2875 4948 pertinet,
2953 4892 3132 4949 quam
3191 4877 3354 4934 nulla
3427 4875 3683 4946 corporei

1984 4971 2184 5027 ﬂuxus
2213 4969 2493 5041 fragilitas
2523 4969 2759 5036 obsidet,
2795 4968 3104 5038 imperium
3137 4967 3228 5024 sui
3264 4965 3440 5023 totius
3469 4967 3684 5035 optime

1982 5059 2354 5116 discernendo
2416 5061 2706 5114 transfert.
2760 5057 2970 5113 Anima
3034 5070 3237 5126 nempe
3309 5054 3421 5111 nisi
3487 5054 3681 5110 carnis

1983 5149 2217 5205 mollitie
2276 5148 2584 5215 laberetur,
2648 5155 2703 5202 et
2767 5155 2934 5202 extra
2987 5160 3198 5216 corpus
3271 5157 3498 5215 semper
3562 5158 3684 5200 esse

1983 5239 2194 5305 liceret,
2230 5237 2287 5292 in
2321 5253 2438 5307 quo
2467 5237 2540 5291 ab
2589 5235 2810 5306 angelis
2839 5235 3117 5291 distaret?
3161 5233 3309 5297 Quid
3346 5246 3414 5289 ea
3459 5231 3680 5302 parius,

1985 5327 2126 5398 quid
2178 5325 2460 5396 integrius
2506 5332 2649 5380 esset
2695 5325 3016 5380 secundum
3065 5322 3374 5394 quemdam
3441 5321 3678 5377 modum

1985 5430 2100 5471 non
2147 5415 2332 5471 video.
2364 5415 2445 5470 Ad
2490 5414 2598 5468 hoc
2643 5429 2780 5485 ergo
2826 5428 2998 5468 suum
3029 5411 3402 5480 corruptibile
3433 5411 3684 5480 quisque

1985 5505 2116 5575 pius
2147 5504 2406 5569 inclinat,
2445 5511 2508 5558 ut
2539 5503 2702 5572 quasi
2737 5502 2871 5557 duci
2907 5500 3305 5572 perspicaciori
3359 5499 3685 5568 meliusque

1986 5602 2214 5649 sensato
2245 5591 2668 5661 incorruptibili
2700 5606 2826 5658 suo,
2857 5591 2965 5645 hoc
2992 5597 3076 5645 est
3107 5586 3336 5658 spiritui
3368 5585 3684 5657 regendum

1985 5682 2270 5754 subjiciat.
2330 5683 2499 5738 liccta
2554 5682 2748 5751 itaque
2800 5677 3252 5738 consideratione
3294 5676 3364 5732 ad
3417 5673 3686 5730 imitatio-
