3936 6438
298 375 400 427 591

1186 374 1249 428 ν.
1289 374 1377 430 Gl)
1394 375 1632 432 IBERTI
1674 377 1965 433 ABBATIS
2002 376 2060 432 S.
2113 378 2354 434 HARLE
2394 379 2484 436 DE
2524 378 2920 436 NOVICENTO

3695 383 3795 436 592

296 523 428 565 nem
472 507 564 565 sui
609 509 924 579 superioris
961 523 1096 565 caro
1149 511 1460 577 contendit,
1504 511 1644 582 quia
1680 512 1820 568 dum
1873 512 1994 568 for-
2030 516 2079 568 A
2175 514 2290 570 Nec
2319 513 2375 570 id
2409 513 2644 586 injuria,
2700 515 2878 571 fateor
2915 514 3066 571 enim
3115 529 3207 571 me
3262 514 3606 588 plerumque
3668 518 3799 573 alio-

296 600 446 654 sitan
493 598 919 665 excellentiora,
975 613 1078 653 seu
1152 599 1419 665 caelestia,
1477 608 1664 655 mente
1693 601 1703 666 ι
1731 600 1990 656 contueri

295 701 412 742 non
442 693 529 742 est
561 687 826 757 possibile
865 687 1018 742 intra
1065 687 1315 756 seipsum
1349 688 1517 744 homo
1545 703 1616 744 ex
1668 689 1767 744 Dei
1797 703 1990 758 opere,

295 776 398 847 qui
430 776 669 846 provide
719 785 900 834 totum
941 777 1089 846 fecit,
1139 779 1530 849 prascriptam
1561 787 1615 834 et
1665 780 1988 849 proximam

292 865 527 921 omnino
574 865 828 922 inveniat
885 867 1148 935 formam,
1201 867 1304 924 ubi
1357 867 1498 937 quid
1547 867 1840 937 agendum
1895 869 1986 935 sit,

293 953 527 1024 relegat,
567 961 622 1009 et
652 955 816 1024 quasi
847 957 920 1012 ad
955 957 1286 1028 applicitam
1325 969 1592 1012 normam
1640 955 1987 1026 pravitatem

293 1055 414 1098 sua
445 1041 656 1112 dirigat
685 1044 940 1101 actionis.
1143 1103 1155 1115 ,

361 1129 450 1186 Ad
481 1138 827 1199 postremum
863 1133 1112 1205 denique
1143 1133 1294 1191 valct
1320 1133 1554 1190 virtutis
1577 1133 1754 1204 hujus
1785 1133 1984 1205 gloria

291 1218 777 1284 commendanda,
812 1222 966 1292 quod
990 1236 1117 1278 eam
1144 1222 1238 1278 cui
1267 1221 1613 1277 redimenda
1644 1235 1816 1278 suum
1863 1236 1989 1292 pre-

290 1308 502 1365 tiosum
533 1307 813 1379 impendit
856 1323 1140 1377 cruorem,
1189 1317 1448 1366 sanctam
1493 1309 1755 1366 videlicet
1798 1310 1986 1366 Eccle-

289 1397 454 1467 siam,
516 1397 802 1469 virginem
850 1397 1139 1467 appellare
1188 1398 1340 1453 Deus
1369 1397 1788 1468 gratiosissima
1837 1412 1984 1468 qua-

288 1486 422 1542 dam
475 1485 848 1543 delectatione
885 1491 1203 1541 consuevit.
1253 1485 1321 1540 In
1351 1498 1470 1554 quo
1512 1485 1686 1540 etiam
1729 1485 1984 1556 perluci-

287 1574 428 1630 dum
457 1583 540 1631 est
588 1574 645 1630 in
685 1573 977 1644 pudicitia
1023 1573 1394 1629 observantia
1422 1572 1566 1628 miro
1597 1574 1762 1629 modo
1793 1573 1982 1643 ipsum

287 1663 572 1731 delectari,
653 1677 788 1719 cum
842 1663 1141 1732 proprium
1226 1662 1380 1718 istud
1453 1662 1574 1718 suis
1639 1662 1984 1732 generaliter

287 1752 552 1809 ﬁdelibus
582 1765 790 1808 nomen
829 1751 993 1807 toties
1033 1750 1210 1806 soleat
1251 1757 1535 1820 coaptare.
1587 1751 1752 1806 Hunc
1801 1751 1978 1821 virgi-

287 1855 416 1896 nem
444 1841 646 1896 beatus
677 1838 979 1910 Apostolus
1009 1837 1086 1894 illi
1119 1838 1220 1894 uni
1261 1839 1406 1906 viro,
1439 1839 1541 1910 qui
1571 1839 1728 1895 solus
1760 1841 1983 1896 cunctis

284 1928 554 1996 sufﬂciat,
589 1936 806 1984 castam
829 1927 1156 1984 exhibendo
1187 1926 1568 1997 desponderat
1600 1929 1692 1997 (II
1713 1929 1852 1984 Cor.
1897 1943 1977 1992 xi,

285 2017 362 2088 2).
410 2015 632 2084 Quibus
676 2016 948 2073 omnibus
995 2015 1098 2072 etsi
1131 2029 1247 2071 non
1297 2018 1504 2072 inesset
1546 2016 1799 2072 carnalis
1843 2016 1983 2073 inte-

285 2105 484 2177 gritas,
513 2114 708 2162 tamen
735 2105 968 2162 illibata
996 2103 1408 2161 inviolabilitas
1455 2112 1512 2162 et
1553 2104 1808 2161 soliditas
1849 2104 1980 2162 fidei

282 2208 400 2250 non
431 2195 664 2250 deesset.

355 2283 488 2338 Hac
544 2283 723 2354 igitur
767 2282 955 2338 virtus
977 2280 1448 2352 aggredientibus
1480 2295 1558 2348 se,
1611 2280 1695 2336 uti
1721 2279 1982 2336 ineffabi-

282 2372 396 2428 lius
465 2385 609 2440 pene
689 2370 906 2426 cateris
988 2368 1289 2440 pramium
1372 2375 1555 2438 parat,
1616 2369 1694 2425 ita
1759 2368 1980 2439 absque

280 2459 612 2516 cautissima
661 2457 978 2530 diligentia,
1029 2465 1086 2514 et
1149 2457 1241 2514 sui
1302 2457 1483 2528 ipsius
1526 2457 1813 2513 irremissa
1867 2457 1979 2514 cir-

281 2547 724 2618 cumspectione,
759 2546 862 2602 vix
895 2552 996 2602 aut
1023 2559 1328 2616 nunquam
1369 2545 1674 2602 incolumis
1703 2546 1774 2601 ad
1810 2546 1977 2602 iidem

283 2650 465 2706 usque
495 2635 808 2705 perdurat;
837 2648 954 2704 quo
995 2633 1150 2690 enim
1178 2632 1610 2703 pulchritudine
1655 2634 1974 2704 gloriosior,

277 2739 345 2779 eo
396 2737 534 2794 erga
580 2736 752 2778 curas
803 2721 1038 2778 inutiles
1093 2721 1428 2778 subeundas
1477 2722 1742 2789 tenerior,
1798 2730 1853 2778 et
1903 2723 1976 2778 ad

277 2811 411 2868 vitri
443 2810 780 2882 qualitatem
829 2817 1116 2881 quantum
1154 2810 1472 2880 perspicua,
1517 2818 1743 2866 tantum
1789 2811 1976 2867 omnis

277 2901 548 2956 molestia
595 2899 900 2970 impatiens
944 2897 1318 2954 debilitationi
1363 2898 1656 2970 contigua.
1702 2899 1809 2956 Sed
1851 2901 1973 2972 jam

277 2989 347 3044 ad
373 3003 498 3045 eam
531 2987 756 3058 plenius
781 2987 1182 3058 explicandam
1217 3001 1439 3043 eamus.

913 3075 1148 3133 CAPUT
1186 3075 1335 3130 VIII.

341 3163 551 3232 Quibus
578 3164 783 3222 medii:
809 3163 958 3222 tueri
981 3163 1183 3219 debeat
1227 3161 1518 3218 castitatis
1554 3162 1736 3217 virtus
1778 3165 1830 3216 l.
1859 3161 1968 3217 Itu-

267 3243 538 3320 militate,
596 3256 649 3307 2.
706 3251 1088 3310 submissione
1149 3251 1350 3320 animi,
1399 3254 1451 3307 3.
1511 3251 1964 3317 mansuetudine,

267 3344 320 3398 4.
343 3341 790 3414 compunctione,
821 3345 874 3396 5.
903 3339 1210 3414 patientia.
1245 3371 1313 3382 --
1342 3342 1554 3396 Parum
1583 3339 1764 3410 igitur
1802 3348 1883 3396 tot
1911 3347 1967 3396 et

267 3439 560 3489 tantorum
589 3444 736 3502 quas
768 3429 1146 3501 pradiximus
1166 3429 1688 3484 considerationnm
1711 3429 1966 3485 animata

265 3520 579 3587 sententiis,
632 3518 803 3589 quasi
858 3517 1165 3574 levissimis
1229 3517 1446 3588 agitata
1511 3517 1732 3586 pennis,
1803 3531 1966 3573 mens

263 3607 572 3677 cujuslibet
597 3607 670 3661 ad
697 3619 952 3661 amorem
985 3603 1248 3674 pervenit
1293 3603 1578 3674 puritatis.
1629 3603 1734 3660 Sed
1769 3612 1964 3661 tantus

263 3709 426 3750 amor
453 3697 626 3750 natus
658 3706 778 3764 qua
819 3693 1045 3750 nutrice
1084 3691 1260 3748 foveri
1301 3692 1523 3760 debeat,
1563 3707 1678 3749 non
1725 3700 1963 3764 prater-

262 3782 346 3839 ire
369 3782 751 3838 decrevimus.

333 3871 477 3926 Cum
535 3869 722 3926 omnis
778 3869 982 3937 virtus,
1041 3869 1088 3925 si
1155 3868 1274 3926 sola
1340 3868 1683 3926 humilitatis
1745 3869 1960 3926 virtute

260 3968 470 4027 careat,
533 3960 718 4016 virtus
775 3973 896 4016 esse
947 3973 1063 4014 non
1117 3958 1310 4028 possit,
1363 3958 1513 4014 hanc
1559 3958 1960 4014 incunctanter

259 4047 509 4118 proﬁteri
540 4047 783 4103 audeam
817 4045 1036 4116 absque
1068 4045 1166 4100 illa
1197 4046 1253 4100 in
1287 4044 1445 4100 nullo
1495 4044 1722 4114 penitus
1764 4043 1956 4101 valere

257 4147 440 4202 posse.
475 4134 596 4190 Etsi
625 4133 970 4204 aliquandiu
1015 4141 1226 4189 statum
1257 4133 1480 4189 'habere
1507 4132 1794 4200 videatur,
1851 4140 1957 4189 sta-

257 4230 381 4278 tum
432 4223 670 4278 omnino
718 4236 834 4278 non
889 4229 972 4276 est
1030 4220 1242 4276 habere
1282 4220 1584 4288 credenda,
1647 4235 1779 4290 qua
1828 4221 1949 4292 jam

256 4309 570 4379 impulsum
631 4309 917 4378 superbia
983 4315 1278 4380 gratanter
1343 4309 1579 4378 accepit,
1647 4323 1718 4364 ex
1781 4308 1951 4380 cujus

2100 616 2233 658 rum
2281 603 2604 659 inordinate
2649 603 2866 658 levitati
2913 610 3087 659 tanta
3125 604 3454 661 acerbitatis
3491 619 3582 661 me
3635 605 3799 662 inve—

2097 691 2248 746 xisse
2276 690 2584 760 judicium,
2616 706 2752 746 cum
2781 706 2886 762 ego
2929 692 3046 761 ipse
3089 691 3272 761 judex
3296 693 3516 758 eadem,
3562 702 3626 750 ut
3663 702 3798 764 puto

2098 778 2284 848 pejus,
2315 779 2574 849 passione
2600 793 2864 846 vexarer,
2896 787 2960 835 ut
2989 793 3105 835 non
3137 779 3395 835 humana
3428 780 3568 836 mihi
3597 795 3796 838 eorum

2095 867 2392 923 videretur
2457 867 2712 935 tentatio,
2792 881 2897 923 nec
2963 867 3215 924 modeste
3279 869 3640 940 corrigenda,
3700 870 3796 924 sed

2095 955 2289 1026 impie,
2325 963 2380 1011 et
2407 970 2502 1012 eos
2549 969 2639 1012 me
2675 956 2850 1011 etiam
2889 955 3084 1012 videre
3129 955 3378 1012 taderet.
3410 959 3482 1013 At
3509 971 3644 1014 cum
3695 957 3794 1012 Dei

2094 1044 2282 1115 gratia
2324 1059 2437 1100 non
2468 1045 2625 1100 omni
2669 1044 2837 1100 modo
2866 1059 3053 1100 cacus
3105 1058 3232 1100 meo
3284 1045 3606 1115 impudenti
3644 1045 3794 1116 cogi-

2091 1133 2239 1188 tatui
2266 1132 2633 1203 objectarem,
2683 1132 2842 1202 quod
2887 1133 3096 1188 cadem
3149 1132 3450 1204 illecebra,
3497 1132 3612 1188 imo
3656 1146 3790 1203 per-

2092 1233 2271 1290 quam
2303 1220 2668 1287 molestiores,
2720 1220 2922 1276 crebro
2974 1234 3169 1276 meum
3216 1220 3479 1276 animum
3522 1219 3789 1276 incursa-

2093 1314 2254 1372 rent;
2285 1307 2437 1363 unde
2484 1306 2601 1362 zelo
2647 1306 2991 1363 curiositatis
3035 1305 3224 1377 potius
3269 1321 3447 1378 quam
3492 1307 3792 1362 charitatis

2092 1392 2234 1448 alios
2273 1393 2661 1460 abhorrerem,
2711 1393 2810 1449 vix
2859 1394 3043 1450 multa
3093 1393 3271 1460 lucta,
3335 1395 3520 1451 multa
3573 1396 3790 1466 cogita-

2091 1488 2259 1538 tuum
2313 1481 2610 1549 rotatione,
2663 1483 2878 1552 quibus
2919 1497 3007 1537 me
3037 1481 3177 1538 mihi
3209 1483 3623 1550 excusabilem,
3657 1483 3786 1540 illos

2091 1569 2482 1638 aspernandos
2529 1569 2730 1627 merito
2787 1569 3185 1639 ostendebam,
3247 1571 3416 1642 quasi
3475 1571 3545 1627 de
3597 1585 3791 1628 crassa

2089 1657 2334 1728 caligine
2359 1665 2580 1725 erutus,
2613 1658 2685 1714 ad
2725 1658 2962 1714 rationis
2989 1659 3217 1715 radium
3265 1658 3577 1716 scintillare
3629 1667 3786 1730 pote-

2091 1757 2236 1799 ram.
2286 1745 2384 1801 Est
2428 1745 2582 1801 enim
2633 1746 2839 1802 vitium
2893 1746 3165 1802 humanis
3203 1747 3476 1803 altissime
3529 1747 3788 1804 moribus

2020 1807 2062 1862 Β
2091 1832 2350 1901 insitum,
2381 1841 2445 1890 ut
2472 1848 2580 1890 sua
2623 1839 2772 1889 ass
2823 1835 3072 1906 quisque
3117 1844 3310 1892 errata
3358 1836 3585 1907 proprio
3629 1838 3787 1908 apud

2089 1935 2148 1976 se
2197 1922 2416 1992 judicio
2480 1921 2708 2000 leviget,
2769 1923 2828 1978 in
2883 1923 3093 1980 alteros
3141 1925 3317 1981 etiam
3369 1939 3474 1996 pro
3529 1925 3785 1982 minimis

2087 2009 2399 2080 asperrime
2428 2009 2757 2066 invehatur.
3490 2059 3510 2068 ,

2159 2099 2306 2155 Huic
2334 2112 2471 2170 ergo
2512 2099 2711 2155 morbo
2755 2105 2952 2156 nostra
3002 2099 3126 2157 hac
3152 2099 3464 2170 sapissime
3493 2108 3548 2158 et
3578 2102 3789 2173 specia-

2089 2184 2218 2241 liter
2270 2185 2460 2241 virtus
2518 2185 2790 2255 contigua
2833 2200 2952 2241 esse
3002 2185 3380 2258 dignoscitur,
3441 2188 3580 2258 quia
3637 2189 3780 2245 dum

2089 2273 2414 2330 liberiorem
2443 2274 2550 2330 hac
2575 2275 2654 2343 ,in
2685 2281 2845 2344 parte
2891 2288 2951 2330 se
2979 2275 3274 2345 conspicit,
3305 2290 3370 2332 eo
3399 2277 3787 2334 miserabilius

2085 2362 2368 2434 obligatos
2395 2376 2612 2429 omnes,
2653 2361 2713 2417 in
2743 2362 2959 2434 quibus
2998 2364 3452 2434 intemperantia
3480 2366 3781 2436 quidpiam

2087 2456 2436 2520 aucupatur,
2504 2450 2712 2506 suimet
2778 2451 3004 2520 penitus
3059 2451 3401 2522 improvida,
3451 2453 3668 2524 credit;
3729 2463 3785 2512 et

2085 2539 2224 2594 dum
2256 2551 2550 2608 perversos
2572 2539 2962 2608 quorumlibet
3000 2547 3103 2596 aut
3151 2539 3332 2608 audit,
3375 2549 3476 2598 aut
3517 2543 3784 2598 conside-

2086 2633 2176 2680 rat
2204 2633 2388 2694 actus,
2433 2625 2572 2681 solet
2611 2625 2732 2681 fieri
2780 2633 2846 2682 ut
2875 2627 2948 2683 ad
2999 2642 3132 2684 suos
3181 2628 3457 2699 impuros,
3506 2630 3610 2701 qui
3640 2632 3782 2687 forte

2085 2713 2193 2768 sibi
2225 2727 2340 2770 non
2367 2713 2594 2781 desunt,
2641 2714 2848 2770 mentis
2886 2716 3067 2771 aciem
3108 2715 3360 2774 reﬂectat
3387 2717 3692 2789 cogitatus,
3725 2727 3780 2775 et

2081 2801 2142 2857 in
2167 2803 2420 2872 quadam
2453 2801 2642 2858 aliena
2690 2803 2861 2872 facta,
2908 2811 2965 2860 et
3010 2819 3079 2860 ea
3104 2819 3235 2876 qua
3285 2806 3516 2877 cogitat,
3561 2809 3779 2864 trutina

2079 2891 2403 2960 ponderans
2431 2899 2549 2948 tam
2581 2891 2728 2948 levia
2749 2906 2858 2948 sua
2887 2892 3153 2959 aestimat,
3188 2894 3247 2948 in
3273 2901 3496 2951 tantum
3527 2895 3776 2952 aliorum

2081 2989 2305 3054 gravat,
2340 2989 2403 3040 ut
2429 2983 2668 3054 largiter
2695 2998 2764 3039 ea
2790 2998 2922 3054 qua
2953 2986 3102 3042 Volet
3151 2987 3439 3058 cogitandi
3472 2988 3775 3060 indulgen-

2008 3071 2240 3161 ctiam,
2295 3071 2462 3142 quasi
2521 3071 2611 3128 sui
2652 3071 2774 3142 jam
2831 3087 3074 3130 securus
3127 3074 3236 3130 sibi
3292 3076 3562 3145 prabeat,
3613 3092 3681 3133 ac
3726 3079 3773 3134 si

2077 3158 2332 3216 diceret:
2380 3159 2523 3217 Cum
2571 3158 2673 3227 illi,
2729 3168 2784 3216 et
2833 3160 2914 3216 illi
2963 3161 3023 3217 in
3071 3176 3313 3219 suorum
3346 3178 3406 3220 se
3457 3166 3771 3222 criminum

2075 3263 2300 3319 semper
2323 3249 2546 3306 actione
2592 3250 2914 3316 revolvant,
2948 3250 3274 3309 humanum
3305 3253 3468 3310 valde
3507 3255 3770 3311 omnino-

2075 3351 2232 3408 que;
2276 3337 2645 3407 perdonabile
2682 3347 2786 3406 est,
2843 3340 2892 3394 si
2934 3341 3168 3411 quando
3219 3355 3343 3398 mea
3392 3356 3553 3398 mens
3603 3345 3658 3400 in
3712 3345 3770 3400 id

2073 3425 2434 3495 cogitationis
2463 3427 2631 3498 quasi
2658 3426 3082 3484 deambulando
3109 3431 3367 3498 excedat,
3415 3429 3476 3486 in
3516 3447 3634 3502 quo
3663 3440 3772 3490 etsn

2071 3513 2303 3570 animus
2347 3514 2655 3585 paulisper,
2707 3524 2771 3573 ut
2815 3515 2956 3573 solet
3007 3517 3148 3586 ﬂeri,
3181 3517 3414 3586 incidat,
3461 3534 3771 3592 nunquam

2073 3611 2264 3660 tamen
2293 3604 2366 3659 ad
2411 3605 2603 3660 carnis
2648 3612 2894 3675 motum,
2948 3620 3064 3662 non
3107 3607 3234 3664 dico
3281 3607 3355 3664 ad
3407 3623 3572 3680 opus,
3606 3613 3765 3682 quod

2071 3692 2327 3748 accidere
2359 3692 2521 3750 nulla
2549 3701 2672 3750 arte
2696 3701 2902 3764 posset,
2934 3695 3186 3752 accedat.

2139 3779 2376 3836 Talibus
2443 3780 2730 3837 cuniculis
2797 3781 2973 3838 libido
3030 3783 3104 3839 ad
3166 3798 3365 3842 muros
3424 3787 3770 3846 continentis

2068 3867 2256 3922 cordis
2285 3866 2499 3937 irrepit.
2534 3868 2624 3923 Sic
2653 3868 2899 3938 curioso,
2950 3877 3006 3926 et
3053 3870 3290 3928 alterius
3332 3873 3644 3945 plusquam
3672 3876 3764 3932 sul

2063 3955 2322 4012 studiosa
2354 3970 2516 4012 mens
2561 3957 2635 4012 ad
2677 3958 2984 4014 remissum
3016 3959 3152 4016 vita
3189 3961 3474 4032 ordinem,
3523 3963 3636 4020 imo
3685 3965 3759 4020 ad

2061 4052 2334 4101 extrema
2376 4045 2648 4115 perniciei
2700 4047 2928 4117 lapsum
2972 4051 3200 4118 cogitur
3247 4050 3388 4106 labi.
3449 4051 3756 4110 Humiliter

2061 4146 2200 4204 ergo
2255 4133 2574 4206 unicuique
2631 4135 2702 4192 de
2765 4151 2823 4192 se
2874 4137 3259 4194 sentiendum.
3327 4139 3758 4198 Mansuetudini

2064 4221 2354 4290 pracipue
2383 4222 2641 4279 studium
2687 4224 3107 4282 adhibendum.
3135 4229 3345 4298 Inepta
3383 4227 3593 4284 latitia
3619 4244 3750 4300 par-

2058 4309 2327 4377 cendnm,
2351 4309 2452 4366 ira
2481 4312 2537 4366 in
2569 4313 2706 4382 ipsis
2754 4313 2933 4370 initiis
2985 4314 3154 4370 limen
3199 4324 3283 4371 est
3311 4316 3751 4374 obsfruenduin.

253 4411 428 4467 pana
480 4397 694 4467 peccati
735 4396 1139 4453 obscenissime
1186 4404 1319 4453 ruat
1351 4413 1365 4452 :
1446 4397 1504 4452 in
1560 4404 1746 4453 mente
1807 4411 1947 4479 sane
1985 4402 2029 4457 D
2062 4397 2220 4468 Sape
2248 4413 2468 4469 nempe,
2499 4407 2554 4456 et
2596 4400 2644 4456 si
2677 4415 2969 4472 nusquam
3017 4402 3322 4474 legeretur,
3355 4406 3617 4475 experire
3647 4423 3752 4464 nos

251 4499 452 4540 eorum
483 4499 552 4541 ea
594 4484 908 4555 voluptatis
943 4485 1299 4555 experientia
1347 4485 1637 4556 incognita
1664 4492 1768 4552 est,
1803 4486 1942 4542 dum

249 4572 496 4628 aliorum
527 4571 742 4643 lapsus,
797 4572 1134 4644 fragilisque
1169 4572 1380 4642 sapius
1412 4572 1692 4629 inutiliter
1739 4580 1945 4630 tracta-

247 4668 345 4716 tur
397 4661 538 4730 vita,
595 4661 736 4718 dum
794 4660 974 4717 auditi
1042 4660 1439 4731 quorumlibet
1497 4669 1696 4730 turpes
1751 4668 1938 4730 actus,

247 4749 414 4820 quasi
469 4749 765 4806 horrorem
817 4749 1034 4806 mundo
1084 4748 1242 4804 cordi
1296 4748 1607 4816 incutiunt,
1661 4755 1718 4805 et
1782 4749 1942 4806 velut

243 4851 436 4894 amore
461 4837 729 4908 puritatis
756 4837 874 4894 zelo
903 4837 1177 4908 quodam,
1207 4851 1380 4907 quem
1399 4835 1679 4906 optimum
1710 4844 1936 4907 putant,

241 4941 374 4982 cum
397 4926 561 4982 factis
600 4926 816 4983 talibus
874 4925 1116 4982 factores
1171 4937 1406 4996 quoque
1460 4931 1839 4982 exsecrantur
1884 4934 1940 4982 et

240 5015 503 5084 abigunt.
554 5014 769 5070 Inﬁniti
817 5015 1060 5070 tumoris
1119 5013 1330 5070 fastum
1389 5012 1744 5082 concipiunt,
1796 5013 1935 5068 dum

237 5117 404 5158 suam
448 5102 888 5158 sanctimoniam
928 5116 1002 5158 ex
1049 5101 1280 5158 illorum
1313 5101 1599 5172 ﬂagitiosa
1633 5115 1937 5157 conversa-

236 5191 388 5246 tione
433 5189 763 5246 sustollnnt.
815 5190 930 5246 Nec
977 5203 1140 5245 mora
1181 5189 1230 5244 ei
1275 5203 1456 5258 quam
1493 5187 1938 5244 contemnebant

235 5280 423 5336 ruina
475 5278 886 5335 succumbunt.
953 5277 1069 5333 Nec
1114 5290 1323 5346 pravos
1358 5283 1520 5332 artus
1565 5290 1681 5332 non
1729 5275 1934 5332 debere

233 5367 424 5440 sperni
457 5367 744 5424 dicimus:
777 5366 874 5422 sed
911 5366 992 5422 sic
1041 5379 1296 5436 persona
1327 5365 1474 5420 male
1516 5372 1696 5436 gesta,
1745 5379 1816 5420 ne
1859 5365 1932 5421 ad

229 5471 432 5515 eorum
463 5456 766 5512 trahamnr
797 5454 1188 5522 imitationem,
1227 5453 1538 5511 liberaliter
1585 5452 1882 5523 aspernari
1910 5468 1928 5524 ;

120 5535 131 5542 ’
232 5553 296 5603 ut
349 5558 652 5616 personam
694 5557 811 5598 non
855 5541 1020 5598 liceat
1073 5556 1173 5612 pro
1225 5542 1547 5612 quantitate
1607 5539 1928 5598 facinorum

228 5635 549 5704 desperare,
585 5631 672 5689 vel
705 5631 1010 5688 contemni.

2052 4487 2112 4541 in
2140 4488 2349 4544 nostris
2398 4488 2657 4544 moribus
2695 4491 2952 4562 contigit,
3008 4493 3415 4562 gravissimum
3465 4496 3750 4565 superbia

2054 4580 2332 4630 tumorem
2365 4575 2425 4630 in
2474 4575 2728 4632 luxuria
2771 4578 3160 4636 detuniescere
3209 4581 3388 4637 solere
3430 4583 3746 4640 mollitiem.

2049 4661 2160 4730 Ipsi
2205 4662 2400 4718 itidem
2446 4663 2584 4720 vitio
2637 4664 2867 4722 inanem
2914 4681 3030 4722 non
3077 4668 3270 4724 minus
3318 4669 3589 4730 famulari
3618 4671 3750 4728 lati-

2047 4751 2222 4819 tiam;
2285 4751 2384 4806 ira
2435 4766 2689 4822 quoque,
2737 4760 2800 4810 ut
2846 4753 3050 4810 beatus
3091 4756 3456 4827 Augustinus
3501 4760 3743 4816 sensisse

2049 4835 2281 4906 legitur,
2319 4838 2421 4906 qui
2456 4839 2771 4907 primordia
2809 4855 2925 4897 non
2959 4842 3210 4912 subruit,
3245 4844 3497 4902 luxuria
3518 4849 3746 4918 pondus

2045 4925 2358 4996 aliquando
2389 4939 2506 4982 non
2526 4927 2758 4984 sufticit.

2113 5014 2273 5070 Istud
2305 5021 2390 5070 est
2419 5014 2588 5071 lilum
2643 5017 3045 5090 convallium;
3098 5020 3202 5078 iste
3235 5020 3338 5078 ﬂos
3384 5025 3590 5094 campi,
3641 5027 3746 5097 qui

2043 5101 2171 5158 licet
2217 5103 2574 5172 pramlserit,
2634 5104 2738 5161 ﬂos
2799 5108 3009 5177 campi,
3077 5115 3270 5166 tamen
3337 5127 3452 5168 non
3501 5114 3606 5170 abs
3679 5131 3743 5173 re

2041 5190 2366 5258 subintulit,
2417 5190 2602 5248 lilium
2631 5195 2982 5252 convallium
3009 5197 3195 5267 (Cant.
3225 5215 3285 5268 ιι,
3323 5201 3392 5272 l),
3426 5216 3498 5258 ne
3543 5203 3740 5262 ﬂorem

2039 5279 2297 5336 absolute
2347 5281 2608 5349 dicendo,
2671 5283 2894 5354 aliquos
2947 5285 3180 5344 inutiles
3233 5297 3288 5346 et
3327 5291 3618 5360 pulchros,
3673 5303 3738 5352 ut

2039 5375 2178 5424 sunt
2233 5369 2510 5426 malvatei
2565 5379 2620 5426 et
2680 5372 3003 5441 carduales,
3075 5375 3245 5432 vellet
3302 5379 3562 5452 intelligi.
3631 5383 3736 5438 Ad-

2037 5454 2179 5511 didit
2229 5455 2607 5526 convallium,
2666 5466 2728 5515 ut
2797 5460 3046 5516 candore
3113 5470 3170 5518 et
3246 5465 3421 5522 odore
3467 5475 3732 5525 nectarco

2035 5541 2316 5612 optimum
2349 5543 2649 5614 quidpiam
2695 5547 3042 5620 designaret.
3075 5549 3355 5622 Campum
3387 5568 3512 5610 meo
3538 5557 3737 5613 sensui

2031 5631 2290 5687 occurrit
2337 5645 2502 5702 posse
2557 5633 2741 5705 accipi
2793 5636 3157 5696 tolerantiam
3218 5643 3570 5712 corporalem
3629 5646 3759 5718 ubi,
