3936 6406
167 387 273 440 593

1395 383 1813 441 OPUSCULUM
1854 384 1946 440 DE
1990 383 2466 440 VIRCINITATE.

3595 385 3698 438 594

165 520 310 576 dum
356 519 532 574 homo
559 516 808 573 exterior
836 517 1251 573 adversitatum
1300 517 1623 588 frequentia
1671 518 1872 574 tundi-
1910 521 1957 572 A
1988 525 2172 574 tacere
2207 518 2560 588 prwvalebit,
2597 518 2697 588 qui
2731 533 2803 573 ne
2833 519 2906 574 ab
2937 518 3167 573 homine
3220 517 3475 587 quidem,
3519 532 3692 586 quem

164 616 286 673 tur,
323 608 492 677 quasi
545 621 684 676 ager
712 605 948 677 quidam
1005 606 1315 662 Dominicis
1363 607 1715 662 sementibus
1771 621 1879 676 ap-

166 704 435 766 paratus,
492 695 686 750 ﬂorem
730 693 1018 764 pudicitiae
1059 694 1200 749 mire
1245 695 1590 750 redolentem
1641 695 1879 750 uberius

166 786 342 855 parit.
379 784 571 839 Solent
604 783 847 853 profecto
885 791 940 838 et
975 783 1247 852 pleraque
1292 783 1558 854 gramina
1609 783 1878 851 ﬂorigera

166 872 299 928 coli.
358 873 538 927 Porro
588 871 770 926 lilium
825 870 880 924 in
921 870 1298 936 convallibus,
1339 871 1389 924 id
1422 878 1505 924 est
1556 870 1612 925 in
1662 869 1879 925 intimis

167 961 536 1016 conscientiae
570 960 857 1028 nascitur;
893 958 1056 1014 nulla
1101 959 1253 1014 enim
1285 967 1368 1014 est
1399 958 1589 1014 carnis
1643 959 1876 1029 integri-

167 1057 283 1116 tas,
322 1048 428 1104 nisi
463 1063 534 1103 ex
569 1061 760 1102 amore
793 1047 1028 1117 prodeat
1060 1047 1285 1102 mentis.

249 1141 430 1194 Potest
473 1146 664 1192 autem
728 1151 826 1206 per
881 1137 1077 1191 ﬂorem
1129 1135 1315 1205 campi
1365 1135 1662 1205 designata
1723 1137 1872 1192 credi

167 1227 272 1282 illa
320 1242 451 1297 qua:
499 1227 554 1282 in
614 1225 835 1295 impubi
893 1233 1078 1291 zetate,
1129 1225 1187 1279 in
1248 1224 1504 1294 puerulis
1555 1225 1766 1280 scilicet
1809 1240 1876 1280 ac

165 1315 558 1386 virgunculis,
616 1329 688 1370 ex
748 1314 868 1370 sola
938 1313 1190 1368 naturali
1260 1313 1587 1368 innocentia
1654 1321 1874 1369 constat

167 1404 492 1470 integritas,
527 1403 614 1458 vel
660 1403 848 1474 potius
879 1417 1012 1472 quae
1052 1402 1109 1457 in
1143 1402 1511 1472 quibusdam,
1545 1402 1647 1472 qui
1681 1402 1872 1473 frigidi

164 1502 309 1548 sunt
359 1495 628 1561 corporis,
672 1499 726 1547 et
767 1491 1144 1561 temperantia
1182 1490 1438 1560 ingenita
1488 1491 1577 1546 his
1623 1491 1874 1547 motibus

161 1579 367 1634 minus
415 1587 716 1650 urgentur,
775 1581 983 1649 szepius
1045 1580 1346 1648 reperitur.
1409 1579 1478 1633 Et
1533 1579 1589 1633 hi
1637 1579 1870 1648 quidem

159 1668 292 1722 sine
325 1668 487 1739 gravi
524 1667 799 1723 exercitio
819 1682 1110 1724 summum
1143 1667 1420 1737 quiddam
1461 1667 1767 1736 possident,
1817 1675 1872 1723 et

158 1756 515 1826 plerumque
548 1757 690 1813 bene
733 1757 976 1812 vivendo
1023 1755 1167 1811 alias
1209 1763 1570 1811 exercentur.
1621 1756 1727 1811 Sed
1779 1763 1869 1810 ta-

155 1845 310 1900 lium
339 1845 433 1900 vix
466 1845 776 1916 quisquam
825 1845 1158 1915 perfectioni
1189 1859 1421 1914 operam
1471 1845 1608 1900 dare
1642 1845 1872 1900 inveni-

157 1943 285 2000 tur,
323 1934 476 1990 unde
535 1942 590 1990 et
645 1935 944 2004 spadones,
997 1934 1264 2004 quaedam
1321 1933 1408 1989 sui
1460 1933 1740 1989 securitas
1799 1935 1869 1989 ad

157 2030 420 2090 teporem
481 2021 658 2077 animi
726 2022 1023 2077 deﬂectere
1081 2021 1457 2091 dignoscitur.
1521 2023 1723 2077 Fateor
1782 2037 1870 2078 me

155 2111 489 2181 aliquando
527 2111 734 2166 vidisse
789 2111 935 2166 duos
990 2110 1193 2166 fratres
1240 2109 1462 2181 origine
1542 2124 1866 2182 germanos,

156 2214 418 2269 quorum
451 2199 595 2254 alter
644 2213 776 2254 cum
827 2199 1196 2255 sacerdotalis
1246 2208 1390 2255 esset
1435 2199 1672 2267 ordinis,
1725 2215 1868 2255 con-

149 2288 328 2358 jugio
376 2303 497 2343 sese
549 2288 811 2344 cohibere
863 2302 976 2343 non
1031 2288 1244 2358 potuit:
1303 2289 1446 2344 alter
1494 2288 1674 2344 laicus
1729 2290 1868 2345 adeo

153 2377 392 2447 frigidae
423 2391 480 2432 se
530 2384 751 2432 naturae
784 2377 1080 2446 perhibere
1127 2377 1362 2443 solebat,
1397 2384 1478 2443 ut,
1522 2378 1676 2448 quod
1710 2377 1868 2434 dictu

154 2466 361 2532 miror,
414 2481 472 2521 se
505 2466 732 2536 penitus
764 2473 1042 2521 assereret
1087 2466 1195 2522 hac
1226 2467 1547 2522 titillatione
1589 2467 1864 2523 caruisse.

153 2554 210 2610 Si
257 2569 403 2624 ergo
449 2555 540 2608 ille
597 2554 958 2610 incontinens
1010 2555 1082 2609 ad
1135 2555 1223 2610 sui
1277 2555 1688 2611 continentiam
1737 2564 1866 2611 stu-

152 2641 320 2696 dium
388 2641 700 2709 indidisset,
754 2655 931 2712 quam
999 2640 1198 2696 melior
1253 2641 1346 2698 illo
1417 2643 1624 2714 frigido
1689 2644 1865 2700 exsti-

151 2730 318 2785 tisset
335 2731 366 2784 ?

227 2819 337 2874 Per
380 2817 576 2873 ﬂorem
636 2817 832 2889 itaque
885 2817 1094 2888 campi,
1129 2833 1244 2873 non
1303 2818 1511 2884 lilium,
1564 2827 1630 2876 ut
1687 2834 1865 2890 supra

149 2906 466 2973 sensimus,
523 2906 619 2962 sed
667 2906 1156 2976 qualemcunque,
1221 2907 1436 2963 bonum
1483 2915 1694 2976 tamen,
1755 2909 1864 2964 ista

149 2993 286 3048 talis
315 2993 623 3064 virginitas
652 2994 987 3063 accipiatur.
1037 2993 1138 3050 Cui
1180 2995 1373 3050 sensui
1417 2995 1666 3050 concinit
1706 2997 1861 3066 quod

147 3096 398 3152 campus
467 3089 618 3137 terra
694 3083 909 3138 inculta
976 3083 1276 3138 consuevit
1341 3083 1600 3155 intelligi.
1682 3085 1860 3141 Habet
1900 3098 1940 3153 ί]

149 3171 339 3241 igitur
372 3184 610 3240 campus
660 3170 783 3226 sine
834 3170 1116 3226 laboranti
1149 3185 1329 3227 manu
1383 3172 1600 3240 ﬂorem,
1643 3188 1775 3229 cum
1807 3188 1864 3230 se

148 3260 448 3330 quispiam
483 3260 606 3315 sine
657 3259 963 3315 tentatione
995 3260 1247 3315 exsultat
1305 3260 1612 3331 virginem.
1671 3264 1742 3317 At
1787 3262 1863 3316 Ii-

150 3348 297 3404 lium
360 3348 514 3418 quod
549 3347 631 3402 uti
671 3349 1124 3417 praeseripsimus
1150 3357 1204 3404 et
1253 3349 1749 3418 circumfossione,
1803 3357 1862 3406 et

152 3437 272 3492 fimi
339 3437 694 3492 adhibitione
749 3437 977 3503 colitur,
1039 3444 1094 3492 et
1151 3438 1469 3506 plurimum
1561 3439 1860 3503 exuberat,

151 3526 295 3595 quid
338 3525 449 3580 nisi
484 3525 733 3581 votivam
775 3525 982 3581 animae
1011 3527 1318 3596 carnisque
1356 3527 1696 3596 castitatem,
1731 3543 1860 3598 qua

153 3614 302 3670 bello
347 3628 464 3670 non
497 3613 647 3668 facili
695 3614 1080 3683 conquiritur,
1132 3613 1362 3669 innuit?
1409 3629 1560 3684 quae,
1605 3623 1862 3672 terrenas

150 3701 529 3772 cogitationes
587 3701 774 3771 ligone
837 3701 1078 3756 rationis
1146 3701 1480 3770 discutiens,
1547 3710 1602 3758 et
1661 3704 1862 3772 culpas

152 3790 391 3846 aliunde
423 3797 762 3855 contractas,
819 3789 985 3860 quasi
1029 3797 1268 3857 stercus,
1319 3805 1438 3860 quo
1496 3791 1856 3856 fecundetur,

151 3879 223 3933 ad
253 3878 456 3934 ﬂetum
491 3879 665 3934 menti
687 3878 974 3946 admovet,
1009 3887 1064 3933 et
1093 3879 1175 3934 sic
1199 3879 1257 3933 in
1289 3879 1536 3935 convalli
1575 3880 1692 3947 illa,
1727 3896 1858 3952 quae

153 3963 444 4018 frumento
483 3963 638 4033 quod
693 3970 988 4019 mortuum
1050 3963 1299 4019 multum
1355 3964 1548 4020 attulit
1604 3965 1857 4021 fructum

155 4053 355 4119 (Joan.
409 4066 511 4117 xu,
563 4051 672 4120 '24),
705 4065 927 4120 semper
971 4051 1248 4119 abundat,
1293 4051 1540 4123 gloriosa
1571 4055 1858 4125 gradatim

153 4140 292 4196 dum
333 4156 393 4196 se
450 4140 716 4197 humiliat
769 4139 1137 4207 exaltatione,
1191 4141 1263 4196 ad
1320 4142 1634 4211 perfectum
1685 4144 1860 4199 totius

155 4227 355 4284 ﬂorem
389 4229 732 4300 integritatis
761 4229 1026 4300 emigrat.

224 4317 603 4373 Humilitatis
628 4317 1030 4389 prmogalivz.
1065 4349 1134 4357 —
1169 4318 1300 4374 Haec
1335 4319 1508 4374 etiam
1538 4320 1854 4387 humilita-

155 4404 228 4461 tis
257 4407 602 4473 sublimitas,
648 4421 763 4462 non
801 4406 912 4462 nisi
942 4406 1001 4462 in
1050 4408 1220 4478 cujus
1268 4407 1425 4476 apice
1474 4408 1596 4464 haec
1635 4410 1703 4465 de
1735 4425 1854 4480 qua

157 4495 386 4564 agimus
413 4496 709 4566 integritas
729 4503 881 4551 stare
913 4495 1206 4551 ullatenus
1238 4497 1470 4564 sufﬁcit,
1507 4500 1854 4569 propensius

154 4590 240 4638 est
289 4584 576 4656 rimanda.
633 4583 814 4654 Cujus
846 4583 1004 4640 laudi
1053 4584 1245 4640 valere
1276 4585 1652 4656 singulariter
1708 4589 1850 4645 illud

155 4669 516 4741 dignoscitur
546 4673 700 4742 quod
732 4671 894 4728 nulla
942 4672 1184 4728 humani
1225 4674 1484 4730 exercitii
1527 4685 1667 4744 arte,
1719 4678 1847 4734 nul-

153 4757 240 4825 lis,
268 4767 330 4816 ut
361 4761 596 4817 brevius
627 4760 850 4830 loquar,
884 4761 1134 4816 ullarum
1168 4762 1452 4818 virtutum
1485 4764 1852 4822 adminiculis

152 4845 357 4902 diaboli
389 4849 586 4904 cervix
616 4849 904 4916 obruitur,
941 4850 1067 4920 ejus
1096 4850 1322 4906 astutiae
1343 4851 1494 4907 acies
1524 4853 1846 4922 hebetatur,

151 4936 260 4992 nisi
286 4953 384 5008 per
413 4940 583 5009 hanc,
625 4940 793 5011 cujus
839 4941 1228 5009 irritamentis,
1264 4957 1399 4998 mox
1439 4951 1505 5000 ut
1551 4945 1850 5003 humilitas

151 5025 486 5095 objectatur,
524 5028 667 5085 nihil
703 5029 762 5083 ﬁt
792 5028 942 5084 illico
963 5029 1250 5099 quidquid
1299 5044 1406 5086 sua
1436 5030 1690 5088 feralitas
1721 5049 1849 5089 ma-

150 5115 436 5183 chinatur,
463 5125 519 5173 et
547 5131 606 5173 se
645 5117 848 5173 rudem
871 5118 941 5173 ad
973 5131 1100 5173 eam
1133 5119 1582 5190 aggrediendam
1609 5121 1845 5191 invenit,

151 5201 287 5269 quia
349 5206 710 5262 altitudinem
772 5207 1003 5276 penitus
1059 5207 1189 5264 talis
1241 5211 1663 5279 propugnaculi
1726 5227 1849 5268 nes-

149 5287 237 5343 cit.
290 5291 429 5349 Cum
475 5295 548 5350 sit
588 5296 741 5351 enim
788 5295 1074 5366 spirituali
1124 5297 1413 5353 creatione
1451 5299 1760 5368 subnixus,
1793 5309 1846 5356 et

147 5385 368 5437 naturze
399 5382 712 5440 subtilitate
747 5384 817 5439 ad
851 5384 1042 5440 nullas
1068 5399 1372 5454 corporeas
1400 5387 1847 5445 necessitudines

148 5461 485 5540 inﬂectatur,
535 5473 674 5542 quid
718 5479 870 5528 terra
934 5481 990 5529 et
1037 5473 1147 5528 vile
1191 5473 1379 5531 lutum
1431 5476 1600 5531 homo
1648 5487 1847 5534 contra

147 5550 504 5626 iuvisibilem,
553 5568 608 5616 et
649 5562 748 5631 qui
782 5561 984 5632 diffugi
1029 5562 1286 5618 localiter
1337 5579 1449 5620 non
1500 5574 1680 5635 potest
1741 5568 1846 5621 ho-

148 5647 305 5709 stem,
340 5658 539 5705 contra
567 5665 709 5720 pene
751 5651 1186 5722 impenetrabile
1218 5655 1362 5708 tanti
1396 5654 1576 5710 hostis
1599 5669 1844 5711 acumen

1988 608 2202 674 videre,
2235 621 2528 678 quemque
2571 606 2972 676 subterfugere
3021 612 3220 675 potest,
3271 605 3492 674 quique
3535 604 3692 674 inge-

1986 697 2082 751 nio
2136 696 2478 766 plerumque
2538 710 2596 751 se
2645 694 2991 759 inferiorem,
3057 707 3287 748 servare
3329 707 3387 747 se
3439 693 3694 748 sufﬁcit?

1987 785 2092 840 Sed
2125 786 2293 851 Deus,
2329 785 2430 854 qui
2466 785 2622 840 omni
2655 792 2880 839 terreno
2911 782 3317 853 spiritualique
3348 781 3497 836 malo
3529 781 3689 836 insti-

1989 874 2095 929 tuit
2124 874 2491 938 medicinam,
2525 880 2579 928 et
2608 873 2766 928 hunc
2808 886 2926 941 qua
2959 871 3242 926 industria
3273 870 3458 925 evinci
3493 879 3686 940 queat,

1984 962 2232 1018 edocuit.
2268 967 2417 1016 alo
2463 962 2609 1029 Quia
2639 961 2789 1016 enim
2823 961 2943 1016 sola
2981 960 3071 1015 sui
3110 959 3351 1016 tumoris
3396 959 3690 1013 occasione

1984 1050 2248 1117 deﬂuxit,
2281 1065 2315 1106 a
2347 1051 2537 1106 cinere
2559 1059 2612 1106 et
2645 1050 2784 1116 luto,
2813 1050 2926 1105 imo
2956 1050 3028 1105 ab
3060 1049 3190 1115 illis,
3226 1049 3326 1118 qui
3355 1062 3413 1103 se
3438 1048 3688 1103 cinerem

1985 1134 2292 1205 lutumque
2319 1136 2643 1200 attendunt,
2677 1136 2997 1205 spiritualis
3029 1136 3210 1205 ipsius
3239 1133 3516 1190 fortitudo
3546 1133 3690 1189 divi-

1982 1239 2058 1278 no
2127 1224 2382 1279 subsidio
2458 1224 2718 1293 superari
2776 1223 3194 1292 promptissime
3258 1237 3316 1278 se
3373 1223 3685 1292 conspicit;

1983 1327 2099 1383 quo
2123 1313 2276 1368 enim
2329 1303 2786 1383 quisque'penes
2831 1326 2996 1368 suam
3041 1311 3369 1381 opinionem
3399 1311 3587 1376 vilior,
3622 1325 3687 1367 eo

1982 1402 2053 1456 ad
2080 1400 2503 1471 et‘fringendum
2537 1401 2752 1456 inimici
2783 1401 3055 1457 verticem
3087 1400 3149 1456 ﬁt
3175 1399 3484 1456 efﬁcacior.

2051 1489 2255 1545 Carnis
2323 1504 2459 1559 ergo
2521 1489 2931 1545 continentiam
2986 1503 3163 1559 quam
3219 1489 3339 1544 suis
3397 1488 3686 1558 praecipue

1981 1578 2168 1633 irritat
2202 1577 2441 1644 facibus,
2477 1593 2592 1647 quo
2623 1578 2802 1633 tutius
2839 1577 3153 1648 quisquam
3192 1577 3389 1647 clypeo
3418 1591 3686 1632 commu-

1980 1666 2145 1732 nibit,
2191 1680 2368 1736 quam
2435 1673 2498 1721 ut
2555 1665 2614 1720 in
2657 1680 2831 1721 carne
2863 1665 3080 1735 positus
3127 1666 3196 1720 de
3225 1680 3283 1720 se
3315 1679 3538 1734 semper
3566 1665 3683 1720 hu-

1982 1754 2139 1810 milia
2161 1762 2376 1824 penset,
2410 1754 2565 1824 quod
2588 1754 2680 1810 ille
2715 1763 2845 1826 typo
2892 1753 3120 1824 proprio
3151 1754 3336 1809 facere
3365 1753 3683 1822 supersedit

1979 1860 2114 1901 cum
2143 1844 2382 1914 spiritus
2410 1844 2595 1900 esset?
2637 1844 2837 1900 Carnis
2868 1844 3063 1914 itaque
3127 1858 3330 1900 sensus
3376 1844 3514 1899 dum
3549 1857 3680 1913 pre-

1979 1935 2178 2001 mitur,
2233 1934 2321 1990 vis
2369 1934 2529 2004 impii
2586 1933 2821 2004 spiritus
2879 1933 3220 1999 annulatur,
3265 1941 3321 1989 et
3376 1933 3499 2002 ipsa
3547 1946 3682 1986 caro

1979 2022 2244 2093 patiendo
2291 2023 2469 2078 animi
2514 2024 2603 2079 vel
2650 2022 2889 2079 rationis
2940 2022 3268 2092 imperium,
3325 2021 3682 2076 mansuetior

1977 2111 2257 2178 redditur,
2305 2125 2421 2182 quo
2479 2113 2586 2168 sibi
2644 2111 2916 2183 ingenitae
2980 2111 3267 2179 superbiae
3322 2110 3677 2179 arrogantia,

1978 2201 2091 2256 imo
2122 2201 2245 2270 ipsa
2263 2201 2516 2257 exterior
2544 2201 2758 2268 laetitia,
2793 2215 2912 2271 qua
2935 2201 3144 2270 saepius
3175 2199 3317 2255 fcede
3348 2199 3675 2263 resolvitur,

1974 2297 2028 2345 et
2084 2289 2289 2345 intima
2331 2303 2494 2360 vagae
2536 2289 2922 2360 cogitationis,
2981 2301 3100 2358 qua
3142 2288 3331 2357 inepte
3385 2287 3675 2352 discurrit,

1975 2376 2214 2433 lascivia
2246 2387 2556 2433 resecatur.
2612 2377 2729 2433 Sub
2763 2378 2869 2432 hac
2893 2377 3070 2447 igitur
3100 2377 3325 2431 nutrice
3357 2390 3489 2430 cum
3523 2383 3680 2430 tanta

1975 2467 2182 2538 proles,
2242 2474 2306 2522 ut
2373 2467 2735 2536 praelibatum
2787 2473 2887 2533 est,
2943 2465 3139 2533 alitur,
3199 2479 3426 2520 necesse
3475 2472 3559 2520 est
3615 2472 3677 2520 ut

1974 2571 2106 2626 quae
2141 2562 2267 2625 post
2299 2555 2480 2625 ipsam
2529 2563 2701 2610 tantze
2751 2555 2986 2610 infantis
3031 2553 3234 2625 gerula
3283 2567 3405 2608 esse
3451 2553 3673 2619 debeat,

1975 2645 2161 2700 virtus
2213 2644 2392 2700 altera
2456 2644 2819 2714 requiratur;
2875 2643 3141 2699 nobiliter
3206 2642 3359 2698 enim
3415 2642 3677 2697 oriundis

1973 2731 2293 2787 infantibus
2322 2731 2503 2787 solent
2548 2731 2978 2803 grandiusculae
3022 2731 3332 2797 ancillulae,
3369 2745 3469 2786 seu
3499 2730 3673 2785 clien-

1973 2821 2099 2888 tuli,
2134 2821 2236 2890 qui
2276 2835 2374 2876 eos
2405 2821 2663 2890 quolibet
2693 2821 2898 2888 ferant,
2945 2827 3152 2890 praeter
3183 2820 3456 2882 nutrices,
3508 2819 3676 2874 attri—

1972 2909 2103 2979 bui;
2137 2923 2242 2964 nec
2289 2923 2511 2978 aquum
2541 2917 2626 2964 est
2671 2916 2734 2964 ut
2778 2909 2833 2964 id
2863 2908 3084 2965 decoris
3136 2923 3251 2964 non
3283 2909 3508 2976 habeat,
3543 2923 3674 2978 qua:

1970 2998 2179 3054 nobilis
2200 2997 2578 3069 singulariter
2607 3002 2814 3053 exstat.

2679 3085 2866 3140 APUT
2906 3085 3006 3140 IX.

2679 3087 2768 3139 AP
2933 3086 3006 3140 Χ.

2044 3173 2331 3228 Modeslz'a
2352 3172 2614 3228 castitati
2635 3086 3329 3245 ξαεηὲἕρένηεεθεεανὶα,
3359 3176 3415 3227 et
3434 3171 3674 3228 circum-

1969 3261 2201 3334 spectio.
2235 3261 2437 3317 Noxia
2454 3261 2915 3331 familiaritate:
2965 3265 3097 3315 sunt
3134 3259 3397 3316 vitandae.
3445 3292 3507 3302 —
3543 3263 3670 3318 Post

1972 3365 2149 3422 quam
2206 3352 2403 3421 itaque
2465 3365 2625 3406 mens
2678 3351 2772 3420 pia
2803 3365 2922 3406 suae
2954 3349 3182 3404 conscia
3209 3350 3466 3417 vilitatis,
3490 3359 3544 3405 et
3575 3364 3668 3405 ac-

1970 3440 2183 3496 cidenti
2214 3439 2444 3510 injuriae
2504 3447 2620 3494 tam
2667 3439 2928 3509 subjecta
2967 3453 3143 3509 quam
3186 3447 3388 3508 parata
3436 3439 3666 3508 subjici,

1971 3537 2145 3584 semet
2201 3528 2306 3584 sibi
2339 3529 2615 3594 subdidit,
2670 3527 3060 3583 necessarium
3117 3536 3201 3583 est
3255 3535 3321 3584 ut
3381 3527 3669 3598 quidquid

1970 3626 2122 3687 agat,
2175 3632 2531 3688 quacunque
2578 3617 2664 3674 vel
2715 3631 3071 3688 quocunque
3119 3624 3230 3684 eat,
3283 3631 3509 3672 morum
3559 3617 3668 3672 sibi

1971 3706 2228 3776 gravitas
2259 3721 2485 3777 semper
2501 3721 2710 3768 comes.
2735 3707 2902 3776 quasi
2936 3705 3139 3775 gerula
3166 3721 3233 3761 ac
3271 3706 3665 3776 procuratrix,

1969 3803 2160 3851 motus
2200 3795 2548 3866 incongruos
2603 3803 2658 3850 et
2693 3795 2982 3866 quidquid
3038 3803 3120 3850 est
3154 3795 3430 3865 juvenile,
3485 3795 3666 3850 conti-

1969 3891 2120 3938 neat.
2177 3883 2325 3939 Solet
2380 3883 2725 3953 plerumque
2786 3890 2910 3951 post
2965 3883 3255 3938 orationes
3305 3883 3450 3939 inter
3499 3884 3672 3954 longa

1963 3972 2209 4042 jejunia,
2255 3980 2376 4042 post
2403 3971 2573 4028 ﬂetus
2601 3979 2653 4026 et
2683 3971 2888 4027 devota
2918 3971 3187 4040 suspiria,
3227 3986 3356 4026 cum
3391 3973 3463 4028 ad
3508 3983 3667 4028 exte-

1968 4063 2146 4118 riores
2179 4077 2322 4118 usus
2369 4069 2424 4118 et
2453 4075 2757 4117 commune
2805 4060 3157 4130 colloquium
3207 4061 3449 4126 reditur,
3495 4062 3663 4131 quasi

1967 4151 2039 4206 ob
2068 4150 2440 4206 relevandam
2470 4163 2504 4205 a
2537 4149 2761 4206 fastidio
2791 4156 3062 4214 mentem,
3085 4147 3174 4204 vel
3198 4149 3270 4204 ob
3299 4149 3664 4206 ostendendae

1967 4235 2377 4293 benevolentiae
2425 4245 2478 4294 et
2528 4237 2835 4294 hilaritatis
2882 4251 3138 4304 causam,
3187 4237 3478 4308 quoddam
3517 4252 3662 4309 gau-

1967 4325 2128 4381 dium
2175 4325 2456 4393 exhiberi,
2509 4326 2662 4396 quod
2719 4326 2859 4382 dum
2908 4327 3142 4382 honeste
3190 4326 3420 4382 videtur
3463 4327 3658 4397 incipi,

1892 4399 2034 4471 Dad
2095 4415 2510 4484 turpitudinem
2570 4429 2717 4484 saepe
2774 4415 3080 4471 delabitur.
3159 4416 3304 4472 Nam
3372 4431 3507 4472 eum
3561 4431 3665 4486 per

1963 4505 2203 4560 hilarem
2235 4504 2593 4560 collationem
2627 4504 2934 4560 verborum
2985 4505 3404 4574 multiplicatur
3444 4507 3661 4575 jucun-

1961 4594 2128 4662 ditas,
2177 4593 2386 4648 sensim
2465 4593 2681 4649 accedit
2743 4593 3086 4663 joculatoria
3146 4594 3480 4664 garrulitas,
3528 4595 3660 4651 inde

1960 4681 2442 4738 concurrentibus
2489 4682 2751 4751 turpium
2797 4682 3200 4737 narrationum
3247 4682 3524 4748 historiis,
3558 4697 3660 4752 per

1958 4771 2172 4828 blanda
2207 4770 2433 4826 ludicra
2472 4770 2807 4840 tepefactus,
2848 4769 2962 4825 imo
2992 4769 3446 4825 laxatuS'animi
3478 4771 3654 4841 rigor,

1959 4862 2029 4917 ad
2055 4875 2142 4927 ea,
2195 4860 2412 4930 quibus
2448 4873 2650 4915 aurem
2699 4859 3079 4930 linguamque
3130 4866 3329 4928 sponte
3371 4859 3655 4928 attribuit,

1957 4950 2282 5020 cogitanda,
2337 4948 2624 5018 insperata
2666 4955 2721 5004 et
2763 4948 2882 5019 jam
2948 4962 3092 5018 pene
3137 4947 3457 5003 invincibili
3505 4948 3656 5005 dele-

1957 5037 2203 5093 ctatione
2242 5035 2536 5092 mollescit.
2590 5035 2700 5103 Sic,
2750 5035 3010 5106 inquam,
3047 5037 3184 5092 dum
3245 5037 3392 5093 male
3439 5037 3654 5106 dulcia,

1957 5125 2174 5197 quibus
2208 5125 2372 5180 facile
2416 5133 2609 5181 tamen
2656 5125 2838 5181 resisti
2875 5133 3078 5194 posset,
3130 5125 3417 5196 colloquia
3461 5127 3658 5197 prazli-

1957 5214 2188 5281 bantur,
2246 5228 2421 5282 mors,
2475 5214 2568 5270 cui
2597 5213 2966 5270 eliminandze
3012 5229 3202 5285 neque
3255 5229 3435 5282 mens,
3470 5230 3658 5286 neque

1956 5304 2100 5358 ratio
2120 5302 2352 5371 sufﬁcit,
2384 5310 2440 5358 et
2469 5303 2669 5358 merito
2701 5304 2838 5358 satis
2867 5304 3263 5373 consequitur.

2026 5392 2344 5448 Vulnerata
2407 5391 2586 5459 igitur
2655 5392 2818 5462 gravi
2895 5392 3001 5447 hoc
3059 5393 3254 5461 jaculo
3319 5400 3529 5460 mente,
3600 5402 3655 5450 et

1953 5481 2296 5549 cogitatione
2355 5481 2467 5536 huc
2502 5481 2754 5549 illucque
2799 5495 2900 5550 pro
2955 5489 3115 5536 motu
3166 5497 3285 5536 sum
3344 5482 3655 5551 voluptatis

1952 5570 2190 5634 erranti,
2227 5569 2296 5623 ad
2330 5567 2640 5624 amatorias
2669 5576 2784 5624 tota
2811 5570 3141 5624 devolvitur
3175 5569 3410 5625 intentio
3440 5587 3648 5642 nugas.

1957 5660 2088 5714 Hac
2116 5658 2298 5729 loqui,
2332 5659 2454 5715 haec
2485 5673 2745 5729 qurerere
2775 5658 3160 5715 ardentissimi
3189 5659 3297 5716 sibi
3327 5659 3504 5716 studii
3544 5668 3648 5716 est.
