3936 6422
263 379 365 432 595

1149 372 1210 425 V.
1252 369 1589 429 GUIBERTI
1627 369 1919 425 ABBATIS
1957 370 2013 424 S.
2056 368 2300 424 MARH']
2340 367 2429 422 DE
2467 366 2861 425 NOVIGENTO

3671 367 3795 419 596

263 516 368 566 est.
401 506 524 564 Etsi
571 505 810 579 quando
856 504 930 561 ad
985 518 1044 561 se
1082 503 1294 569 redeat,
1356 503 1505 558 hanc
1552 502 1609 558 in
1658 516 1718 557 se
1775 500 1958 557 multa
1996 502 2042 556 A
2069 514 2264 556 amore
2306 515 2365 556 se
2409 500 2559 557 trahi
2605 500 2798 567 sentit,
2833 498 2987 569 quod
3040 512 3216 554 suum
3263 498 3421 555 curis
3470 497 3796 569 aliquibus

267 596 637 652 excusatione
665 592 1082 650 humanissime
1128 591 1339 662 levigat
1380 589 1632 659 culpam,
1664 597 1718 645 et
1750 604 1808 644 se
1848 603 1965 645 non
2068 602 2167 644 cor
2223 602 2258 644 a
2315 589 2431 644 Deo
2487 595 2736 659 separat,
2797 601 3121 658 personam,
3188 590 3597 657 quantumque
3661 600 3795 642 va—

270 685 414 751 vitii,
448 692 549 740 aut
587 684 849 739 obscena
902 681 1229 752 cujuspiam
1273 680 1354 735 rei
1410 693 1603 734 amore
1661 678 1719 733 id
1774 692 1961 748 agere,

270 773 368 828 sed
425 773 614 842 potius
691 771 1045 843 gestationis,
1101 777 1156 825 et
1234 768 1547 823 alacritatis
1605 766 1966 837 indulgentia

270 861 495 917 efficere
532 860 642 916 sibi
691 859 965 914 incantat.
1001 858 1137 912 Inde
1164 857 1505 926 pedetentim
1563 855 1633 910 ad
1677 854 1969 910 familiari-

273 956 418 1006 tates
448 948 677 1004 venitur
717 947 947 1014 noxias,
996 960 1128 1016 qua
1178 944 1413 1014 quidem
1472 951 1632 999 tanta
1680 942 1969 1014 religionis

275 1036 625 1103 sinceritate,
656 1043 711 1092 et
755 1035 921 1106 quasi
957 1048 1057 1104 per
1085 1032 1425 1089 alterutram
1467 1032 1795 1088 orationum
1848 1031 1969 1087 col-

275 1125 569 1191 lationem,
609 1123 699 1179 vel
743 1122 1096 1179 adiﬁcatorii
1131 1121 1412 1177 sermonis
1461 1120 1891 1190 impensionem,
1936 1134 1971 1176 a

272 1219 712 1283 compuncttone
742 1212 914 1267 etiam
961 1211 1099 1265 solet
1133 1209 1416 1279 incipere;
1467 1209 1561 1264 sed
1605 1208 1968 1278 postmodum

275 1316 406 1364 usu,
458 1307 512 1356 et
551 1299 843 1355 amatoria
884 1297 1234 1355 adulationis
1278 1295 1622 1367 frequentia,
1671 1296 1743 1351 ad
1793 1296 1972 1351 verba

272 1391 444 1457 levia,
466 1388 762 1459 jocosque,
783 1387 1000 1459 quibus
1025 1386 1200 1442 menti
1228 1385 1563 1456 improvida
1582 1392 1971 1442 exstruuntur

275 1477 564 1545 incendia,
596 1476 921 1532 devenitur.

344 1564 639 1634 Paulisper
678 1564 871 1634 itaque
918 1560 1401 1619 confabulationis
1453 1560 1693 1632 ludique
1752 1560 1973 1617 facibus

275 1652 519 1722 injectis,
550 1666 657 1708 sua
688 1650 889 1721 incipit
918 1650 1224 1719 impudens
1243 1650 1475 1705 animus
1506 1649 1720 1705 damna
1740 1648 1969 1716 sentire,

275 1740 377 1796 diu
405 1739 558 1796 enim
600 1738 717 1795 fota
760 1738 906 1794 male
961 1738 1218 1807 concepti
1274 1736 1485 1793 amoris
1527 1735 1793 1803 scintilla,
1831 1736 1877 1791 si
1914 1735 1973 1790 in

2074 676 2205 744 leat,
2264 685 2516 748 aptaque
2571 677 2857 744 videatur,
2918 677 3022 735 etsi
3072 683 3263 746 spreta
3320 674 3624 732 infamiam
3672 682 3795 731 aut

2072 766 2351 822 damnum
2378 766 2483 821 sibi
2515 765 2742 832 excitet,
2775 779 2810 821 a
2833 779 2891 819 se
2920 764 3159 835 rejiciat,
3194 764 3414 834 pramii
3443 779 3556 819 non
3584 763 3795 819 offen-

2074 854 2251 909 sionis
2288 868 2407 910 esse
2440 853 2643 914 sciens,
2696 853 2741 908 si
2794 854 2971 908 Deum
3014 853 3123 909 sibi
3172 853 3267 909 tali
3298 867 3371 909 ex
3419 853 3548 908 odio
3586 851 3796 908 conci-

2075 942 2243 1009 lians,
2298 942 2447 997 hanc
2492 941 2762 997 offendat.
2824 942 2948 997 Non
2981 940 3160 1012 igitur
3187 941 3494 1008 enerviter,
3536 949 3636 996 aut
3694 941 3796 995 lu-

2077 1031 2411 1098 dendo,'aut
2439 1045 2505 1085 eo
2533 1030 2630 1085 ira
2660 1044 2885 1101 genere.
2917 1030 2989 1085 de
3016 1044 3134 1100 quo
3175 1030 3232 1086 in
3258 1030 3478 1086 Andria
3508 1028 3796 1085 Chr’emes

2081 1119 2191 1185 ille,
2240 1119 2351 1174 nisi
2394 1118 2579 1187 fallor,
2611 1119 2686 1174 ad
2744 1118 3033 1175 Simonem
3094 1118 3394 1189 loquitur:
3451 1140 3472 1167 ι
3526 1118 3652 1185 Ira,
3703 1118 3796 1173 in-

2077 1209 2227 1276 quit,
2285 1206 2604 1263 amantium
2663 1205 2969 1277 integratio
3013 1206 3226 1261 amoris
3268 1212 3371 1260 est.
3421 1225 3442 1254 ι
3500 1205 3607 1260 Sed
3653 1212 3791 1260 tam

2076 1296 2191 1354 acri
2219 1305 2280 1352 ut
2304 1294 2556 1365 abrupta
2584 1294 2955 1361 dissensione,
2990 1300 3053 1350 ut
3080 1308 3206 1363 spes
3235 1293 3447 1349 amoris
3471 1293 3794 1363 separandi

2077 1384 2266 1440 denuo
2323 1383 2484 1439 nulla
2535 1389 2724 1450 restet,
2781 1382 2894 1438 imo
2951 1396 3067 1437 non
3129 1382 3297 1437 modo
3359 1381 3583 1449 mentis,
3642 1394 3793 1451 qua

2079 1472 2307 1528 mobilis
2362 1471 2661 1542 fallaxque
2703 1470 2903 1527 crebro
2951 1470 3324 1541 dignoscitur,
3374 1471 3471 1526 sed
3524 1470 3793 1540 corporis

2077 1561 2213 1628 situ,
2295 1560 2469 1631 juxta
2538 1559 2789 1630 Apostoli
2843 1558 3099 1629 prudens
3164 1559 3404 1628 dictum,

2081 1648 2362 1719 fugiatur.

3485 1558 3794 1615 celerrime

2759 1718 2987 1775 CAPUT
3026 1718 3097 1775 Χ.

274 1827 568 1884 extratiles
622 1826 711 1895 [f.,
747 1823 1033 1897 exitiales]
1075 1799 1317 1895 proruat
1346 1823 1609 1880 ﬂammas
1646 1799 1971 1893 quis—mira-
2012 1799 2054 1854 Β
2154 1823 2476 1897 Elegantia
2501 1823 2692 1879 vultu:
2722 1826 2778 1878 et
2805 1823 3049 1878 vestium
3085 1822 3266 1878 cultui
3292 1821 3529 1879 minime
3558 1823 3789 1879 incum-

280 1916 418 1972 tur?
447 1916 611 1971 Tunc
647 1914 768 1985 jam
813 1914 1067 1985 experiri
1110 1914 1338 1985 cogitur
1376 1912 1638 1969 morbida
1674 1912 1975 1967 conscien-

280 2004 360 2058 tia
395 2018 494 2059 eas
545 2017 694 2073 quas
745 2002 802 2058 in
831 2017 890 2059 se
946 2003 1208 2059 funestus
1245 2015 1410 2057 amor
1443 2002 1736 2072 passiones
1782 1999 1973 2056 habet.

281 2093 444 2148 Tunc
492 2091 821 2149 inimicitias
875 2100 931 2148 et
970 2091 1263 2147 redivivas
1305 2090 1378 2145 ad
1450 2103 1614 2145 suam
1671 2088 1979 2159 perniciem

282 2194 467 2251 paces,
503 2188 626 2237 tum
657 2180 1030 2250 suspiciones,
1087 2188 1210 2235 tum
1258 2178 1508 2246 timores,
1562 2178 1677 2233 iras
1732 2184 1788 2233 et
1818 2177 1979 2232 rixas

276 2270 450 2340 juxta
480 2268 623 2324 illud
652 2269 1057 2325 Terentianum
1090 2267 1329 2334 dictum,
1363 2266 1422 2321 in
1464 2266 1562 2321 tali
1588 2265 1817 2337 negotio
1849 2266 1978 2321 licet

283 2358 501 2414 invitus
547 2356 844 2413 exsolvere
885 2356 1264 2425 compellitur.
1316 2355 1501 2411 Tanta
1544 2361 1629 2411 est
1673 2354 1825 2410 enim
1853 2355 1980 2424 ejus

285 2444 563 2515 pestifera
612 2443 897 2500 societatis
953 2443 1228 2509 molestia,
1287 2450 1352 2499 ut
1405 2442 1535 2497 licet
1576 2442 1865 2498 interdum
1905 2455 1978 2496 ex

287 2533 702 2589 consuetudine
740 2532 989 2587 mulceat
1034 2532 1091 2586 in
1121 2538 1348 2587 tantum
1398 2537 1590 2586 tamen
1636 2529 1979 2601 plerumque

284 2621 361 2677 rei
414 2636 546 2691 qua
592 2628 825 2677 amatur
879 2619 1137 2676 fruenda
1189 2618 1499 2675 difficultas
1543 2625 1862 2688 exasperat,
1916 2627 1981 2674 ut

285 2723 641 2781 exsanguem
674 2715 729 2764 et
777 2707 1118 2779 languidum
1153 2716 1466 2764 amatorem
1495 2708 1649 2762 omni
1680 2707 1833 2763 febre
1854 2722 1982 2763 cru-

284 2797 471 2854 delius
510 2797 731 2853 reddat.
786 2796 891 2852 Sed
948 2810 1081 2851 cum
1141 2797 1307 2866 quasi
1350 2797 1585 2866 pacilice
1631 2804 1686 2851 et
1743 2796 1981 2851 honeste

284 2886 356 2941 ab
407 2900 473 2941 eo
521 2885 676 2955 quod
720 2892 900 2953 amat,
934 2883 1058 2941 sine
1114 2884 1199 2941 ira
1245 2892 1299 2940 et
1342 2884 1588 2940 motione
1626 2898 1884 2955 persona
1923 2899 1981 2939 se

284 2974 631 3045 abrumpere
662 2974 887 3042 nititur,
922 2972 984 3029 ﬁt
1020 2974 1187 3029 modo
1221 2973 1529 3029 miserabili
1578 2979 1642 3029 ut
1664 2974 1827 3044 pejus
1861 2987 1983 3029 om-

284 3063 530 3118 nimodis
560 3062 865 3133 obligetur.
888 3062 1015 3118 Non
1043 3061 1196 3117 enim
1231 3060 1398 3117 uxori
1430 3062 1500 3116 ad
1526 3062 1820 3117 lasciviam
1855 3075 1980 3131 pro-

285 3166 394 3218 na,
450 3151 653 3222 lepidis
695 3150 1059 3207 sermonibus
1108 3150 1410 3221 palpanda
1456 3157 1595 3206 sunt
1638 3164 1830 3218 aures,
1880 3150 1979 3206 sed

283 3240 522 3296 dorsum
579 3239 915 3296 verberibus
978 3239 1336 3295 severissime
1402 3238 1830 3309 abradendum;
1898 3238 1981 3294 sic

284 3326 459 3381 menti
492 3340 627 3382 cum
669 3326 948 3397 perversis
976 3326 1279 3382 affectibus
1305 3341 1365 3383 se
1397 3326 1654 3394 inclinat,
1688 3341 1809 3394 seu,
1844 3342 1979 3383 cum

284 3414 561 3470 inclinata
591 3413 753 3470 facile
802 3429 937 3470 cuni
966 3414 1213 3470 voluerit
1252 3428 1310 3469 se
1339 3421 1663 3470 erecturam
1711 3414 1981 3485 pollicens

283 3501 577 3559 emendari
608 3502 1008 3572 procrastinat,
1041 3516 1156 3557 non
1187 3501 1370 3556 solum
1404 3515 1519 3558 non
1549 3502 1979 3559 assentiendum

283 3599 387 3660 est,
420 3590 517 3646 sed
573 3590 749 3646 etiam
778 3588 985 3659 spretis
1022 3589 1283 3646 omnium
1328 3589 1491 3658 odiis,
1532 3598 1705 3647 tanta
1752 3590 1980 3647 frenum

285 3677 436 3733 illico
456 3677 817 3733 cohibitionis
840 3676 969 3747 ejus
1008 3676 1233 3733 libidini
1282 3676 1730 3747 imprimendum
1782 3687 1847 3735 ut
1894 3687 1978 3735 to-

286 3766 403 3822 tius
438 3764 691 3835 corporis
711 3765 1054 3837 obsequium
1087 3766 1333 3836 impuris
1372 3766 1553 3837 ipsius
1582 3767 1982 3825 voiuntatibus

285 3853 628 3910 omnimodis
656 3854 858 3911 debeat
887 3855 1184 3926 denegari.

218 4018 223 4025 .
356 3942 462 3999 Cui
481 3941 636 3999 enim
669 3942 778 3998 nisi
814 3944 1111 4014 desperato
1142 3958 1298 4015 agro
1336 3944 1501 3999 cibus
1528 3943 1760 4014 noxius,
1790 3958 1978 4015 quan-

287 4031 552 4088 tumlibet
579 4032 746 4087 avide
773 4046 907 4088 eum
933 4032 1212 4097 comedat,
1248 4040 1303 4087 et
1332 4033 1442 4088 nisi
1495 4033 1566 4088 ab
1600 4032 1983 4090 insanissimis

287 4120 494 4177 detur?
544 4119 665 4176 Dici
715 4120 855 4177 solet
909 4120 1121 4191 sapius
1175 4121 1247 4177 ab
1303 4122 1582 4192 agrotis:
1644 4122 1977 4191 Permittite,

287 4208 471 4277 aiunt,
517 4209 683 4265 nobis
732 4208 889 4279 quod
937 4208 1208 4265 volumus
1265 4211 1636 4277 manducare,
1692 4210 1982 4281 quidquid

285 4297 612 4353 voluntarie
668 4297 957 4353 sumimus
1007 4297 1183 4354 saluti
1235 4298 1509 4369 proficiet.
1558 4299 1783 4379 Dicitur
1823 4301 1981 4356 etab

2078 1913 2346 1969 bendum.
2396 1943 2464 1953 —
2517 1913 2801 1969 Praterea
2867 1912 3203 1984 contingere
3251 1913 3570 1985 aliquando
3618 1913 3789 1969 haud

2082 2003 2329 2059 dubium
2357 2010 2441 2058 est
2473 2009 2536 2057 ut
2566 2016 2699 2058 cum
2726 2002 2977 2071 primum
2999 2002 3069 2057 ad
3094 2002 3271 2073 hujus
3298 2001 3470 2057 febris
3490 2001 3790 2073 igniculos

2085 2090 2360 2162 paulatim
2400 2089 2552 2145 inuri
2602 2089 2833 2159 cmperit
2879 2089 3131 2157 animus,
3164 2096 3219 2145 et
3261 2089 3392 2145 licet
3446 2090 3791 2146 tentationis

2083 2179 2392 2251 cujuslibet
2442 2178 2678 2234 minime
2733 2178 3093 2234 extrinsecus
3140 2179 3424 2235 sentiatur
3462 2177 3637 2246 calor,
3699 2186 3793 2234 ta-

2084 2284 2215 2325 men
2247 2268 2305 2323 in
2337 2275 2559 2323 tantum
2591 2267 2919 2322 accurando
2943 2267 3187 2339 |proprio
3235 2266 3445 2335 vultui,
3500 2267 3792 2323 habenda

2083 2357 2256 2413 etiam
2308 2356 2466 2411 laudi
2524 2354 2888 2421 urbanitatis,
2943 2362 2999 2410 et
3046 2355 3341 2411 amatoria
3392 2354 3792 2426 jucunditatis

2084 2445 2334 2501 anhelat.
2367 2443 2627 2500 Vestibus
2659 2444 2909 2514 denique
2938 2457 3040 2513 pro
3069 2444 3406 2513 corporibus
3439 2444 3792 2499 habitudine

2082 2534 2437 2604 coaptandis,
2473 2540 2539 2589 ut
2565 2540 2680 2589 tota
2708 2532 2958 2588 hominis
2986 2531 3214 2588 solertia
3252 2531 3405 2588 circa
3435 2532 3559 2587 hac
3586 2532 3792 2588 studia

2082 2630 2361 2692 occupata
2391 2620 2694 2687 deserviat,
2731 2619 2981 2690 qualiter
3006 2627 3336 2689 acceptetur
3364 2633 3398 2675 a
3435 2620 3784 2691 quibusque

2084 2724 2204 2765 sua
2237 2708 2559 2764 formositas
2605 2708 2808 2777 speciei
2858 2708 3160 2777 diligenter
3204 2707 3488 2777 explorat,
3540 2715 3595 2763 et
3644 2723 3789 2764 cum

2085 2811 2301 2864 secum,
2338 2797 2452 2852 imo
2479 2796 2634 2866 apud
2666 2810 2723 2850 se
2770 2795 3056 2866 quidquid
3101 2795 3412 2865 pulchrum
3461 2796 3794 2852 astimatur
3900 2866 3903 2879 ⁴

2087 2886 2420 2955 vilipcndat,
2477 2900 2534 2940 se
2566 2884 2924 2954 potissimum
2965 2884 3453 2955 singulariterque
3481 2884 3790 2954 pradicari

2087 2973 2334 3041 allectat,
2366 2986 2727 3042 summopere
2774 2972 3035 3028 adamari
3064 2973 3365 3028 desiderat.
3422 2972 3639 3028 Amans
3682 2974 3796 3044 igi-

2089 3069 2186 3118 tur
2241 3060 2445 3126 amari,
2507 3060 2646 3116 dum
2703 3059 3085 3115 curiosissime
3142 3073 3518 3129 personarum
3579 3058 3795 3130 gratia

2087 3148 2457 3221 acquirenda
2493 3154 2797 3217 exastuat,
2828 3154 2884 3203 et
2913 3154 2977 3203 ut
3001 3147 3128 3217 ejus
3158 3146 3237 3203 rei
3276 3154 3488 3203 natura
3530 3154 3633 3215 est,
3663 3162 3795 3218 quo

2087 3238 2356 3310 pluribus
2427 3236 2775 3299 insinuatur.
2846 3235 3231 3306 plurimorum
3274 3235 3794 3307 {concupiscentiae

2088 3327 2291 3393 inhiat,
2323 3326 2482 3394 dum,
2510 3323 2789 3396 linquam,
2827 3326 2887 3379 in
2936 3324 3131 3394 aliquo
3185 3324 3363 3393 optati
3391 3339 3623 3394 compos
3651 3324 3795 3380 efti-

2086 3416 2256 3485 citur,
2291 3414 2567 3485 illiusjcui
2596 3414 2884 3469 inhaserit
2914 3413 3294 3469 viscosissimo
3327 3421 3593 3484 raptatur
3620 3427 3790 3469 amo-

2089 3517 2167 3569 re,
2191 3503 2383 3570 etiam,
2406 3502 2561 3571 velit,
2604 3502 2771 3571 nolit,
2793 3503 2981 3559 victus
3025 3502 3324 3560 desideriis
3377 3510 3533 3558 amat
3561 3516 3790 3559 amare.

2088 3591 2234 3647 Sane
2262 3591 2311 3647 si
2339 3606 2455 3647 non
2493 3591 2787 3647 inhoneste
2817 3591 3171 3663 vagabunda
3216 3591 3564 3647 conscientia
3619 3591 3792 3662 vulgi

2086 3680 2482 3736 inordinatum
2520 3687 2987 3751 prosequeretur,
3023 3694 3138 3735 non
3168 3678 3291 3735 sine
3318 3680 3474 3749 turpi
3502 3680 3794 3749 superbia

2088 3783 2314 3840 genere,
2349 3767 2637 3836 affectum,
2680 3782 2985 3839 nunquam
3008 3768 3081 3823 ad
3112 3768 3269 3825 hunc
3305 3768 3517 3824 amoris
3547 3769 3795 3824 tenacis-

2087 3856 2301 3912 simum
2369 3857 2695 3925 compcdem
2730 3863 3048 3926 prorueret,
3078 3869 3179 3925 per
3229 3869 3403 3926 quem
3459 3855 3795 3913 detrahitur

2087 3944 2161 3999 ad
2188 3943 2359 4000 totius
2398 3944 2620 4015 ﬂagitii,
2668 3945 2843 4001 etiam
2871 3945 3026 4015 quod
3081 3952 3165 4001 est
3215 3944 3470 4001 deterius
3513 3944 3786 4011 scienter,

2086 4030 2373 4088 effectum.
2408 4032 2667 4088 Vestium
2698 4033 2892 4103 itaque
2923 4034 3238 4103 vultusque
3264 4032 3443 4088 nimia
3473 4030 3784 4097 aﬂ‘ectatio.

2088 4133 2219 4175 cum
2251 4119 2398 4176 sicut
2427 4118 2626 4176 fumus
2652 4120 2863 4192 ignem,
2909 4128 2966 4177 et
3008 4129 3215 4178 ventus
3259 4120 3535 4191 pluviam,
3584 4120 3787 4177 libidi-

2088 4208 2210 4262 nosi
2240 4208 2483 4277 pectoris
2530 4208 2697 4279 signa
2747 4209 3048 4278 portenda,
3105 4218 3160 4265 et
3211 4210 3286 4265 ab
3340 4209 3613 4265 exteriori
3670 4208 3789 4279 pel-

2088 4295 2257 4351 lenda
2283 4303 2368 4352 est
2399 4311 2531 4364 usu,
2574 4305 2630 4352 et
2670 4297 2850 4352 multo
2883 4296 3068 4367 magis
3099 4297 3173 4352 ab
3204 4297 3407 4364 animi,
3458 4304 3653 4367 utpote
3700 4296 3781 4352 fo-

285 4386 641 4454 amantibus,
672 4385 1053 4443 saluberrime
1100 4401 1135 4442 a
1178 4387 1345 4444 nobis
1402 4388 1619 4459 agitur,
1671 4388 1715 4443 si
1776 4388 1976 4444 saltem
2017 4394 2061 4449 D
2092 4398 2211 4440 mes
2239 4385 2542 4453 scelerum,
2571 4384 2936 4441 excludenda
2963 4385 3148 4441 aditu.

286 4471 529 4542 simplici
558 4471 1043 4541 confabulatione,
1077 4480 1133 4529 et
1158 4475 1427 4531 exteriori
1456 4475 1758 4544 consortio,
1794 4484 1981 4532 mente

287 4560 348 4616 in
379 4574 484 4616 suo
514 4567 668 4617 statu
708 4560 976 4629 durante,
1029 4576 1205 4633 quam
1256 4577 1435 4635 grave
1482 4577 1860 4620 onerosumve
1910 4564 1981 4620 sit

286 4648 450 4719 vagis
479 4648 696 4705 servire
732 4649 1027 4705 amoribus
1058 4651 1470 4720 experiamur:
1523 4658 1578 4707 et
1619 4651 1760 4707 dum
1804 4665 1980 4721 quam

287 4736 464 4793 noxia
517 4752 609 4794 res
660 4737 868 4793 existat
933 4740 1422 4808 perpenderimus,
1455 4754 1520 4795 eo
1567 4740 1982 4797 exsecrabilius

287 4841 402 4896 quo
432 4827 728 4897 expertius
763 4832 913 4881 aco
954 4836 1403 4884 eontemnemus.
1460 4828 1621 4896 Quod
1664 4842 1797 4885 cum
1856 4828 1982 4900 ple-

287 4928 538 4985 rumque
584 4914 785 4985 aliqui,
828 4914 949 4986 jam
996 4915 1152 4986 quod
1189 4923 1457 4971 amarant
1494 4915 1866 4983 fastidientes,
1908 4917 1982 4973 fa-

286 5016 413 5057 cere
437 5002 620 5058 moliti
644 5003 776 5069 sint,
807 5003 945 5060 dum
971 5002 1140 5073 quasi
1179 5017 1252 5059 ex
1275 5018 1558 5060 consensu
1587 5004 1697 5060 sub
1727 5004 1977 5075 quadam

287 5104 426 5160 pace
455 5104 513 5145 se
543 5091 788 5161 cupiunt
813 5091 1092 5161 separari,
1117 5093 1406 5149 consuetis
1426 5092 1730 5160 illecebris,
1764 5094 1980 5163 quibus

279 5179 402 5248 jam
440 5179 695 5235 caruisse
740 5188 1038 5236 austerum
1071 5188 1175 5247 est,
1227 5181 1525 5237 autetiam
1558 5196 1814 5252 persona
1845 5181 1982 5237 moi-

286 5266 463 5322 litivis
494 5268 858 5325 sermonibus
897 5268 981 5325 sic
1034 5276 1335 5326 arctantur
1364 5276 1430 5326 ut
1478 5271 1536 5325 in
1578 5269 1767 5326 omnis
1797 5268 1979 5340 perdi-

288 5356 475 5422 tionis,
547 5357 833 5414 obdurata
896 5364 1106 5424 mente,
1164 5358 1550 5415 devolvantur
1603 5358 1858 5428 abyssos,
1924 5366 1980 5414 et

285 5445 506 5516 absque
550 5446 890 5514 reverentia,
955 5453 1009 5501 et
1054 5448 1415 5503 cunctatione
1469 5446 1834 5518 impudenter
1893 5461 1981 5504 ar-

285 5533 476 5601 deant,
510 5534 667 5605 quod
695 5533 871 5589 veluti
905 5534 1165 5605 religiose
1219 5536 1548 5606 sensimque
1589 5537 1862 5592 adamare
1913 5550 1981 5592 ac

283 5621 328 5677 si
384 5622 719 5678 innocenter
750 5631 1061 5694 caperant,
1119 5624 1216 5680 sed
1248 5625 1590 5696 quicunque
1627 5638 1982 5697 quocunque

2158 4473 2282 4529 Non
2321 4475 2391 4529 de
2421 4488 2619 4530 eorum
2648 4474 2751 4544 qui
2800 4472 2938 4529 foris
2984 4480 3139 4541 sunt,
3190 4473 3244 4530 id
3277 4480 3362 4530 est
3409 4474 3779 4530 sacularium

2087 4561 2344 4631 lascivia,
2402 4562 2525 4619 bac
2566 4569 2901 4629 tractamus,
2935 4576 3071 4618 nam
3126 4577 3233 4618 nec
3295 4562 3462 4619 nobis
3511 4563 3776 4632 pertinet,

2085 4654 2182 4708 sed
2210 4652 2291 4707 eis
2319 4652 2539 4708 consilii
2567 4652 2867 4723 quidpiam
2924 4652 3299 4722 propinamus
3339 4665 3590 4722 quorum
3646 4650 3779 4706 vita

2087 4741 2441 4811 propositum
2475 4740 2549 4796 ab
2580 4740 2901 4796 extrinseea
2951 4740 3336 4796 sollicitudine
3384 4739 3586 4795 mundi
3630 4738 3775 4794 silet.

2088 4830 2206 4886 Hoc
2240 4830 2407 4900 plane
2450 4829 2655 4884 vitium
2702 4829 2926 4899 proprie
2951 4842 3132 4899 vagos
3179 4836 3233 4884 et
3293 4828 3603 4893 instabiles,
3659 4840 3777 4882 non

2086 4925 2204 4974 tam
2263 4917 2433 4972 corde
2484 4930 2662 4988 quam
2715 4924 2769 4973 et
2813 4930 3052 4985 corpore
3111 4916 3201 4971 sui
3272 4916 3520 4971 cultores
3579 4914 3775 4982 efficit,

2080 5006 2255 5076 juxta
2284 5005 2643 5061 Salomonem
2691 5006 2761 5061 de
2805 5004 3043 5061 muliere
3087 5004 3328 5075 garrula
3382 5006 3463 5060 ait
3504 5011 3559 5060 et
3607 5016 3778 5075 vaga,

2086 5094 2299 5164 quietis
2350 5094 2655 5164 impatiens
2707 5095 2897 5161 (Prov.
2929 5109 3028 5161 vn,
3067 5093 3176 5163 ll),
3204 5100 3311 5149 etc.
3363 5091 3640 5164 Alioquin
3689 5104 3778 5147 res

2086 5182 2196 5238 sibi
2224 5181 2529 5238 contraria
2569 5188 2778 5249 essent,
2834 5181 3147 5252 pulchrum
3178 5195 3237 5237 se
3278 5181 3483 5248 facere,
3541 5188 3598 5236 et
3656 5178 3776 5250 pul-

2084 5272 2222 5327 chre
2249 5271 2465 5339 ornari,
2510 5279 2566 5327 et
2594 5271 2667 5327 ab
2707 5270 2794 5326 his
2845 5271 3063 5341 quibus
3097 5270 3338 5340 placeat,
3372 5269 3522 5325 nolle
3572 5267 3772 5323 videri.

2087 5360 2232 5415 Hinc
2259 5357 2563 5429 prosiliunt
2605 5359 2898 5415 fadissimi
2945 5359 3023 5414 illi
3049 5357 3354 5415 exterioris
3392 5357 3641 5413 hominis
3685 5356 3779 5412 ha-

2085 5447 2259 5516 bitus,
2319 5447 2548 5518 ineptus
2621 5448 3063 5518 superciliorum
3122 5447 3298 5518 rigor,
3352 5453 3575 5502 rotatus
3633 5445 3777 5501 inde-

2086 5552 2239 5605 cens,
2285 5545 2341 5592 et
2374 5550 2587 5605 procax
2637 5536 2955 5598 oculorum,
3000 5536 3317 5606 improbus,
3359 5535 3470 5590 imo
3519 5532 3774 5590 meretri-

2087 5624 2215 5683 cius
2245 5625 2640 5682 membrorum
2669 5632 2885 5697 gestus,
2921 5626 3076 5682 risus
3115 5625 3431 5688 indecores,
3462 5630 3519 5679 et
3554 5623 3630 5680 ad
3668 5635 3776 5680 om-
