3936 6404
92 364 189 414 597

1321 355 1732 414 OPUSCULUM
1773 357 1863 411 DE
1899 355 2377 413 VIBGINITATE.

3504 360 3606 413 598

91 503 216 545 nem
307 487 614 543 materiam
687 487 953 556 prompti,
1031 486 1298 556 stupidus
1349 465 1424 542 in.
1479 487 1791 542 incedendo
1827 486 2054 556 Aquod
2108 486 2320 556 sapius
2372 486 2732 556 frequentari
2778 486 2964 554 video,
3014 495 3362 557 opponatur.
3434 488 3605 558 Apud

93 592 401 649 gressuum
445 579 654 646 jactus,
711 576 888 630 verba
945 575 1181 644 quidem
1235 576 1422 646 primo
1471 575 1708 642 lasciva,
1745 583 1800 631 et

94 667 278 735 ipsum
313 665 420 735 qui
464 665 613 720 intro
661 663 837 718 fervet
871 677 1130 719 amorem
1162 663 1496 731 redolentia,
1545 673 1800 734 postmo-

95 754 230 808 dum
261 754 534 823 abrupta
559 752 678 822 jam
712 751 1092 820 turpitudinis
1142 751 1555 820 impudentiam
1608 753 1795 822 palam

94 842 407 898 ructantia.
468 842 573 898 Sed
624 841 767 896 tanti
819 840 936 909 typi
980 839 1149 906 elata,
1193 849 1248 896 et
1307 839 1800 909 impatientissime

93 939 250 986 tensa
269 930 553 1002 rigiditas,
589 937 704 985 tam
737 929 1132 984 exsecrandus
1163 929 1358 998 gaudii
1395 929 1572 999 hujus
1606 937 1800 985 tumor

95 1027 324 1088 repente
353 1019 595 1088 deperit,
629 1025 682 1073 et
719 1017 912 1073 subito
956 1017 1096 1072 dum
1131 1017 1470 1087 triumphat,
1529 1017 1796 1073 allectum

95 1115 430 1163 maerentem
458 1115 512 1162 et
565 1106 907 1177 languidum
954 1105 1240 1161 redditum
1278 1107 1440 1161 dolor
1484 1105 1799 1162 intoleran-

93 1197 200 1252 dus
223 1195 526 1252 eviscerat.
561 1196 714 1250 Inter
741 1208 848 1250 sua
896 1195 1050 1249 enim
1084 1209 1357 1264 prospera
1405 1196 1545 1250 dum
1579 1209 1613 1250 a
1659 1195 1792 1264 qui-

95 1286 342 1342 buslibet
370 1284 625 1355 personis
657 1298 766 1338 non
793 1283 958 1339 modo
989 1282 1269 1350 affectari,
1303 1284 1399 1338 sed
1432 1284 1545 1339 alto
1587 1299 1794 1353 super—

95 1373 223 1429 cilio
268 1387 328 1428 se
383 1372 668 1443 postponi,
713 1371 826 1427 imo
869 1386 974 1426 nec
1029 1371 1234 1440 respici
1279 1372 1498 1438 vident,
1559 1372 1632 1428 ab
1662 1372 1794 1438 illis,

97 1462 358 1532 inquam,
401 1460 682 1532 personis,
729 1474 980 1530 quarum
1033 1460 1450 1516 exanimantur
1475 1459 1794 1524 amoribus,

95 1552 139 1606 si
187 1552 364 1606 totius
415 1550 615 1605 mundi
667 1549 862 1604 forma
919 1548 1358 1618 voluptatesque
1406 1555 1793 1618 suppeterent,

97 1639 271 1695 nulla
323 1646 534 1708 prater
573 1651 721 1708 quas
773 1637 1039 1692 ambiunt
1069 1637 1149 1691 eis
1184 1636 1532 1704 sufﬁcerent,
1564 1644 1618 1692 et
1665 1651 1797 1706 qua

91 1728 303 1783 adsunt
362 1726 648 1794 libidines,
710 1740 823 1781 non
871 1733 1007 1781 sunt
1053 1725 1328 1791 remedia,
1361 1725 1502 1780 dum
1547 1725 1794 1781 aliarum

94 1817 352 1873 nondum
384 1816 491 1872 sibi
524 1815 877 1886 subjugatur
905 1814 1198 1884 superbia.

161 1906 334 1976 Apud
365 1913 585 1961 veteres
608 1905 867 1960 ethnicos
896 1903 1134 1972 Cupido,
1171 1903 1409 1959 Veneris
1436 1916 1506 1958 ex
1539 1902 1799 1959 Vulcano

94 1995 264 2062 ﬁlius,
319 1995 533 2060 alatus,
586 1993 765 2049 facem
820 1993 1209 2063 sagittamque
1263 2000 1464 2047 tenens
1543 1992 1800 2062 quolibet

91 2084 465 2155 pingebatur.
515 2081 676 2149 Quod
725 2097 842 2138 non
902 2081 1024 2136 sine
1090 2083 1361 2150 mysterio
1419 2081 1556 2136 huic
1612 2095 1799 2150 opera

93 2187 351 2243 congruo
387 2171 622 2228 minime
647 2171 945 2240 agebatur.
971 2173 1112 2226 Cum
1142 2169 1295 2226 enim
1318 2183 1387 2225 ex
1410 2170 1677 2224 adamata
1707 2184 1798 2225 ve-

93 2269 261 2316 nusta
312 2260 504 2330 specie
547 2258 752 2314 caloris
793 2258 950 2314 illius
997 2258 1250 2324 ﬂamma,
1283 2273 1414 2328 qua
1446 2273 1547 2327 per
1579 2258 1795 2314 Vulca-

93 2364 233 2406 num
271 2350 430 2420 ignis
492 2349 663 2404 deum
698 2355 955 2414 notatur,
991 2347 1312 2403 famulante
1346 2355 1654 2417 generetur
1686 2361 1797 2401 cu-

96 2438 242 2507 pido,
295 2437 350 2492 id
411 2444 496 2492 est
553 2436 811 2492 libidinis
869 2445 1064 2502 astus,
1131 2437 1280 2491 idem
1329 2436 1550 2506 Cupido
1611 2436 1796 2506 primo

94 2525 280 2581 alatus
309 2533 414 2593 est,
458 2525 597 2595 quia
636 2540 808 2595 quem
869 2524 1081 2594 abripit
1126 2525 1427 2592 infelicem,
1473 2525 1526 2580 in
1575 2533 1791 2581 tantam

94 2614 264 2668 libido
293 2614 512 2669 excitat
563 2613 872 2680 levitatem,
926 2620 989 2667 ut
1041 2613 1203 2668 nulla
1252 2613 1568 2684 hypocrisis
1615 2614 1795 2670 animi

93 2704 157 2758 de
186 2703 275 2758 sui
309 2710 597 2772 proventu
621 2702 835 2758 amoris
865 2701 1240 2771 comprimere
1270 2703 1456 2758 valeat
1487 2702 1794 2758 exsultan-

95 2800 222 2848 tem.
261 2792 479 2862 Unipes
508 2791 682 2847 etiam
735 2791 1101 2861 pingebatur,
1135 2805 1253 2859 quo
1293 2790 1494 2846 talium
1526 2805 1794 2847 amorum

93 2880 440 2937 iustabilitas
485 2879 846 2950 signabatur.
901 2879 1098 2934 Cacus
1130 2894 1386 2949 quoque,
1433 2880 1573 2950 quia
1627 2880 1686 2934 in
1726 2880 1796 2935 iis

90 2969 229 3025 nihil
261 2968 629 3038 providentia
659 2975 951 3037 operatur.
1005 2967 1266 3038 Denique
1317 2975 1373 3023 et
1427 2982 1590 3038 puer,
1654 2969 1794 3038 quia

1909 573 2204 631 diabolum
2239 574 2342 644 qui
2373 574 2495 630 suis
2522 574 2668 630 calet
2696 581 2751 630 et
2779 575 2963 646 ;callet
2991 575 3232 644 artibus,
3265 591 3372 633 nec
3418 591 3604 632 anno-

1909 664 2082 731 sitati,
2116 678 2221 720 nec
2251 664 2470 720 decoris
2501 670 2602 719 aut
2633 664 2917 720 indecoris
2951 677 3182 734 parcere
3223 674 3425 735 curat;
3462 665 3604 721 nihil

1909 759 2098 809 tutum
2129 753 2380 822 reperire
2407 766 2662 822 possum.

2582 841 2812 896 CAPUT
2851 841 2950 897 XI.

1979 927 2089 995 Qui
2118 933 2413 983 austeram
2441 928 2623 985 vitam
2651 932 2785 983 sunt
2811 929 3082 1001 professi,
3098 930 3375 1002 quomodo
3404 929 3466 985 in
3485 947 3608 986 car-

1907 1016 2001 1072 πίε
2022 1017 2224 1072 vitium
2252 1015 2462 1072 misere
2495 1017 2790 1073 Labantur.
2817 1047 2888 1059 —
2914 1019 3018 1076 Sed
3050 1019 3234 1089 quari
3267 1020 3483 1075 interea
3511 1035 3607 1076 so-

1911 1106 2003 1174 let,
2035 1114 2090 1162 et
2125 1121 2225 1175 pro
2257 1106 2508 1162 maxime
2539 1106 2686 1162 miro
2718 1107 2970 1162 habetur
3000 1108 3156 1177 apud
3190 1107 3436 1178 aliquos,
3471 1123 3606 1164 cum

1907 1196 2216 1266 cujuslibet
2243 1210 2419 1251 sexus
2443 1210 2687 1264 persona
2735 1195 3150 1252 continentiam
3182 1196 3605 1266 virginitatem-

1906 1298 1977 1339 ve
2005 1284 2254 1354 professa
2283 1283 2338 1337 in
2371 1284 2577 1339 vitium
2624 1284 2758 1351 ruit,
2811 1285 2881 1340 de
2926 1284 3036 1340 illis
3084 1284 3420 1354 prasertim,
3456 1299 3606 1354 quo-

1908 1386 2040 1428 rum
2081 1372 2221 1427 adeo
2276 1371 2461 1427 ardua
2519 1379 2602 1428 est
2654 1372 3013 1428 abstinentia
3084 1372 3366 1428 institutio
3419 1381 3484 1429 ut
3533 1374 3605 1430 ab

1907 1461 2063 1516 omni
2097 1460 2251 1531 quod
2276 1460 2549 1530 coquitur
2596 1469 2804 1530 prater
2842 1476 3048 1532 panem
3087 1476 3145 1517 se
3199 1469 3452 1529 arceant,
3498 1463 3606 1518 tri-

1909 1549 2018 1604 bus
2049 1548 2106 1602 in
2140 1549 2498 1604 hebdomada
2526 1549 2729 1604 diebus
2761 1549 2840 1604 nil
2871 1549 3190 1615 comedant,
3238 1549 3402 1620 gravi
3429 1549 3603 1604 mira-

1908 1638 2037 1693 culo
2092 1637 2232 1694 solet
2293 1651 2414 1693 esse
2464 1638 2966 1708 desperationique
3023 1638 3237 1694 multis.
3297 1639 3366 1693 Et
3421 1633 3608 1694 de‘his

1907 1725 2044 1781 sileo
2099 1740 2245 1796 quos
2303 1726 2705 1792 adolescentia,
2739 1726 2784 1781 si
2828 1726 3120 1793 labantur,
3154 1733 3424 1793 excusat;
3482 1726 3606 1780 illos

1908 1815 2216 1870 adhibeam
2280 1815 2382 1884 qui
2436 1814 2766 1884 juventutis
2824 1813 3146 1870 infortunia
3191 1816 3601 1886 pratergressi,

1907 1917 2040 1959 cum
2065 1903 2370 1959 maturitas
2397 1903 2506 1959 avi
2527 1903 2865 1959 exhausisse
2892 1911 3168 1971 tumores,
3213 1903 3604 1972 bumoresque

1906 1990 2242 2060 passionum
2274 1990 2572 2058 debuerat,
2623 1991 2951 2060 praposteri
2995 1989 3128 2045 facti
3179 1989 3470 2060 spurcitia
3507 1991 3602 2060 ju-

1905 2079 2082 2134 venili
2098 2079 2218 2150 jam
2248 2087 2466 2134 veteres
2510 2079 2972 2149 immerguntur;
3020 2079 3115 2134 sed
3148 2078 3196 2134 si
3249 2092 3456 2134 causas
3504 2087 3594 2134 ta-

1904 2168 2045 2224 lium
2072 2168 2402 2232 ruinarum,
2462 2181 2611 2238 quas
2659 2182 2774 2222 non
2827 2167 3178 2236 repentinas,
3227 2167 3324 2222 sed
3371 2174 3599 2222 antece-

1902 2256 2056 2312 denti
2107 2256 2206 2312 diu
2237 2257 2480 2312 materia
2533 2263 2858 2313 contractas
2917 2255 3186 2322 arbitror,
3247 2256 3601 2325 perpendere

1901 2353 1956 2400 et
1983 2345 2318 2400 examinare
2361 2353 2614 2410 noscent,
2647 2345 2837 2401 dolere
2892 2359 3093 2400 eorum
3141 2345 3424 2414 lapsibus,
3485 2359 3600 2399 non

1903 2434 2102 2489 mirari
2159 2441 2407 2503 possent.
2473 2433 2673 2489 Subita
2743 2434 2883 2489 adeo
2954 2433 3209 2503 aliquem
3269 2432 3601 2489 incursione

1901 2522 2102 2577 cadere
2186 2535 2347 2590 posse
2399 2521 2544 2576 sicut
2606 2535 2711 2576 nec
2755 2519 3006 2590 experiri
3067 2535 3156 2576 me
3204 2520 3464 2590 contigit,
3500 2536 3603 2575 nec

1905 2611 2106 2681 legisse
2156 2610 2396 2665 delinire
2443 2625 2531 2665 me
2577 2609 2861 2677 recordor,
2911 2609 3098 2664 dicere
3128 2609 3365 2665 minime
3397 2609 3597 2664 audeo.

1903 2699 2102 2765 Casus,
2132 2699 2234 2769 qui
2288 2706 2573 2754 vocantur
2614 2698 2815 2766 subiti,
2859 2705 2961 2753 aut
2991 2697 3188 2753 inolita
3233 2697 3471 2765 desidia,
3503 2706 3604 2753 aut

1901 2787 2075 2842 veteri
2107 2787 2348 2843 interius
2393 2787 2741 2843 coalescente
2771 2786 3040 2856 superbia
3083 2786 3204 2841 ﬁeri
3254 2786 3396 2841 mihi
3427 2786 3604 2842 solere

1900 2876 2193 2932 videntur.
2234 2877 2382 2931 Dum
2437 2876 2591 2931 enim
2645 2890 2805 2931 mens
2849 2889 2883 2930 a
2925 2889 3032 2930 suo
3079 2875 3271 2945 rigore
3325 2874 3602 2943 paulatim

1901 2965 2088 3020 laxari
2117 2978 2216 3034 per
2257 2964 2500 3019 minima
2554 2978 2804 3033 quaque
2856 2963 3109 3033 coeperit,
3144 2971 3200 3019 et
3251 2963 3311 3018 in
3351 2970 3602 3032 teporem

91 3058 239 3113 facta
286 3064 345 3113 et
399 3056 554 3112 dicta
617 3055 953 3126 hujusmodi
1012 3054 1176 3110 nulla
1230 3055 1454 3111 ratione
1518 3064 1792 3126 aguntur.
1831 3053 2212 3142 Cpessimum
2269 3052 2328 3106 in
2377 3051 2496 3108 dies
2547 3051 2860 3107 deﬁciendo
2916 3051 3210 3118 deciderit,
3261 3051 3604 3106 succedente

93 3147 292 3201 Facem
323 3145 713 3216 sagittamque
771 3150 940 3210 tenet,
975 3143 1117 3213 quia
1161 3157 1281 3214 cor,
1313 3145 1468 3214 quod
1510 3151 1789 3214 penetrat,

93 3231 502 3288 miserabiliter
553 3231 826 3299 incendit,
884 3232 1098 3302 pariter
1125 3239 1180 3287 et
1212 3232 1500 3287 vulnerat.
1559 3232 1790 3301 Legun-

95 3329 186 3377 tur
232 3328 470 3377 auctore
512 3320 712 3376 Ovidio
753 3321 880 3398 duo
918 3321 1045 3390 ejus
1086 3320 1416 3391 jaculorum
1445 3335 1674 3391 genera,
1709 3321 1790 3376 al-

93 3417 278 3465 terum
310 3409 466 3479 quod
522 3422 717 3464 amare
767 3416 962 3480 cogat;
1013 3408 1262 3465 alterum
1295 3401 1466 3480 cujus
1496 3409 1613 3465 ictu
1644 3415 1781 3464 au

93 3512 252 3554 amor
297 3498 526 3569 frigeat.
577 3499 662 3553 Ad
711 3498 830 3554 hac
876 3498 1058 3568 igitur
1098 3497 1325 3553 funesta
1371 3499 1620 3554 vulnera
1673 3514 1791 3555 me-

91 3585 328 3642 dullitus
374 3586 652 3642 alterutro
699 3600 1040 3656 percussum
1091 3585 1198 3642 telo
1257 3586 1409 3642 dolet
1454 3594 1674 3656 pectus,
1736 3596 1792 3644 et

93 3674 229 3730 dum
267 3675 486 3731 mederi
517 3675 625 3731 sibi
659 3675 937 3731 mutando
971 3689 1194 3730 amores
1224 3674 1452 3744 nititur,
1483 3674 1702 3732 vulnus
1735 3677 1790 3731 in

91 3763 342 3820 deterius
419 3771 848 3835 augmentatur.
921 3764 1161 3822 Mutatio
1226 3764 1380 3820 enim
1456 3773 1792 3836 exaggerat,

93 3853 421 3909 omnimoda
451 3853 695 3909 desertio
715 3860 900 3908 sanat.

161 3941 259 3998 Illo
291 3957 431 3999 sane
459 3942 653 4014 jaculo
684 3941 838 3997 feriri
883 3941 1011 3998 illas
1043 3941 1249 3998 vellem
1279 3955 1412 4012 qua
1442 3942 1796 3998 adamantur

95 4045 378 4099 personas,
434 4031 590 4101 quod
646 4045 900 4087 amorem
975 4031 1180 4102 fugare
1223 4031 1470 4098 dicitur,
1529 4038 1592 4086 ut
1659 4045 1790 4087 cum

95 4127 375 4176 amatores
421 4119 578 4190 rejici
623 4134 681 4174 se
725 4119 1008 4186 viderent,
1061 4120 1261 4175 saltem
1298 4120 1516 4189 pudore
1546 4121 1792 4190 panite—

95 4216 237 4265 rent.
295 4208 578 4279 Apollinis
612 4208 752 4264 illud
785 4207 1221 4264 acerbissimum
1250 4209 1530 4264 damnum
1561 4207 1790 4276 vellem,

98 4304 159 4351 ut
201 4298 410 4367 cupido
461 4298 519 4352 in
551 4297 657 4353 hos
699 4304 945 4352 verteret
978 4297 1192 4352 scilicet
1237 4297 1392 4366 quod
1431 4311 1565 4352 cum
1626 4296 1792 4352 heros

1899 3142 2230 3198 tentationis
2253 3142 2329 3208 vi,
2363 3157 2494 3212 qua
2542 3154 2870 3210 nunquam,
2905 3140 3131 3195 diabolo
3164 3141 3216 3195 id
3246 3147 3599 3209 aucupante,

1900 3231 2076 3286 menti
2121 3232 2369 3286 remissa
2405 3230 2577 3290 deest,
2620 3244 2754 3284 mox
2801 3229 3012 3300 agitari
3041 3229 3112 3284 ad
3144 3228 3426 3298 nequiora
3467 3243 3602 3283 con-

1901 3320 2106 3375 suevit.
2159 3319 2298 3373 Inde
2348 3333 2461 3373 non
2495 3319 2617 3389 jam
2658 3317 2976 3388 insperata,
3032 3318 3128 3373 sed
3160 3317 3308 3373 male
3359 3325 3602 3372 assueta

1901 3407 2263 3478 cogitationis
2312 3407 2674 3477 indulgentia
2733 3407 2791 3462 in
2837 3421 2977 3476 opus
3039 3421 3113 3462 ex
3165 3419 3334 3476 pana
3385 3405 3598 3475 peccati

1902 3497 2177 3557 curritur.
2228 3503 2282 3552 et
2310 3496 2466 3566 quod
2505 3495 2749 3566 turpiter
2795 3503 3133 3565 conceptum
3183 3495 3460 3560 humano,
3492 3493 3600 3549 sub

1900 3586 2188 3656 hypocrisi
2256 3585 2722 3642 abscondebatur
2752 3584 3028 3654 aspectui,
3074 3585 3184 3640 Deo
3227 3583 3383 3654 juste
3450 3581 3602 3638 ulci-

1903 3683 2094 3730 scente
2139 3674 2498 3744 producitur.
2541 3673 2691 3729 Solet
2731 3675 2902 3728 etiam
2950 3679 3196 3728 remotos
3243 3685 3277 3726 a
3336 3670 3600 3727 saculari

1903 3763 2328 3819 cohabitatione
2378 3762 2658 3832 plurimos
2712 3761 3101 3818 confabulatio
3146 3761 3600 3826 mundanorum,

1899 3863 1955 3908 et
1986 3853 2087 3922 qui
2111 3861 2339 3908 terrena
2368 3859 2423 3907 et
2465 3851 2699 3920 sapiunt
2729 3858 2784 3906 et
2833 3856 3092 3920 querunt
3142 3849 3213 3904 ad
3273 3857 3599 3904 extremum

1903 3941 2078 3998 totius
2105 3940 2404 3996 dementia
2435 3939 2847 4009 voraginisque
2877 3938 3180 3994 deducere.

1975 4029 2254 4085 Castilati
2298 4027 2612 4100 invigilans
2643 4028 3058 4098 circumspecte
3077 4024 3389 4080 admodum
3417 4041 3478 4078 se
3503 4041 3601 4096 ge-

1898 4134 2032 4174 rere
2059 4119 2239 4174 debet.
2274 4148 2342 4156 —
2371 4119 2503 4173 Hac
2526 4116 2702 4187 igitur
2737 4123 2791 4172 et
2825 4115 3038 4171 talibus
3075 4113 3305 4179 similia,
3349 4127 3600 4183 quorum

1902 4208 2169 4263 vecordia
2224 4206 2496 4278 gravitati
2544 4219 2658 4260 non
2709 4204 3035 4270 concordat,
3096 4203 3177 4259 sic
3233 4201 3604 4258 attendamur

1901 4295 2117 4352 dixisse
2149 4303 2211 4351 ut
2249 4309 2323 4351 ex
2368 4295 2507 4364 ipsis
2544 4293 2847 4348 contrariis
2882 4307 3014 4363 qua
3043 4304 3299 4362 congrue
3344 4289 3603 4346 salubri-

96 4385 364 4453 prafatus
395 4387 465 4442 de
504 4385 773 4442 draconis
812 4385 970 4440 illius
1016 4385 1201 4441 divini
1232 4385 1475 4441 victoria
1508 4384 1791 4457 juvenili-
1830 4391 1874 4444 D
1909 4392 2110 4454 terque
2139 4384 2366 4456 agenda
2395 4383 2510 4438 sint
2541 4382 2847 4438 videamur
2900 4380 3286 4452 prudentibus
3320 4379 3598 4445 innuisse,

99 4480 181 4528 ter
232 4476 572 4544 superbiret,
623 4489 726 4530 nec
759 4473 1023 4544 jaculum
1054 4473 1345 4544 cupidinis
1383 4475 1505 4544 jam
1548 4474 1794 4539 timeret,

99 4561 361 4632 Daphnes
407 4564 516 4620 sibi
571 4563 747 4620 uuica
814 4562 1082 4632 plumbeo
1141 4562 1274 4630 telo,
1328 4562 1484 4632 quod
1557 4561 1798 4633 fugabat

101 4663 366 4720 amorem,
399 4652 741 4723 percutitur,
799 4659 854 4706 et
882 4651 956 4707 ab
1011 4652 1134 4722 ipsa
1181 4650 1447 4721 protinus
1495 4650 1798 4707 foedissime

101 4739 299 4807 Apollo
327 4740 659 4810 despicitur.
683 4740 728 4796 Ο
766 4741 938 4806 Deus,
973 4739 1121 4795 male
1153 4738 1487 4795 amantibus
1543 4747 1597 4794 et
1641 4740 1711 4795 de
1738 4753 1798 4795 se

103 4829 602 4896 prasumentibus,
633 4828 731 4898 qui
767 4829 908 4884 bene
958 4843 1058 4898 per
1101 4813 1417 4898 superbum
1472 4829 1796 4897 Apollinem

105 4917 449 4987 ﬁgurantur,
492 4917 571 4973 ita
619 4917 939 4987 proveniat,
1005 4917 1147 4972 illud
1210 4916 1500 4986 pracipue
1551 4919 1793 4986 cunctis,

107 5005 201 5073 qui
225 5006 308 5061 sui
344 5007 400 5062 in
437 5007 585 5062 bono
613 5020 813 5062 curam
837 5006 1052 5062 habent
1078 5005 1388 5061 indicimus
1419 5013 1474 5061 et
1497 5020 1799 5062 monemus

106 5101 187 5159 ut,
211 5103 492 5164 quantum
515 5097 730 5150 virtute
751 5095 1135 5164 praemineat,
1152 5094 1532 5164 quantumvis
1558 5095 1802 5164 impene-

109 5183 303 5240 trabile
357 5198 456 5240 cor
498 5184 705 5240 habeat
744 5191 800 5239 et
855 5191 1081 5239 amator
1117 5191 1172 5238 et
1211 5183 1365 5253 quod
1413 5191 1664 5251 amatur,
1720 5184 1800 5239 ita

109 5278 483 5343 utrorumque
502 5270 1254 5338 familiaritasdiscindatur,
1276 5279 1478 5341 utpote
1502 5286 1634 5341 qua
1649 5273 1798 5328 mul-

111 5363 164 5411 to
189 5358 344 5428 pejus
367 5368 641 5430 operatur
671 5374 850 5430 quam
898 5360 996 5422 illa
1025 5359 1428 5430 frequentatio,
1472 5375 1604 5430 qua
1633 5368 1799 5416 utro-

113 5443 278 5514 bique
321 5463 356 5505 a
399 5449 735 5520 quibusque
782 5449 1086 5505 levissimis
1138 5448 1465 5504 inchoatur.
1499 5449 1623 5505 Non
1655 5449 1796 5504 mihi

115 5534 275 5601 gelidi
301 5537 525 5594 senium
558 5536 835 5605 corporis,
863 5545 918 5592 et
961 5536 1245 5592 diuturna
1295 5535 1589 5607 religionis
1617 5551 1798 5606 expe—

114 5624 308 5680 rientia
355 5626 684 5697 objiciatur,
744 5640 857 5680 non
942 5625 1263 5696 .‘Ethiopica
1326 5625 1571 5691 fmditas,
1626 5627 1682 5680 in
1733 5638 1798 5681 eo

1902 4488 1972 4530 ac
1994 4473 2062 4539 si,
2099 4473 2257 4529 verbi
2292 4472 2500 4544 gratia,
2544 4471 2719 4527 alicui
2751 4471 2998 4526 dicerem
3034 4485 3047 4523 :
3085 4469 3281 4525 Perdis
3327 4470 3595 4539 teipsum,

1907 4561 2048 4632 quia
2078 4561 2226 4616 male
2247 4561 2418 4627 vivis,
2442 4567 2496 4615 et
2521 4559 2614 4615 ille
2650 4559 2847 4629 procul
2870 4558 3045 4615 dubio
3077 4557 3154 4614 nil
3187 4557 3344 4613 aliud
3389 4557 3603 4613 intelli-

1907 4658 2085 4722 geret,
2122 4649 2233 4706 nisi
2271 4649 2430 4704 salva
2459 4657 2512 4704 te
2545 4649 2736 4718 ipsum
2771 4647 2915 4704 bene
2947 4646 3214 4702 vivendo.
3250 4646 3382 4701 Hac
3409 4646 3605 4716 itaque

1906 4753 2134 4795 morum
2169 4737 2475 4793 maturitas
2504 4737 2680 4792 totius
2708 4733 3086 4804 temperantia
3129 4740 3214 4788 est
3254 4731 3510 4799 actionis,
3540 4739 3605 4788 ut

1907 4834 2195 4898 quantum
2225 4826 2548 4881 humanum
2597 4831 2698 4890 est,
2761 4823 2840 4878 nil
2869 4822 3063 4877 minus
3106 4819 3479 4876 autbimium
3509 4820 3600 4888 sit,

1907 4923 2190 4986 aspectus,
2243 4929 2431 4970 sermo
2483 4913 2876 4968 membrorum
2910 4917 3118 4974 motus,
3175 4909 3392 4980 gradus
3421 4909 3602 4964 'etiam

1911 5005 2030 5076 ipse
2074 5005 2154 5060 nil
2202 5016 2700 5074 supervacaneum
2743 5000 3059 5071 pratendat
3097 4999 3372 5055 exterius.
3419 4998 3608 5069 Supra

1906 5095 2101 5149 omnia
2156 5095 2392 5150 interior
2439 5091 2617 5147 animi
2664 5090 2865 5160 regula
2922 5096 3038 5144 tam
3087 5087 3283 5143 subtili
3315 5087 3607 5156 provisine

1907 5182 2134 5238 incedat
2196 5190 2259 5238 ut
2309 5182 2469 5237 nullo
2523 5181 2593 5236 ab
2640 5178 2931 5249 aquitatis
2983 5178 3182 5234 ordine
3240 5176 3609 5247 permittatur

1906 5271 2170 5326 derivare
2199 5279 2444 5340 torpore.
2477 5271 2627 5340 Ergo
2657 5269 2799 5323 nihil
2823 5282 3046 5332 eorum,
3077 5281 3208 5337 qua
3229 5279 3362 5321 caro
3382 5265 3608 5322 deside-

1906 5367 2103 5415 ranter
2159 5358 2420 5425 intendit,
2475 5359 2626 5413 intra
2674 5356 2880 5413 mentis
2935 5362 3129 5425 portas
3183 5354 3606 5410 admittendum

1906 5455 2008 5510 est,
2043 5462 2149 5502 nec
2202 5448 2270 5502 ad
2307 5447 2403 5501 illa
2459 5446 2758 5502 oculorum
2812 5444 3234 5514 iutorquendus
3263 5451 3346 5498 est
3404 5442 3604 5510 tuitus,

1909 5550 2158 5607 quorum
2211 5536 2364 5591 cordi
2421 5536 2746 5592 Christiano
2795 5542 3015 5590 constat
3061 5533 3383 5603 prohibitus
3431 5547 3605 5602 appc-
3665 5568 3671 5572 -

1909 5623 2066 5681 titus.
