3936 6420
317 350 421 406 599

1205 347 1266 402 v.
1306 346 1640 404 GUIBERTI
1677 346 1971 403 ABBATlS
2008 348 2071 410 s.
2108 305 2357 403 male:
2397 347 2487 404 on
2527 346 2920 404 novrcnu'ro

3729 350 3843 403 600

388 481 508 538 Sub
565 480 665 538 tali
718 479 896 551 igitur
945 477 1167 551 gerula,
1215 477 1452 548 optimo,
1498 477 1696 546 fateor,
1747 477 2008 535 omnium
2044 480 2093 534 A
2120 477 2256 534 dam
2287 478 2415 535 belli
2444 478 2656 548 optime
2671 480 2859 535 exacti
2888 477 3144 549 praemio,
3177 477 3440 549 quietum
3469 485 3526 536 et
3550 477 3838 546 solidum,

321 569 612 642 provisore
641 576 854 625 sanctae
887 568 1065 640 hujus
1096 566 1329 623 virtutis
1353 567 1690 636 provehitur
1717 567 2008 636 honestas,

317 666 528 729 etquae
559 671 659 728 per
714 672 774 713 se
823 657 1090 728 progredi
1145 670 1262 726 prae
1295 663 1486 711 tenero
1543 655 1735 712 adhuc
1784 656 2010 722 robore,

319 762 424 803 nec
451 761 550 817 per
578 761 637 801 se
665 745 977 802 subsistere
1002 744 1236 808 sufﬁcit,
1269 752 1482 799 sancta:
1515 743 1816 814 gravitatis
1845 742 2011 812 quasi

320 835 731 892 circumcincta
778 840 1154 903 sustenlaque
1200 831 1450 888 brachiis
1490 831 1788 902 repentino
1826 831 2006 898 casui,

317 932 374 981 et
409 923 705 994 ingruenti
743 922 1015 978 molestia)
1045 921 1445 985 subtrahatur,
1499 921 1700 991 sicque
1727 919 1908 977 veluti
1937 920 2011 976 ab

319 1012 552 1068 ineunte
577 1019 740 1067 astato
776 1011 905 1079 ejus
951 1009 1196 1066 solidata
1243 1009 1461 1064 ducatu
1498 1023 1632 1064 cum
1684 1008 1757 1064 ad
1800 1023 2012 1079 prove-

319 1101 551 1156 ctiorem
596 1098 889 1154 devenerit
945 1105 1179 1164 statum,
1249 1104 1428 1152 tracto
1483 1095 1543 1152 in
1592 1105 1864 1152 naturam
1921 1096 2014 1168 pio

320 1203 454 1254 usu,
485 1202 586 1258 per
605 1202 663 1244 se
688 1187 809 1258 jam
841 1185 1059 1241 firmior
1088 1185 1304 1255 ubique
1333 1184 1543 1255 vigeat.
1589 1183 1692 1239 Sed
1724 1184 1866 1255 quia
1897 1200 2013 1240 nu-

322 1278 517 1334 tricem
547 1291 614 1330 ac
639 1274 900 1346 gerulam
950 1287 1051 1344 pro
1093 1281 1292 1329 nostra
1322 1271 1667 1329 facultatula
1715 1273 2014 1330 distribui-

319 1379 468 1434 mus,
514 1365 920 1434 pubescentem
967 1361 1458 1417 adolescentulam
1525 1359 1763 1416 lascivia
1812 1374 2012 1430 super-

318 1453 485 1510 biave
531 1452 840 1524 pulsatam,
893 1449 1027 1520 quis
1061 1449 1339 1520 magister
1388 1449 1694 1519 deprimat,
1747 1455 1802 1505 et
1831 1448 2014 1504 inter-

317 1541 512 1609 misso,
581 1540 875 1610 objectove
935 1536 1226 1608 subjiciat,
1302 1535 1774 1607 remancipetque
1830 1536 2011 1606 operi,

318 1643 484 1700 parce
513 1629 844 1684 dicendum.

391 1715 609 1772 Timori
637 1715 738 1772 Dei
759 1713 1129 1771 studendum.
1170 1742 1241 1753 —
1267 1712 1423 1770 Nihil
1449 1712 1668 1768 aestimo
1700 1711 1799 1768 tali
1828 1711 2015 1768 ofﬁcio

319 1804 530 1876 aptius,
562 1818 739 1876 quam
771 1804 950 1860 divini
997 1803 1216 1859 timoris
1253 1801 1454 1873 jugem
1495 1800 1846 1856 memoriam.
1898 1799 2018 1855 Pri-

319 1909 413 1950 mo
439 1893 675 1964 quidem
715 1906 895 1962 pmnre
929 1891 1223 1963 judicialis
1250 1898 1459 1957 metus,
1491 1890 1538 1946 si
1569 1889 1740 1954 adsit,
1771 1888 1852 1944 nil
1881 1886 2014 1944 ofﬁ—

319 1983 415 2052 cit,
447 1982 563 2038 imo
599 1982 840 2052 prolicit,
886 1981 1026 2036 dum
1070 1978 1464 2036 conversionis
1497 1978 1658 2034 initia
1689 1978 1840 2034 bono
1869 1992 2014 2033 mue-

320 2085 447 2126 rore
471 2070 668 2134 afﬁcit,
693 2077 746 2126 et
779 2069 1014 2125 virtutis
1043 2068 1376 2138 appetenda
1425 2067 1612 2137 prima
1670 2067 2014 2136 plerumque

321 2159 560 2214 materia
587 2159 674 2214 sit.
707 2157 812 2214 Sed
857 2157 949 2212 ille
999 2164 1234 2212 sanctus
1263 2156 1320 2211 in
1351 2155 1630 2211 saeculum
1663 2154 1856 2210 saeculi
1881 2167 2016 2224 per-

320 2260 562 2302 manens
619 2247 788 2302 timor
835 2245 1020 2316 (Ρεαι.
1085 2259 1242 2310 xvut,
1291 2245 1398 2314 l0),
1455 2258 1572 2314 quo
1630 2243 1721 2299 sui
1766 2242 2013 2313 gratiam

319 2334 506 2390 Patris
558 2332 847 2388 offendere
884 2346 1046 2387 mens
1094 2331 1301 2386 devota
1339 2337 1572 2386 veretur
1611 2329 1752 2385 adeo
1788 2331 2015 2386 tuendae

321 2421 638 2492 integritati
688 2419 1048 2478 necessarius
1089 2427 1194 2486 est,
1244 2425 1307 2474 ut
1359 2417 1522 2474 nulla
1565 2418 1688 2474 sine
1753 2417 1849 2473 illo
1889 2417 2018 2488 ejus

322 2510 511 2582 gloria
539 2503 775 2575 constet,
809 2507 973 2563 nulla
1027 2507 1289 2577 inquam,
1323 2521 1455 2576 quae
1484 2507 1608 2561 sine
1641 2505 1770 2574 hac,
1803 2507 2017 2563 amoris

325 2597 538 2654 scilicet
598 2595 778 2652 divini
838 2595 1170 2663 intentione,
1240 2595 1616 2666 parvissimos
1684 2594 2016 2652 tentationis

325 2684 639 2756 cujuslibet
669 2683 918 2754 impetus
939 2683 1182 2739 tolerare
1210 2697 1325 2739 non
1367 2683 1658 2754 praevalet.
1710 2683 1830 2739 Hac
1861 2684 2014 2739 enim

325 2789 422 2844 spe
453 2775 551 2829 Dei
587 2772 906 2828 dilectionis
949 2772 1274 2828 obtinendae
1305 2773 1504 2840 robur,
1561 2780 1762 2828 contra
1807 2780 2016 2829 cuncta

327 2861 663 2918 discrimina
727 2861 955 2932 piorum
1013 2860 1222 2916 animis
1274 2861 1626 2930 innascitur;
1675 2860 1777 2931 qui
1823 2869 2016 2918 castus

325 2949 640 3016 ﬁliationis,
669 2963 786 3005 non
813 2949 1108 3006 servitutis
1136 2950 1304 3006 timor
1345 2951 1536 3020 (Rom.
1567 2964 1685 3017 vm,
1734 2951 1840 3019 l5),
1874 2949 2016 3006 dum

2119 567 2339 638 absque
2371 567 2672 624 insolentia
2702 567 3030 638 cujuspiam
3058 567 3330 624 incursus
3367 567 3562 625 carnis
3593 567 3840 624 habita-

2123 654 2377 710 torulum
2401 662 2584 710 rector
2611 653 2851 724 spiritus
2897 653 3180 721 obtineat,
3214 662 3270 710 et
3325 656 3500 711 totius
3547 655 3838 726 conquie-

2119 750 2241 798 scat
2271 741 2602 799 incendium
2633 742 2930 812 passionis,
2955 756 3132 812 quam
3159 742 3298 798 adeo
3335 742 3566 812 copiosa
3597 755 3834 813 repres-

2121 831 2257 888 serit
2286 831 2647 902 conﬂigendo
2682 832 2828 885 Utl!l‘l
2861 831 3106 886 sudoris.

2194 922 2481 986 Quantum
2509 917 2640 974 boni
2666 936 2735 975 ea:
2762 921 2880 974 (:th
2903 936 2958 972 m
2985 935 3182 974 amore
3226 917 3470 990 pudicus
3487 917 3833 974 exhauriat.

2121 1037 2189 1046 —
2241 1007 2327 1063 Ad
2372 1007 2846 1077 impassibilitatis
2902 1006 3098 1076 itaque
3150 1006 3392 1077 gloriam
3450 1007 3648 1063 anima
3713 1021 3832 1063 suo

2121 1096 2293 1150 etiam
2343 1095 2537 1151 adhuc
2587 1109 2824 1165 corpore
2879 1102 3189 1165 angustata
3238 1094 3594 1164 perveniens,
3654 1103 3834 1152 tanto

2122 1190 2358 1254 tamque
2391 1183 2702 1240 affectuoso
2739 1183 2812 1238 ad
2841 1197 3066 1239 omnem
3114 1181 3382 1253 puritatis
3422 1183 3832 1254 integritatem

2120 1283 2315 1327 amorc
2343 1271 2728 1339 contrahitur,
2777 1279 2843 1328 ut
2893 1285 3009 1328 non
3052 1272 3220 1328 modo
3249 1273 3418 1342 quasi
3463 1271 3828 1328 naturaliter

2123 1359 2344 1430 aliquid
2375 1360 2810 1431 voluptuosum,
2842 1359 2940 1415 sed
2989 1358 3170 1416 veluti
3225 1360 3529 1430 paradisus
3573 1361 3832 1416 amoeni-

2123 1457 2282 1505 tasve
2314 1447 2781 1518 incomparabilis
2807 1447 3075 1519 quaedam
3103 1448 3211 1504 sibi
3244 1449 3528 1516 videatur,
3573 1457 3628 1506 et
3657 1449 3830 1520 quod

2126 1539 2287 1608 prius
2339 1553 2479 1608 pene
2525 1537 2914 1608 importabile,
2974 1551 3134 1594 nunc
3197 1537 3320 1594 leve
3371 1553 3548 1609 supra
3585 1553 3830 1594 onmem

2123 1627 2557 1682 aestimationem
2613 1627 2728 1682 ﬁat.
2785 1627 2882 1682 Isti
2947 1640 3086 1696 ergo
3145 1634 3268 1696 post
3314 1625 3440 1682 illos
3493 1626 3831 1696 praalibatos

2126 1715 2487 1787 paedagogos,
2511 1715 2615 1786 qui
2643 1715 2771 1786 ejus
2799 1714 2993 1771 adhuc
3040 1714 3430 1783 adolescentis,
3481 1714 3830 1784 discipulari

2121 1803 2270 1874 jure,
2305 1803 2523 1874 fregere
2548 1805 2849 1870 cervicem,
2886 1803 2996 1872 isti,
3027 1803 3290 1874 inquam,
3327 1803 3493 1874 quasi
3545 1811 3829 1873 perpetuo

2126 1893 2329 1948 marito
2389 1891 2639 1948 nectitur
2685 1891 3009 1963 virginitas,
3073 1900 3138 1948 ut
3192 1892 3365 1947 etiam
3419 1891 3726 1961 praemulta
3767 1891 3827 1947 vi

2125 1978 2458 2042 dilectionis,
2500 1978 2863 2035 securitatem
2896 1979 2966 2034 de
3011 1993 3120 2034 sua
3168 1978 3228 2034 in
3281 1979 3388 2034 hoc
3435 1979 3646 2036 saeculo
3683 1993 3823 2049 per-

2124 2067 2448 2123 severantia
2504 2074 2834 2136 praesumat,
2883 2075 2958 2134 et,
2988 2067 3156 2138 juxta
3213 2067 3526 2138 quamdam
3586 2066 3829 2139 gloriosi

2123 2155 2356 2212 Antonii
2409 2155 2773 2222 sententiam,
2827 2157 3011 2212 Deum
3065 2170 3184 2212 non
3248 2155 3370 2226 jam
3433 2156 3648 2224 timeat,
3719 2155 3828 2212 sed

2124 2251 2294 2310 amet,
2335 2252 2390 2300 et
2421 2243 2637 2300 bonum
2677 2259 2792 2299 non
2839 2253 2952 2300 tam
2982 2252 3212 2314 propter
3248 2244 3384 2300 boni
3425 2244 3606 2314 ipsius
3657 2259 3825 2315 prm-

2126 2334 2328 2401 mium,
2361 2346 2538 2403 quam
2569 2341 2798 2403 propter
2840 2333 3091 2403 idipsum
3121 2333 3277 2402 quod
3307 2342 3391 2389 est
3443 2333 3683 2400 bonum,
3743 2347 3828 2390 se-

2123 2421 2266 2478 ctari
2294 2421 2520 2476 studeat
2547 2429 2602 2476 et
2634 2429 2932 2490 peccatum
2973 2436 3086 2477 non
3129 2435 3231 2492 pro
3273 2422 3460 2478 debito
3509 2422 3823 2492 supplicio,

2122 2509 2219 2565 sed
2248 2509 2424 2565 solius
2459 2511 2684 2566 tuendae
2713 2525 2832 2566 suae
2877 2511 3148 2567 bonitatis
3195 2510 3462 2582 dilfugiat
3509 2519 3662 2568 voto.
3712 2511 3825 2568 Sed

2123 2595 2194 2650 ad
2222 2595 2620 2665 prosequenda
2647 2602 2852 2651 caetera
2881 2609 3102 2652 eamus.

2771 2684 3003 2741 CAPUT
3042 2685 3168 2740 ΧΠ.

2195 2771 2640 2841 Objectiunculis
2694 2771 2758 2828 in
2785 2771 3054 2828 virtutem
3100 2773 3397 2846 pudicitiae
3425 2773 3562 2846 ﬁeri
3607 2775 3826 2844 solitis,
3906 2829 3909 2854 ε

2123 2864 2461 2921 occurritur.
2501 2895 2570 2905 —
2612 2865 2696 2921 Ad
2727 2866 2883 2922 hunc
2930 2865 3130 2936 igitur,
3173 2881 3206 2922 o
3234 2875 3447 2922 sancta;
3475 2867 3830 2938 integritatis
3903 2863 3910 2872 ”

2124 2954 2340 3010 cultrix
2387 2954 2603 3018 anima,
2665 2961 2840 3009 tanta;
2887 2954 3211 3012 eminentiae
3257 2963 3469 3012 statum
3539 2957 3830 3014 anhelans

321 3052 501 3110 vagos
529 3038 706 3094 animi
754 3037 1062 3110 carnisque
1100 3046 1308 3095 motus.
1345 3037 1566 3094 liberali
1595 3045 1800 3095 curvat
1831 3038 2015 3108 impe-
2053 3052 2094 3108 ο
2126 3042 2266 3098 dum
2329 3042 2550 3098 sincere
2596 3042 2789 3098 vivere
2835 3041 3156 3112 incoeperis,
3206 3051 3320 3100 tute
3378 3045 3830 3114 perseverantiae

323 3125 429 3194 rio,
487 3133 670 3182 tutam
730 3125 975 3183 irruenti
1033 3125 1284 3182 animam
1347 3125 1537 3182 reddit
1575 3125 1861 3196 periculo;
1913 3141 2019 3184 nec

323 3214 552 3284 uspiam
597 3213 828 3270 desidiae
872 3213 1088 3284 prabet
1134 3213 1346 3281 locum,
1392 3215 1494 3286 qui
1538 3213 1811 3272 formidat
1855 3217 2018 3272 amit-

325 3308 441 3358 tere
475 3301 662 3358 solum
711 3301 960 3372 bonum;
999 3315 1106 3358 nec
1154 3301 1333 3372 placet
1367 3302 1476 3358 sibi
1519 3301 1567 3357 si
1625 3303 1862 3373 impune
1916 3317 2014 3374 pa-

323 3397 478 3446 trare
503 3389 671 3447 liceat
713 3389 1040 3460 quidquam
1094 3389 1336 3446 malum.
1367 3389 1673 3446 Accedenti
1723 3391 1902 3462 igitur
1944 3391 2018 3447 ad

325 3477 424 3534 Dei
463 3478 798 3534 servitutem
847 3477 1122 3534 standum
1172 3482 1322 3532 an
1367 3477 1427 3533 in
1453 3478 1681 3548 justitia
1708 3487 1762 3535 et
1816 3479 2019 3535 timore

321 3575 407 3623 est
437 3565 649 3637 (Eocti.
672 3581 732 3632 ιι,
767 3565 840 3637 l).
889 3586 916 3615 ε
951 3565 1162 3622 Beatus
1205 3565 1360 3622 enim
1399 3565 1489 3622 vir
1537 3567 1640 3638 qui
1669 3582 1896 3638 semper
1936 3575 2020 3625 est

322 3654 593 3728 pavidus,
651 3653 756 3726 qui
807 3661 1000 3710 autem
1045 3655 1252 3711 mentis
1303 3663 1387 3712 est
1450 3655 1634 3722 durae,
1686 3664 1916 3714 corruet
1957 3657 2020 3714 in

327 3743 545 3800 malum
572 3742 762 3814 (Prov.
796 3757 998 3810 xxvm,
1032 3743 1136 3814 14).
1175 3764 1196 3792 ι

395 3831 490 3886 Ea:
528 3829 630 3887 Dei
652 3846 851 3888 amore
879 3831 1040 3904 jugi:
1083 3830 1304 3889 laetitia.
1342 3861 1409 3874 -
1453 3832 1560 3889 Sed
1591 3831 1737 3889 tanti
1765 3831 2015 3904 discipli-
2039 3867 2061 3880 ι

326 3934 416 3976 na:
447 3920 774 3977 documenti
804 3921 1041 3978 instanti
1070 3921 1264 3978 studio
1309 3921 1656 3987 informata,
1716 3921 1850 3992 quis
1896 3935 2019 3978 ma-

325 4008 479 4066 ritali
511 4009 881 4067 fmderabitur
921 4010 1062 4082 lege,
1105 4010 1210 4066 nisi
1261 4011 1322 4078 is,
1365 4011 1434 4066 de
1463 4010 1633 4081 cujus
1671 4009 1886 4066 semine
1925 4009 2021 4066 in-

326 4097 592 4155 desinens
619 4098 726 4156 sibi
756 4099 989 4156 accedat
1028 4113 1143 4156 non
1176 4099 1337 4154 aliud
1367 4113 1543 4170 quam
1568 4097 1709 4170 juge
1739 4098 2018 4170 gaudium

327 4195 547 4256 partus,
589 4201 752 4244 amor
771 4187 1032 4244 videlicet
1063 4187 1184 4254 Dei,
1213 4187 1316 4258 qui
1345 4187 1597 4244 charitas
1627 4186 1880 4244 dicitur?
1916 4187 2020 4244 Cui

2121 3130 2452 3201 profuturas
2481 3129 2736 3186 sitienter
2755 3130 2949 3200 accipe
2979 3131 3246 3187 rationes.

2192 3217 2356 3274 Multi
2391 3217 2738 3289 plerumque
2777 3218 3087 3290 cujuslibet
3133 3219 3479 3290 professores
3523 3220 3830 3293 religionis

2121 3305 2231 3361 sibi
2260 3305 2549 3376 objectare
2574 3306 2776 3374 solent,
2809 3321 2927 3362 non
2957 3321 3305 3379 magnopere
3334 3309 3656 3366 curandam
3687 3323 3828 3366 car-

2123 3393 2214 3450 nis
2233 3394 2666 3461 continentiam,
2698 3409 2830 3466 quae
2855 3402 3118 3452 veterum
3157 3396 3418 3467 exemplo
3468 3399 3828 3468 paginarum

2123 3496 2415 3552 nusquam
2451 3497 2594 3553 pene
2616 3483 2900 3550 ﬁrmatur,
2933 3497 3228 3553 nusquam
3255 3497 3330 3540 ex
3368 3493 3652 3556 praecepto
3713 3487 3823 3543 ulli

2123 3571 2410 3627 servanda
2457 3571 2748 3639 indicitur,
2785 3571 2900 3627 imo
2946 3585 3080 3628 cum
3111 3572 3170 3627 in
3221 3573 3517 3644 principiis
3545 3575 3828 3632 humanas

2125 3659 2430 3715 creationis
2468 3659 2638 3716 homo
2676 3673 2793 3716 non
2848 3660 2972 3715 sine
3016 3659 3230 3716 femina
3259 3675 3390 3717 cum
3423 3661 3826 3721 membrorum

2125 3747 2509 3818 competentia
2535 3747 2608 3804 ad
2652 3747 3010 3819 gignendum
3059 3749 3418 3818 producitur.
3448 3749 3730 3822 Crescite,
3770 3757 3830 3808 et

2123 3833 2618 3907 multiplicamini,
2648 3839 2705 3891 et
2738 3835 2954 3907 replete
2977 3839 3194 3892 ten-am
3220 3836 3302 3893 eis
3338 3837 3550 3896 dicitur
3576 3838 3750 3910 (Gen.
3787 3855 3826 3896 ι.

2124 3923 2234 3994 28).
2283 3925 2503 3981 Fatuus
2547 3931 2632 3981 est
2681 3924 2775 3980 cui
2825 3925 2936 3982 tale
3003 3933 3068 3982 ut
3125 3917 3385 3996 excipiat
3425 3926 3640 3999 jugum
3681 3942 3824 3986 sua-

2126 4012 2313 4069 detur.

2197 4101 2408 4158 Contra
2432 4101 2555 4158 hmc
2593 4101 2904 4158 refellenda
2954 4116 3070 4159 non
3097 4117 3246 4174 opus
3281 4111 3364 4160 est
3394 4103 3655 4162 laborare
3692 4121 3824 4163 ser-

2127 4204 2376 4246 monem.
2409 4190 2665 4246 Audiam
2695 4198 2886 4246 tamen
2925 4191 3173 4248 breviter
3202 4193 3382 4249 Deum
3427 4208 3529 4262 pro
3568 4197 3824 4266 tempore

325 4287 456 4330 cum
491 4289 651 4331 nunc
680 4275 912 4331 assidua
963 4274 1147 4331 inesse
1176 4275 1386 4332 laetitiae
1411 4289 1480 4331 ex
1515 4275 1878 4332 conscientiae
1906 4289 2018 4344 pu-
2055 4351 2084 4354 _
2124 4287 2180 4336 et
2211 4293 2387 4334 causa
2431 4279 2656 4336 saculis
2705 4280 2981 4336 mandata
3009 4280 3251 4350 dedisse,
3301 4289 3357 4338 et
3389 4282 3445 4338 in
3478 4283 3639 4340 initio
3684 4299 3819 4354 pro-

326 4361 493 4418 ritate
519 4363 879 4434 dignoscitur
906 4361 1061 4434 (nam
1095 4363 1143 4419 si
1191 4363 1486 4420 saecularis
1510 4378 1672 4420 amor
1705 4377 1843 4420 suos
1884 4363 2014 4420 ina—
2052 4351 2098 4406 Ι)
2128 4367 2394 4439 pagando
2423 4367 2626 4424 semini
2680 4382 2780 4438 per
2825 4382 3080 4424 uxorum
3126 4383 3436 4426 numerum
3485 4351 3704 4428 vacare
3752 4371 3818 4428 li-

328 4449 477 4506 niter
502 4449 796 4508 exsultare
825 4450 978 4519 facit,
1003 4464 1180 4522 quam
1215 4451 1406 4521 potius
1430 4450 1838 4522 spiritualis?).
1871 4449 2019 4518 Quid

327 4552 459 4594 cum
493 4536 567 4594 de
604 4538 855 4594 convalli
914 4539 1024 4596 hac
1066 4539 1279 4596 doloris
1337 4547 1561 4606 erutus,
1605 4539 1764 4595 omni
1817 4539 2018 4596 nubilo

302 4628 598 4696 .caruerit,
631 4627 742 4684 nisi
773 4635 924 4684 totus
953 4627 1012 4684 in
1043 4629 1465 4700 conspectando
1512 4629 1624 4685 Deo
1655 4627 1934 4699 gaudium
1963 4633 2020 4684 et

325 4723 479 4772 totus
503 4716 841 4788 jucunditas
860 4715 1146 4774 erit?Non
1171 4717 1354 4788 igitur
1377 4717 1654 4787 cuiquam
1675 4715 2018 4773 transitoria

325 4805 547 4874 virtuti,
580 4813 645 4862 ut
669 4813 807 4863 sunt
839 4806 976 4862 ﬁdes
1005 4814 1061 4862 et
1091 4819 1237 4876 spes,
1282 4804 1588 4876 virginitas
1620 4811 2020 4862 consummata

324 4894 720 4965 conjungitur,
749 4895 847 4950 sed
866 4894 942 4951 illi
972 4895 1394 4965 quinunquam
1424 4893 1636 4950 excidit
1666 4894 1862 4965 (ICor.
1885 4877 2012 4962 xui,

325 4985 374 5047 8)
407 4991 719 5053 spontaneo
748 4983 951 5052 amori,
983 4983 1088 5054 qui
1133 4997 1293 5040 nunc
1346 4983 1579 5054 quidem
1638 4989 1882 5052 cceptus,
1917 4982 2016 5038 sed

325 5071 384 5126 in
429 5073 592 5143 regni
639 5072 1000 5142 perceptione
1057 5070 1362 5142 perfectus,
1434 5071 1716 5143 gloriosus
1792 5070 2016 5128 inﬁnite

326 5159 436 5216 Deo
465 5160 535 5217 de
579 5175 689 5217 sua
737 5160 1001 5218 felicitate
1048 5160 1460 5233 gratulabitur.
1496 5160 1626 5217 Post
1668 5164 1750 5217 tot
1795 5167 1850 5216 et
1897 5167 2013 5216 tam

321 5262 528 5319 graves
551 5249 743 5305 carnis
775 5249 1130 5320 spiritusque
1166 5263 1526 5322 congressus,
1562 5257 1688 5320 post
1725 5248 2016 5307 tumultus

321 5344 376 5393 et
405 5335 817 5393 desideriorum
865 5337 1080 5394 levium
1113 5351 1280 5394 voces
1309 5337 1856 5408 importunissimas,
1883 5351 2014 5408 quia

319 5438 454 5482 cum
485 5432 642 5482 tanto
691 5425 900 5482 sudore
927 5426 1225 5496 comprimi
1267 5427 1467 5496 solent,
1495 5427 1721 5498 justum
1761 5441 1898 5482 sane
1927 5432 2013 5484 est

319 5521 385 5571 ut
415 5521 538 5584 post
566 5522 646 5570 tot
691 5513 907 5584 praelia,
953 5514 1065 5570 Deo
1094 5524 1386 5571 annuente
1417 5529 1634 5586 pacem,
1677 5515 1841 5572 sileat
1882 5529 2011 5570 om-

318 5602 408 5659 nis
437 5609 588 5660 terra
616 5617 651 5658 a
680 5601 822 5658 facie
853 5601 1082 5659 victoris
1106 5603 1360 5672 spiritus,
1394 5611 1450 5661 et
1479 5603 1647 5675 quasi
1680 5617 1780 5674 pro
1810 5604 2008 5677 cujus-

2124 4457 2312 4512 cuisse
2367 4455 2631 4526 majores,
2690 4457 2788 4513 sed
2830 4471 3102 4513 successu
3147 4466 3542 4516 concrescente
3593 4460 3820 4530 generis

2125 4544 2386 4602 homines
2413 4545 2485 4601 ad
2513 4558 2631 4600 una
2676 4542 2927 4616 legitime
2967 4545 3229 4602 redactos
3258 4547 3384 4618 conj
3397 4547 3551 4618 ugia.
3583 4547 3820 4604 Gentilis

2123 4634 2297 4690 etiam
2329 4633 2439 4689 sub
2486 4633 2593 4689 hoc
2623 4641 2820 4689 tenore
2864 4633 3117 4689 cohibita
3144 4641 3232 4690 est
3259 4635 3510 4692 licentia.
3559 4636 3818 4692 Romana

2123 4736 2359 4794 quoque
2385 4721 2694 4778 liberalitas
2717 4721 3047 4778 adunitates
3065 4722 3340 4794 conjugii,
3364 4723 3624 4793 pariante
3643 4725 3816 4782 etiam

2119 4809 2620 4868 Christianismum
2688 4809 2908 4866 ratione
2962 4810 3262 4866 consensit.
3318 4811 3576 4868 Verbum
3622 4813 3817 4884 itaque

2123 4898 2267 4956 illud
2299 4899 2368 4955 de
2398 4912 2622 4970 genere
2677 4897 3139 4968 multiplicando,
3192 4899 3457 4968 quandiu
3507 4914 3656 4970 opus
3685 4901 3812 4968 fuit,

2123 4985 2328 5056 viguit.
2361 4988 2626 5042 Attamen
2667 4984 2771 5040 etsi
2803 4985 3113 5054 Scripturaa
3156 4984 3236 5041 nil
3265 4985 3338 5042 ob
3387 4987 3812 5046 infamatiouem

2121 5073 2395 5131 connubii
2419 5073 2489 5130 de
2518 5073 2848 5144 virginitate
2861 5073 3156 5142 dixerunt,
3184 5081 3376 5130 tamen
3408 5075 3546 5146 quia
3573 5076 3814 5148 dignum

2119 5169 2242 5219 erat
2272 5169 2336 5218 ut
2361 5161 2461 5218 Dei
2493 5161 2675 5218 Filius
2720 5161 2998 5232 quiddam
3030 5162 3222 5233 majus
3247 5177 3426 5233 quam
3455 5165 3811 5236 conjugium,

2120 5249 2278 5321 quod
2327 5249 2548 5306 bonum
2597 5257 2652 5306 et
2696 5249 3039 5320 legitimum,
3093 5257 3180 5308 est
3220 5251 3562 5319 ostenderet,
3611 5253 3659 5310 si
3699 5268 3811 5310 non

2121 5352 2260 5394 voce
2309 5338 2716 5408 precipiendo,
2773 5345 2964 5394 tamen
2994 5339 3272 5408 exemplis
3313 5339 3626 5409 innuendo,
3659 5342 3808 5412 quod

2118 5439 2190 5482 ex
2219 5426 2348 5496 ejus
2395 5426 2732 5492 imitatione,
2766 5436 2820 5483 et
2865 5428 3186 5484 nativitatis
3231 5429 3515 5500 singulari
3565 5431 3812 5500 puritate

2118 5514 2344 5584 collegit
2373 5513 2702 5570 Christiana
2733 5515 2996 5596 ﬁdelitas,
3042 5531 3311 5573 exercere
3372 5517 3664 5588 praecipua
3691 5527 3813 5578 stu-

2115 5603 2243 5661 duit
2269 5603 2584 5660 voluntate.
3727 5621 3734 5628 ο
