3936 6410
84 350 179 401 601
1325 349 1745 408 OPUSCULUM
1786 351 1876 405 DE
1918 352 2384 408 VIRGINITATE.

3517 365 3622 418 802

152 483 273 538 Nec
302 481 453 538 illud
487 481 790 553 impudens
820 481 1159 554 genitalium
1201 491 1438 540 artuum
1481 499 1800 555 argumen-
1837 488 1886 540 A
1915 484 2126 541 amoris
2177 485 2516 555 promiserat
2574 501 2874 557 personam
2936 489 3214 560 incurrat,
3279 494 3625 553 admonetur

86 579 209 627 tum
242 571 319 626 ad
371 571 617 627 tutelam
666 586 786 627 sua
835 570 1090 627 libidinis
1121 572 1384 639 advocat,
1436 574 1534 628 sed
1575 589 1706 644 qua
1747 574 1809 630 li-

89 669 216 716 cent
245 668 304 715 et
345 675 467 715 non
500 660 877 729 expediunta
933 675 990 716 se
1041 662 1355 730 prudenter
1407 661 1686 728 eliminat,
1746 671 1810 719 ut

93 749 164 803 ad
194 761 264 804 ea
297 763 437 818 qua
470 763 584 804 non
612 749 782 804 licent
812 749 1133 805 evincenda
1163 751 1452 807 robustior
1479 752 1597 806 ﬁat.
1632 770 1660 802 α
1693 752 1805 808 Me-

97 838 208 893 lius
246 851 392 892 sane
427 837 645 893 nubere
671 851 847 908 quam
887 838 975 894 uri
1019 840 1079 909 (Ι
1108 840 1229 896 Cor.
1267 855 1364 907 vn,
1407 840 1479 909 9),
1525 860 1552 889 »
1597 839 1810 896 scilicet

97 927 318 996 quibus
372 925 486 982 illis
530 941 719 996 neque
752 926 1022 997 professio
1071 929 1290 996 obviat,
1354 944 1542 1000 neque
1609 937 1808 985 votum

99 1022 198 1070 aut
237 1029 423 1070 suum
465 1022 568 1070 aut
607 1016 939 1086 cujuspiam
993 1018 1246 1088 parentis
1297 1019 1531 1090 obligat.
1598 1019 1809 1076 Votum

103 1105 359 1174 parentis
408 1104 535 1159 dico
576 1105 894 1160 secundum
945 1106 1102 1176 quod
1147 1121 1394 1163 canones
1433 1108 1571 1179 (27')
1628 1123 1811 1178 usque

99 1193 172 1248 ad
203 1192 671 1249 duodecennium
706 1193 823 1248 fieri
856 1209 1018 1263 posse
1064 1203 1404 1252 sanxerunt.
1450 1197 1565 1252 Hos
1595 1211 1629 1252 a
1683 1205 1810 1254 voto

100 1279 320 1335 resilire
352 1280 722 1352 sacrilegium
772 1283 1199 1351 permaximum
1248 1291 1352 1338 est.
1389 1283 1494 1340 Sed
1536 1285 1624 1341 his
1677 1300 1813 1355 pon-

100 1368 211 1426 dus
239 1369 354 1424 diei
397 1378 572 1427 aestus
617 1371 852 1440 (Matth.
912 1386 1009 1439 xx,
1072 1375 1180 1443 l2),
1244 1373 1300 1428 id
1357 1380 1440 1428 est
1493 1375 1812 1430 anxietates

101 1457 232 1512 vita
288 1457 473 1528 hujus
533 1459 916 1514 tentationum
969 1458 1347 1516 tolerantibus
1409 1463 1645 1531 grande,
1699 1463 1811 1519 imo

98 1544 344 1614 speciale
394 1547 718 1614 pramium,
762 1547 901 1603 dum
949 1549 1030 1604 eis
1073 1549 1366 1605 canticum
1419 1565 1656 1619 novum,
1709 1567 1809 1608 ex-

98 1633 276 1702 ceptis
308 1634 460 1700 aliis,
511 1641 745 1690 cantare
793 1635 967 1691 datur
1014 1637 1222 1707 (Apoc.
1265 1653 1381 1705 xxv,
1426 1639 1504 1708 3),
1558 1641 1614 1695 in
1672 1655 1807 1710 quo,

98 1735 216 1792 pra
247 1722 474 1777 cateris
518 1721 621 1791 qui
661 1722 767 1777 hoc
813 1730 1008 1778 carent
1054 1739 1312 1792 munere,
1360 1727 1674 1798 singularis
1717 1743 1809 1783 eo-

98 1824 229 1866 rum
262 1810 333 1865 de
361 1810 556 1866 carnis
595 1810 918 1882 integritate
950 1812 1148 1869 latitia
1189 1815 1516 1884 denotatur,
1551 1823 1606 1871 et
1655 1815 1809 1884 Agni

95 1897 356 1967 vestigiis
383 1912 738 1968 quocunque
757 1900 930 1969 vadit,
953 1901 1235 1958 inhaerent
1256 1902 1474 1973 (Ibid.),
1508 1903 1647 1973 quia
1677 1917 1810 1956 cum

99 1985 345 2056 reliquis
426 1986 741 2042 virtutibus
821 1988 1167 2046 conformari
1235 1989 1460 2047 Christo
1545 1990 1808 2062 gestiant,

99 2073 370 2129 etiamin
419 2074 527 2129 ista
554 2073 784 2130 acutius
803 2076 1058 2146 ejusdem
1103 2078 1397 2148 gressibus
1465 2092 1808 2149 prosequen-

102 2161 189 2218 dis
231 2161 566 2232 invigilant.
610 2162 716 2218 Sed
758 2163 880 2220 hac
910 2165 1309 2236 vulgatissima
1339 2167 1464 2238 ejus
1515 2167 1642 2222 laus
1705 2173 1806 2223 est.

102 2250 188 2306 Ad
214 2250 331 2306 alia
358 2265 827 2321 promoveamur.

747 2361 978 2419 CAPUT
1019 2363 1171 2418 XIII.

173 2463 358 2517 Caute
399 2481 464 2518 se
489 2469 698 2537 gerant
728 2466 828 2537 qui
867 2467 1243 2524 monasticum
1272 2468 1603 2525 institutum
1645 2471 1811 2536 fuere

99 2551 375 2624 professi.
410 2585 480 2593 —
510 2555 660 2610 Ordo
709 2556 940 2612 illorum
976 2558 1078 2628 qui
1128 2561 1208 2614 ita
1257 2559 1454 2616 vivant
1505 2561 1560 2617 in
1612 2569 1810 2616 sancéa

105 2642 361 2699 Ecclesia
393 2657 511 2699 non
544 2643 834 2713 plurimus
859 2653 962 2700 est.
997 2647 1192 2716 Atqui
1225 2650 1400 2704 sunt?
1432 2650 1547 2704 Aut
1575 2651 1647 2704 ab
1684 2649 1812 2704 aliis

106 2730 330 2786 ineunti
361 2739 529 2788 atate
576 2733 689 2788 Deo
735 2733 1078 2801 offeruntur,
1125 2743 1226 2792 aut
1283 2751 1341 2793 se
1388 2737 1493 2807 ipsi
1538 2736 1806 2793 offerunt.

107 2819 285 2874 Porro
329 2821 537 2876 talium
571 2821 705 2876 vita
737 2829 918 2892 capta
958 2823 1244 2880 munditia
1286 2825 1394 2880 sub
1442 2839 1561 2894 qua
1609 2823 1812 2880 debeat

104 2907 333 2962 cautela
365 2908 540 2964 tutari
594 2909 846 2965 breviter
892 2911 1276 2967 mordeamus.
1328 2913 1519 2968 Primo
1564 2913 1623 2968 in
1677 2913 1812 2982 ipsis

107 2995 393 3065 puerariis
424 2995 786 3065 rudimentis,
818 3005 873 3054 et
909 2999 1099 3068 inepta
1130 2999 1492 3056 familiaritas
1548 3016 1808 3070 expuen-

104 3082 196 3150 da,
231 3092 287 3139 et
310 3083 604 3141 lubricum
633 3086 1142 3158 deceptoriumque
1159 3089 1579 3159 magisterium,
1605 3103 1810 3159 quam-
1851 3091 1894 3148 C

106 3171 195 3226 vis
240 3172 387 3228 alias
445 3173 840 3244 utilissimum,
907 3174 1299 3232 refutandum.
1364 3177 1429 3232 In
1502 3177 1814 3248 primordio

106 3259 256 3314 enim
292 3261 486 3332 colligi
526 3262 669 3318 solet
698 3263 853 3332 quod
883 3264 982 3320 toti
1016 3265 1380 3334 postmodum
1427 3274 1626 3322 noceat
1658 3267 1810 3322 vita.

110 3349 180 3403 At
229 3349 502 3404 introitus
544 3350 662 3419 ipse
691 3350 1102 3419 adolescentia,
1149 3353 1196 3408 si
1249 3354 1506 3410 timorem
1552 3357 1650 3410 Dei
1714 3371 1814 3410 co-

111 3437 304 3493 mitem
360 3438 590 3504 habeat,
641 3439 791 3494 facili
843 3441 1212 3497 tentationem
1267 3443 1669 3514 congressione
1724 3445 1816 3499 de-

110 3526 324 3582 turbat.
377 3527 608 3591 Quanto
662 3541 914 3599 namque
945 3529 1157 3601 aliquis
1183 3531 1482 3600 experitur
1534 3533 1809 3602 carnalia,

109 3628 174 3670 eo
215 3615 435 3671 leviora
482 3616 794 3686 corporalis
835 3618 1122 3687 appetitus
1171 3621 1390 3690 patitur
1436 3621 1810 3678 discrimina:

111 3703 253 3759 Nam
284 3704 431 3774 quid
481 3704 858 3774 periculosius
886 3711 1034 3761 διε
1065 3721 1243 3777 quam
1295 3709 1597 3778 praeterita
1641 3710 1814 3766 volu-

111 3791 284 3860 ptatis
313 3792 634 3848 memoria?
661 3793 897 3848 Talibus
942 3793 1128 3864 plane,
1172 3795 1388 3866 quibus
1428 3811 1571 3854 esca
1611 3798 1816 3854 morti-

113 3876 244 3933 fera
274 3879 523 3935 necdum
573 3879 718 3935 male
749 3880 934 3937 dulcis
971 3896 1138 3952 sapor
1193 3885 1439 3953 inhasit,
1475 3887 1520 3941 si
1545 3887 1814 3944 seducto-

113 3965 183 4020 rii
211 3967 446 4038 collega
479 3967 828 4025 lenocinium
875 3980 1275 4040 aspernentur,
1329 3975 1374 4030 si
1433 3989 1612 4045 vagos
1655 3976 1814 4032 visus

113 4062 435 4126 contegant,
469 4057 517 4112 si
543 4057 614 4113 ad
646 4058 798 4113 viam
839 4061 1252 4131 cogitationum
1307 4078 1576 4120 revocare
1630 4065 1815 4123 sciant

113 4155 352 4212 errores,
386 4145 510 4201 leve
544 4146 604 4202 fit
634 4147 920 4218 quidquid
947 4151 1277 4207 tentationis
1309 4152 1610 4221 ingruerit.

185 4231 374 4289 Solent
430 4242 621 4291 tamen
677 4236 734 4290 hi
789 4251 863 4292 ex
893 4238 1074 4295 nimia
1121 4240 1212 4296 sui
1265 4241 1493 4308 fiducia,
1558 4243 1811 4312 quadam

117 4321 446 4379 curiositate
476 4323 857 4381 videndarum
889 4328 1224 4396 specierum,
1275 4330 1616 4401 plerumque
1667 4332 1811 4387 Iibe-

117 4407 236 4464 rius
265 4424 435 4482 aquo
465 4411 664 4468 laxare
686 4413 982 4483 intuitum,
1007 4423 1061 4471 et
1092 4416 1230 4473 dum
1263 4418 1482 4474 alienas
1524 4434 1814 4490 aucupan-

119 4503 214 4552 tur
266 4498 460 4568 facies,
522 4501 662 4556 dum
739 4503 1005 4574 clypeum
1088 4506 1497 4575 palpebrarum
1571 4509 1815 4565 nimium

119 4591 324 4643 temere
363 4591 438 4645 ab
471 4590 652 4646 oculis
695 4602 982 4660 amovent,
1032 4595 1220 4650 cordis
1276 4596 1479 4652 lumini
1528 4612 1658 4666 qua
1704 4599 1816 4653 im-

122 4675 288 4741 probe
339 4685 690 4735 contuentur
745 4682 995 4737 crudelis
1045 4683 1260 4739 stimuli
1305 4684 1567 4754 jaculum
1631 4686 1818 4742 intor—

118 4773 312 4831 quent.
361 4767 703 4825 Trahuntur
756 4769 937 4840 igitur
982 4785 1082 4841 per
1142 4772 1192 4827 id
1253 4773 1462 4843 sapius
1513 4775 1585 4829 ad
1644 4776 1818 4831 totius

119 4852 249 4906 mali
294 4856 654 4926 voraginem.
703 4859 1048 4930 Contingere
1081 4867 1270 4916 tamen
1321 4863 1460 4917 solet
1509 4870 1572 4918 ut
1627 4878 1817 4933 neque

117 4938 274 4996 visus
299 4944 614 5001 admodum
647 4945 930 5016 incendat,
965 4949 1061 5004 Sed
1112 4949 1335 5018 placide
1385 4951 1454 5005 ad
1501 4952 1814 5008 amandum

118 5028 238 5084 visa
289 5034 551 5100 suadeat,
612 5049 799 5104 neque
859 5037 1268 5105 confabulatio,
1325 5039 1412 5094 vel
1480 5041 1649 5095 etiam
1699 5041 1817 5110 ipse

122 5121 298 5174 tactus
350 5135 780 5193 usquequaque
833 5125 905 5178 ad
965 5125 1386 5195 turpitudinem
1447 5135 1704 5197 proruat,
1763 5135 1818 5183 et

123 5200 242 5261 ideo
267 5206 448 5266 fadus
482 5209 574 5266 ille
620 5212 808 5268 carnis
849 5221 1039 5270 motus
1088 5228 1294 5283 parum
1341 5214 1657 5285 displiceat.
1711 5215 1817 5271 Sed

123 5293 361 5364 animus,
395 5301 608 5370 quavis
637 5301 951 5369 occasione,
983 5303 1296 5373 aliquando
1329 5303 1460 5359 facti
1512 5305 1814 5374 panitens,

125 5381 194 5436 ad
241 5389 630 5454 paenitendum
687 5390 873 5460 culpa
930 5391 1123 5448 dolore
1183 5391 1515 5448 adducitur.
1573 5393 1678 5449 Sed
1747 5407 1818 5448 ne

129 5473 371 5538 perfidia
426 5478 700 5547 probrum
772 5481 927 5550 apud
1003 5495 1132 5536 eam
1210 5481 1305 5537 cui
1379 5482 1815 5552 perpetuitatem

1917 587 1950 629 a
1980 587 2088 628 sua
2118 581 2306 630 mente
2352 582 2416 630 ut
2451 576 2619 645 quasi
2673 577 2860 634 sobrie
2902 578 3023 649 jam
3081 596 3212 636 cum
3264 596 3331 637 ea
3385 591 3624 640 acturus

1920 675 2089 718 usum
2115 661 2512 718 collocutionis
2555 678 2668 719 non
2709 665 2950 721 deserat.
2990 667 3149 723 Unde
3185 669 3244 724 lit
3296 677 3358 726 ut
3403 671 3624 741 absque

1919 748 2040 805 ulla
2097 750 2463 806 cunctatione
2512 765 2675 807 amor
2738 753 2884 809 male
2947 756 3224 824 repetitus
3280 757 3337 811 in
3396 764 3622 814 tantum

1917 837 2207 906 eil'erveat,
2263 846 2326 893 ut
2370 839 2442 892 ad
2501 839 2683 895 imum
2744 841 3170 911 abruptissima
3217 846 3626 914 profunditatis

1917 925 2245 981 avidissime
2292 935 2440 982 ruat.
2476 928 2565 982 Ex
2617 944 2734 998 quo
2790 931 3065 999 providus
3119 932 3297 988 lector
3361 933 3626 990 advertat

1918 1022 2141 1084 quanta
2173 1015 2672 1072 animadversione
2706 1017 2872 1087 primi
2908 1020 3288 1077 tentationum
3345 1022 3621 1089 assultus,

1918 1102 2346 1174 quantumlibet
2371 1103 2700 1170 adulentur,
2736 1105 3024 1162 refutandi
3055 1115 3211 1163 sunt.

1992 1192 2374 1248 Pracavenda
2426 1192 2622 1263 itaque
2665 1193 3016 1262 daemonum,
3083 1196 3170 1252 vel
3211 1196 3392 1266 ipsius
3433 1197 3624 1253 carnis

1921 1279 2248 1336 illecebrosa
2276 1289 2330 1336 et
2360 1281 2553 1336 dolosa
2583 1282 2795 1350 suasio,
2857 1298 2928 1338 ne
2981 1298 3116 1340 cum
3162 1294 3388 1341 nostras
3454 1286 3622 1342 nobis

1921 1369 2164 1425 virtutes
2195 1371 2623 1444 praetendimus,
2660 1376 2717 1426 et
2754 1385 2857 1441 per
2917 1372 3088 1441 plana
3133 1388 3237 1428 nos
3281 1375 3624 1444 campestria

1921 1458 2109 1514 ituros
2146 1459 2510 1526 confidimus,
2553 1459 2609 1514 in
2665 1459 2879 1526 foveas,
2937 1461 3138 1517 fraude
3170 1461 3347 1517 hostis
3391 1463 3626 1532 adoper-

1921 1555 2026 1613 tas,
2087 1547 2440 1602 miserabiles
2515 1548 2914 1603 devolvamur.
2982 1549 3338 1608 Omnimodis
3389 1565 3623 1620 quoque

1922 1636 2185 1706 miroque
2259 1637 2448 1692 studio
2513 1637 2925 1692 attendendum
2982 1653 3072 1704 ne,
3146 1639 3284 1693 dum
3355 1638 3625 1693 volubilis

1921 1722 2152 1776 animus
2202 1721 2428 1790 acriter,
2480 1729 2543 1778 ut
2587 1723 2747 1790 solet,
2810 1723 3203 1778 inastuaverit
3253 1723 3324 1777 ad
3376 1722 3625 1778 videnda

1850 1788 1891 1843 Β
1922 1825 2052 1882 qua
2077 1811 2307 1880 appetit,
2340 1788 2597 1880 cupidini
2630 1788 2843 1866 addicti
2874 1811 3027 1867 oculi
3059 1811 3250 1866 animo
3297 1811 3622 1880 obsequan-

1921 1908 2032 1966 tur,
2077 1899 2236 1970 quia,
2295 1914 2428 1955 cum
2476 1901 2674 1956 crebro
2718 1900 2772 1955 id
2821 1901 2977 1971 quod
3019 1899 3354 1969 simpliciter
3395 1898 3624 1968 respici-

1920 2003 2070 2056 mus,
2124 1988 2290 2044 nobis
2336 1988 2601 2044 atrociter
2670 1995 2890 2055 noceat,
2968 1989 3112 2044 illud
3181 1988 3338 2058 quod
3407 1987 3624 2057 pravia

1919 2084 2107 2132 mente
2149 2077 2300 2131 mala
2349 2076 2429 2142 fit,
2479 2084 2765 2146 quantum
2825 2083 3096 2145 putamus
3153 2074 3434 2130 infelicem
3495 2073 3622 2128 ani-

1918 2179 2073 2220 mam
2119 2163 2432 2220 eviscerat?
2489 2165 2560 2220 Et
2617 2165 2898 2236 contingit
2964 2164 3290 2234 aliquoties,
3347 2171 3408 2218 ut
3490 2177 3624 2218 cum

1917 2254 2040 2309 visa
2071 2254 2143 2309 ad
2176 2253 2404 2308 nullum
2439 2252 2689 2309 calorem
2720 2253 2958 2309 noxium
2986 2253 3274 2308 videntem
3333 2258 3622 2317 moveant,

1918 2349 2106 2398 tactus
2164 2343 2474 2412 procaciter
2529 2349 2916 2411 prasumptus
2972 2341 3032 2397 in
3088 2348 3308 2396 tantam
3372 2339 3627 2395 libidinis

1916 2430 2226 2498 fornacem,
2285 2432 2459 2487 etiam
2517 2439 2707 2486 mente
2759 2431 3009 2486 inaniter
3062 2430 3360 2497 renitente,
3416 2428 3623 2498 praci-

1918 2520 2074 2591 pitet,
2141 2527 2205 2576 ut
2262 2521 2361 2574 vix
2431 2527 2533 2575 aut
2599 2520 2941 2589 neutiquam
3002 2519 3221 2589 absque
3287 2516 3627 2587 contagione

1917 2617 2218 2680 conceptos
2256 2609 2514 2680 digerere
2575 2615 2751 2680 queat
2810 2608 2984 2680 ignes.
3067 2607 3340 2674 Inaniter,
3421 2606 3620 2673 fateor,

1918 2705 2058 2754 tunc
2113 2713 2274 2754 mens
2342 2698 2614 2754 renititur
2686 2706 2750 2752 ut
2806 2697 3160 2767 exstinguat,
3221 2711 3352 2752 cum
3414 2708 3626 2750 manus

1917 2794 2116 2857 sponte
2174 2787 2458 2842 emittitur
2491 2793 2554 2842 ut
2599 2786 2888 2842 incendat.
2937 2786 3060 2841 Non
3120 2785 3305 2841 solum
3375 2783 3628 2853 denique

1917 2874 2077 2930 visus
2102 2875 2403 2940 arcendus,
2449 2879 2636 2929 tactus
2669 2873 2798 2943 plus
2827 2873 2985 2928 omni
3019 2874 3149 2944 igne
3189 2872 3483 2938 vitandus,
3526 2871 3626 2926 sed

1919 2963 2043 3032 ipsa
2107 2977 2388 3033 perquam
2445 2962 2698 3018 maxime
2753 2960 3021 3017 vicinitas
3068 2960 3458 3031 allocutioque
3535 2974 3628 3016 ca-

1919 3051 2130 3106 venda.

2566 3153 2796 3212 CAPUT
2829 3155 2982 3212 XIV.

1997 3263 2210 3330 Quibus
2235 3260 2422 3317 modis
2445 3261 2764 3316 maculetur
2787 3259 3111 3333 virginitas.
3147 3291 3216 3300 —
3256 3261 3444 3326 Quari
3477 3275 3626 3330 pra-

1926 3361 2080 3411 terea
2146 3354 2219 3408 ab
2274 3351 2568 3422 aliquibus
2617 3351 2768 3417 solet
2828 3351 3046 3421 quibus
3095 3351 3370 3420 peccandi
3439 3351 3624 3406 modis

1921 3443 2144 3513 perdita
2173 3441 2477 3511 virginitas
2505 3440 2854 3496 astimetur.-
2881 3442 3016 3504 Qua
3048 3439 3346 3510 inquisitio
3376 3438 3622 3494 nimium

1921 3532 2167 3588 obscena
2205 3530 2448 3595 videtur,
2483 3544 2615 3586 cum
2643 3529 2840 3600 (magis
2888 3529 3086 3584 rimari
3139 3529 3455 3585 debuerant
3507 3541 3627 3598 qua

1919 3621 2155 3678 virtutis
2188 3619 2461 3675 instantia
2487 3618 2714 3688 plenius
2760 3617 3006 3674 obtineri
3052 3626 3255 3687 posset,
3288 3631 3463 3687 quain
3507 3631 3626 3686 quo

1922 3708 2251 3764 discrimine
2331 3705 2509 3776 perdi.
2584 3706 2716 3760 Hac
2771 3706 2925 3760 enim
2989 3705 3230 3774 quaestio
3285 3704 3628 3760 remissioris

1923 3797 2100 3852 animi
2130 3804 2232 3862 est,
2266 3795 2362 3850 illa
2393 3793 2683 3850 ferventis.
2719 3792 2823 3848 Sed
2856 3799 3046 3848 tamen
3091 3793 3232 3863 quia
3278 3793 3337 3848 in
3383 3794 3627 3848 stamine

1922 3887 2072 3943 lineo
2144 3886 2376 3942 laneum
2443 3898 2558 3938 non
2619 3882 2783 3937 debet
2842 3882 3184 3951 subtegmen
3259 3881 3453 3950 inseri,
3512 3881 3628 3950 jnec

1925 3975 2248 4046 grossitudo
2291 3972 2543 4042 corporis
2595 3970 2780 4026 vitiati
2824 3984 2923 4039 spe
2980 3968 3314 4024 subtilitatis
3350 3969 3626 4039 virginea

1922 4063 2157 4136 gloriari
2207 4061 2435 4130 audeat,
2471 4060 2718 4130 quisque
2778 4073 2895 4114 non
2947 4071 3258 4129 quousque
3309 4057 3620 4123 discurrat,

1923 4153 2021 4209 sed
2075 4152 2229 4222 quod
2266 4151 2448 4206 vitare
2491 4150 2715 4205 debeat.
2750 4147 3182 4217 Bestringenda
3234 4145 3424 4201 cordis
3458 4144 3627 4200 lasci-

1924 4241 2031 4297 via
2062 4241 2330 4311 quisquis
2363 4239 2539 4309 hujus
2572 4237 2837 4308 puritatis
2859 4236 3181 4292 obtinenda
3198 4234 3488 4290 studiosus
3519 4240 3624 4301 est,

1923 4338 2219 4400 tantopere
2254 4329 2515 4399 invigilet
2543 4336 2604 4383 ut
2628 4327 2747 4393 vix,
2781 4334 2882 4382 aut
2904 4340 3020 4396 quo
3050 4324 3258 4392 minus,
3301 4337 3402 4380 seu
3435 4322 3630 4378 rarius

1925 4426 2122 4490 potest,
2173 4418 2602 4473 delectationem
2656 4415 2987 4486 hujusmodi
3061 4428 3196 4469 caro
3282 4412 3625 4482 prasentiat,

1924 4523 1995 4564 ne
2048 4508 2167 4563 ulla
2230 4508 2286 4563 vi
2344 4506 2705 4563 delectationi
2764 4518 3078 4560 consensus
3136 4503 3390 4558 accedat.
3469 4501 3628 4557 Beati

1923 4596 2182 4668 Gregorii
2211 4603 2265 4652 et
2306 4610 2423 4651 non
2467 4599 2660 4650 nostra
2706 4594 2989 4649 sententia
3031 4600 3134 4658 est,
3180 4591 3337 4660 quod
3382 4604 3626 4645 consen-

1925 4697 2024 4738 sus
2090 4697 2123 4738 a
2181 4681 2366 4751 culpa
2430 4680 2636 4736 effectu
2702 4693 2821 4734 non
2889 4679 3082 4739 distat,
3151 4691 3284 4732 cum
3361 4676 3629 4731 voluntas

1923 4773 2134 4827 misera
2176 4771 2420 4826 interius
2467 4769 2622 4839 quod
2669 4777 2836 4824 extra
2886 4781 2999 4821 non
3059 4772 3260 4834 potest,
3310 4763 3631 4818 ambienter

1925 4869 2180 4930 peragat,
2231 4858 2279 4914 si
2362 4867 2554 4914 tamen
2634 4859 2784 4913 Deus
2836 4856 3089 4912 districte
3153 4855 3310 4909 hunc
3366 4853 3629 4924 judicare

1926 4963 2027 5018 pro
2039 4956 2228 5018 ponat.

1995 5037 2132 5103 Qua
2199 5036 2378 5108 igitur
2424 5051 2553 5107 spes
2613 5035 2727 5091 illic
2779 5033 3029 5091 exsultet
3098 5031 3466 5104 virginitatis,
3529 5030 3628 5088 ubi

1927 5125 2214 5181 theatrum
2286 5125 2458 5180 totius
2515 5125 2816 5194 perstrepit
2874 5122 3183 5178 faditatis?
3263 5121 3334 5175 Et
3406 5127 3630 5189 patens,

1925 5214 2126 5276 fateor,
2161 5212 2333 5268 ruina
2373 5212 2586 5268 talibus
2618 5212 2760 5267 foret
2801 5211 3014 5276 utilior,
3059 5224 3192 5281 qua
3234 5217 3288 5265 et
3333 5222 3432 5277 spe
3488 5207 3632 5263 falsa

1928 5304 2187 5359 animum
2243 5309 2462 5358 tumere
2519 5309 2758 5367 vetaret,
2827 5309 2882 5356 et
2958 5314 3128 5355 casus
3189 5297 3545 5368 experientia
3597 5310 3633 5351 a

1925 5392 2141 5448 talibus
2197 5389 2442 5446 ulterius
2512 5389 2850 5445 affectandis
2911 5389 3190 5444 acerrime
3268 5387 3630 5453 absterreret,

1927 5481 2072 5536 Cum
2105 5495 2242 5551 ergo
2270 5481 2418 5536 Deus
2457 5480 2596 5550 quid
2625 5479 2797 5550 juste,
2847 5478 2982 5548 quid
3026 5477 3115 5548 pie
3149 5476 3367 5548 judicet
3415 5476 3636 5547 ignore-

196 5639 325 5710 (ἓν)
359 5640 576 5696 Concil.
610 5641 780 5698 Tolet.
815 5658 890 5710 iv,
937 5623 992 5700 Ic.
1025 5645 1124 5711 48;
1167 5643 1546 5712 Triburiens.,
1581 5657 1702 5714 cap.
1740 5645 1790 5696 6.
1817 5643 1958 5701 Vide
1989 5645 2060 5700 ad
2083 5659 2210 5714 cap.
2244 5647 2311 5699 66
2342 5643 2598 5701 Concord
2653 5642 3005 5714 Begularnm
3055 5639 3334 5697 Menardi.
