3936 6424
311 365 420 420 608

1224 361 1286 414 V.
1329 359 1659 417 GUIBERTI
1697 359 1988 414 ABBATIS
2025 359 2081 414 S.
2123 359 2364 416 MANE
2400 361 2490 414 DE
2527 361 2923 418 NOVIGENTO

3717 365 3830 418 604

310 510 464 563 mus,
497 495 708 552 idcirco
763 496 1018 551 sciamus
1062 493 1144 550 nil
1191 493 1262 550 de
1311 492 1544 564 pramio
1602 491 1842 563 virginis
1892 505 1998 548 nos
2034 492 2358 550 Anentiam
2404 494 2718 564 proﬁtetur,
2767 509 2946 565 seque
2993 507 3093 564 per
3143 509 3203 550 se
3259 493 3619 550 tantumdem
3666 492 3830 550 cohi-

313 603 566 656 manere,
621 602 768 659 quos
821 586 1028 643 mentis
1083 585 1334 642 luxuria
1383 584 1697 640 constiterit
1755 583 2002 640 obedire.

315 678 556 734 Frustra
591 676 660 732 de
710 675 938 732 macula
982 673 1250 731 exteriori
1298 672 1607 741 fabularer,
1649 687 1780 744 qua
1825 672 2007 728 inter-

313 762 455 818 dum
517 763 818 834 colloquiis
872 763 1194 834 impudicis,
1252 768 1307 816 et
1372 761 1688 817 inhonestis
1759 761 2008 817 tactibus

311 858 714 923 extorquetur,
759 853 816 908 in
868 852 1083 922 quibus
1121 860 1176 906 et
1221 851 1566 906 naturaliter
1617 850 1795 919 spado
1838 850 2006 921 quis-

312 937 467 1008 piam
515 938 828 1009 ingenitam
873 939 981 995 sibi
1029 938 1104 994 ab
1147 945 1278 993 ortu
1326 937 1516 992 carnis
1598 936 2003 1008 integritatem,

313 1037 414 1094 per
443 1025 592 1080 hanc
635 1027 1062 1095 spurcissimam
1091 1025 1268 1082 animi
1300 1024 1726 1095 corruptionem
1783 1025 2006 1096 absque

311 1111 488 1170 dubio
513 1113 815 1172 amitteret.

949 1203 1184 1260 CAPUT
1223 1203 1347 1269 XV,

382 1293 622 1362 Quantis
641 1293 935 1364 voluptate
958 1290 1156 1346 carnis
1180 1289 1441 1345 irretitus
1461 1287 1634 1344 malis
1660 1291 2001 1344 coarctetur.

311 1382 508 1438 —Sed
556 1381 696 1452 quia
741 1382 812 1436 ad
861 1381 998 1437 satis
1048 1380 1117 1436 de
1149 1380 1237 1436 bis
1268 1378 1596 1434 infortuniis
1653 1377 1768 1434 huc
1818 1392 2005 1448 usque

309 1469 670 1536 latravimus,
711 1469 1057 1540 integritatis
1112 1468 1291 1538 hujus
1334 1467 1577 1538 gloriam
1627 1465 1697 1522 de
1748 1467 1839 1522 sui
1870 1480 2008 1536 quo-

309 1558 412 1615 ties
479 1558 760 1615 accederit
810 1573 979 1615 casus
1051 1557 1280 1612 miseria
1353 1555 1830 1624 contemplemur,
1926 1555 2005 1610 ait

307 1647 515 1703 nobilis
546 1647 636 1703 ille
665 1655 866 1704 auctor
883 1647 1115 1702 Boetius
1140 1646 1252 1715 (De
1272 1643 1486 1699 consot.
1524 1643 1762 1710 Philam,
1792 1643 1888 1699 lib.
1915 1659 2000 1711 ιιι,

309 1744 491 1794 metro
516 1741 591 1804 7),
622 1749 755 1792 cum
785 1735 855 1791 de
882 1734 1106 1791 latrone
1154 1733 1393 1805 pudoris
1428 1733 1720 1803 voluptate
1765 1739 1959 1804 ageret
1985 1747 1999 1788 :

595 1832 780 1888 Habet
807 1832 913 1887 hoc
949 1831 1216 1902 uoluptas
1235 1829 1455 1896 omnis;

592 1903 866 1959 Stimulis
887 1903 1011 1976 agit
1013 1902 1308 1972 furentes,
1339 1909 1448 1956 etc.

309 2001 414 2059 Sed
466 2000 682 2073 quibus
726 2000 1011 2059 stimulis?
1039 1999 1183 2068 Qua,
1233 1999 1494 2070 inquam,
1521 1996 1732 2054 doloris
1783 1996 2008 2054 insania

308 2089 650 2160 languidum
704 2089 1076 2146 excarnificat
1123 2095 1336 2158 pectus,
1389 2096 1445 2142 et
1491 2085 1633 2142 dum
1686 2085 2006 2141 furibunda

308 2177 561 2234 remedia
639 2176 837 2234 furiosi
886 2174 1144 2246 cupidini
1199 2173 1270 2229 ad
1329 2173 1768 2244 exaggerandas
1824 2172 2007 2228 furias

309 2265 726 2336 exquiruntur,
785 2264 858 2320 ad
918 2270 1206 2319 extremos
1250 2260 1524 2326 defectus,
1597 2268 1652 2316 et
1735 2269 2006 2316 cruentas

311 2359 564 2407 torturas
593 2365 755 2407 mens
783 2349 1042 2420 undique
1080 2347 1288 2414 lacera,
1323 2350 1380 2402 et
1429 2345 1702 2416 dissipata
1747 2347 2004 2403 devolvi-

308 2446 424 2494 tur.
461 2437 576 2494 Etsi
611 2436 913 2507 aliquoties
945 2434 1238 2490 doloribus
1275 2441 1398 2488 acta
1430 2433 1718 2503 paniteat,
1768 2442 2006 2488 exacto-

310 2538 402 2580 res
456 2524 604 2580 illico
662 2523 903 2579 redeunt
965 2521 1301 2586 Pharaonis,
1362 2527 1418 2575 et
1479 2519 1833 2589 ﬂagellatum
1907 2533 2008 2574 cor

310 2612 588 2667 miserum
617 2611 690 2666 ad
717 2609 948 2666 solitum
978 2622 1098 2663 sua
1131 2606 1416 2677 pensionis
1468 2614 1708 2676 cogunt,
1767 2607 2006 2662 duriora

308 2713 534 2770 semper
570 2699 938 2770 adjectantes,
983 2709 1289 2767 properare
1336 2694 1604 2766 vectigal.
1650 2695 1810 2751 Unde
1871 2710 2004 2751 mox

310 2785 384 2841 ad
413 2786 610 2842 odium
639 2784 814 2842 totius
845 2783 1138 2854 religionis
1167 2781 1476 2848 acceditur,
1509 2790 1708 2836 sancta
1751 2782 2005 2837 claustra

309 2879 366 2930 et
418 2873 672 2930 fraterna
721 2869 1100 2926 contubernia
1148 2869 1340 2935 fetent,
1401 2868 1689 2939 quidquid
1737 2883 2003 2940 perverse

309 2962 488 3018 amori
575 2959 804 3026 resistit,
893 2957 1164 3029 quamvis
1241 2956 1545 3028 optimum,
1618 2958 1998 3026 maledicitur,

308 3051 474 3120 capti
508 3047 814 3120 cujuslibet
836 3047 967 3104 boni
993 3045 1324 3116 panitentia
1354 3045 1750 3116 consequitur.

380 3137 641 3193 Pessima
694 3135 859 3192 istius
924 3135 1125 3191 cicuta
1200 3133 1432 3202 primos,
1509 3133 1595 3188 uti
1678 3133 1998 3202 referimus,

306 3223 616 3297 profectus,
677 3228 734 3282 et
791 3223 1048 3295 ejusdem
1119 3221 1382 3278 contrita
1446 3220 1722 3278 obscenos
1775 3223 1997 3291 odores,

304 3326 622 3384 succosque
678 3311 997 3368 mortiferas
1051 3308 1386 3380 pralibatus
1456 3316 1658 3364 auctor
1733 3315 1882 3365 πει
1943 3309 1999 3366 in

306 3400 602 3464 anteriori,
679 3407 746 3456 ut
823 3398 1051 3468 opinor,
1124 3396 1408 3452 sententia
1480 3396 1646 3466 plene
1724 3397 1998 3456 elucidat.

311 3511 333 3538 ι
391 3488 559 3555 Quid,
600 3487 812 3557 inquit,
861 3486 930 3542 de
990 3483 1387 3554 voluptatibus
1440 3482 1688 3553 loquar?
1741 3483 2000 3552 Quarum

305 3577 539 3648 quidem
571 3574 897 3646 appetentia
925 3573 1097 3644 plena
1129 3571 1438 3630 anxietatis
1467 3580 1570 3640 est,
1603 3572 1836 3630 satietas
1867 3588 2002 3630 vero

307 3664 655 3736 panitentia
686 3663 960 3733 (Bosrtus,
991 3676 1164 3732 prosa
1193 3675 1276 3731 ιιι,
1303 3663 1382 3730 7).
1419 3682 1441 3710 ι
1493 3659 1600 3716 Sed
1629 3675 1702 3717 ex
1753 3663 2004 3732 prafatis

306 3755 487 3812 habes
536 3751 906 3808 anxietatem.
966 3751 1104 3820 Qua
1176 3765 1310 3806 vero
1370 3751 1467 3807 illa
1513 3751 1764 3819 satietas,
1823 3766 2000 3822 quam

303 3842 571 3900 venenosi
627 3849 683 3897 et
757 3849 977 3897 atroces
1050 3840 1204 3896 illius
1248 3848 1504 3896 cruenta
1573 3841 2001 3897 comessationis

304 3940 531 4003 gustus,
563 3930 734 4002 cujus
762 3936 881 3985 tam
907 3928 1090 4000 putidi
1121 3935 1258 3985 sunt
1301 3931 1502 3984 ructus
1535 3935 1598 3984 ut
1645 3941 1752 3984 sua
1773 3929 1999 3984 audito.-

305 4036 396 4077 res
424 4020 576 4076 fama
614 4019 902 4075 teterrime
960 4025 1188 4073 vexent.
1251 4015 1434 4088 Cujus
1478 4017 1801 4073 refectionis
1855 4017 2002 4073 defe-

303 4116 430 4167 ctus
461 4107 533 4164 ad
579 4105 844 4163 effectum
897 4105 1130 4175 quidem
1189 4118 1362 4160 suum
1416 4105 1689 4161 momenti
1747 4105 2029 4175 spatium'

303 4211 449 4270 pene
477 4195 706 4262 sufﬁcit,
745 4194 842 4250 sed
875 4193 1086 4248 inﬁniti
1130 4192 1342 4249 doloris
1391 4207 1602 4250 maror
1652 4195 2001 4251 brevissima

303 4280 414 4352 ipsi
441 4280 799 4337 delectationi
841 4279 1113 4336 succedit.
1157 4279 1258 4336 Sed
1308 4281 1441 4351 quis
1492 4282 1740 4337 maror?
1780 4282 2003 4336 acerri-

2116 579 2377 636 biturum
2432 581 2749 652 pollicetur.
2802 583 3096 650 Quantum
3127 597 3199 638 ne
3227 596 3370 638 suus
3409 581 3648 652 quidem
3715 595 3826 651 pa-

2115 674 2248 732 stor,
2283 667 2327 723 si
2361 669 2468 724 sibi
2513 669 2655 725 foret
2701 670 3014 736 confessus,
3061 678 3295 724 arceret.
3341 669 3414 724 At
3462 668 3568 724 ista
3633 666 3830 724 fallax

2115 757 2484 827 prasumptio
2526 757 2673 814 male
2714 757 2898 814 fotum
2932 757 2987 813 in
3019 757 3364 827 multiplicia
3409 756 3660 812 crimina
3705 756 3828 812 cri-

2114 859 2243 901 men
2271 859 2591 917 propagare
2637 846 2902 916 protinus
2935 860 3049 902 non
3080 844 3306 912 desinit,
3341 851 3397 900 et
3426 845 3565 900 dum
3631 843 3830 900 latens

2113 932 2349 990 delectat
2381 949 2479 990 cor
2523 934 2815 1006 iniquitas.
2845 949 3080 1006 quoque
3108 939 3266 1004 pacto
3299 933 3464 1005 signo
3511 933 3599 989 vel
3640 947 3830 1004 opere

2114 1022 2321 1092 quovis
2339 1021 2412 1077 ad
2441 1023 2702 1078 omnium
2743 1023 3078 1092 propalatur
3106 1021 3357 1078 notitias.
3406 1022 3569 1078 Tunc
3619 1022 3824 1092 impu-

2112 1109 2326 1177 dentia,
2383 1117 2437 1166 et
2495 1110 2710 1180 pariter
2761 1110 3050 1166 induratio
3095 1109 3514 1180 consequitur:
3569 1108 3827 1178 reprobo

2113 1211 2308 1266 sensu,
2334 1206 2389 1255 et
2419 1198 2812 1268 desperatione
2833 1199 2904 1254 ad
2938 1199 3205 1255 ultimum
3237 1197 3626 1255 concluditur.

2185 1287 2597 1342 Verecundiam
2637 1300 2776 1342 sane
2812 1294 2944 1342 ante
2997 1295 3294 1356 peccatum
3355 1294 3636 1357 tanquam
3689 1299 3826 1341 ser-

2113 1373 2284 1430 vilem
2379 1382 2594 1430 metum
2664 1374 2861 1431 utilem
2936 1375 3277 1448 plerumque
3351 1375 3620 1441 dixerim,
3691 1379 3824 1442 post

2110 1464 2340 1534 culpam
2400 1471 2556 1520 tanto
2616 1462 3096 1533 perniciosiorem,
3166 1471 3387 1534 quanto
3449 1477 3633 1534 pravo
3709 1476 3822 1517 suo

2112 1552 2319 1623 pudori
2373 1551 2585 1608 tuendo
2633 1565 2932 1622 personam
2999 1551 3210 1608 videris
3283 1567 3398 1607 non
3487 1550 3821 1607 confitendo

2111 1641 2446 1698 cautiorem.
2533 1641 2774 1694 Ametur
2830 1638 3009 1709 igitur
3059 1639 3319 1695 confusio
3368 1653 3500 1710 qua
3562 1638 3817 1709 gloriam

2113 1727 2375 1794 adducit;
2444 1725 2516 1782 ad
2566 1725 2915 1796 Babylonem
2967 1727 3122 1783 enim
3173 1729 3280 1783 hoc
3338 1727 3504 1783 modo
3581 1725 3818 1782 venisse

2045 1789 2086 1844 Β
2117 1789 2434 1886 plurimum
2465 1822 2671 1870 nostra
2692 1789 3022 1871 vliberationi
3058 1815 3301 1886 proiicit.

2753 1902 2984 1960 CAPUT
3014 1903 3163 1960 XVI.

2184 1993 2512 2049 Monastica
2549 1992 2838 2054 instituta,
2857 1992 3123 2064 fugaque
3148 1989 3529 2058 sacularium,
3569 1986 3816 2062 virgini-

2114 2080 2223 2136 tati
2250 2080 2472 2136 tuenda
2519 2080 2799 2152 optimum
2844 2079 3179 2134 remedium.
3216 2110 3284 2120 —
3319 2078 3530 2134 Tacere
3573 2091 3818 2148 prorsus

2114 2185 2219 2227 nos
2254 2169 2618 2240 proposuisse
2647 2169 2716 2226 de
2738 2167 2980 2225 caelestis
3028 2165 3510 2222 remunerationis
3569 2164 3816 2235 quanti-

2113 2265 2246 2324 tate,
2279 2271 2410 2328 qua
2439 2257 2679 2313 debetur
2716 2255 3062 2326 virginibus,
3088 2268 3252 2310 nemo
3290 2253 3553 2319 miretur,
3581 2251 3727 2322 quia
3759 2258 3818 2306 et

2113 2360 2218 2400 nos
2247 2346 2400 2412 latet,
2433 2352 2488 2401 et
2517 2345 2568 2399 ei
2611 2343 2983 2400 enuntianda
3022 2356 3138 2397 non
3189 2340 3528 2405 sufficimus,
3575 2346 3632 2394 et
3679 2353 3815 2408 qua

2112 2447 2229 2489 non
2258 2439 2452 2502 patent
2489 2431 2673 2487 oculis
2719 2431 2935 2500 tepidos
2977 2429 3170 2485 minus
3204 2428 3461 2484 excitant
3494 2427 3809 2490 auditores,

2112 2536 2180 2578 ea
2209 2536 2344 2577 vero
2373 2535 2622 2592 quorum
2670 2520 2820 2576 dura
2856 2519 3212 2590 experientia
3249 2527 3352 2586 est,
3409 2526 3465 2574 et
3521 2533 3654 2588 qua
3708 2517 3814 2572 abs

2113 2607 2369 2679 quolibet
2401 2607 2680 2665 usualiter
2715 2608 2945 2678 probari
2986 2621 3164 2676 quam
3202 2606 3354 2662 mala
3401 2613 3538 2662 sunt
3580 2605 3806 2660 creber-

2111 2699 2254 2755 rime
2279 2699 2479 2764 solent,
2523 2697 2770 2768 exempli
2802 2697 3156 2753 adhibitione
3202 2697 3467 2766 digniora
3515 2695 3658 2752 mihi
3687 2696 3812 2751 visa

2111 2793 2268 2853 sunt,
2313 2793 2374 2842 ut
2402 2786 2603 2842 saltem
2654 2785 2886 2841 horreat
2925 2783 3156 2840 animus
3205 2784 3494 2840 tantillum
3537 2783 3722 2840 mellis
3751 2783 3809 2839 in

2111 2877 2236 2946 apis
2265 2890 2361 2933 ore
2387 2890 2666 2946 quarere,
2688 2875 2827 2931 dum
2861 2875 3116 2945 cogitant
3146 2873 3414 2931 aculeum
3439 2874 3542 2946 qui
3593 2875 3811 2931 cruciet

2111 2964 2294 3021 inesse
2345 2964 2499 3021 illius
2553 2963 2772 3020 cauda.
2825 2963 2896 3019 Et
2949 2963 3088 3021 illud
3129 2963 3420 3020 inculcare
3464 2976 3578 3018 non
3609 2962 3712 3018 abs
3750 2976 3811 3017 re

2109 3058 2213 3119 est,
2247 3051 2404 3122 quod
2438 3066 2505 3108 eo
2535 3050 2768 3107 stimulo
2811 3052 3107 3108 concitatis
3134 3053 3215 3108 nil
3251 3051 3324 3108 sit
3376 3052 3577 3109 utilius
3629 3065 3810 3122 quam

2111 3141 2349 3198 claustri
2435 3140 2884 3210 monasteriique
2975 3141 3348 3212 perpetuitas,
3437 3141 3808 3198 sacularium

2110 3229 2582 3300 quampracipue
2639 3227 2913 3298 colloquii
2964 3227 3107 3299 fuga
3154 3243 3552 3299 personarum,
3605 3243 3808 3285 rumo-

2109 3333 2240 3375 rum
2295 3316 2550 3383 evitatio,
2603 3321 2660 3372 et
2711 3315 2999 3386 quidquid
3051 3317 3310 3374 animose
3386 3317 3637 3374 carnalis
3677 3331 3809 3374 am-

2111 3406 2384 3477 plexatur
2415 3405 2632 3462 electio.

2180 3495 2335 3550 Inter
2393 3507 2524 3564 qua
2581 3505 2944 3562 summopere
3008 3493 3268 3549 ciborum
3333 3500 3387 3548 et
3459 3492 3802 3550 victualium

2106 3581 2368 3638 omnium
2425 3580 2628 3652 ingens
2678 3581 2736 3636 in
2779 3580 3060 3637 sumendo
3107 3580 3374 3636 habenda
3421 3581 3708 3649 discretio,
3750 3590 3807 3637 et

2107 3669 2332 3725 servilis
2371 3667 2536 3724 multi
2585 3668 2774 3738 operis
2818 3667 3113 3736 instantia,
3149 3675 3205 3724 et
3248 3668 3394 3739 jugo
3443 3668 3805 3738 parcimonia

2107 3756 2409 3814 curvanda
2459 3755 2739 3824 ferocitas,
2809 3770 2882 3812 ne
2918 3755 3060 3812 dum
3102 3756 3290 3812 cordis
3343 3758 3630 3813 munditia
3682 3757 3806 3814 sine

2107 3845 2457 3904 abstinentia
2499 3845 2856 3902 exteriorum
2901 3845 3263 3916 voluptatum
3295 3845 3599 3916 quaritur,
3639 3859 3805 3916 qua—

2105 3935 2286 3992 rentis
2313 3933 2571 4000 eil‘ectus,
2605 3941 2670 3990 ut
2700 3934 2948 4005 dignum
2985 3943 3090 4003 est,
3120 3935 3415 3991 cludatur.

2181 4019 2550 4077 Tentationes
2604 4021 2771 4076 Patri
2818 4019 3119 4093 spirituali
3168 4024 3302 4078 sunt
3337 4021 3676 4094 aperienda.
3734 4053 3804 4062 —

2107 4110 2295 4180 Supra
2316 4109 2439 4170 hac
2473 4109 2829 4178 permaxime
2860 4117 2916 4165 et
2943 4115 3200 4166 extreme
3233 4109 3448 4166 bonum
3480 4107 3600 4166 fore
3643 4108 3804 4164 arbi-

2108 4205 2246 4264 tror,
2330 4196 2667 4265 obrepentes
2754 4197 2966 4254 anima
3042 4197 3468 4268 qualiscunque
3557 4197 3801 4254 lascivia

2108 4286 2300 4339 motus
2351 4283 2602 4352 proprio,
2651 4283 2747 4339 cui
2800 4282 2890 4340 sui
2949 4283 3308 4354 potissimum
3355 4283 3596 4354 pertinet
3640 4297 3795 4351 cura,

305 4383 459 4438 mus,
481 4375 537 4425 et
567 4367 788 4424 nullius
811 4367 1006 4422 damni
1037 4367 1364 4438 temporalis
1413 4367 1656 4426 tristitia
1694 4367 1998 4424 conferen-
2037 4383 2081 4438 ι)
2109 4371 2323 4442 pastori
2394 4371 2832 4441 quamprimum
2879 4370 2940 4426 in
3001 4370 3139 4440 ipsis
3193 4371 3578 4443 suggestionis
3631 4371 3800 4428 initiis

305 4459 436 4527 dus,
465 4457 569 4529 qui
599 4458 660 4513 in
693 4463 918 4512 tantum
947 4470 1120 4513 suum
1171 4457 1516 4527 plerumque
1543 4457 1776 4514 stimulo
1825 4471 2001 4528 ango-

303 4547 386 4604 ris
410 4545 630 4616 agitare
681 4543 980 4600 consuevit
1027 4552 1321 4600 auctorem
1372 4553 1438 4602 ut
1490 4546 1723 4616 propria
1746 4545 2001 4615 seipsum

308 4632 544 4690 dextera
572 4632 634 4688 in
687 4631 890 4688 mortis
939 4632 1114 4704 eligat
1171 4633 1530 4704 pracipitare
1585 4633 1893 4689 discrimen
1949 4641 2004 4690 et

307 4735 442 4778 cum
495 4721 806 4792 perpetrati
869 4719 1142 4778 facinoris
1187 4721 1296 4778 sibi
1357 4729 1562 4793 prater
1616 4736 1676 4777 se
1741 4721 2005 4777 conscius

307 4827 423 4868 non
483 4811 713 4881 existat,
771 4813 1058 4868 neminem
1135 4826 1250 4867 non
1315 4814 1460 4868 scire
1515 4813 1805 4868 arbitrans
1882 4826 2004 4868 sua

307 4901 475 4958 dente
496 4899 841 4970 suspicionis
868 4899 1009 4956 adeo
1047 4898 1170 4955 dire
1211 4899 1408 4955 infelix
1457 4899 1688 4955 animus
1742 4899 2006 4955 corrodi-

307 4997 407 5046 tur
435 4997 501 5045 ut
519 4988 640 5059 jam
669 4988 932 5044 omnium
978 4987 1128 5046 inter
1149 5001 1300 5058 quos
1345 4987 1567 5044 habitat
1594 4988 1908 5060 exsanguis
1939 5002 2008 5044 ac

309 5075 577 5146 pavidus,
649 5090 822 5146 super
901 5091 1008 5132 suo
1079 5089 1214 5132 cum
1271 5077 1464 5132 adhuc
1530 5076 1701 5132 lateat
1767 5076 2002 5148 ﬂagitio,

303 5164 592 5236 judicium
627 5163 1009 5236 prastoletur.

379 5252 618 5310 Talibus
646 5253 826 5324 igitur
857 5251 1088 5307 subesse
1124 5250 1440 5320 suppliciis,
1471 5251 1612 5322 quid
1653 5251 1764 5307 nisi
1797 5251 2007 5322 imagi-

309 5341 512 5397 narius
565 5341 802 5412 quidam
861 5339 1124 5395 infernus
1191 5340 1606 5395 verisimillime
1653 5339 2007 5396 astimetur?

312 5428 418 5485 Sed
450 5430 587 5486 dum
619 5440 742 5499 post
774 5429 998 5498 lapsum
1025 5427 1328 5498 aliquoties
1365 5428 1653 5485 erubescit
1696 5428 2008 5483 vehemen-

312 5523 398 5572 ter
425 5515 678 5572 confiteri
725 5516 880 5587 quod
905 5515 1116 5586 egerit;
1169 5516 1322 5585 apud
1364 5531 1422 5572 se
1459 5515 1771 5586 quamdam
1821 5514 2008 5570 conti-

385 5641 500 5712 ('28)
529 5639 668 5697 Vide
693 5654 858 5710 capp.
893 5640 926 5694 4
953 5649 1008 5697 et
1035 5643 1066 5696 7
1099 5639 1334 5712 Regula
1362 5639 1419 5697 S.
1447 5639 1655 5696 Bened.

2112 4458 2364 4530 pandere
2393 4457 2537 4528 (28);
2565 4471 2670 4513 nec
2697 4456 3030 4513 summatim
3055 4465 3159 4514 aut
3187 4459 3473 4527 simulate,
3505 4459 3602 4516 sed
3631 4473 3794 4516 suum

2112 4547 2252 4604 adeo
2281 4554 2568 4618 quantum
2599 4545 2750 4603 valet
2796 4546 3093 4604 denudare
3135 4548 3474 4619 cogitatum,
3527 4556 3592 4605 ut
3622 4556 3797 4606 totum

2110 4652 2170 4694 se
2223 4635 2460 4692 rectoris
2499 4634 2718 4706 judicio
2795 4635 3048 4692 insinuet
3093 4637 3570 4707 gubernandum;
3639 4651 3796 4693 nemo

2111 4725 2263 4783 enim
2311 4725 2456 4782 bene
2501 4724 2771 4782 subditus
2824 4725 2944 4796 regi
2993 4739 3028 4780 a
3067 4725 3300 4796 pralato
3349 4726 3574 4796 poterit,
3636 4724 3798 4796 cujus

2114 4815 2232 4885 ipse
2277 4813 2638 4872 conscientia
2695 4815 2938 4885 ignarus
2977 4815 3102 4870 erit.
3154 4815 3208 4870 Si
3266 4828 3403 4885 ergo
3445 4826 3601 4884 ager
3666 4813 3794 4868 obo-

2112 4903 2291 4959 riente
2337 4902 2536 4959 morbo
2579 4901 2686 4958 sibi
2723 4903 3036 4972 prudenter
3066 4903 3346 4972 providet,
3398 4900 3576 4957 menti
3605 4899 3798 4956 medici

2111 5003 2338 5046 necesse
2390 4996 2475 5044 est
2542 4996 2604 5044 ut
2659 4989 2954 5046 materiam
3015 4989 3372 5060 modumque
3448 4986 3798 5059 agritudinis

2113 5075 2518 5148 pronuntians,
2551 5075 2892 5132 universum
2933 5090 2992 5132 se
3039 5077 3344 5146 mancipet.
3396 5076 3530 5132 Hac
3577 5073 3797 5145 quidem

2113 5165 2260 5222 facto
2293 5164 2515 5236 gravia,
2547 5163 2644 5219 sed
2676 5178 2794 5234 quo
2821 5164 3090 5235 graviora
3109 5179 3176 5220 eo
3205 5165 3456 5220 utiliora.

2187 5251 2402 5320 Quanti
2425 5251 2557 5306 boni
2601 5253 2875 5324 pacisque
2921 5251 3012 5307 vel
3055 5251 3118 5306 in
3157 5253 3262 5306 hoc
3300 5249 3505 5306 saeculo
3553 5247 3799 5305 obveniat

2112 5339 2390 5414 puritatis
2425 5339 2700 5394 studioso.
2736 5369 2802 5379 —
2857 5340 3047 5411 Igitur
3090 5339 3296 5396 tantilli
3351 5337 3564 5394 laboris
3611 5337 3798 5394 virtuti

2115 5429 2420 5500 pramium
2469 5442 2574 5499 ego
2626 5427 2767 5482 mire
2814 5435 3033 5496 potens,
3089 5427 3232 5482 mire
3287 5439 3464 5481 suave
3523 5425 3800 5494 praefigere

2113 5519 2289 5575 etiam
2325 5518 2381 5573 in
2415 5517 2520 5572 hoc
2553 5516 2762 5572 saculo
2804 5515 3073 5579 audeam,
3112 5515 3182 5570 ad
3223 5514 3395 5586 cujus
3435 5515 3798 5584 conlparatio-
