  <div class='ocr_page' id='page_1' title='image "/cluster/home/n/w/nwhite01/storage/ocr_20150623/156-157/uc1.31175010662024/308.png"; bbox 0 0 3936 6406; ppageno 0'>
   <div class='ocr_carea' id='block_1_1' title="bbox 49 366 151 418">
    <p class='ocr_par' dir='ltr' id='par_1_1' title="bbox 49 366 151 418">
     <span class='ocr_line' id='line_1_1' title="bbox 49 366 151 418; baseline 0 0"><span class='ocrx_word' id='word_1_1' title='bbox 49 366 151 418; x_wconf 79' lang='grc'><strong>605</strong></span> 
     </span>
    </p>
   </div>
   <div class='ocr_carea' id='block_1_2' title="bbox 1298 363 2358 422">
    <p class='ocr_par' dir='ltr' id='par_1_2' title="bbox 1298 363 2358 422">
     <span class='ocr_line' id='line_1_2' title="bbox 1298 363 2358 422; baseline 0.001 -2"><span class='ocrx_word' id='word_1_2' title='bbox 1298 363 1716 422; x_wconf 76' lang='lat' dir='ltr'><strong>OPUSCULUM</strong></span> <span class='ocrx_word' id='word_1_3' title='bbox 1755 365 1849 420; x_wconf 84' lang='lat' dir='ltr'><strong>DE</strong></span> <span class='ocrx_word' id='word_1_4' title='bbox 1893 365 2358 422; x_wconf 77' lang='lat' dir='ltr'><strong>VIRGINITATE.</strong></span> 
     </span>
    </p>
   </div>
   <div class='ocr_carea' id='block_1_3' title="bbox 3485 376 3590 429">
    <p class='ocr_par' dir='ltr' id='par_1_3' title="bbox 3485 376 3590 429">
     <span class='ocr_line' id='line_1_3' title="bbox 3485 376 3590 429; baseline 0.01 -1"><span class='ocrx_word' id='word_1_5' title='bbox 3485 376 3590 429; x_wconf 84' lang='lat'><strong>606</strong></span> 
     </span>
    </p>
   </div>
   <div class='ocr_carea' id='block_1_4' title="bbox 51 475 3593 576">
    <p class='ocr_par' dir='ltr' id='par_1_4' title="bbox 51 475 3593 576">
     <span class='ocr_line' id='line_1_4' title="bbox 51 475 3593 576; baseline 0.001 -18"><span class='ocrx_word' id='word_1_6' title='bbox 51 517 183 558; x_wconf 88' lang='lat' dir='ltr'><strong>nem</strong></span> <span class='ocrx_word' id='word_1_7' title='bbox 247 502 526 562; x_wconf 88' lang='lat' dir='ltr'><strong>tantillus</strong></span> <span class='ocrx_word' id='word_1_8' title='bbox 591 516 726 559; x_wconf 90' lang='lat' dir='ltr'><strong>vere</strong></span> <span class='ocrx_word' id='word_1_9' title='bbox 789 475 952 557; x_wconf 90' lang='lat' dir='ltr'><strong>labor</strong></span> <span class='ocrx_word' id='word_1_10' title='bbox 1007 501 1099 557; x_wconf 91' lang='lat' dir='ltr'><strong>ille</strong></span> <span class='ocrx_word' id='word_1_11' title='bbox 1149 508 1404 571; x_wconf 78' lang='lat' dir='ltr'><strong>putetur.</strong></span> <span class='ocrx_word' id='word_1_12' title='bbox 1476 502 1775 558; x_wconf 88' lang='lat' dir='ltr'><strong>Neminem</strong></span> <span class='ocrx_word' id='word_1_13' title='bbox 1813 502 1860 555; x_wconf 86' lang='lat' dir='ltr'><strong>A</strong></span> <span class='ocrx_word' id='word_1_14' title='bbox 1892 516 1994 557; x_wconf 89' lang='lat' dir='ltr'><strong>nos</strong></span> <span class='ocrx_word' id='word_1_15' title='bbox 2022 502 2295 572; x_wconf 86' lang='lat' dir='ltr'><strong>qualibet</strong></span> <span class='ocrx_word' id='word_1_16' title='bbox 2337 517 2610 573; x_wconf 85' lang='lat' dir='ltr'><strong>nequam,</strong></span> <span class='ocrx_word' id='word_1_17' title='bbox 2643 513 2990 576; x_wconf 75' lang='lat' dir='ltr'><strong>suggerente</strong></span> <span class='ocrx_word' id='word_1_18' title='bbox 3041 505 3252 562; x_wconf 88' lang='lat' dir='ltr'><strong>Satana</strong></span> <span class='ocrx_word' id='word_1_19' title='bbox 3297 514 3352 562; x_wconf 90' lang='lat' dir='ltr'><strong>et</strong></span> <span class='ocrx_word' id='word_1_20' title='bbox 3385 507 3593 563; x_wconf 77' lang='lat' dir='ltr'><strong>acriter</strong></span> 
     </span>
    </p>
   </div>
   <div class='ocr_carea' id='block_1_5' title="bbox 53 590 1776 662">
    <p class='ocr_par' dir='ltr' id='par_1_5' title="bbox 53 590 1776 662">
     <span class='ocr_line' id='line_1_5' title="bbox 53 590 1776 662; baseline -0.001 -15"><span class='ocrx_word' id='word_1_21' title='bbox 53 592 237 662; x_wconf 87' lang='lat' dir='ltr'><strong>hujus</strong></span> <span class='ocrx_word' id='word_1_22' title='bbox 299 592 442 648; x_wconf 88' lang='lat' dir='ltr'><strong>talis</strong></span> <span class='ocrx_word' id='word_1_23' title='bbox 523 590 865 648; x_wconf 86' lang='lat' dir='ltr'><strong>titillationis</strong></span> <span class='ocrx_word' id='word_1_24' title='bbox 941 603 1192 661; x_wconf 88' lang='lat' dir='ltr'><strong>gnarum</strong></span> <span class='ocrx_word' id='word_1_25' title='bbox 1261 590 1415 656; x_wconf 89' lang='lat' dir='ltr'><strong>latet,</strong></span> <span class='ocrx_word' id='word_1_26' title='bbox 1499 598 1563 648; x_wconf 93' lang='lat' dir='ltr'><strong>ut</strong></span> <span class='ocrx_word' id='word_1_27' title='bbox 1629 605 1776 658; x_wconf 90' lang='lat' dir='ltr'><strong>reor,</strong></span> 
     </span>
    </p>
   </div>
   <div class='ocr_carea' id='block_1_6' title="bbox 53 677 1779 750">
    <p class='ocr_par' dir='ltr' id='par_1_6' title="bbox 53 677 1779 750">
     <span class='ocr_line' id='line_1_6' title="bbox 53 677 1779 750; baseline 0 -16"><span class='ocrx_word' id='word_1_28' title='bbox 53 687 283 750; x_wconf 89' lang='lat' dir='ltr'><strong>quanto</strong></span> <span class='ocrx_word' id='word_1_29' title='bbox 339 679 741 750; x_wconf 87' lang='lat' dir='ltr'><strong>suspicionum</strong></span> <span class='ocrx_word' id='word_1_30' title='bbox 783 677 1036 745; x_wconf 86' lang='lat' dir='ltr'><strong>turbine,</strong></span> <span class='ocrx_word' id='word_1_31' title='bbox 1089 685 1150 734; x_wconf 91' lang='lat' dir='ltr'><strong>ut</strong></span> <span class='ocrx_word' id='word_1_32' title='bbox 1199 677 1394 734; x_wconf 91' lang='lat' dir='ltr'><strong>animo</strong></span> <span class='ocrx_word' id='word_1_33' title='bbox 1439 679 1634 735; x_wconf 91' lang='lat' dir='ltr'><strong>adhuc</strong></span> <span class='ocrx_word' id='word_1_34' title='bbox 1684 693 1779 734; x_wconf 91' lang='lat' dir='ltr'><strong>ce-</strong></span> 
     </span>
    </p>
   </div>
   <div class='ocr_carea' id='block_1_7' title="bbox 53 766 1782 837">
    <p class='ocr_par' dir='ltr' id='par_1_7' title="bbox 53 766 1782 837">
     <span class='ocr_line' id='line_1_7' title="bbox 53 766 1782 837; baseline -0.001 -14"><span class='ocrx_word' id='word_1_35' title='bbox 53 768 210 824; x_wconf 88' lang='lat' dir='ltr'><strong>lante</strong></span> <span class='ocrx_word' id='word_1_36' title='bbox 273 769 420 835; x_wconf 88' lang='lat' dir='ltr'><strong>fota,</strong></span> <span class='ocrx_word' id='word_1_37' title='bbox 483 775 587 824; x_wconf 88' lang='lat' dir='ltr'><strong>aut</strong></span> <span class='ocrx_word' id='word_1_38' title='bbox 637 781 807 837; x_wconf 89' lang='lat' dir='ltr'><strong>opere</strong></span> <span class='ocrx_word' id='word_1_39' title='bbox 879 773 1207 836; x_wconf 88' lang='lat' dir='ltr'><strong>perpetrata</strong></span> <span class='ocrx_word' id='word_1_40' title='bbox 1274 766 1450 823; x_wconf 84' lang='lat' dir='ltr'><strong>libido</strong></span> <span class='ocrx_word' id='word_1_41' title='bbox 1513 767 1782 823; x_wconf 85' lang='lat' dir='ltr'><strong>miseram</strong></span> 
     </span>
    </p>
   </div>
   <div class='ocr_carea' id='block_1_8' title="bbox 53 855 1783 926">
    <p class='ocr_par' dir='ltr' id='par_1_8' title="bbox 53 855 1783 926">
     <span class='ocr_line' id='line_1_8' title="bbox 53 855 1783 926; baseline 0 -15"><span class='ocrx_word' id='word_1_42' title='bbox 53 864 228 912; x_wconf 83' lang='lat' dir='ltr'><strong>vexet</strong></span> <span class='ocrx_word' id='word_1_43' title='bbox 288 865 569 923; x_wconf 90' lang='lat' dir='ltr'><strong>mentem,</strong></span> <span class='ocrx_word' id='word_1_44' title='bbox 635 855 872 926; x_wconf 81' lang='lat' dir='ltr'><strong>quantis</strong></span> <span class='ocrx_word' id='word_1_45' title='bbox 925 855 1226 924; x_wconf 90' lang='lat' dir='ltr'><strong>captivum</strong></span> <span class='ocrx_word' id='word_1_46' title='bbox 1282 855 1545 912; x_wconf 84' lang='lat' dir='ltr'><strong>sollicitet</strong></span> <span class='ocrx_word' id='word_1_47' title='bbox 1591 855 1783 911; x_wconf 88' lang='lat' dir='ltr'><strong>homi-</strong></span> 
     </span>
    </p>
   </div>
   <div class='ocr_carea' id='block_1_9' title="bbox 54 942 1779 1013">
    <p class='ocr_par' dir='ltr' id='par_1_9' title="bbox 54 942 1779 1013">
     <span class='ocr_line' id='line_1_9' title="bbox 54 942 1779 1013; baseline -0.001 -14"><span class='ocrx_word' id='word_1_48' title='bbox 54 959 189 999; x_wconf 91' lang='lat' dir='ltr'><strong>nem</strong></span> <span class='ocrx_word' id='word_1_49' title='bbox 230 944 422 999; x_wconf 90' lang='lat' dir='ltr'><strong>curis.</strong></span> <span class='ocrx_word' id='word_1_50' title='bbox 475 942 673 999; x_wconf 87' lang='lat' dir='ltr'><strong>Libido</strong></span> <span class='ocrx_word' id='word_1_51' title='bbox 730 956 868 998; x_wconf 84' lang='lat' dir='ltr'><strong>sane</strong></span> <span class='ocrx_word' id='word_1_52' title='bbox 921 949 1230 1010; x_wconf 88' lang='lat' dir='ltr'><strong>transacta,</strong></span> <span class='ocrx_word' id='word_1_53' title='bbox 1289 951 1354 999; x_wconf 93' lang='lat' dir='ltr'><strong>ut</strong></span> <span class='ocrx_word' id='word_1_54' title='bbox 1395 944 1474 999; x_wconf 93' lang='lat' dir='ltr'><strong>ait</strong></span> <span class='ocrx_word' id='word_1_55' title='bbox 1520 943 1779 1013; x_wconf 90' lang='lat' dir='ltr'><strong>quidam,</strong></span> 
     </span>
    </p>
   </div>
   <div class='ocr_carea' id='block_1_10' title="bbox 56 1030 1785 1111">
    <p class='ocr_par' dir='ltr' id='par_1_10' title="bbox 56 1030 1785 1111">
     <span class='ocr_line' id='line_1_10' title="bbox 56 1030 1785 1111; baseline 0.001 -25"><span class='ocrx_word' id='word_1_56' title='bbox 56 1045 289 1101; x_wconf 89' lang='lat' dir='ltr'><strong>semper</strong></span> <span class='ocrx_word' id='word_1_57' title='bbox 329 1031 426 1088; x_wconf 92' lang='lat' dir='ltr'><strong>sui</strong></span> <span class='ocrx_word' id='word_1_58' title='bbox 477 1031 755 1111; x_wconf 72' lang='lat' dir='ltr'><strong>relinquit</strong></span> <span class='ocrx_word' id='word_1_59' title='bbox 809 1030 1246 1100; x_wconf 80' lang='lat' dir='ltr'><strong>panitudinem.</strong></span> <span class='ocrx_word' id='word_1_60' title='bbox 1297 1032 1368 1088; x_wconf 88' lang='lat' dir='ltr'><strong>Et</strong></span> <span class='ocrx_word' id='word_1_61' title='bbox 1427 1046 1587 1088; x_wconf 90' lang='lat' dir='ltr'><strong>mens</strong></span> <span class='ocrx_word' id='word_1_62' title='bbox 1638 1032 1785 1088; x_wconf 90' lang='lat' dir='ltr'><strong>male</strong></span> 
     </span>
    </p>
   </div>
   <div class='ocr_carea' id='block_1_11' title="bbox 57 1117 1784 1190">
    <p class='ocr_par' dir='ltr' id='par_1_11' title="bbox 57 1117 1784 1190">
     <span class='ocr_line' id='line_1_11' title="bbox 57 1117 1784 1190; baseline 0.001 -17"><span class='ocrx_word' id='word_1_63' title='bbox 57 1121 316 1185; x_wconf 90' lang='lat' dir='ltr'><strong>conscia,</strong></span> <span class='ocrx_word' id='word_1_64' title='bbox 372 1127 436 1175; x_wconf 90' lang='lat' dir='ltr'><strong>ut</strong></span> <span class='ocrx_word' id='word_1_65' title='bbox 483 1119 626 1174; x_wconf 88' lang='lat' dir='ltr'><strong>alter</strong></span> <span class='ocrx_word' id='word_1_66' title='bbox 671 1119 770 1185; x_wconf 88' lang='lat' dir='ltr'><strong>ait,</strong></span> <span class='ocrx_word' id='word_1_67' title='bbox 827 1117 1074 1187; x_wconf 88' lang='lat' dir='ltr'><strong>propriis</strong></span> <span class='ocrx_word' id='word_1_68' title='bbox 1126 1132 1350 1187; x_wconf 89' lang='lat' dir='ltr'><strong>semper</strong></span> <span class='ocrx_word' id='word_1_69' title='bbox 1397 1119 1654 1190; x_wconf 83' lang='lat' dir='ltr'><strong>agitatur</strong></span> <span class='ocrx_word' id='word_1_70' title='bbox 1687 1119 1784 1175; x_wconf 90' lang='lat' dir='ltr'><strong>sti-</strong></span> 
     </span>
    </p>
   </div>
   <div class='ocr_carea' id='block_1_12' title="bbox 60 1205 1785 1276">
    <p class='ocr_par' dir='ltr' id='par_1_12' title="bbox 60 1205 1785 1276">
     <span class='ocr_line' id='line_1_12' title="bbox 60 1205 1785 1276; baseline 0.001 -14"><span class='ocrx_word' id='word_1_71' title='bbox 60 1208 261 1262; x_wconf 89' lang='lat' dir='ltr'><strong>mulis.</strong></span> <span class='ocrx_word' id='word_1_72' title='bbox 328 1207 439 1263; x_wconf 89' lang='lat' dir='ltr'><strong>Sed</strong></span> <span class='ocrx_word' id='word_1_73' title='bbox 498 1207 630 1275; x_wconf 91' lang='lat' dir='ltr'><strong>pius</strong></span> <span class='ocrx_word' id='word_1_74' title='bbox 685 1206 937 1276; x_wconf 88' lang='lat' dir='ltr'><strong>quisque</strong></span> <span class='ocrx_word' id='word_1_75' title='bbox 997 1205 1264 1274; x_wconf 89' lang='lat' dir='ltr'><strong>puritatis</strong></span> <span class='ocrx_word' id='word_1_76' title='bbox 1312 1207 1607 1263; x_wconf 91' lang='lat' dir='ltr'><strong>studiosus</strong></span> <span class='ocrx_word' id='word_1_77' title='bbox 1656 1207 1785 1263; x_wconf 92' lang='lat' dir='ltr'><strong>talis</strong></span> 
     </span>
    </p>
   </div>
   <div class='ocr_carea' id='block_1_13' title="bbox 58 1294 1784 1366">
    <p class='ocr_par' dir='ltr' id='par_1_13' title="bbox 58 1294 1784 1366">
     <span class='ocr_line' id='line_1_13' title="bbox 58 1294 1784 1366; baseline 0.002 -16"><span class='ocrx_word' id='word_1_78' title='bbox 58 1297 364 1365; x_wconf 82' lang='lat' dir='ltr'><strong>spurcitia</strong></span> <span class='ocrx_word' id='word_1_79' title='bbox 416 1296 490 1352; x_wconf 90' lang='lat' dir='ltr'><strong>ab</strong></span> <span class='ocrx_word' id='word_1_80' title='bbox 520 1295 734 1351; x_wconf 90' lang='lat' dir='ltr'><strong>intimis</strong></span> <span class='ocrx_word' id='word_1_81' title='bbox 791 1295 1003 1350; x_wconf 89' lang='lat' dir='ltr'><strong>rudera</strong></span> <span class='ocrx_word' id='word_1_82' title='bbox 1046 1294 1381 1364; x_wconf 88' lang='lat' dir='ltr'><strong>discutiens,</strong></span> <span class='ocrx_word' id='word_1_83' title='bbox 1423 1311 1558 1352; x_wconf 91' lang='lat' dir='ltr'><strong>cum</strong></span> <span class='ocrx_word' id='word_1_84' title='bbox 1589 1311 1784 1366; x_wconf 90' lang='lat' dir='ltr'><strong>corpo-</strong></span> 
     </span>
    </p>
   </div>
   <div class='ocr_carea' id='block_1_14' title="bbox 61 1383 1782 1468">
    <p class='ocr_par' dir='ltr' id='par_1_14' title="bbox 61 1383 1782 1468">
     <span class='ocr_line' id='line_1_14' title="bbox 61 1383 1782 1468; baseline -0.001 -27"><span class='ocrx_word' id='word_1_85' title='bbox 61 1385 175 1441; x_wconf 80' lang='lat' dir='ltr'><strong>reis</strong></span> <span class='ocrx_word' id='word_1_86' title='bbox 223 1386 357 1456; x_wconf 92' lang='lat' dir='ltr'><strong>jam</strong></span> <span class='ocrx_word' id='word_1_87' title='bbox 418 1399 663 1456; x_wconf 89' lang='lat' dir='ltr'><strong>regnare</strong></span> <span class='ocrx_word' id='word_1_88' title='bbox 711 1383 960 1468; x_wconf 79' lang='lat' dir='ltr'><strong>motibus</strong></span> <span class='ocrx_word' id='word_1_89' title='bbox 1005 1385 1263 1454; x_wconf 82' lang='lat' dir='ltr'><strong>coeperit,</strong></span> <span class='ocrx_word' id='word_1_90' title='bbox 1309 1392 1364 1440; x_wconf 90' lang='lat' dir='ltr'><strong>et</strong></span> <span class='ocrx_word' id='word_1_91' title='bbox 1407 1385 1646 1441; x_wconf 89' lang='lat' dir='ltr'><strong>obsoleti</strong></span> <span class='ocrx_word' id='word_1_92' title='bbox 1693 1385 1782 1442; x_wconf 93' lang='lat' dir='ltr'><strong>sui</strong></span> 
     </span>
    </p>
   </div>
   <div class='ocr_carea' id='block_1_15' title="bbox 61 1469 1784 1541">
    <p class='ocr_par' dir='ltr' id='par_1_15' title="bbox 61 1469 1784 1541">
     <span class='ocr_line' id='line_1_15' title="bbox 61 1469 1784 1541; baseline 0 -16"><span class='ocrx_word' id='word_1_93' title='bbox 61 1471 230 1541; x_wconf 87' lang='lat' dir='ltr'><strong>vulgi</strong></span> <span class='ocrx_word' id='word_1_94' title='bbox 261 1471 528 1540; x_wconf 85' lang='lat' dir='ltr'><strong>quadam</strong></span> <span class='ocrx_word' id='word_1_95' title='bbox 572 1470 628 1526; x_wconf 88' lang='lat' dir='ltr'><strong>vi</strong></span> <span class='ocrx_word' id='word_1_96' title='bbox 662 1469 1032 1540; x_wconf 89' lang='lat' dir='ltr'><strong>imperatoria</strong></span> <span class='ocrx_word' id='word_1_97' title='bbox 1079 1469 1278 1526; x_wconf 89' lang='lat' dir='ltr'><strong>sedare</strong></span> <span class='ocrx_word' id='word_1_98' title='bbox 1311 1469 1618 1532; x_wconf 89' lang='lat' dir='ltr'><strong>tumultus,</strong></span> <span class='ocrx_word' id='word_1_99' title='bbox 1654 1471 1784 1540; x_wconf 87' lang='lat' dir='ltr'><strong>quis</strong></span> 
     </span>
    </p>
   </div>
   <div class='ocr_carea' id='block_1_16' title="bbox 63 1558 1784 1629">
    <p class='ocr_par' dir='ltr' id='par_1_16' title="bbox 63 1558 1784 1629">
     <span class='ocr_line' id='line_1_16' title="bbox 63 1558 1784 1629; baseline -0.002 -14"><span class='ocrx_word' id='word_1_100' title='bbox 63 1559 242 1629; x_wconf 84' lang='lat' dir='ltr'><strong>digne</strong></span> <span class='ocrx_word' id='word_1_101' title='bbox 301 1559 550 1615; x_wconf 85' lang='lat' dir='ltr'><strong>disserat</strong></span> <span class='ocrx_word' id='word_1_102' title='bbox 610 1573 743 1628; x_wconf 88' lang='lat' dir='ltr'><strong>qua</strong></span> <span class='ocrx_word' id='word_1_103' title='bbox 785 1558 908 1626; x_wconf 85' lang='lat' dir='ltr'><strong>lux,</strong></span> <span class='ocrx_word' id='word_1_104' title='bbox 963 1572 1094 1628; x_wconf 88' lang='lat' dir='ltr'><strong>qua</strong></span> <span class='ocrx_word' id='word_1_105' title='bbox 1139 1571 1275 1628; x_wconf 89' lang='lat' dir='ltr'><strong>pax,</strong></span> <span class='ocrx_word' id='word_1_106' title='bbox 1323 1572 1455 1628; x_wconf 91' lang='lat' dir='ltr'><strong>qua</strong></span> <span class='ocrx_word' id='word_1_107' title='bbox 1506 1560 1784 1614; x_wconf 83' lang='lat' dir='ltr'><strong>securitas</strong></span> 
     </span>
    </p>
   </div>
   <div class='ocr_carea' id='block_1_17' title="bbox 62 1645 1784 1717">
    <p class='ocr_par' dir='ltr' id='par_1_17' title="bbox 62 1645 1784 1717">
     <span class='ocr_line' id='line_1_17' title="bbox 62 1645 1784 1717; baseline -0.001 -15"><span class='ocrx_word' id='word_1_108' title='bbox 62 1647 225 1702; x_wconf 84' lang='lat' dir='ltr'><strong>cordi</strong></span> <span class='ocrx_word' id='word_1_109' title='bbox 259 1646 420 1702; x_wconf 89' lang='lat' dir='ltr'><strong>illico</strong></span> <span class='ocrx_word' id='word_1_110' title='bbox 451 1645 531 1702; x_wconf 92' lang='lat' dir='ltr'><strong>illi</strong></span> <span class='ocrx_word' id='word_1_111' title='bbox 582 1645 925 1714; x_wconf 88' lang='lat' dir='ltr'><strong>innascitur,</strong></span> <span class='ocrx_word' id='word_1_112' title='bbox 976 1645 1133 1716; x_wconf 92' lang='lat' dir='ltr'><strong>quod</strong></span> <span class='ocrx_word' id='word_1_113' title='bbox 1163 1660 1273 1701; x_wconf 89' lang='lat' dir='ltr'><strong>non</strong></span> <span class='ocrx_word' id='word_1_114' title='bbox 1308 1646 1565 1702; x_wconf 86' lang='lat' dir='ltr'><strong>meditati</strong></span> <span class='ocrx_word' id='word_1_115' title='bbox 1612 1647 1784 1717; x_wconf 89' lang='lat' dir='ltr'><strong>ﬂagi-</strong></span> 
     </span>
    </p>
   </div>
   <div class='ocr_carea' id='block_1_18' title="bbox 61 1733 1784 1804">
    <p class='ocr_par' dir='ltr' id='par_1_18' title="bbox 61 1733 1784 1804">
     <span class='ocr_line' id='line_1_18' title="bbox 61 1733 1784 1804; baseline -0.001 -14"><span class='ocrx_word' id='word_1_116' title='bbox 61 1735 127 1790; x_wconf 91' lang='lat' dir='ltr'><strong>tii</strong></span> <span class='ocrx_word' id='word_1_117' title='bbox 187 1735 428 1792; x_wconf 78' lang='lat' dir='ltr'><strong>foeditas</strong></span> <span class='ocrx_word' id='word_1_118' title='bbox 481 1734 682 1801; x_wconf 86' lang='lat' dir='ltr'><strong>inficit,</strong></span> <span class='ocrx_word' id='word_1_119' title='bbox 741 1748 858 1790; x_wconf 90' lang='lat' dir='ltr'><strong>non</strong></span> <span class='ocrx_word' id='word_1_120' title='bbox 918 1733 1204 1804; x_wconf 86' lang='lat' dir='ltr'><strong>appetitus</strong></span> <span class='ocrx_word' id='word_1_121' title='bbox 1274 1733 1551 1803; x_wconf 88' lang='lat' dir='ltr'><strong>impudici</strong></span> <span class='ocrx_word' id='word_1_122' title='bbox 1609 1735 1784 1789; x_wconf 90' lang='lat' dir='ltr'><strong>ardor</strong></span> 
     </span>
    </p>
   </div>
   <div class='ocr_carea' id='block_1_19' title="bbox 63 1821 1661 1894">
    <p class='ocr_par' dir='ltr' id='par_1_19' title="bbox 63 1821 1661 1894">
     <span class='ocr_line' id='line_1_19' title="bbox 63 1821 1661 1894; baseline -0.001 -16"><span class='ocrx_word' id='word_1_123' title='bbox 63 1823 270 1890; x_wconf 88' lang='lat' dir='ltr'><strong>inurit,</strong></span> <span class='ocrx_word' id='word_1_124' title='bbox 299 1822 472 1879; x_wconf 92' lang='lat' dir='ltr'><strong>nulla</strong></span> <span class='ocrx_word' id='word_1_125' title='bbox 495 1837 627 1894; x_wconf 86' lang='lat' dir='ltr'><strong>qua</strong></span> <span class='ocrx_word' id='word_1_126' title='bbox 657 1836 691 1877; x_wconf 90' lang='lat' dir='ltr'><strong>a</strong></span> <span class='ocrx_word' id='word_1_127' title='bbox 716 1822 832 1878; x_wconf 93' lang='lat' dir='ltr'><strong>Deo</strong></span> <span class='ocrx_word' id='word_1_128' title='bbox 861 1829 1085 1892; x_wconf 86' lang='lat' dir='ltr'><strong>separet</strong></span> <span class='ocrx_word' id='word_1_129' title='bbox 1113 1821 1324 1892; x_wconf 90' lang='lat' dir='ltr'><strong>cupido</strong></span> <span class='ocrx_word' id='word_1_130' title='bbox 1373 1821 1661 1878; x_wconf 87' lang='lat' dir='ltr'><strong>distendit.</strong></span> 
     </span>
    </p>
   </div>
   <div class='ocr_carea' id='block_1_20' title="bbox 136 1910 1780 1982">
    <p class='ocr_par' dir='ltr' id='par_1_20' title="bbox 136 1910 1780 1982">
     <span class='ocr_line' id='line_1_20' title="bbox 136 1910 1780 1982; baseline -0.001 -14"><span class='ocrx_word' id='word_1_131' title='bbox 136 1913 258 1968; x_wconf 82' lang='lat' dir='ltr'><strong>Hoc</strong></span> <span class='ocrx_word' id='word_1_132' title='bbox 284 1918 373 1968; x_wconf 90' lang='lat' dir='ltr'><strong>est</strong></span> <span class='ocrx_word' id='word_1_133' title='bbox 406 1911 549 1968; x_wconf 93' lang='lat' dir='ltr'><strong>illud</strong></span> <span class='ocrx_word' id='word_1_134' title='bbox 594 1910 806 1979; x_wconf 88' lang='lat' dir='ltr'><strong>oleum,</strong></span> <span class='ocrx_word' id='word_1_135' title='bbox 837 1925 955 1982; x_wconf 92' lang='lat' dir='ltr'><strong>quo</strong></span> <span class='ocrx_word' id='word_1_136' title='bbox 1001 1925 1162 1967; x_wconf 91' lang='lat' dir='ltr'><strong>mens</strong></span> <span class='ocrx_word' id='word_1_137' title='bbox 1209 1910 1457 1982; x_wconf 86' lang='lat' dir='ltr'><strong>gloriose</strong></span> <span class='ocrx_word' id='word_1_138' title='bbox 1504 1910 1780 1978; x_wconf 90' lang='lat' dir='ltr'><strong>delibuta,</strong></span> 
     </span>
    </p>
   </div>
   <div class='ocr_carea' id='block_1_21' title="bbox 65 1999 1780 2070">
    <p class='ocr_par' dir='ltr' id='par_1_21' title="bbox 65 1999 1780 2070">
     <span class='ocr_line' id='line_1_21' title="bbox 65 1999 1780 2070; baseline -0.003 -14"><span class='ocrx_word' id='word_1_139' title='bbox 65 2000 272 2056; x_wconf 84' lang='lat' dir='ltr'><strong>faciem</strong></span> <span class='ocrx_word' id='word_1_140' title='bbox 324 1999 770 2070; x_wconf 86' lang='lat' dir='ltr'><strong>contemplando</strong></span> <span class='ocrx_word' id='word_1_141' title='bbox 811 2014 919 2057; x_wconf 89' lang='lat' dir='ltr'><strong>suo</strong></span> <span class='ocrx_word' id='word_1_142' title='bbox 947 1999 1238 2056; x_wconf 88' lang='lat' dir='ltr'><strong>exhilarat</strong></span> <span class='ocrx_word' id='word_1_143' title='bbox 1283 1999 1541 2056; x_wconf 88' lang='lat' dir='ltr'><strong>Creatori</strong></span> <span class='ocrx_word' id='word_1_144' title='bbox 1597 1999 1780 2070; x_wconf 71' lang='lat' dir='ltr'><strong>(Psal.</strong></span> 
     </span>
    </p>
   </div>
   <div class='ocr_carea' id='block_1_22' title="bbox 66 2088 1785 2159">
    <p class='ocr_par' dir='ltr' id='par_1_22' title="bbox 66 2088 1785 2159">
     <span class='ocr_line' id='line_1_22' title="bbox 66 2088 1785 2159; baseline 0.001 -16"><span class='ocrx_word' id='word_1_145' title='bbox 66 2104 183 2156; x_wconf 86' lang='lat' dir='ltr'><strong>cm,</strong></span> <span class='ocrx_word' id='word_1_146' title='bbox 223 2088 340 2157; x_wconf 82' lang='lat'><strong>15).</strong></span> <span class='ocrx_word' id='word_1_147' title='bbox 379 2090 576 2159; x_wconf 88' lang='lat' dir='ltr'><strong>Ipsum</strong></span> <span class='ocrx_word' id='word_1_148' title='bbox 625 2089 795 2145; x_wconf 90' lang='lat' dir='ltr'><strong>etiam</strong></span> <span class='ocrx_word' id='word_1_149' title='bbox 846 2089 1056 2145; x_wconf 85' lang='lat' dir='ltr'><strong>latitia</strong></span> <span class='ocrx_word' id='word_1_150' title='bbox 1109 2089 1323 2157; x_wconf 91' lang='lat' dir='ltr'><strong>oleum,</strong></span> <span class='ocrx_word' id='word_1_151' title='bbox 1371 2102 1488 2159; x_wconf 92' lang='lat' dir='ltr'><strong>quo</strong></span> <span class='ocrx_word' id='word_1_152' title='bbox 1540 2088 1785 2145; x_wconf 88' lang='lat' dir='ltr'><strong>Sanctus</strong></span> 
     </span>
    </p>
   </div>
   <div class='ocr_carea' id='block_1_23' title="bbox 68 2177 1779 2249">
    <p class='ocr_par' dir='ltr' id='par_1_23' title="bbox 68 2177 1779 2249">
     <span class='ocr_line' id='line_1_23' title="bbox 68 2177 1779 2249; baseline -0.001 -15"><span class='ocrx_word' id='word_1_153' title='bbox 68 2185 410 2234; x_wconf 88' lang='lat' dir='ltr'><strong>sanctorum</strong></span> <span class='ocrx_word' id='word_1_154' title='bbox 453 2192 569 2247; x_wconf 84' lang='lat' dir='ltr'><strong>pra</strong></span> <span class='ocrx_word' id='word_1_155' title='bbox 599 2178 689 2234; x_wconf 92' lang='lat' dir='ltr'><strong>sui</strong></span> <span class='ocrx_word' id='word_1_156' title='bbox 721 2178 1096 2248; x_wconf 88' lang='lat' dir='ltr'><strong>participibus</strong></span> <span class='ocrx_word' id='word_1_157' title='bbox 1122 2177 1366 2249; x_wconf 84' lang='lat' dir='ltr'><strong>ungitur</strong></span> <span class='ocrx_word' id='word_1_158' title='bbox 1396 2177 1580 2248; x_wconf 71' lang='grc' dir='ltr'><strong>(Ρωι.</strong></span> <span class='ocrx_word' id='word_1_159' title='bbox 1627 2192 1779 2244; x_wconf 79' lang='lat' dir='ltr'><strong>xuv,</strong></span> 
     </span>
    </p>
   </div>
   <div class='ocr_carea' id='block_1_24' title="bbox 68 2266 1783 2337">
    <p class='ocr_par' dir='ltr' id='par_1_24' title="bbox 68 2266 1783 2337">
     <span class='ocr_line' id='line_1_24' title="bbox 68 2266 1783 2337; baseline 0.001 -16"><span class='ocrx_word' id='word_1_160' title='bbox 68 2267 140 2337; x_wconf 89' lang='grc'><strong>8).</strong></span> <span class='ocrx_word' id='word_1_161' title='bbox 177 2267 322 2334; x_wconf 83' lang='lat' dir='ltr'><strong>Hoc,</strong></span> <span class='ocrx_word' id='word_1_162' title='bbox 384 2266 651 2336; x_wconf 88' lang='lat' dir='ltr'><strong>inquam,</strong></span> <span class='ocrx_word' id='word_1_163' title='bbox 679 2274 763 2323; x_wconf 92' lang='lat' dir='ltr'><strong>est</strong></span> <span class='ocrx_word' id='word_1_164' title='bbox 808 2267 1020 2333; x_wconf 91' lang='lat' dir='ltr'><strong>oleum,</strong></span> <span class='ocrx_word' id='word_1_165' title='bbox 1081 2268 1238 2337; x_wconf 93' lang='lat' dir='ltr'><strong>quod</strong></span> <span class='ocrx_word' id='word_1_166' title='bbox 1291 2266 1586 2322; x_wconf 90' lang='lat' dir='ltr'><strong>doloribus</strong></span> <span class='ocrx_word' id='word_1_167' title='bbox 1633 2267 1783 2322; x_wconf 87' lang='lat' dir='ltr'><strong>inte-</strong></span> 
     </span>
    </p>
   </div>
   <div class='ocr_carea' id='block_1_25' title="bbox 70 2354 1784 2425">
    <p class='ocr_par' dir='ltr' id='par_1_25' title="bbox 70 2354 1784 2425">
     <span class='ocr_line' id='line_1_25' title="bbox 70 2354 1784 2425; baseline -0.001 -13"><span class='ocrx_word' id='word_1_168' title='bbox 70 2355 234 2412; x_wconf 90' lang='lat' dir='ltr'><strong>stinis</strong></span> <span class='ocrx_word' id='word_1_169' title='bbox 285 2355 573 2422; x_wconf 85' lang='lat' dir='ltr'><strong>medetur,</strong></span> <span class='ocrx_word' id='word_1_170' title='bbox 629 2370 748 2425; x_wconf 91' lang='lat' dir='ltr'><strong>quo</strong></span> <span class='ocrx_word' id='word_1_171' title='bbox 799 2370 924 2412; x_wconf 90' lang='lat' dir='ltr'><strong>ossa</strong></span> <span class='ocrx_word' id='word_1_172' title='bbox 955 2362 1169 2423; x_wconf 92' lang='lat' dir='ltr'><strong>nostra,</strong></span> <span class='ocrx_word' id='word_1_173' title='bbox 1227 2355 1443 2411; x_wconf 89' lang='lat' dir='ltr'><strong>scilicet</strong></span> <span class='ocrx_word' id='word_1_174' title='bbox 1499 2354 1784 2411; x_wconf 89' lang='lat' dir='ltr'><strong>virtutum</strong></span> 
     </span>
    </p>
   </div>
   <div class='ocr_carea' id='block_1_26' title="bbox 73 2443 1786 2515">
    <p class='ocr_par' dir='ltr' id='par_1_26' title="bbox 73 2443 1786 2515">
     <span class='ocr_line' id='line_1_26' title="bbox 73 2443 1786 2515; baseline -0.001 -16"><span class='ocrx_word' id='word_1_175' title='bbox 73 2453 414 2500; x_wconf 91' lang='lat' dir='ltr'><strong>nostrarum</strong></span> <span class='ocrx_word' id='word_1_176' title='bbox 465 2445 679 2512; x_wconf 90' lang='lat' dir='ltr'><strong>abdita,</strong></span> <span class='ocrx_word' id='word_1_177' title='bbox 715 2444 1039 2515; x_wconf 84' lang='lat' dir='ltr'><strong>irrigantur</strong></span> <span class='ocrx_word' id='word_1_178' title='bbox 1083 2451 1139 2499; x_wconf 90' lang='lat' dir='ltr'><strong>et</strong></span> <span class='ocrx_word' id='word_1_179' title='bbox 1188 2445 1562 2510; x_wconf 89' lang='lat' dir='ltr'><strong>roborantur,</strong></span> <span class='ocrx_word' id='word_1_180' title='bbox 1613 2443 1786 2512; x_wconf 84' lang='lat' dir='ltr'><strong>juxta</strong></span> 
     </span>
    </p>
   </div>
   <div class='ocr_carea' id='block_1_27' title="bbox 75 2531 1786 2603">
    <p class='ocr_par' dir='ltr' id='par_1_27' title="bbox 75 2531 1786 2603">
     <span class='ocr_line' id='line_1_27' title="bbox 75 2531 1786 2603; baseline -0.001 -16"><span class='ocrx_word' id='word_1_181' title='bbox 75 2533 215 2589; x_wconf 90' lang='lat' dir='ltr'><strong>illud</strong></span> <span class='ocrx_word' id='word_1_182' title='bbox 244 2534 611 2589; x_wconf 88' lang='lat' dir='ltr'><strong>contrarium</strong></span> <span class='ocrx_word' id='word_1_183' title='bbox 647 2532 702 2588; x_wconf 91' lang='lat' dir='ltr'><strong>in</strong></span> <span class='ocrx_word' id='word_1_184' title='bbox 742 2534 961 2603; x_wconf 88' lang='lat' dir='ltr'><strong>psalmo</strong></span> <span class='ocrx_word' id='word_1_185' title='bbox 995 2549 1008 2587; x_wconf 89' lang='lat'><strong>:</strong></span> <span class='ocrx_word' id='word_1_186' title='bbox 1041 2534 1204 2588; x_wconf 80' lang='lat' dir='ltr'><strong>Sicut</strong></span> <span class='ocrx_word' id='word_1_187' title='bbox 1239 2532 1426 2587; x_wconf 82' lang='lat' dir='ltr'><strong>oleum</strong></span> <span class='ocrx_word' id='word_1_188' title='bbox 1465 2531 1528 2585; x_wconf 85' lang='lat' dir='ltr'><strong>in</strong></span> <span class='ocrx_word' id='word_1_189' title='bbox 1565 2531 1786 2586; x_wconf 69' lang='lat' dir='ltr'><strong>ossibus</strong></span> 
     </span>
    </p>
   </div>
   <div class='ocr_carea' id='block_1_28' title="bbox 69 2621 1784 2692">
    <p class='ocr_par' dir='ltr' id='par_1_28' title="bbox 69 2621 1784 2692">
     <span class='ocr_line' id='line_1_28' title="bbox 69 2621 1784 2692; baseline 0 -16"><span class='ocrx_word' id='word_1_190' title='bbox 69 2622 195 2690; x_wconf 72' lang='lat' dir='ltr'><strong>ejus</strong></span> <span class='ocrx_word' id='word_1_191' title='bbox 231 2621 422 2692; x_wconf 73' lang='lat' dir='ltr'><strong>(Psal.</strong></span> <span class='ocrx_word' id='word_1_192' title='bbox 482 2637 635 2689; x_wconf 75' lang='lat' dir='ltr'><strong>aviti,</strong></span> <span class='ocrx_word' id='word_1_193' title='bbox 699 2624 809 2691; x_wconf 83' lang='grc'><strong>18).</strong></span> <span class='ocrx_word' id='word_1_194' title='bbox 858 2623 977 2678; x_wconf 91' lang='lat' dir='ltr'><strong>Hoc</strong></span> <span class='ocrx_word' id='word_1_195' title='bbox 1020 2622 1214 2678; x_wconf 89' lang='lat' dir='ltr'><strong>itidem</strong></span> <span class='ocrx_word' id='word_1_196' title='bbox 1267 2629 1526 2678; x_wconf 90' lang='lat' dir='ltr'><strong>nostrum</strong></span> <span class='ocrx_word' id='word_1_197' title='bbox 1577 2621 1784 2676; x_wconf 90' lang='lat' dir='ltr'><strong>debere</strong></span> 
     </span>
    </p>
   </div>
   <div class='ocr_carea' id='block_1_29' title="bbox 72 2709 1784 2781">
    <p class='ocr_par' dir='ltr' id='par_1_29' title="bbox 72 2709 1784 2781">
     <span class='ocr_line' id='line_1_29' title="bbox 72 2709 1784 2781; baseline -0.001 -17"><span class='ocrx_word' id='word_1_198' title='bbox 72 2709 652 2780; x_wconf 86' lang='lat' dir='ltr'><strong>caputimpinguari,</strong></span> <span class='ocrx_word' id='word_1_199' title='bbox 692 2717 938 2766; x_wconf 90' lang='lat' dir='ltr'><strong>mentem</strong></span> <span class='ocrx_word' id='word_1_200' title='bbox 977 2711 1336 2781; x_wconf 86' lang='lat' dir='ltr'><strong>significans,</strong></span> <span class='ocrx_word' id='word_1_201' title='bbox 1387 2709 1530 2765; x_wconf 88' lang='lat' dir='ltr'><strong>alias</strong></span> <span class='ocrx_word' id='word_1_202' title='bbox 1586 2709 1784 2778; x_wconf 91' lang='lat' dir='ltr'><strong>perbi-</strong></span> 
     </span>
    </p>
   </div>
   <div class='ocr_carea' id='block_1_30' title="bbox 71 2796 1784 2869">
    <p class='ocr_par' dir='ltr' id='par_1_30' title="bbox 71 2796 1784 2869">
     <span class='ocr_line' id='line_1_30' title="bbox 71 2796 1784 2869; baseline 0 -17"><span class='ocrx_word' id='word_1_203' title='bbox 71 2797 240 2854; x_wconf 90' lang='lat' dir='ltr'><strong>betur</strong></span> <span class='ocrx_word' id='word_1_204' title='bbox 279 2797 470 2869; x_wconf 71' lang='lat' dir='ltr'><strong>(Psat.</strong></span> <span class='ocrx_word' id='word_1_205' title='bbox 505 2813 645 2864; x_wconf 84' lang='lat' dir='ltr'><strong>xxu,</strong></span> <span class='ocrx_word' id='word_1_206' title='bbox 683 2799 754 2866; x_wconf 83' lang='lat'><strong>5).</strong></span> <span class='ocrx_word' id='word_1_207' title='bbox 791 2798 951 2854; x_wconf 89' lang='lat' dir='ltr'><strong>Bona</strong></span> <span class='ocrx_word' id='word_1_208' title='bbox 994 2798 1190 2868; x_wconf 90' lang='lat' dir='ltr'><strong>itaque</strong></span> <span class='ocrx_word' id='word_1_209' title='bbox 1241 2797 1588 2852; x_wconf 87' lang='lat' dir='ltr'><strong>conscientia</strong></span> <span class='ocrx_word' id='word_1_210' title='bbox 1643 2796 1784 2866; x_wconf 91' lang='lat' dir='ltr'><strong>quid</strong></span> 
     </span>
    </p>
   </div>
   <div class='ocr_carea' id='block_1_31' title="bbox 73 2885 1786 2956">
    <p class='ocr_par' dir='ltr' id='par_1_31' title="bbox 73 2885 1786 2956">
     <span class='ocr_line' id='line_1_31' title="bbox 73 2885 1786 2956; baseline 0 -16"><span class='ocrx_word' id='word_1_211' title='bbox 73 2886 337 2955; x_wconf 85' lang='lat' dir='ltr'><strong>suavius,</strong></span> <span class='ocrx_word' id='word_1_212' title='bbox 389 2886 536 2956; x_wconf 91' lang='lat' dir='ltr'><strong>quid</strong></span> <span class='ocrx_word' id='word_1_213' title='bbox 585 2887 642 2941; x_wconf 90' lang='lat' dir='ltr'><strong>in</strong></span> <span class='ocrx_word' id='word_1_214' title='bbox 683 2885 984 2956; x_wconf 84' lang='lat' dir='ltr'><strong>pramium</strong></span> <span class='ocrx_word' id='word_1_215' title='bbox 1036 2886 1302 2956; x_wconf 89' lang='lat' dir='ltr'><strong>prasenti</strong></span> <span class='ocrx_word' id='word_1_216' title='bbox 1357 2885 1578 2941; x_wconf 78' lang='lat' dir='ltr'><strong>felicius</strong></span> <span class='ocrx_word' id='word_1_217' title='bbox 1629 2887 1786 2940; x_wconf 91' lang='lat' dir='ltr'><strong>dixe-</strong></span> 
     </span>
    </p>
   </div>
   <div class='ocr_carea' id='block_1_32' title="bbox 73 2973 1786 3044">
    <p class='ocr_par' dir='ltr' id='par_1_32' title="bbox 73 2973 1786 3044">
     <span class='ocr_line' id='line_1_32' title="bbox 73 2973 1786 3044; baseline 0.001 -16"><span class='ocrx_word' id='word_1_218' title='bbox 73 2973 224 3030; x_wconf 87' lang='lat' dir='ltr'><strong>rim?</strong></span> <span class='ocrx_word' id='word_1_219' title='bbox 271 2989 412 3044; x_wconf 87' lang='lat' dir='ltr'><strong>qua</strong></span> <span class='ocrx_word' id='word_1_220' title='bbox 444 2989 577 3031; x_wconf 91' lang='lat' dir='ltr'><strong>cum</strong></span> <span class='ocrx_word' id='word_1_221' title='bbox 599 2975 928 3030; x_wconf 87' lang='lat' dir='ltr'><strong>obtineatur</strong></span> <span class='ocrx_word' id='word_1_222' title='bbox 961 2974 1265 3044; x_wconf 88' lang='lat' dir='ltr'><strong>aliquoties</strong></span> <span class='ocrx_word' id='word_1_223' title='bbox 1285 2982 1625 3030; x_wconf 85' lang='lat' dir='ltr'><strong>caterarum</strong></span> <span class='ocrx_word' id='word_1_224' title='bbox 1670 2983 1786 3030; x_wconf 90' lang='lat' dir='ltr'><strong>stu-</strong></span> 
     </span>
    </p>
   </div>
   <div class='ocr_carea' id='block_1_33' title="bbox 71 3062 1492 3134">
    <p class='ocr_par' dir='ltr' id='par_1_33' title="bbox 71 3062 1492 3134">
     <span class='ocr_line' id='line_1_33' title="bbox 71 3062 1492 3134; baseline 0.001 -17"><span class='ocrx_word' id='word_1_225' title='bbox 71 3062 183 3131; x_wconf 91' lang='lat' dir='ltr'><strong>dio,</strong></span> <span class='ocrx_word' id='word_1_226' title='bbox 209 3063 579 3133; x_wconf 89' lang='lat' dir='ltr'><strong>potissimum</strong></span> <span class='ocrx_word' id='word_1_227' title='bbox 607 3064 821 3119; x_wconf 87' lang='lat' dir='ltr'><strong>virtute</strong></span> <span class='ocrx_word' id='word_1_228' title='bbox 849 3064 1128 3119; x_wconf 89' lang='lat' dir='ltr'><strong>castitatis</strong></span> <span class='ocrx_word' id='word_1_229' title='bbox 1147 3063 1492 3134; x_wconf 89' lang='lat' dir='ltr'><strong>acquiritur.</strong></span> 
     </span>
    </p>
   </div>
   <div class='ocr_carea' id='block_1_34' title="bbox 617 3150 1245 3208">
    <p class='ocr_par' dir='ltr' id='par_1_34' title="bbox 617 3150 1245 3208">
     <span class='ocr_line' id='line_1_34' title="bbox 617 3150 1245 3208; baseline -0.002 -2"><span class='ocrx_word' id='word_1_230' title='bbox 617 3157 768 3206; x_wconf 63' lang='lat'><strong>826</strong></span> <span class='ocrx_word' id='word_1_231' title='bbox 797 3150 1028 3207; x_wconf 87' lang='lat' dir='ltr'><strong>CAPUT</strong></span> <span class='ocrx_word' id='word_1_232' title='bbox 1067 3152 1245 3208; x_wconf 85' lang='lat' dir='ltr'><strong>XVII.</strong></span> 
     </span>
    </p>
   </div>
   <div class='ocr_carea' id='block_1_35' title="bbox 143 3237 1783 3311">
    <p class='ocr_par' dir='ltr' id='par_1_35' title="bbox 143 3237 1783 3311">
     <span class='ocr_line' id='line_1_35' title="bbox 143 3237 1783 3311; baseline -0.002 -15"><span class='ocrx_word' id='word_1_233' title='bbox 143 3239 548 3306; x_wconf 81' lang='lat' dir='ltr'><strong>Quorumdam</strong></span> <span class='ocrx_word' id='word_1_234' title='bbox 572 3239 920 3294; x_wconf 75' lang='lat' dir='ltr'><strong>animalium</strong></span> <span class='ocrx_word' id='word_1_235' title='bbox 943 3238 1204 3311; x_wconf 76' lang='lat' dir='ltr'><strong>puritate</strong></span> <span class='ocrx_word' id='word_1_236' title='bbox 1226 3237 1484 3294; x_wconf 72' lang='lat' dir='ltr'><strong>homines</strong></span> <span class='ocrx_word' id='word_1_237' title='bbox 1502 3239 1580 3293; x_wconf 87' lang='lat' dir='ltr'><strong>ad</strong></span> <span class='ocrx_word' id='word_1_238' title='bbox 1607 3239 1783 3311; x_wconf 80' lang='lat' dir='ltr'><strong>pudi-</strong></span> 
     </span>
    </p>
   </div>
   <div class='ocr_carea' id='block_1_36' title="bbox 73 3327 1781 3401">
    <p class='ocr_par' dir='ltr' id='par_1_36' title="bbox 73 3327 1781 3401">
     <span class='ocr_line' id='line_1_36' title="bbox 73 3327 1781 3401; baseline 0.001 -19"><span class='ocrx_word' id='word_1_239' title='bbox 73 3327 274 3383; x_wconf 85' lang='lat' dir='ltr'><strong>citiam</strong></span> <span class='ocrx_word' id='word_1_240' title='bbox 300 3331 705 3401; x_wconf 81' lang='lat' dir='ltr'><strong>provocantur.</strong></span> <span class='ocrx_word' id='word_1_241' title='bbox 738 3359 808 3368; x_wconf 88' lang='lat'><strong>--</strong></span> <span class='ocrx_word' id='word_1_242' title='bbox 840 3328 946 3384; x_wconf 89' lang='lat' dir='ltr'><strong>Sed</strong></span> <span class='ocrx_word' id='word_1_243' title='bbox 969 3329 1101 3399; x_wconf 88' lang='lat' dir='ltr'><strong>quis</strong></span> <span class='ocrx_word' id='word_1_244' title='bbox 1131 3328 1270 3384; x_wconf 91' lang='lat' dir='ltr'><strong>adeo</strong></span> <span class='ocrx_word' id='word_1_245' title='bbox 1303 3328 1622 3398; x_wconf 88' lang='lat' dir='ltr'><strong>pradicata</strong></span> <span class='ocrx_word' id='word_1_246' title='bbox 1655 3337 1781 3384; x_wconf 86' lang='lat' dir='ltr'><strong>tan-</strong></span> 
     </span>
    </p>
   </div>
   <div class='ocr_carea' id='block_1_37' title="bbox 75 3417 1784 3489">
    <p class='ocr_par' dir='ltr' id='par_1_37' title="bbox 75 3417 1784 3489">
     <span class='ocr_line' id='line_1_37' title="bbox 75 3417 1784 3489; baseline 0.002 -18"><span class='ocrx_word' id='word_1_247' title='bbox 75 3417 266 3488; x_wconf 88' lang='lat' dir='ltr'><strong>tisque</strong></span> <span class='ocrx_word' id='word_1_248' title='bbox 320 3418 647 3489; x_wconf 88' lang='lat' dir='ltr'><strong>privilegiis</strong></span> <span class='ocrx_word' id='word_1_249' title='bbox 700 3426 1018 3474; x_wconf 89' lang='lat' dir='ltr'><strong>munerata</strong></span> <span class='ocrx_word' id='word_1_250' title='bbox 1087 3417 1370 3489; x_wconf 82' lang='lat' dir='ltr'><strong>refragari</strong></span> <span class='ocrx_word' id='word_1_251' title='bbox 1418 3418 1784 3474; x_wconf 89' lang='lat' dir='ltr'><strong>continentia</strong></span> 
     </span>
    </p>
   </div>
   <div class='ocr_carea' id='block_1_38' title="bbox 77 3507 1784 3579">
    <p class='ocr_par' dir='ltr' id='par_1_38' title="bbox 77 3507 1784 3579">
     <span class='ocr_line' id='line_1_38' title="bbox 77 3507 1784 3579; baseline 0.001 -17"><span class='ocrx_word' id='word_1_252' title='bbox 77 3507 309 3574; x_wconf 87' lang='lat' dir='ltr'><strong>audeat,</strong></span> <span class='ocrx_word' id='word_1_253' title='bbox 342 3521 541 3579; x_wconf 89' lang='lat' dir='ltr'><strong>quam</strong></span> <span class='ocrx_word' id='word_1_254' title='bbox 588 3523 779 3578; x_wconf 91' lang='lat' dir='ltr'><strong>neque</strong></span> <span class='ocrx_word' id='word_1_255' title='bbox 823 3507 945 3563; x_wconf 91' lang='lat' dir='ltr'><strong>suis</strong></span> <span class='ocrx_word' id='word_1_256' title='bbox 971 3507 1220 3577; x_wconf 90' lang='lat' dir='ltr'><strong>propriis</strong></span> <span class='ocrx_word' id='word_1_257' title='bbox 1266 3521 1455 3577; x_wconf 91' lang='lat' dir='ltr'><strong>neque</strong></span> <span class='ocrx_word' id='word_1_258' title='bbox 1512 3507 1784 3564; x_wconf 87' lang='lat' dir='ltr'><strong>humana</strong></span> 
     </span>
    </p>
   </div>
   <div class='ocr_carea' id='block_1_39' title="bbox 77 3595 1784 3666">
    <p class='ocr_par' dir='ltr' id='par_1_39' title="bbox 77 3595 1784 3666">
     <span class='ocr_line' id='line_1_39' title="bbox 77 3595 1784 3666; baseline 0.001 -15"><span class='ocrx_word' id='word_1_259' title='bbox 77 3596 404 3666; x_wconf 88' lang='lat' dir='ltr'><strong>cujuspiam</strong></span> <span class='ocrx_word' id='word_1_260' title='bbox 438 3596 571 3653; x_wconf 91' lang='lat' dir='ltr'><strong>vita</strong></span> <span class='ocrx_word' id='word_1_261' title='bbox 597 3596 876 3666; x_wconf 82' lang='lat' dir='ltr'><strong>exemplis</strong></span> <span class='ocrx_word' id='word_1_262' title='bbox 913 3595 1176 3652; x_wconf 86' lang='lat' dir='ltr'><strong>Salvator</strong></span> <span class='ocrx_word' id='word_1_263' title='bbox 1220 3595 1406 3652; x_wconf 91' lang='lat' dir='ltr'><strong>solum</strong></span> <span class='ocrx_word' id='word_1_264' title='bbox 1449 3595 1784 3652; x_wconf 89' lang='lat' dir='ltr'><strong>imitabilem</strong></span> 
     </span>
    </p>
   </div>
   <div class='ocr_carea' id='block_1_40' title="bbox 77 3682 1782 3754">
    <p class='ocr_par' dir='ltr' id='par_1_40' title="bbox 77 3682 1782 3754">
     <span class='ocr_line' id='line_1_40' title="bbox 77 3682 1782 3754; baseline 0.002 -17"><span class='ocrx_word' id='word_1_265' title='bbox 77 3682 195 3740; x_wconf 88' lang='lat' dir='ltr'><strong>fore</strong></span> <span class='ocrx_word' id='word_1_266' title='bbox 242 3685 563 3754; x_wconf 85' lang='lat' dir='ltr'><strong>perdocuit,</strong></span> <span class='ocrx_word' id='word_1_267' title='bbox 607 3685 705 3740; x_wconf 88' lang='lat' dir='ltr'><strong>sed</strong></span> <span class='ocrx_word' id='word_1_268' title='bbox 739 3683 910 3740; x_wconf 91' lang='lat' dir='ltr'><strong>etiam</strong></span> <span class='ocrx_word' id='word_1_269' title='bbox 962 3683 1276 3740; x_wconf 81' lang='lat' dir='ltr'><strong>bestiarum</strong></span> <span class='ocrx_word' id='word_1_270' title='bbox 1328 3684 1644 3754; x_wconf 90' lang='lat' dir='ltr'><strong>aviumque</strong></span> <span class='ocrx_word' id='word_1_271' title='bbox 1703 3684 1782 3740; x_wconf 91' lang='lat' dir='ltr'><strong>fe-</strong></span> 
     </span>
    </p>
   </div>
   <div class='ocr_carea' id='block_1_41' title="bbox 79 3770 1784 3830">
    <p class='ocr_par' dir='ltr' id='par_1_41' title="bbox 79 3770 1784 3830">
     <span class='ocr_line' id='line_1_41' title="bbox 79 3770 1784 3830; baseline 0.002 -5"><span class='ocrx_word' id='word_1_272' title='bbox 79 3770 288 3828; x_wconf 90' lang='lat' dir='ltr'><strong>ralium</strong></span> <span class='ocrx_word' id='word_1_273' title='bbox 331 3773 676 3830; x_wconf 89' lang='lat' dir='ltr'><strong>documento</strong></span> <span class='ocrx_word' id='word_1_274' title='bbox 722 3773 1012 3830; x_wconf 88' lang='lat' dir='ltr'><strong>celebrare</strong></span> <span class='ocrx_word' id='word_1_275' title='bbox 1059 3787 1175 3830; x_wconf 92' lang='lat' dir='ltr'><strong>non</strong></span> <span class='ocrx_word' id='word_1_276' title='bbox 1232 3773 1462 3829; x_wconf 86' lang='lat' dir='ltr'><strong>renuit?</strong></span> <span class='ocrx_word' id='word_1_277' title='bbox 1509 3773 1784 3830; x_wconf 90' lang='lat' dir='ltr'><strong>Conside-</strong></span> 
     </span>
    </p>
   </div>
   <div class='ocr_carea' id='block_1_42' title="bbox 80 3861 1784 3935">
    <p class='ocr_par' dir='ltr' id='par_1_42' title="bbox 80 3861 1784 3935">
     <span class='ocr_line' id='line_1_42' title="bbox 80 3861 1784 3935; baseline 0.002 -23"><span class='ocrx_word' id='word_1_278' title='bbox 80 3871 273 3917; x_wconf 91' lang='lat' dir='ltr'><strong>remus</strong></span> <span class='ocrx_word' id='word_1_279' title='bbox 344 3870 597 3918; x_wconf 89' lang='lat' dir='ltr'><strong>castores</strong></span> <span class='ocrx_word' id='word_1_280' title='bbox 667 3877 814 3933; x_wconf 91' lang='lat' dir='ltr'><strong>quos</strong></span> <span class='ocrx_word' id='word_1_281' title='bbox 887 3862 1170 3919; x_wconf 92' lang='lat' dir='ltr'><strong>usualiter</strong></span> <span class='ocrx_word' id='word_1_282' title='bbox 1251 3862 1486 3918; x_wconf 90' lang='lat' dir='ltr'><strong>beveres</strong></span> <span class='ocrx_word' id='word_1_283' title='bbox 1556 3861 1784 3935; x_wconf 88' lang='lat' dir='ltr'><strong>[Gallice</strong></span> 
     </span>
    </p>
   </div>
   <div class='ocr_carea' id='block_1_43' title="bbox 79 3947 1784 4022">
    <p class='ocr_par' dir='ltr' id='par_1_43' title="bbox 79 3947 1784 4022">
     <span class='ocr_line' id='line_1_43' title="bbox 79 3947 1784 4022; baseline 0.004 -22"><span class='ocrx_word' id='word_1_284' title='bbox 79 3947 341 4022; x_wconf 73' lang='lat' dir='ltr'><strong>Bieures]</strong></span> <span class='ocrx_word' id='word_1_285' title='bbox 377 3951 718 4020; x_wconf 88' lang='lat' dir='ltr'><strong>vocitamus,</strong></span> <span class='ocrx_word' id='word_1_286' title='bbox 751 3966 1002 4022; x_wconf 89' lang='lat' dir='ltr'><strong>quorum</strong></span> <span class='ocrx_word' id='word_1_287' title='bbox 1035 3951 1278 4007; x_wconf 88' lang='lat' dir='ltr'><strong>testiculi</strong></span> <span class='ocrx_word' id='word_1_288' title='bbox 1306 3965 1437 4006; x_wconf 90' lang='lat' dir='ltr'><strong>cum</strong></span> <span class='ocrx_word' id='word_1_289' title='bbox 1465 3951 1784 4022; x_wconf 91' lang='lat' dir='ltr'><strong>plurimum</strong></span> 
     </span>
    </p>
   </div>
   <div class='ocr_carea' id='block_1_44' title="bbox 81 4036 1785 4108">
    <p class='ocr_par' dir='ltr' id='par_1_44' title="bbox 81 4036 1785 4108">
     <span class='ocr_line' id='line_1_44' title="bbox 81 4036 1785 4108; baseline 0.004 -20"><span class='ocrx_word' id='word_1_290' title='bbox 81 4036 305 4095; x_wconf 89' lang='lat' dir='ltr'><strong>valeant</strong></span> <span class='ocrx_word' id='word_1_291' title='bbox 349 4040 670 4108; x_wconf 81' lang='lat' dir='ltr'><strong>medicinae,</strong></span> <span class='ocrx_word' id='word_1_292' title='bbox 723 4041 1010 4096; x_wconf 82' lang='lat' dir='ltr'><strong>maximas</strong></span> <span class='ocrx_word' id='word_1_293' title='bbox 1049 4041 1438 4097; x_wconf 89' lang='lat' dir='ltr'><strong>insectationis</strong></span> <span class='ocrx_word' id='word_1_294' title='bbox 1497 4040 1785 4096; x_wconf 73' lang='lat' dir='ltr'><strong>molestias</strong></span> 
     </span>
    </p>
   </div>
   <div class='ocr_carea' id='block_1_45' title="bbox 81 4129 1781 4199">
    <p class='ocr_par' dir='ltr' id='par_1_45' title="bbox 81 4129 1781 4199">
     <span class='ocr_line' id='line_1_45' title="bbox 81 4129 1781 4199; baseline 0.003 -22"><span class='ocrx_word' id='word_1_295' title='bbox 81 4137 274 4183; x_wconf 91' lang='lat' dir='ltr'><strong>eorum</strong></span> <span class='ocrx_word' id='word_1_296' title='bbox 310 4142 490 4185; x_wconf 85' lang='lat' dir='ltr'><strong>causa</strong></span> <span class='ocrx_word' id='word_1_297' title='bbox 529 4129 586 4184; x_wconf 92' lang='lat' dir='ltr'><strong>in</strong></span> <span class='ocrx_word' id='word_1_298' title='bbox 640 4130 760 4186; x_wconf 91' lang='lat' dir='ltr'><strong>suis</strong></span> <span class='ocrx_word' id='word_1_299' title='bbox 786 4130 1120 4186; x_wconf 89' lang='lat' dir='ltr'><strong>referuntur</strong></span> <span class='ocrx_word' id='word_1_300' title='bbox 1176 4129 1512 4199; x_wconf 88' lang='lat' dir='ltr'><strong>regionibus</strong></span> <span class='ocrx_word' id='word_1_301' title='bbox 1542 4129 1781 4199; x_wconf 91' lang='lat' dir='ltr'><strong>perpeti.</strong></span> 
     </span>
    </p>
   </div>
   <div class='ocr_carea' id='block_1_46' title="bbox 81 4211 1778 4288">
    <p class='ocr_par' dir='ltr' id='par_1_46' title="bbox 81 4211 1778 4288">
     <span class='ocr_line' id='line_1_46' title="bbox 81 4211 1778 4288; baseline 0 -16"><span class='ocrx_word' id='word_1_302' title='bbox 81 4211 206 4279; x_wconf 88' lang='lat' dir='ltr'><strong>Qui,</strong></span> <span class='ocrx_word' id='word_1_303' title='bbox 250 4216 392 4273; x_wconf 91' lang='lat' dir='ltr'><strong>dum</strong></span> <span class='ocrx_word' id='word_1_304' title='bbox 443 4233 546 4288; x_wconf 90' lang='lat' dir='ltr'><strong>pro</strong></span> <span class='ocrx_word' id='word_1_305' title='bbox 589 4218 798 4274; x_wconf 90' lang='lat' dir='ltr'><strong>eisdem</strong></span> <span class='ocrx_word' id='word_1_306' title='bbox 833 4218 1028 4274; x_wconf 90' lang='lat' dir='ltr'><strong>acrius</strong></span> <span class='ocrx_word' id='word_1_307' title='bbox 1083 4232 1142 4274; x_wconf 89' lang='lat' dir='ltr'><strong>se</strong></span> <span class='ocrx_word' id='word_1_308' title='bbox 1187 4218 1440 4274; x_wconf 90' lang='lat' dir='ltr'><strong>viderint</strong></span> <span class='ocrx_word' id='word_1_309' title='bbox 1499 4217 1778 4282; x_wconf 85' lang='lat' dir='ltr'><strong>infestari,</strong></span> 
     </span>
    </p>
   </div>
   <div class='ocr_carea' id='block_1_47' title="bbox 85 4306 1782 4379">
    <p class='ocr_par' dir='ltr' id='par_1_47' title="bbox 85 4306 1782 4379">
     <span class='ocr_line' id='line_1_47' title="bbox 85 4306 1782 4379; baseline 0.002 -22"><span class='ocrx_word' id='word_1_310' title='bbox 85 4317 212 4358; x_wconf 90' lang='lat' dir='ltr'><strong>cum</strong></span> <span class='ocrx_word' id='word_1_311' title='bbox 241 4319 363 4362; x_wconf 87' lang='lat' dir='ltr'><strong>sua</strong></span> <span class='ocrx_word' id='word_1_312' title='bbox 393 4306 591 4379; x_wconf 88' lang='lat' dir='ltr'><strong>fugam</strong></span> <span class='ocrx_word' id='word_1_313' title='bbox 623 4308 794 4363; x_wconf 90' lang='lat' dir='ltr'><strong>saluti</strong></span> <span class='ocrx_word' id='word_1_314' title='bbox 824 4307 1087 4362; x_wconf 87' lang='lat' dir='ltr'><strong>sufficere</strong></span> <span class='ocrx_word' id='word_1_315' title='bbox 1116 4321 1236 4362; x_wconf 92' lang='lat' dir='ltr'><strong>non</strong></span> <span class='ocrx_word' id='word_1_316' title='bbox 1262 4321 1451 4375; x_wconf 90' lang='lat' dir='ltr'><strong>possse</strong></span> <span class='ocrx_word' id='word_1_317' title='bbox 1481 4319 1782 4375; x_wconf 87' lang='lat' dir='ltr'><strong>persense-</strong></span> 
     </span>
    </p>
   </div>
   <div class='ocr_carea' id='block_1_48' title="bbox 1890 590 3592 663">
    <p class='ocr_par' dir='ltr' id='par_1_48' title="bbox 1890 590 3592 663">
     <span class='ocr_line' id='line_1_48' title="bbox 1890 590 3592 663; baseline 0.004 -18"><span class='ocrx_word' id='word_1_318' title='bbox 1890 590 2156 658; x_wconf 89' lang='lat' dir='ltr'><strong>instante,</strong></span> <span class='ocrx_word' id='word_1_319' title='bbox 2219 591 2594 648; x_wconf 89' lang='lat' dir='ltr'><strong>humiliantes</strong></span> <span class='ocrx_word' id='word_1_320' title='bbox 2666 607 2770 649; x_wconf 89' lang='lat' dir='ltr'><strong>nos</strong></span> <span class='ocrx_word' id='word_1_321' title='bbox 2818 594 2928 650; x_wconf 92' lang='lat' dir='ltr'><strong>sub</strong></span> <span class='ocrx_word' id='word_1_322' title='bbox 2979 595 3191 663; x_wconf 89' lang='lat' dir='ltr'><strong>potenti</strong></span> <span class='ocrx_word' id='word_1_323' title='bbox 3261 610 3443 651; x_wconf 90' lang='lat' dir='ltr'><strong>manu</strong></span> <span class='ocrx_word' id='word_1_324' title='bbox 3493 595 3592 652; x_wconf 92' lang='lat' dir='ltr'><strong>Dei</strong></span> 
     </span>
    </p>
   </div>
   <div class='ocr_carea' id='block_1_49' title="bbox 1891 681 3590 751">
    <p class='ocr_par' dir='ltr' id='par_1_49' title="bbox 1891 681 3590 751">
     <span class='ocr_line' id='line_1_49' title="bbox 1891 681 3590 751; baseline 0.003 -17"><span class='ocrx_word' id='word_1_325' title='bbox 1891 681 1938 750; x_wconf 84' lang='grc' dir='ltr'><strong>(Ι</strong></span> <span class='ocrx_word' id='word_1_326' title='bbox 1977 681 2126 734; x_wconf 82' lang='lat' dir='ltr'><strong>Petr.</strong></span> <span class='ocrx_word' id='word_1_327' title='bbox 2164 696 2218 743; x_wconf 90' lang='lat' dir='ltr'><strong>v,</strong></span> <span class='ocrx_word' id='word_1_328' title='bbox 2267 683 2325 751; x_wconf 90' lang='lat'><strong>6)</strong></span> <span class='ocrx_word' id='word_1_329' title='bbox 2359 683 2582 751; x_wconf 90' lang='lat' dir='ltr'><strong>rejectis</strong></span> <span class='ocrx_word' id='word_1_330' title='bbox 2608 682 2853 738; x_wconf 88' lang='lat' dir='ltr'><strong>terrenis</strong></span> <span class='ocrx_word' id='word_1_331' title='bbox 2905 683 3208 739; x_wconf 72' lang='lat' dir='ltr'><strong>affectibus</strong></span> <span class='ocrx_word' id='word_1_332' title='bbox 3254 684 3394 739; x_wconf 87' lang='lat' dir='ltr'><strong>coelo</strong></span> <span class='ocrx_word' id='word_1_333' title='bbox 3443 684 3590 740; x_wconf 87' lang='lat' dir='ltr'><strong>infe-</strong></span> 
     </span>
    </p>
   </div>
   <div class='ocr_carea' id='block_1_50' title="bbox 1889 768 3594 839">
    <p class='ocr_par' dir='ltr' id='par_1_50' title="bbox 1889 768 3594 839">
     <span class='ocr_line' id='line_1_50' title="bbox 1889 768 3594 839; baseline 0.002 -16"><span class='ocrx_word' id='word_1_334' title='bbox 1889 782 2090 824; x_wconf 91' lang='lat' dir='ltr'><strong>ramus</strong></span> <span class='ocrx_word' id='word_1_335' title='bbox 2138 768 2434 836; x_wconf 87' lang='lat' dir='ltr'><strong>intuitum,</strong></span> <span class='ocrx_word' id='word_1_336' title='bbox 2468 784 2633 839; x_wconf 84' lang='lat' dir='ltr'><strong>op.-re</strong></span> <span class='ocrx_word' id='word_1_337' title='bbox 2662 770 3087 826; x_wconf 90' lang='lat' dir='ltr'><strong>conclamantes</strong></span> <span class='ocrx_word' id='word_1_338' title='bbox 3121 787 3132 825; x_wconf 89' lang='lat'>:</span> <span class='ocrx_word' id='word_1_339' title='bbox 3167 771 3316 826; x_wconf 85' lang='lat' dir='ltr'><strong>Mihi</strong></span> <span class='ocrx_word' id='word_1_340' title='bbox 3344 772 3594 826; x_wconf 76' lang='lat' dir='ltr'><strong>munda:</strong></span> 
     </span>
    </p>
   </div>
   <div class='ocr_carea' id='block_1_51' title="bbox 1887 845 3591 930">
    <p class='ocr_par' dir='ltr' id='par_1_51' title="bbox 1887 845 3591 930">
     <span class='ocr_line' id='line_1_51' title="bbox 1887 845 3591 930; baseline 0.003 -21"><span class='ocrx_word' id='word_1_341' title='bbox 1887 857 2191 930; x_wconf 77' lang='lat' dir='ltr'><strong>cruciﬁxus</strong></span> <span class='ocrx_word' id='word_1_342' title='bbox 2219 861 2304 910; x_wconf 76' lang='lat' dir='ltr'><strong>est</strong></span> <span class='ocrx_word' id='word_1_343' title='bbox 2324 860 2380 910; x_wconf 84' lang='lat' dir='ltr'><strong>et</strong></span> <span class='ocrx_word' id='word_1_344' title='bbox 2398 845 2498 927; x_wconf 71' lang='lat' dir='ltr'><strong>ego</strong></span> <span class='ocrx_word' id='word_1_345' title='bbox 2521 857 2732 911; x_wconf 86' lang='lat' dir='ltr'><strong>mundo</strong></span> <span class='ocrx_word' id='word_1_346' title='bbox 2762 857 2908 926; x_wconf 88' lang='lat' dir='ltr'><strong>(Gal.</strong></span> <span class='ocrx_word' id='word_1_347' title='bbox 2961 873 3038 925; x_wconf 71' lang='lat' dir='ltr'><strong>vr,</strong></span> <span class='ocrx_word' id='word_1_348' title='bbox 3075 860 3178 926; x_wconf 73' lang='grc'><strong>14).</strong></span> <span class='ocrx_word' id='word_1_349' title='bbox 3217 859 3374 916; x_wconf 86' lang='lat' dir='ltr'><strong>Vade</strong></span> <span class='ocrx_word' id='word_1_350' title='bbox 3417 867 3591 927; x_wconf 86' lang='lat' dir='ltr'><strong>retro,</strong></span> 
     </span>
    </p>
   </div>
   <div class='ocr_carea' id='block_1_52' title="bbox 1891 943 3594 1017">
    <p class='ocr_par' dir='ltr' id='par_1_52' title="bbox 1891 943 3594 1017">
     <span class='ocr_line' id='line_1_52' title="bbox 1891 943 3594 1017; baseline 0.002 -18"><span class='ocrx_word' id='word_1_351' title='bbox 1891 943 2148 1013; x_wconf 88' lang='lat' dir='ltr'><strong>Satanas,</strong></span> <span class='ocrx_word' id='word_1_352' title='bbox 2181 959 2315 1000; x_wconf 92' lang='lat' dir='ltr'><strong>cum</strong></span> <span class='ocrx_word' id='word_1_353' title='bbox 2349 945 2522 1016; x_wconf 89' lang='lat' dir='ltr'><strong>nugis</strong></span> <span class='ocrx_word' id='word_1_354' title='bbox 2553 946 2685 1001; x_wconf 93' lang='lat' dir='ltr'><strong>tuis.</strong></span> <span class='ocrx_word' id='word_1_355' title='bbox 2724 946 2844 1001; x_wconf 86' lang='lat' dir='ltr'><strong>Hac</strong></span> <span class='ocrx_word' id='word_1_356' title='bbox 2887 953 2987 1002; x_wconf 91' lang='lat' dir='ltr'><strong>tua</strong></span> <span class='ocrx_word' id='word_1_357' title='bbox 3029 946 3266 1002; x_wconf 91' lang='lat' dir='ltr'><strong>libidine</strong></span> <span class='ocrx_word' id='word_1_358' title='bbox 3309 946 3431 1017; x_wconf 90' lang='lat' dir='ltr'><strong>jam</strong></span> <span class='ocrx_word' id='word_1_359' title='bbox 3477 947 3594 1002; x_wconf 92' lang='lat' dir='ltr'><strong>du-</strong></span> 
     </span>
    </p>
   </div>
   <div class='ocr_carea' id='block_1_53' title="bbox 1889 1032 3592 1091">
    <p class='ocr_par' dir='ltr' id='par_1_53' title="bbox 1889 1032 3592 1091">
     <span class='ocr_line' id='line_1_53' title="bbox 1889 1032 3592 1091; baseline 0.002 -4"><span class='ocrx_word' id='word_1_360' title='bbox 1889 1032 2027 1088; x_wconf 87' lang='lat' dir='ltr'><strong>dum</strong></span> <span class='ocrx_word' id='word_1_361' title='bbox 2078 1048 2148 1088; x_wconf 91' lang='lat' dir='ltr'><strong>ne</strong></span> <span class='ocrx_word' id='word_1_362' title='bbox 2202 1033 2446 1090; x_wconf 78' lang='lat' dir='ltr'><strong>calestis</strong></span> <span class='ocrx_word' id='word_1_363' title='bbox 2494 1034 2767 1090; x_wconf 90' lang='lat' dir='ltr'><strong>castravit</strong></span> <span class='ocrx_word' id='word_1_364' title='bbox 2815 1049 2996 1089; x_wconf 88' lang='lat' dir='ltr'><strong>amor.</strong></span> <span class='ocrx_word' id='word_1_365' title='bbox 3059 1035 3114 1090; x_wconf 94' lang='lat' dir='ltr'><strong>Si</strong></span> <span class='ocrx_word' id='word_1_366' title='bbox 3171 1035 3344 1091; x_wconf 90' lang='lat' dir='ltr'><strong>bever</strong></span> <span class='ocrx_word' id='word_1_367' title='bbox 3405 1035 3592 1091; x_wconf 89' lang='lat' dir='ltr'><strong>ultro-</strong></span> 
     </span>
    </p>
   </div>
   <div class='ocr_carea' id='block_1_54' title="bbox 1891 1121 3595 1193">
    <p class='ocr_par' dir='ltr' id='par_1_54' title="bbox 1891 1121 3595 1193">
     <span class='ocr_line' id='line_1_54' title="bbox 1891 1121 3595 1193; baseline 0.001 -17"><span class='ocrx_word' id='word_1_368' title='bbox 1891 1136 2035 1178; x_wconf 91' lang='lat' dir='ltr'><strong>neus</strong></span> <span class='ocrx_word' id='word_1_369' title='bbox 2062 1121 2248 1177; x_wconf 77' lang='lat' dir='ltr'><strong>officio</strong></span> <span class='ocrx_word' id='word_1_370' title='bbox 2280 1129 2396 1177; x_wconf 92' lang='lat' dir='ltr'><strong>tam</strong></span> <span class='ocrx_word' id='word_1_371' title='bbox 2438 1122 2586 1189; x_wconf 91' lang='lat' dir='ltr'><strong>utili,</strong></span> <span class='ocrx_word' id='word_1_372' title='bbox 2632 1122 2844 1178; x_wconf 89' lang='lat' dir='ltr'><strong>scilicet</strong></span> <span class='ocrx_word' id='word_1_373' title='bbox 2883 1137 3001 1192; x_wconf 92' lang='lat' dir='ltr'><strong>quo</strong></span> <span class='ocrx_word' id='word_1_374' title='bbox 3049 1131 3303 1193; x_wconf 87' lang='lat' dir='ltr'><strong>generat,</strong></span> <span class='ocrx_word' id='word_1_375' title='bbox 3355 1131 3509 1178; x_wconf 90' lang='lat' dir='ltr'><strong>caret</strong></span> <span class='ocrx_word' id='word_1_376' title='bbox 3538 1130 3595 1178; x_wconf 90' lang='lat' dir='ltr'><strong>et</strong></span> 
     </span>
    </p>
   </div>
   <div class='ocr_carea' id='block_1_55' title="bbox 1890 1210 3590 1280">
    <p class='ocr_par' dir='ltr' id='par_1_55' title="bbox 1890 1210 3590 1280">
     <span class='ocr_line' id='line_1_55' title="bbox 1890 1210 3590 1280; baseline -0.002 -13"><span class='ocrx_word' id='word_1_377' title='bbox 1890 1212 2045 1280; x_wconf 92' lang='lat' dir='ltr'><strong>quod</strong></span> <span class='ocrx_word' id='word_1_378' title='bbox 2077 1211 2435 1280; x_wconf 86' lang='lat' dir='ltr'><strong>pracipuum</strong></span> <span class='ocrx_word' id='word_1_379' title='bbox 2476 1211 2648 1266; x_wconf 86' lang='lat' dir='ltr'><strong>habet</strong></span> <span class='ocrx_word' id='word_1_380' title='bbox 2687 1224 2787 1280; x_wconf 91' lang='lat' dir='ltr'><strong>pro</strong></span> <span class='ocrx_word' id='word_1_381' title='bbox 2837 1211 2956 1266; x_wconf 91' lang='lat' dir='ltr'><strong>vita</strong></span> <span class='ocrx_word' id='word_1_382' title='bbox 3003 1210 3244 1266; x_wconf 88' lang='lat' dir='ltr'><strong>libenter</strong></span> <span class='ocrx_word' id='word_1_383' title='bbox 3286 1211 3590 1280; x_wconf 88' lang='lat' dir='ltr'><strong>impendit,</strong></span> 
     </span>
    </p>
   </div>
   <div class='ocr_carea' id='block_1_56' title="bbox 1891 1298 3594 1370">
    <p class='ocr_par' dir='ltr' id='par_1_56' title="bbox 1891 1298 3594 1370">
     <span class='ocr_line' id='line_1_56' title="bbox 1891 1298 3594 1370; baseline -0.001 -15"><span class='ocrx_word' id='word_1_384' title='bbox 1891 1300 2248 1369; x_wconf 91' lang='lat' dir='ltr'><strong>perdendum</strong></span> <span class='ocrx_word' id='word_1_385' title='bbox 2284 1300 2356 1355; x_wconf 90' lang='lat' dir='ltr'><strong>ab</strong></span> <span class='ocrx_word' id='word_1_386' title='bbox 2389 1300 2620 1355; x_wconf 86' lang='lat' dir='ltr'><strong>homine</strong></span> <span class='ocrx_word' id='word_1_387' title='bbox 2651 1300 2979 1370; x_wconf 91' lang='lat' dir='ltr'><strong>gratantius</strong></span> <span class='ocrx_word' id='word_1_388' title='bbox 3019 1306 3103 1355; x_wconf 87' lang='lat' dir='ltr'><strong>est</strong></span> <span class='ocrx_word' id='word_1_389' title='bbox 3132 1300 3287 1369; x_wconf 91' lang='lat' dir='ltr'><strong>quod</strong></span> <span class='ocrx_word' id='word_1_390' title='bbox 3320 1299 3449 1369; x_wconf 90' lang='lat' dir='ltr'><strong>plus</strong></span> <span class='ocrx_word' id='word_1_391' title='bbox 3484 1298 3594 1356; x_wconf 90' lang='lat' dir='ltr'><strong>sibi</strong></span> 
     </span>
    </p>
   </div>
   <div class='ocr_carea' id='block_1_57' title="bbox 1889 1388 2546 1458">
    <p class='ocr_par' dir='ltr' id='par_1_57' title="bbox 1889 1388 2546 1458">
     <span class='ocr_line' id='line_1_57' title="bbox 1889 1388 2546 1458; baseline -0.003 -14"><span class='ocrx_word' id='word_1_392' title='bbox 1889 1389 2065 1444; x_wconf 81' lang='lat' dir='ltr'><strong>officit</strong></span> <span class='ocrx_word' id='word_1_393' title='bbox 2096 1403 2273 1458; x_wconf 90' lang='lat' dir='ltr'><strong>quam</strong></span> <span class='ocrx_word' id='word_1_394' title='bbox 2306 1388 2546 1458; x_wconf 88' lang='lat' dir='ltr'><strong>proﬁcit.</strong></span> 
     </span>
    </p>
   </div>
   <div class='ocr_carea' id='block_1_58' title="bbox 1962 1475 3595 1547">
    <p class='ocr_par' dir='ltr' id='par_1_58' title="bbox 1962 1475 3595 1547">
     <span class='ocr_line' id='line_1_58' title="bbox 1962 1475 3595 1547; baseline 0.001 -16"><span class='ocrx_word' id='word_1_395' title='bbox 1962 1477 2185 1533; x_wconf 91' lang='lat' dir='ltr'><strong>Scimus</strong></span> <span class='ocrx_word' id='word_1_396' title='bbox 2231 1491 2466 1547; x_wconf 90' lang='lat' dir='ltr'><strong>quoque</strong></span> <span class='ocrx_word' id='word_1_397' title='bbox 2513 1476 2778 1532; x_wconf 90' lang='lat' dir='ltr'><strong>vultures</strong></span> <span class='ocrx_word' id='word_1_398' title='bbox 2827 1476 3088 1532; x_wconf 89' lang='lat' dir='ltr'><strong>crudeles</strong></span> <span class='ocrx_word' id='word_1_399' title='bbox 3140 1475 3307 1532; x_wconf 89' lang='lat' dir='ltr'><strong>aliter</strong></span> <span class='ocrx_word' id='word_1_400' title='bbox 3372 1476 3595 1546; x_wconf 88' lang='lat' dir='ltr'><strong>absque</strong></span> 
     </span>
    </p>
   </div>
   <div class='ocr_carea' id='block_1_59' title="bbox 1891 1565 3591 1635">
    <p class='ocr_par' dir='ltr' id='par_1_59' title="bbox 1891 1565 3591 1635">
     <span class='ocr_line' id='line_1_59' title="bbox 1891 1565 3591 1635; baseline -0.001 -13"><span class='ocrx_word' id='word_1_401' title='bbox 1891 1566 2205 1622; x_wconf 89' lang='lat' dir='ltr'><strong>concubitu</strong></span> <span class='ocrx_word' id='word_1_402' title='bbox 2231 1580 2334 1635; x_wconf 92' lang='lat' dir='ltr'><strong>pro</strong></span> <span class='ocrx_word' id='word_1_403' title='bbox 2376 1566 2545 1620; x_wconf 90' lang='lat' dir='ltr'><strong>modo</strong></span> <span class='ocrx_word' id='word_1_404' title='bbox 2577 1580 2682 1621; x_wconf 91' lang='lat' dir='ltr'><strong>suo</strong></span> <span class='ocrx_word' id='word_1_405' title='bbox 2712 1573 2766 1621; x_wconf 90' lang='lat' dir='ltr'><strong>et</strong></span> <span class='ocrx_word' id='word_1_406' title='bbox 2812 1579 3033 1635; x_wconf 91' lang='lat' dir='ltr'><strong>parere,</strong></span> <span class='ocrx_word' id='word_1_407' title='bbox 3080 1573 3134 1620; x_wconf 92' lang='lat' dir='ltr'><strong>et</strong></span> <span class='ocrx_word' id='word_1_408' title='bbox 3183 1565 3330 1620; x_wconf 90' lang='lat' dir='ltr'><strong>fetus</strong></span> <span class='ocrx_word' id='word_1_409' title='bbox 3377 1578 3591 1620; x_wconf 89' lang='lat' dir='ltr'><strong>creare.</strong></span> 
     </span>
    </p>
   </div>
   <div class='ocr_carea' id='block_1_60' title="bbox 1893 1652 3594 1724">
    <p class='ocr_par' dir='ltr' id='par_1_60' title="bbox 1893 1652 3594 1724">
     <span class='ocr_line' id='line_1_60' title="bbox 1893 1652 3594 1724; baseline -0.002 -13"><span class='ocrx_word' id='word_1_410' title='bbox 1893 1656 1948 1711; x_wconf 88' lang='lat' dir='ltr'><strong>Si</strong></span> <span class='ocrx_word' id='word_1_411' title='bbox 1999 1655 2150 1709; x_wconf 90' lang='lat' dir='ltr'><strong>hanc</strong></span> <span class='ocrx_word' id='word_1_412' title='bbox 2198 1656 2345 1710; x_wconf 91' lang='lat' dir='ltr'><strong>Deus</strong></span> <span class='ocrx_word' id='word_1_413' title='bbox 2390 1654 2735 1724; x_wconf 90' lang='lat' dir='ltr'><strong>integritatis</strong></span> <span class='ocrx_word' id='word_1_414' title='bbox 2784 1653 3025 1724; x_wconf 85' lang='lat' dir='ltr'><strong>gloriam</strong></span> <span class='ocrx_word' id='word_1_415' title='bbox 3083 1653 3452 1723; x_wconf 89' lang='lat' dir='ltr'><strong>nequissimis</strong></span> <span class='ocrx_word' id='word_1_416' title='bbox 3503 1652 3594 1707; x_wconf 93' lang='lat' dir='ltr'><strong>in-</strong></span> 
     </span>
    </p>
   </div>
   <div class='ocr_carea' id='block_1_61' title="bbox 1891 1741 3594 1812">
    <p class='ocr_par' dir='ltr' id='par_1_61' title="bbox 1891 1741 3594 1812">
     <span class='ocr_line' id='line_1_61' title="bbox 1891 1741 3594 1812; baseline -0.002 -13"><span class='ocrx_word' id='word_1_417' title='bbox 1891 1743 2037 1799; x_wconf 87' lang='lat' dir='ltr'><strong>sevit</strong></span> <span class='ocrx_word' id='word_1_418' title='bbox 2066 1742 2290 1809; x_wconf 89' lang='lat' dir='ltr'><strong>avium,</strong></span> <span class='ocrx_word' id='word_1_419' title='bbox 2335 1743 2476 1812; x_wconf 91' lang='lat' dir='ltr'><strong>quid</strong></span> <span class='ocrx_word' id='word_1_420' title='bbox 2530 1751 2592 1799; x_wconf 93' lang='lat' dir='ltr'><strong>tu</strong></span> <span class='ocrx_word' id='word_1_421' title='bbox 2638 1743 2937 1798; x_wconf 90' lang='lat' dir='ltr'><strong>rationalis</strong></span> <span class='ocrx_word' id='word_1_422' title='bbox 2991 1741 3186 1798; x_wconf 88' lang='lat' dir='ltr'><strong>anima</strong></span> <span class='ocrx_word' id='word_1_423' title='bbox 3234 1755 3412 1811; x_wconf 89' lang='lat' dir='ltr'><strong>quam</strong></span> <span class='ocrx_word' id='word_1_424' title='bbox 3441 1755 3594 1810; x_wconf 87' lang='lat' dir='ltr'><strong>pra-</strong></span> 
     </span>
    </p>
   </div>
   <div class='ocr_carea' id='block_1_62' title="bbox 1893 1829 3596 1902">
    <p class='ocr_par' dir='ltr' id='par_1_62' title="bbox 1893 1829 3596 1902">
     <span class='ocr_line' id='line_1_62' title="bbox 1893 1829 3596 1902; baseline -0.001 -15"><span class='ocrx_word' id='word_1_425' title='bbox 1893 1831 2077 1888; x_wconf 91' lang='lat' dir='ltr'><strong>mium</strong></span> <span class='ocrx_word' id='word_1_426' title='bbox 2130 1830 2482 1902; x_wconf 88' lang='lat' dir='ltr'><strong>virginitatis</strong></span> <span class='ocrx_word' id='word_1_427' title='bbox 2527 1845 2645 1886; x_wconf 89' lang='lat' dir='ltr'><strong>non</strong></span> <span class='ocrx_word' id='word_1_428' title='bbox 2694 1830 2847 1899; x_wconf 89' lang='lat' dir='ltr'><strong>latet,</strong></span> <span class='ocrx_word' id='word_1_429' title='bbox 2900 1845 2935 1886; x_wconf 93' lang='lat' dir='ltr'><strong>a</strong></span> <span class='ocrx_word' id='word_1_430' title='bbox 2990 1829 3356 1886; x_wconf 88' lang='lat' dir='ltr'><strong>continentia</strong></span> <span class='ocrx_word' id='word_1_431' title='bbox 3401 1837 3596 1886; x_wconf 90' lang='lat' dir='ltr'><strong>tenore</strong></span> 
     </span>
    </p>
   </div>
   <div class='ocr_carea' id='block_1_63' title="bbox 1892 1919 2146 1992">
    <p class='ocr_par' dir='ltr' id='par_1_63' title="bbox 1892 1919 2146 1992">
     <span class='ocr_line' id='line_1_63' title="bbox 1892 1919 2146 1992; baseline -0.012 -15"><span class='ocrx_word' id='word_1_432' title='bbox 1892 1919 2146 1992; x_wconf 84' lang='lat' dir='ltr'><strong>refugis?</strong></span> 
     </span>
    </p>
   </div>
   <div class='ocr_carea' id='block_1_64' title="bbox 1961 2003 3595 2080">
    <p class='ocr_par' dir='ltr' id='par_1_64' title="bbox 1961 2003 3595 2080">
     <span class='ocr_line' id='line_1_64' title="bbox 1961 2003 3595 2080; baseline -0.002 -17"><span class='ocrx_word' id='word_1_433' title='bbox 1961 2011 2010 2063; x_wconf 87' lang='lat' dir='ltr'><strong><em>A</em></strong></span> <span class='ocrx_word' id='word_1_434' title='bbox 2037 2008 2240 2080; x_wconf 72' lang='lat' dir='ltr'><strong>quibus</strong></span> <span class='ocrx_word' id='word_1_435' title='bbox 2276 2010 2478 2063; x_wconf 84' lang='lat' dir='ltr'><strong>caveat</strong></span> <span class='ocrx_word' id='word_1_436' title='bbox 2513 2006 2776 2063; x_wconf 73' lang='lat' dir='ltr'><strong>castitati</strong></span> <span class='ocrx_word' id='word_1_437' title='bbox 2811 2006 3154 2079; x_wconf 77' lang='lat' dir='ltr'><strong>invigilam.</strong></span> <span class='ocrx_word' id='word_1_438' title='bbox 3206 2037 3275 2046; x_wconf 96' lang='lat'><strong>—</strong></span> <span class='ocrx_word' id='word_1_439' title='bbox 3305 2006 3411 2062; x_wconf 88' lang='lat' dir='ltr'><strong>Sed</strong></span> <span class='ocrx_word' id='word_1_440' title='bbox 3453 2003 3595 2076; x_wconf 88' lang='lat' dir='ltr'><strong>quia</strong></span> 
     </span>
    </p>
   </div>
   <div class='ocr_carea' id='block_1_65' title="bbox 1892 2093 3595 2167">
    <p class='ocr_par' dir='ltr' id='par_1_65' title="bbox 1892 2093 3595 2167">
     <span class='ocr_line' id='line_1_65' title="bbox 1892 2093 3595 2167; baseline -0.002 -15"><span class='ocrx_word' id='word_1_441' title='bbox 1892 2098 2000 2153; x_wconf 90' lang='lat' dir='ltr'><strong>nisi</strong></span> <span class='ocrx_word' id='word_1_442' title='bbox 2046 2111 2274 2154; x_wconf 93' lang='lat' dir='ltr'><strong>summo</strong></span> <span class='ocrx_word' id='word_1_443' title='bbox 2320 2110 2460 2167; x_wconf 92' lang='lat' dir='ltr'><strong>erga</strong></span> <span class='ocrx_word' id='word_1_444' title='bbox 2504 2097 2686 2151; x_wconf 90' lang='lat' dir='ltr'><strong>Deum</strong></span> <span class='ocrx_word' id='word_1_445' title='bbox 2718 2096 2950 2167; x_wconf 87' lang='lat' dir='ltr'><strong>vigente</strong></span> <span class='ocrx_word' id='word_1_446' title='bbox 2999 2093 3208 2152; x_wconf 78' lang='lat' dir='ltr'><strong>affectu</strong></span> <span class='ocrx_word' id='word_1_447' title='bbox 3255 2094 3441 2150; x_wconf 89' lang='lat' dir='ltr'><strong>virtus</strong></span> <span class='ocrx_word' id='word_1_448' title='bbox 3471 2093 3595 2149; x_wconf 89' lang='lat' dir='ltr'><strong>hac</strong></span> 
     </span>
    </p>
   </div>
   <div class='ocr_carea' id='block_1_66' title="bbox 1890 2181 3590 2258">
    <p class='ocr_par' dir='ltr' id='par_1_66' title="bbox 1890 2181 3590 2258">
     <span class='ocr_line' id='line_1_66' title="bbox 1890 2181 3590 2258; baseline -0.004 -16"><span class='ocrx_word' id='word_1_449' title='bbox 1890 2187 2083 2242; x_wconf 89' lang='lat' dir='ltr'><strong>valere</strong></span> <span class='ocrx_word' id='word_1_450' title='bbox 2139 2200 2254 2240; x_wconf 92' lang='lat' dir='ltr'><strong>non</strong></span> <span class='ocrx_word' id='word_1_451' title='bbox 2304 2193 2504 2254; x_wconf 91' lang='lat' dir='ltr'><strong>potest,</strong></span> <span class='ocrx_word' id='word_1_452' title='bbox 2556 2183 2706 2255; x_wconf 86' lang='lat' dir='ltr'><strong>ignis</strong></span> <span class='ocrx_word' id='word_1_453' title='bbox 2757 2184 2999 2258; x_wconf 91' lang='lat' dir='ltr'><strong>quidam</strong></span> <span class='ocrx_word' id='word_1_454' title='bbox 3052 2198 3168 2240; x_wconf 89' lang='lat' dir='ltr'><strong>non</strong></span> <span class='ocrx_word' id='word_1_455' title='bbox 3225 2181 3590 2250; x_wconf 91' lang='lat' dir='ltr'><strong>honorarius,</strong></span> 
     </span>
    </p>
   </div>
   <div class='ocr_carea' id='block_1_67' title="bbox 1890 2273 3594 2343">
    <p class='ocr_par' dir='ltr' id='par_1_67' title="bbox 1890 2273 3594 2343">
     <span class='ocr_line' id='line_1_67' title="bbox 1890 2273 3594 2343; baseline -0.003 -13"><span class='ocrx_word' id='word_1_456' title='bbox 1890 2275 1987 2330; x_wconf 90' lang='lat' dir='ltr'><strong>sed</strong></span> <span class='ocrx_word' id='word_1_457' title='bbox 2018 2274 2330 2330; x_wconf 89' lang='lat' dir='ltr'><strong>continuus</strong></span> <span class='ocrx_word' id='word_1_458' title='bbox 2386 2280 2579 2329; x_wconf 88' lang='lat' dir='ltr'><strong>nostro</strong></span> <span class='ocrx_word' id='word_1_459' title='bbox 2637 2273 3040 2343; x_wconf 88' lang='lat' dir='ltr'><strong>suggerendus</strong></span> <span class='ocrx_word' id='word_1_460' title='bbox 3071 2286 3296 2342; x_wconf 84' lang='lat' dir='ltr'><strong>semper</strong></span> <span class='ocrx_word' id='word_1_461' title='bbox 3353 2278 3440 2327; x_wconf 91' lang='lat' dir='ltr'><strong>est</strong></span> <span class='ocrx_word' id='word_1_462' title='bbox 3488 2284 3594 2341; x_wconf 88' lang='lat' dir='ltr'><strong>pe-</strong></span> 
     </span>
    </p>
   </div>
   <div class='ocr_carea' id='block_1_68' title="bbox 1889 2358 3594 2432">
    <p class='ocr_par' dir='ltr' id='par_1_68' title="bbox 1889 2358 3594 2432">
     <span class='ocr_line' id='line_1_68' title="bbox 1889 2358 3594 2432; baseline -0.002 -14"><span class='ocrx_word' id='word_1_463' title='bbox 1889 2362 2051 2429; x_wconf 86' lang='lat' dir='ltr'><strong>ctori,</strong></span> <span class='ocrx_word' id='word_1_464' title='bbox 2093 2363 2263 2432; x_wconf 87' lang='lat' dir='ltr'><strong>cujus</strong></span> <span class='ocrx_word' id='word_1_465' title='bbox 2312 2375 2380 2417; x_wconf 91' lang='lat' dir='ltr'><strong>ea</strong></span> <span class='ocrx_word' id='word_1_466' title='bbox 2427 2371 2640 2418; x_wconf 88' lang='lat' dir='ltr'><strong>natura</strong></span> <span class='ocrx_word' id='word_1_467' title='bbox 2684 2362 2757 2417; x_wconf 90' lang='lat' dir='ltr'><strong>sit</strong></span> <span class='ocrx_word' id='word_1_468' title='bbox 2811 2370 2876 2418; x_wconf 90' lang='lat' dir='ltr'><strong>ut</strong></span> <span class='ocrx_word' id='word_1_469' title='bbox 2922 2376 3092 2417; x_wconf 87' lang='lat' dir='ltr'><strong>omne</strong></span> <span class='ocrx_word' id='word_1_470' title='bbox 3147 2361 3302 2430; x_wconf 90' lang='lat' dir='ltr'><strong>quod</strong></span> <span class='ocrx_word' id='word_1_471' title='bbox 3359 2358 3594 2415; x_wconf 89' lang='lat' dir='ltr'><strong>aliunde</strong></span> 
     </span>
    </p>
   </div>
   <div class='ocr_carea' id='block_1_69' title="bbox 1891 2449 3596 2520">
    <p class='ocr_par' dir='ltr' id='par_1_69' title="bbox 1891 2449 3596 2520">
     <span class='ocr_line' id='line_1_69' title="bbox 1891 2449 3596 2520; baseline -0.003 -15"><span class='ocrx_word' id='word_1_472' title='bbox 1891 2452 2132 2507; x_wconf 90' lang='lat' dir='ltr'><strong>noxium</strong></span> <span class='ocrx_word' id='word_1_473' title='bbox 2207 2451 2406 2516; x_wconf 85' lang='lat' dir='ltr'><strong>fervet,</strong></span> <span class='ocrx_word' id='word_1_474' title='bbox 2461 2450 2815 2520; x_wconf 90' lang='lat' dir='ltr'><strong>exstinguat.</strong></span> <span class='ocrx_word' id='word_1_475' title='bbox 2894 2449 3104 2505; x_wconf 85' lang='lat' dir='ltr'><strong>Anima</strong></span> <span class='ocrx_word' id='word_1_476' title='bbox 3186 2463 3322 2518; x_wconf 88' lang='lat' dir='ltr'><strong>ergo</strong></span> <span class='ocrx_word' id='word_1_477' title='bbox 3397 2453 3596 2502; x_wconf 89' lang='lat' dir='ltr'><strong>nostra</strong></span> 
     </span>
    </p>
   </div>
   <div class='ocr_carea' id='block_1_70' title="bbox 1891 2535 3595 2608">
    <p class='ocr_par' dir='ltr' id='par_1_70' title="bbox 1891 2535 3595 2608">
     <span class='ocr_line' id='line_1_70' title="bbox 1891 2535 3595 2608; baseline -0.004 -13"><span class='ocrx_word' id='word_1_478' title='bbox 1891 2554 2085 2596; x_wconf 90' lang='lat' dir='ltr'><strong>amore</strong></span> <span class='ocrx_word' id='word_1_479' title='bbox 2118 2538 2272 2595; x_wconf 74' lang='lat' dir='ltr'><strong>illius</strong></span> <span class='ocrx_word' id='word_1_480' title='bbox 2323 2539 2512 2595; x_wconf 90' lang='lat' dir='ltr'><strong>dilecti</strong></span> <span class='ocrx_word' id='word_1_481' title='bbox 2543 2538 2859 2608; x_wconf 84' lang='lat' dir='ltr'><strong>singularis</strong></span> <span class='ocrx_word' id='word_1_482' title='bbox 2901 2537 3157 2593; x_wconf 89' lang='lat' dir='ltr'><strong>ardendo</strong></span> <span class='ocrx_word' id='word_1_483' title='bbox 3190 2535 3517 2600; x_wconf 86' lang='lat' dir='ltr'><strong>incandeat,</strong></span> <span class='ocrx_word' id='word_1_484' title='bbox 3539 2541 3595 2589; x_wconf 90' lang='lat' dir='ltr'><strong>et</strong></span> 
     </span>
    </p>
   </div>
   <div class='ocr_carea' id='block_1_71' title="bbox 1889 2623 3594 2698">
    <p class='ocr_par' dir='ltr' id='par_1_71' title="bbox 1889 2623 3594 2698">
     <span class='ocr_line' id='line_1_71' title="bbox 1889 2623 3594 2698; baseline -0.004 -13"><span class='ocrx_word' id='word_1_485' title='bbox 1889 2628 2153 2685; x_wconf 85' lang='lat' dir='ltr'><strong>osculum</strong></span> <span class='ocrx_word' id='word_1_486' title='bbox 2212 2629 2326 2684; x_wconf 90' lang='lat' dir='ltr'><strong>oris</strong></span> <span class='ocrx_word' id='word_1_487' title='bbox 2396 2629 2525 2698; x_wconf 88' lang='lat' dir='ltr'><strong>ejus</strong></span> <span class='ocrx_word' id='word_1_488' title='bbox 2576 2627 2753 2682; x_wconf 87' lang='lat' dir='ltr'><strong>anxia</strong></span> <span class='ocrx_word' id='word_1_489' title='bbox 2814 2626 2979 2694; x_wconf 91' lang='lat' dir='ltr'><strong>votis,</strong></span> <span class='ocrx_word' id='word_1_490' title='bbox 3036 2625 3244 2681; x_wconf 86' lang='lat' dir='ltr'><strong>anhela</strong></span> <span class='ocrx_word' id='word_1_491' title='bbox 3299 2623 3594 2680; x_wconf 89' lang='lat' dir='ltr'><strong>desideriis</strong></span> 
     </span>
    </p>
   </div>
   <div class='ocr_carea' id='block_1_72' title="bbox 1889 2711 3594 2786">
    <p class='ocr_par' dir='ltr' id='par_1_72' title="bbox 1889 2711 3594 2786">
     <span class='ocr_line' id='line_1_72' title="bbox 1889 2711 3594 2786; baseline -0.004 -14"><span class='ocrx_word' id='word_1_492' title='bbox 1889 2725 2177 2786; x_wconf 82' lang='lat' dir='ltr'><strong>exposcat,</strong></span> <span class='ocrx_word' id='word_1_493' title='bbox 2238 2717 2524 2782; x_wconf 91' lang='lat' dir='ltr'><strong>osculum,</strong></span> <span class='ocrx_word' id='word_1_494' title='bbox 2596 2717 2859 2785; x_wconf 86' lang='lat' dir='ltr'><strong>inquam,</strong></span> <span class='ocrx_word' id='word_1_495' title='bbox 2945 2714 3089 2770; x_wconf 93' lang='lat' dir='ltr'><strong>illud</strong></span> <span class='ocrx_word' id='word_1_496' title='bbox 3155 2713 3312 2783; x_wconf 89' lang='lat' dir='ltr'><strong>quod</strong></span> <span class='ocrx_word' id='word_1_497' title='bbox 3390 2711 3594 2766; x_wconf 89' lang='lat' dir='ltr'><strong>intima</strong></span> 
     </span>
    </p>
   </div>
   <div class='ocr_carea' id='block_1_73' title="bbox 1891 2803 3595 2874">
    <p class='ocr_par' dir='ltr' id='par_1_73' title="bbox 1891 2803 3595 2874">
     <span class='ocr_line' id='line_1_73' title="bbox 1891 2803 3595 2874; baseline -0.003 -13"><span class='ocrx_word' id='word_1_498' title='bbox 1891 2803 2568 2874; x_wconf 87' lang='lat' dir='ltr'><strong>supernaaspirationis</strong></span> <span class='ocrx_word' id='word_1_499' title='bbox 2611 2804 2906 2873; x_wconf 88' lang='lat' dir='ltr'><strong>illapsione</strong></span> <span class='ocrx_word' id='word_1_500' title='bbox 2953 2803 3268 2872; x_wconf 86' lang='lat' dir='ltr'><strong>perficitur,</strong></span> <span class='ocrx_word' id='word_1_501' title='bbox 3330 2816 3447 2870; x_wconf 91' lang='lat' dir='ltr'><strong>quo</strong></span> <span class='ocrx_word' id='word_1_502' title='bbox 3497 2813 3595 2856; x_wconf 94' lang='lat' dir='ltr'><strong>ore</strong></span> 
     </span>
    </p>
   </div>
   <div class='ocr_carea' id='block_1_74' title="bbox 1892 2888 3594 2956">
    <p class='ocr_par' dir='ltr' id='par_1_74' title="bbox 1892 2888 3594 2956">
     <span class='ocr_line' id='line_1_74' title="bbox 1892 2888 3594 2956; baseline -0.004 -6"><span class='ocrx_word' id='word_1_503' title='bbox 1892 2895 1959 2950; x_wconf 88' lang='lat' dir='ltr'><strong>de</strong></span> <span class='ocrx_word' id='word_1_504' title='bbox 1994 2895 2106 2949; x_wconf 88' lang='lat' dir='ltr'><strong>illis</strong></span> <span class='ocrx_word' id='word_1_505' title='bbox 2145 2894 2535 2949; x_wconf 84' lang='lat' dir='ltr'><strong>ineffabilibus</strong></span> <span class='ocrx_word' id='word_1_506' title='bbox 2564 2892 2750 2956; x_wconf 87' lang='lat' dir='ltr'><strong>labiis,</strong></span> <span class='ocrx_word' id='word_1_507' title='bbox 2810 2900 2864 2948; x_wconf 89' lang='lat' dir='ltr'><strong>et</strong></span> <span class='ocrx_word' id='word_1_508' title='bbox 2894 2891 3154 2947; x_wconf 90' lang='lat' dir='ltr'><strong>anhelitu</strong></span> <span class='ocrx_word' id='word_1_509' title='bbox 3204 2898 3360 2946; x_wconf 87' lang='lat' dir='ltr'><strong>tanto</strong></span> <span class='ocrx_word' id='word_1_510' title='bbox 3410 2888 3594 2944; x_wconf 87' lang='lat' dir='ltr'><strong>mira—</strong></span> 
     </span>
    </p>
   </div>
   <div class='ocr_carea' id='block_1_75' title="bbox 1893 2979 3588 3052">
    <p class='ocr_par' dir='ltr' id='par_1_75' title="bbox 1893 2979 3588 3052">
     <span class='ocr_line' id='line_1_75' title="bbox 1893 2979 3588 3052; baseline -0.004 -13"><span class='ocrx_word' id='word_1_511' title='bbox 1893 2984 2066 3039; x_wconf 90' lang='lat' dir='ltr'><strong>bilius</strong></span> <span class='ocrx_word' id='word_1_512' title='bbox 2099 2990 2154 3038; x_wconf 92' lang='lat' dir='ltr'><strong>et</strong></span> <span class='ocrx_word' id='word_1_513' title='bbox 2206 2982 2454 3047; x_wconf 87' lang='lat' dir='ltr'><strong>dulcius,</strong></span> <span class='ocrx_word' id='word_1_514' title='bbox 2513 2990 2733 3052; x_wconf 90' lang='lat' dir='ltr'><strong>quanto</strong></span> <span class='ocrx_word' id='word_1_515' title='bbox 2783 2981 3057 3036; x_wconf 88' lang='lat' dir='ltr'><strong>secretius</strong></span> <span class='ocrx_word' id='word_1_516' title='bbox 3115 2980 3416 3045; x_wconf 89' lang='lat' dir='ltr'><strong>hauritur;</strong></span> <span class='ocrx_word' id='word_1_517' title='bbox 3466 2979 3588 3047; x_wconf 92' lang='lat' dir='ltr'><strong>qui,</strong></span> 
     </span>
    </p>
   </div>
   <div class='ocr_carea' id='block_1_76' title="bbox 1821 3067 3594 3162">
    <p class='ocr_par' dir='ltr' id='par_1_76' title="bbox 1821 3067 3594 3162">
     <span class='ocr_line' id='line_1_76' title="bbox 1821 3067 3594 3162; baseline -0.004 -34"><span class='ocrx_word' id='word_1_518' title='bbox 1821 3107 1862 3162; x_wconf 62' lang='grc' dir='ltr'>ε</span> <span class='ocrx_word' id='word_1_519' title='bbox 1889 3073 2062 3144; x_wconf 77' lang='lat' dir='ltr'><strong>quta</strong></span> <span class='ocrx_word' id='word_1_520' title='bbox 2102 3072 2333 3127; x_wconf 88' lang='lat' dir='ltr'><strong>beatum</strong></span> <span class='ocrx_word' id='word_1_521' title='bbox 2376 3071 2654 3126; x_wconf 82' lang='lat' dir='ltr'><strong>Joannem</strong></span> <span class='ocrx_word' id='word_1_522' title='bbox 2692 3069 3036 3140; x_wconf 92' lang='lat' dir='ltr'><strong>apostolum,</strong></span> <span class='ocrx_word' id='word_1_523' title='bbox 3098 3067 3594 3136; x_wconf 90' lang='lat' dir='ltr'><strong>concupiscentias</strong></span> 
     </span>
    </p>
   </div>
   <div class='ocr_carea' id='block_1_77' title="bbox 1894 3156 3595 3228">
    <p class='ocr_par' dir='ltr' id='par_1_77' title="bbox 1894 3156 3595 3228">
     <span class='ocr_line' id='line_1_77' title="bbox 1894 3156 3595 3228; baseline -0.003 -14"><span class='ocrx_word' id='word_1_524' title='bbox 1894 3160 1950 3215; x_wconf 91' lang='lat' dir='ltr'><strong>in</strong></span> <span class='ocrx_word' id='word_1_525' title='bbox 1993 3175 2052 3216; x_wconf 91' lang='lat' dir='ltr'><strong>se</strong></span> <span class='ocrx_word' id='word_1_526' title='bbox 2081 3160 2390 3216; x_wconf 85' lang='lat' dir='ltr'><strong>exsuscitet</strong></span> <span class='ocrx_word' id='word_1_527' title='bbox 2417 3160 2812 3228; x_wconf 88' lang='lat' dir='ltr'><strong>sempiternas,</strong></span> <span class='ocrx_word' id='word_1_528' title='bbox 2860 3166 2915 3214; x_wconf 88' lang='lat' dir='ltr'><strong>et</strong></span> <span class='ocrx_word' id='word_1_529' title='bbox 2964 3157 3067 3214; x_wconf 89' lang='lat' dir='ltr'><strong>ubi</strong></span> <span class='ocrx_word' id='word_1_530' title='bbox 3095 3156 3253 3212; x_wconf 92' lang='lat' dir='ltr'><strong>omni</strong></span> <span class='ocrx_word' id='word_1_531' title='bbox 3303 3156 3434 3211; x_wconf 91' lang='lat' dir='ltr'><strong>favo</strong></span> <span class='ocrx_word' id='word_1_532' title='bbox 3467 3168 3595 3225; x_wconf 89' lang='lat' dir='ltr'><strong>gra-</strong></span> 
     </span>
    </p>
   </div>
   <div class='ocr_carea' id='block_1_78' title="bbox 1891 3242 3592 3319">
    <p class='ocr_par' dir='ltr' id='par_1_78' title="bbox 1891 3242 3592 3319">
     <span class='ocr_line' id='line_1_78' title="bbox 1891 3242 3592 3319; baseline -0.004 -14"><span class='ocrx_word' id='word_1_533' title='bbox 1891 3250 2021 3306; x_wconf 90' lang='lat' dir='ltr'><strong>tiori</strong></span> <span class='ocrx_word' id='word_1_534' title='bbox 2051 3249 2234 3304; x_wconf 87' lang='lat' dir='ltr'><strong>saliva</strong></span> <span class='ocrx_word' id='word_1_535' title='bbox 2269 3249 2398 3319; x_wconf 90' lang='lat' dir='ltr'><strong>ejus</strong></span> <span class='ocrx_word' id='word_1_536' title='bbox 2451 3248 2751 3319; x_wconf 90' lang='lat' dir='ltr'><strong>tingimur,</strong></span> <span class='ocrx_word' id='word_1_537' title='bbox 2803 3263 2939 3318; x_wconf 81' lang='lat' dir='ltr'><strong>qua</strong></span> <span class='ocrx_word' id='word_1_538' title='bbox 2989 3246 3162 3302; x_wconf 92' lang='lat' dir='ltr'><strong>totius</strong></span> <span class='ocrx_word' id='word_1_539' title='bbox 3208 3244 3392 3300; x_wconf 89' lang='lat' dir='ltr'><strong>divini</strong></span> <span class='ocrx_word' id='word_1_540' title='bbox 3431 3242 3592 3299; x_wconf 90' lang='lat' dir='ltr'><strong>verbi</strong></span> 
     </span>
    </p>
   </div>
   <div class='ocr_carea' id='block_1_79' title="bbox 1891 3331 3594 3403">
    <p class='ocr_par' dir='ltr' id='par_1_79' title="bbox 1891 3331 3594 3403">
     <span class='ocr_line' id='line_1_79' title="bbox 1891 3331 3594 3403; baseline -0.005 -9"><span class='ocrx_word' id='word_1_541' title='bbox 1891 3340 2257 3396; x_wconf 83' lang='lat' dir='ltr'><strong>salutif‘erum</strong></span> <span class='ocrx_word' id='word_1_542' title='bbox 2302 3347 2496 3394; x_wconf 90' lang='lat' dir='ltr'><strong>nostra</strong></span> <span class='ocrx_word' id='word_1_543' title='bbox 2539 3339 2776 3392; x_wconf 89' lang='lat' dir='ltr'><strong>innovat</strong></span> <span class='ocrx_word' id='word_1_544' title='bbox 2820 3335 2877 3390; x_wconf 91' lang='lat' dir='ltr'><strong>in</strong></span> <span class='ocrx_word' id='word_1_545' title='bbox 2925 3341 3113 3390; x_wconf 90' lang='lat' dir='ltr'><strong>mente</strong></span> <span class='ocrx_word' id='word_1_546' title='bbox 3162 3346 3446 3403; x_wconf 91' lang='lat' dir='ltr'><strong>saporem.</strong></span> <span class='ocrx_word' id='word_1_547' title='bbox 3482 3331 3594 3387; x_wconf 88' lang='lat' dir='ltr'><strong>Sic-</strong></span> 
     </span>
    </p>
   </div>
   <div class='ocr_carea' id='block_1_80' title="bbox 1890 3419 3593 3498">
    <p class='ocr_par' dir='ltr' id='par_1_80' title="bbox 1890 3419 3593 3498">
     <span class='ocr_line' id='line_1_80' title="bbox 1890 3419 3593 3498; baseline -0.006 -14"><span class='ocrx_word' id='word_1_548' title='bbox 1890 3443 2005 3498; x_wconf 89' lang='lat' dir='ltr'><strong>que</strong></span> <span class='ocrx_word' id='word_1_549' title='bbox 2053 3443 2186 3484; x_wconf 88' lang='lat' dir='ltr'><strong>cum</strong></span> <span class='ocrx_word' id='word_1_550' title='bbox 2239 3427 2521 3498; x_wconf 90' lang='lat' dir='ltr'><strong>singulari</strong></span> <span class='ocrx_word' id='word_1_551' title='bbox 2595 3426 2862 3482; x_wconf 90' lang='lat' dir='ltr'><strong>titillante</strong></span> <span class='ocrx_word' id='word_1_552' title='bbox 2915 3423 3172 3490; x_wconf 89' lang='lat' dir='ltr'><strong>lascivia,</strong></span> <span class='ocrx_word' id='word_1_553' title='bbox 3230 3429 3353 3492; x_wconf 89' lang='lat' dir='ltr'><strong>post</strong></span> <span class='ocrx_word' id='word_1_554' title='bbox 3420 3419 3593 3476; x_wconf 89' lang='lat' dir='ltr'><strong>alieni</strong></span> 
     </span>
    </p>
   </div>
   <div class='ocr_carea' id='block_1_81' title="bbox 1891 3511 3592 3583">
    <p class='ocr_par' dir='ltr' id='par_1_81' title="bbox 1891 3511 3592 3583">
     <span class='ocr_line' id='line_1_81' title="bbox 1891 3511 3592 3583; baseline -0.005 -11"><span class='ocrx_word' id='word_1_555' title='bbox 1891 3518 2008 3572; x_wconf 89' lang='lat' dir='ltr'><strong>oris</strong></span> <span class='ocrx_word' id='word_1_556' title='bbox 2036 3517 2344 3572; x_wconf 89' lang='lat' dir='ltr'><strong>blanditias</strong></span> <span class='ocrx_word' id='word_1_557' title='bbox 2391 3516 2621 3571; x_wconf 89' lang='lat' dir='ltr'><strong>animus</strong></span> <span class='ocrx_word' id='word_1_558' title='bbox 2669 3522 2859 3570; x_wconf 89' lang='lat' dir='ltr'><strong>tenere</strong></span> <span class='ocrx_word' id='word_1_559' title='bbox 2889 3513 3138 3583; x_wconf 88' lang='lat' dir='ltr'><strong>agitatus</strong></span> <span class='ocrx_word' id='word_1_560' title='bbox 3168 3511 3438 3566; x_wconf 91' lang='lat' dir='ltr'><strong>oberrare</strong></span> <span class='ocrx_word' id='word_1_561' title='bbox 3492 3523 3592 3565; x_wconf 92' lang='lat' dir='ltr'><strong>vo-</strong></span> 
     </span>
    </p>
   </div>
   <div class='ocr_carea' id='block_1_82' title="bbox 1891 3597 3592 3675">
    <p class='ocr_par' dir='ltr' id='par_1_82' title="bbox 1891 3597 3592 3675">
     <span class='ocr_line' id='line_1_82' title="bbox 1891 3597 3592 3675; baseline -0.006 -12"><span class='ocrx_word' id='word_1_562' title='bbox 1891 3607 2081 3675; x_wconf 89' lang='lat' dir='ltr'><strong>luerit,</strong></span> <span class='ocrx_word' id='word_1_563' title='bbox 2111 3606 2400 3662; x_wconf 88' lang='lat' dir='ltr'><strong>memoria</strong></span> <span class='ocrx_word' id='word_1_564' title='bbox 2429 3619 2497 3661; x_wconf 90' lang='lat' dir='ltr'><strong>ea</strong></span> <span class='ocrx_word' id='word_1_565' title='bbox 2526 3604 2767 3660; x_wconf 89' lang='lat' dir='ltr'><strong>dulcedo</strong></span> <span class='ocrx_word' id='word_1_566' title='bbox 2798 3610 3064 3659; x_wconf 87' lang='lat' dir='ltr'><strong>revocata</strong></span> <span class='ocrx_word' id='word_1_567' title='bbox 3092 3609 3274 3657; x_wconf 92' lang='lat' dir='ltr'><strong>totum</strong></span> <span class='ocrx_word' id='word_1_568' title='bbox 3305 3597 3592 3669; x_wconf 91' lang='lat' dir='ltr'><strong>quidquid</strong></span> 
     </span>
    </p>
   </div>
   <div class='ocr_carea' id='block_1_83' title="bbox 1889 3687 3594 3766">
    <p class='ocr_par' dir='ltr' id='par_1_83' title="bbox 1889 3687 3594 3766">
     <span class='ocr_line' id='line_1_83' title="bbox 1889 3687 3594 3766; baseline -0.007 -14"><span class='ocrx_word' id='word_1_569' title='bbox 1889 3709 2068 3766; x_wconf 87' lang='lat' dir='ltr'><strong>vagos</strong></span> <span class='ocrx_word' id='word_1_570' title='bbox 2149 3695 2408 3752; x_wconf 86' lang='lat' dir='ltr'><strong>exterius</strong></span> <span class='ocrx_word' id='word_1_571' title='bbox 2483 3693 2758 3749; x_wconf 86' lang='lat' dir='ltr'><strong>fomentat</strong></span> <span class='ocrx_word' id='word_1_572' title='bbox 2803 3692 3043 3748; x_wconf 90' lang='lat' dir='ltr'><strong>obtutus</strong></span> <span class='ocrx_word' id='word_1_573' title='bbox 3115 3687 3594 3758; x_wconf 86' lang='lat' dir='ltr'><strong>contemplatione</strong></span> 
     </span>
    </p>
   </div>
   <div class='ocr_carea' id='block_1_84' title="bbox 1889 3778 3594 3854">
    <p class='ocr_par' dir='ltr' id='par_1_84' title="bbox 1889 3778 3594 3854">
     <span class='ocr_line' id='line_1_84' title="bbox 1889 3778 3594 3854; baseline -0.005 -14"><span class='ocrx_word' id='word_1_574' title='bbox 1889 3792 2141 3854; x_wconf 88' lang='lat' dir='ltr'><strong>experta</strong></span> <span class='ocrx_word' id='word_1_575' title='bbox 2185 3782 2552 3853; x_wconf 88' lang='lat' dir='ltr'><strong>aspirationis</strong></span> <span class='ocrx_word' id='word_1_576' title='bbox 2597 3780 2895 3836; x_wconf 89' lang='lat' dir='ltr'><strong>amaricat.</strong></span> <span class='ocrx_word' id='word_1_577' title='bbox 2954 3779 3059 3836; x_wconf 90' lang='lat' dir='ltr'><strong>Sed</strong></span> <span class='ocrx_word' id='word_1_578' title='bbox 3113 3778 3349 3850; x_wconf 91' lang='lat' dir='ltr'><strong>quando</strong></span> <span class='ocrx_word' id='word_1_579' title='bbox 3407 3784 3594 3832; x_wconf 89' lang='lat' dir='ltr'><strong>tactus</strong></span> 
     </span>
    </p>
   </div>
   <div class='ocr_carea' id='block_1_85' title="bbox 1891 3863 3594 3939">
    <p class='ocr_par' dir='ltr' id='par_1_85' title="bbox 1891 3863 3594 3939">
     <span class='ocr_line' id='line_1_85' title="bbox 1891 3863 3594 3939; baseline -0.004 -16"><span class='ocrx_word' id='word_1_580' title='bbox 1891 3869 2180 3939; x_wconf 89' lang='lat' dir='ltr'><strong>impudice</strong></span> <span class='ocrx_word' id='word_1_581' title='bbox 2209 3868 2354 3924; x_wconf 90' lang='lat' dir='ltr'><strong>lenis</strong></span> <span class='ocrx_word' id='word_1_582' title='bbox 2381 3875 2438 3923; x_wconf 93' lang='lat' dir='ltr'><strong>et</strong></span> <span class='ocrx_word' id='word_1_583' title='bbox 2484 3866 2780 3921; x_wconf 88' lang='lat' dir='ltr'><strong>inhoneste</strong></span> <span class='ocrx_word' id='word_1_584' title='bbox 2832 3864 3119 3919; x_wconf 90' lang='lat' dir='ltr'><strong>delectans</strong></span> <span class='ocrx_word' id='word_1_585' title='bbox 3172 3863 3348 3919; x_wconf 90' lang='lat' dir='ltr'><strong>menti</strong></span> <span class='ocrx_word' id='word_1_586' title='bbox 3381 3869 3594 3917; x_wconf 86' lang='lat' dir='ltr'><strong>nostra</strong></span> 
     </span>
    </p>
   </div>
   <div class='ocr_carea' id='block_1_86' title="bbox 1890 3950 3595 4030">
    <p class='ocr_par' dir='ltr' id='par_1_86' title="bbox 1890 3950 3595 4030">
     <span class='ocr_line' id='line_1_86' title="bbox 1890 3950 3595 4030; baseline -0.006 -16"><span class='ocrx_word' id='word_1_587' title='bbox 1890 3965 2261 4030; x_wconf 88' lang='lat' dir='ltr'><strong>suggeratur,</strong></span> <span class='ocrx_word' id='word_1_588' title='bbox 2295 3971 2410 4012; x_wconf 90' lang='lat' dir='ltr'><strong>non</strong></span> <span class='ocrx_word' id='word_1_589' title='bbox 2447 3956 2528 4011; x_wconf 92' lang='lat' dir='ltr'><strong>illi</strong></span> <span class='ocrx_word' id='word_1_590' title='bbox 2559 3956 2702 4010; x_wconf 92' lang='lat' dir='ltr'><strong>desit</strong></span> <span class='ocrx_word' id='word_1_591' title='bbox 2742 3968 2848 4009; x_wconf 91' lang='lat' dir='ltr'><strong>nec</strong></span> <span class='ocrx_word' id='word_1_592' title='bbox 2885 3953 3022 4008; x_wconf 91' lang='lat' dir='ltr'><strong>vitio</strong></span> <span class='ocrx_word' id='word_1_593' title='bbox 3069 3952 3264 4021; x_wconf 88' lang='lat' dir='ltr'><strong>aliquo</strong></span> <span class='ocrx_word' id='word_1_594' title='bbox 3307 3950 3595 4020; x_wconf 90' lang='lat' dir='ltr'><strong>oppiletur</strong></span> 
     </span>
    </p>
   </div>
   <div class='ocr_carea' id='block_1_87' title="bbox 1893 4039 3595 4116">
    <p class='ocr_par' dir='ltr' id='par_1_87' title="bbox 1893 4039 3595 4116">
     <span class='ocr_line' id='line_1_87' title="bbox 1893 4039 3595 4116; baseline -0.006 -14"><span class='ocrx_word' id='word_1_595' title='bbox 1893 4049 2048 4103; x_wconf 88' lang='lat' dir='ltr'><strong>illius</strong></span> <span class='ocrx_word' id='word_1_596' title='bbox 2076 4046 2373 4102; x_wconf 90' lang='lat' dir='ltr'><strong>foraminis</strong></span> <span class='ocrx_word' id='word_1_597' title='bbox 2413 4052 2706 4116; x_wconf 87' lang='lat' dir='ltr'><strong>apertura,</strong></span> <span class='ocrx_word' id='word_1_598' title='bbox 2766 4056 2868 4112; x_wconf 88' lang='lat' dir='ltr'><strong>per</strong></span> <span class='ocrx_word' id='word_1_599' title='bbox 2927 4039 3080 4110; x_wconf 90' lang='lat' dir='ltr'><strong>quod</strong></span> <span class='ocrx_word' id='word_1_600' title='bbox 3139 4039 3382 4094; x_wconf 89' lang='lat' dir='ltr'><strong>dilectus</strong></span> <span class='ocrx_word' id='word_1_601' title='bbox 3426 4051 3595 4093; x_wconf 90' lang='lat' dir='ltr'><strong>suam</strong></span> 
     </span>
    </p>
   </div>
   <div class='ocr_carea' id='block_1_88' title="bbox 1891 4131 3591 4205">
    <p class='ocr_par' dir='ltr' id='par_1_88' title="bbox 1891 4131 3591 4205">
     <span class='ocr_line' id='line_1_88' title="bbox 1891 4131 3591 4205; baseline -0.006 -14"><span class='ocrx_word' id='word_1_602' title='bbox 1891 4135 2064 4205; x_wconf 89' lang='lat' dir='ltr'><strong>possit</strong></span> <span class='ocrx_word' id='word_1_603' title='bbox 2095 4135 2396 4190; x_wconf 91' lang='lat' dir='ltr'><strong>immittere</strong></span> <span class='ocrx_word' id='word_1_604' title='bbox 2451 4147 2712 4201; x_wconf 87' lang='lat' dir='ltr'><strong>manum,</strong></span> <span class='ocrx_word' id='word_1_605' title='bbox 2761 4131 2832 4186; x_wconf 89' lang='lat' dir='ltr'><strong>ad</strong></span> <span class='ocrx_word' id='word_1_606' title='bbox 2889 4131 3060 4200; x_wconf 90' lang='lat' dir='ltr'><strong>cujus</strong></span> <span class='ocrx_word' id='word_1_607' title='bbox 3115 4135 3330 4185; x_wconf 90' lang='lat' dir='ltr'><strong>tactum</strong></span> <span class='ocrx_word' id='word_1_608' title='bbox 3373 4133 3591 4193; x_wconf 88' lang='lat' dir='ltr'><strong>venter,</strong></span> 
     </span>
    </p>
   </div>
   <div class='ocr_carea' id='block_1_89' title="bbox 1891 4214 3596 4290">
    <p class='ocr_par' dir='ltr' id='par_1_89' title="bbox 1891 4214 3596 4290">
     <span class='ocr_line' id='line_1_89' title="bbox 1891 4214 3596 4290; baseline -0.006 -11"><span class='ocrx_word' id='word_1_609' title='bbox 1891 4225 1947 4280; x_wconf 93' lang='lat' dir='ltr'><strong>id</strong></span> <span class='ocrx_word' id='word_1_610' title='bbox 2028 4231 2112 4279; x_wconf 91' lang='lat' dir='ltr'><strong>est</strong></span> <span class='ocrx_word' id='word_1_611' title='bbox 2159 4231 2368 4278; x_wconf 86' lang='lat' dir='ltr'><strong>nostra</strong></span> <span class='ocrx_word' id='word_1_612' title='bbox 2447 4221 2800 4278; x_wconf 90' lang='lat' dir='ltr'><strong>carnalitatis</strong></span> <span class='ocrx_word' id='word_1_613' title='bbox 2869 4219 3168 4290; x_wconf 89' lang='lat' dir='ltr'><strong>fragilitas.</strong></span> <span class='ocrx_word' id='word_1_614' title='bbox 3243 4214 3596 4271; x_wconf 90' lang='lat' dir='ltr'><strong>intremiscat</strong></span> 
     </span>
    </p>
   </div>
   <div class='ocr_carea' id='block_1_90' title="bbox 1890 4304 3596 4384">
    <p class='ocr_par' dir='ltr' id='par_1_90' title="bbox 1890 4304 3596 4384">
     <span class='ocr_line' id='line_1_90' title="bbox 1890 4304 3596 4384; baseline -0.008 -13"><span class='ocrx_word' id='word_1_615' title='bbox 1890 4314 2078 4384; x_wconf 80' lang='lat' dir='ltr'><strong>(Cant.</strong></span> <span class='ocrx_word' id='word_1_616' title='bbox 2112 4329 2166 4380; x_wconf 90' lang='lat' dir='ltr'><strong>v,</strong></span> <span class='ocrx_word' id='word_1_617' title='bbox 2201 4314 2276 4381; x_wconf 77' lang='grc'><strong>4),</strong></span> <span class='ocrx_word' id='word_1_618' title='bbox 2310 4321 2526 4368; x_wconf 91' lang='lat' dir='ltr'><strong>etcum</strong></span> <span class='ocrx_word' id='word_1_619' title='bbox 2574 4310 2882 4377; x_wconf 87' lang='lat' dir='ltr'><strong>Ezechiele,</strong></span> <span class='ocrx_word' id='word_1_620' title='bbox 2943 4309 3142 4365; x_wconf 89' lang='lat' dir='ltr'><strong>eadem</strong></span> <span class='ocrx_word' id='word_1_621' title='bbox 3192 4319 3372 4362; x_wconf 91' lang='lat' dir='ltr'><strong>manu</strong></span> <span class='ocrx_word' id='word_1_622' title='bbox 3429 4304 3596 4359; x_wconf 92' lang='lat' dir='ltr'><strong>nobis</strong></span> 
     </span>
    </p>
   </div>
   <div class='ocr_carea' id='block_1_91' title="bbox 87 4391 3598 4472">
    <p class='ocr_par' dir='ltr' id='par_1_91' title="bbox 87 4391 3598 4472">
     <span class='ocr_line' id='line_1_91' title="bbox 87 4391 3598 4472; baseline -0.004 -8"><span class='ocrx_word' id='word_1_623' title='bbox 87 4391 219 4459; x_wconf 71' lang='grc' dir='ltr'><strong>Γίῐην</strong></span> <span class='ocrx_word' id='word_1_624' title='bbox 267 4408 388 4450; x_wconf 74' lang='grc' dir='ltr'><strong>εθεθ</strong></span> <span class='ocrx_word' id='word_1_625' title='bbox 439 4395 600 4451; x_wconf 71' lang='lat' dir='ltr'><strong>humi</strong></span> <span class='ocrx_word' id='word_1_626' title='bbox 650 4395 948 4466; x_wconf 64' lang='grc' dir='ltr'><strong>ἀθὶίοίυῐη,</strong></span> <span class='ocrx_word' id='word_1_627' title='bbox 998 4409 1066 4451; x_wconf 74' lang='lat'><strong>33</strong></span> <span class='ocrx_word' id='word_1_628' title='bbox 1101 4409 1204 4464; x_wconf 77' lang='grc' dir='ltr'><strong>ι)το</strong></span> <span class='ocrx_word' id='word_1_629' title='bbox 1252 4395 1468 4464; x_wconf 69' lang='lat' dir='ltr'><strong>finibus</strong></span> <span class='ocrx_word' id='word_1_630' title='bbox 1503 4402 1786 4465; x_wconf 70' lang='lat' dir='ltr'><strong>urgemur</strong></span> <span class='ocrx_word' id='word_1_631' title='bbox 1823 4395 1868 4448; x_wconf 85' lang='lat' dir='ltr'><strong>D</strong></span> <span class='ocrx_word' id='word_1_632' title='bbox 1896 4417 2126 4472; x_wconf 90' lang='lat' dir='ltr'><strong>semper</strong></span> <span class='ocrx_word' id='word_1_633' title='bbox 2157 4401 2304 4457; x_wconf 89' lang='lat' dir='ltr'><strong>facta</strong></span> <span class='ocrx_word' id='word_1_634' title='bbox 2351 4402 2576 4464; x_wconf 87' lang='lat' dir='ltr'><strong>comite,</strong></span> <span class='ocrx_word' id='word_1_635' title='bbox 2623 4400 2854 4456; x_wconf 87' lang='lat' dir='ltr'><strong>assidue</strong></span> <span class='ocrx_word' id='word_1_636' title='bbox 2899 4398 3254 4454; x_wconf 88' lang='lat' dir='ltr'><strong>confortetur</strong></span> <span class='ocrx_word' id='word_1_637' title='bbox 3301 4403 3355 4452; x_wconf 90' lang='lat' dir='ltr'><strong>ct</strong></span> <span class='ocrx_word' id='word_1_638' title='bbox 3401 4394 3598 4450; x_wconf 91' lang='lat' dir='ltr'><strong>mollia</strong></span> 
     </span>
    </p>
   </div>
   <div class='ocr_carea' id='block_1_92' title="bbox 88 4481 1788 4550">
    <p class='ocr_par' dir='ltr' id='par_1_92' title="bbox 88 4481 1788 4550">
     <span class='ocr_line' id='line_1_92' title="bbox 88 4481 1788 4550; baseline 0.004 -17"><span class='ocrx_word' id='word_1_639' title='bbox 88 4481 341 4538; x_wconf 90' lang='lat' dir='ltr'><strong>membra</strong></span> <span class='ocrx_word' id='word_1_640' title='bbox 371 4483 663 4539; x_wconf 91' lang='lat' dir='ltr'><strong>mordicus</strong></span> <span class='ocrx_word' id='word_1_641' title='bbox 709 4484 1033 4550; x_wconf 91' lang='lat' dir='ltr'><strong>abscidunt,</strong></span> <span class='ocrx_word' id='word_1_642' title='bbox 1083 4491 1138 4538; x_wconf 91' lang='lat' dir='ltr'><strong>et</strong></span> <span class='ocrx_word' id='word_1_643' title='bbox 1181 4483 1302 4538; x_wconf 89' lang='lat' dir='ltr'><strong>suis</strong></span> <span class='ocrx_word' id='word_1_644' title='bbox 1363 4483 1788 4539; x_wconf 90' lang='lat' dir='ltr'><strong>insecutoribus</strong></span> 
     </span>
    </p>
   </div>
   <div class='ocr_carea' id='block_1_93' title="bbox 89 4569 1784 4641">
    <p class='ocr_par' dir='ltr' id='par_1_93' title="bbox 89 4569 1784 4641">
     <span class='ocr_line' id='line_1_93' title="bbox 89 4569 1784 4641; baseline 0.003 -19"><span class='ocrx_word' id='word_1_645' title='bbox 89 4569 254 4636; x_wconf 89' lang='lat' dir='ltr'><strong>quasi</strong></span> <span class='ocrx_word' id='word_1_646' title='bbox 308 4571 626 4641; x_wconf 88' lang='lat' dir='ltr'><strong>quamdam</strong></span> <span class='ocrx_word' id='word_1_647' title='bbox 691 4571 1137 4641; x_wconf 89' lang='lat' dir='ltr'><strong>redemptionem</strong></span> <span class='ocrx_word' id='word_1_648' title='bbox 1196 4586 1299 4641; x_wconf 93' lang='lat' dir='ltr'><strong>pro</strong></span> <span class='ocrx_word' id='word_1_649' title='bbox 1358 4584 1415 4626; x_wconf 90' lang='lat' dir='ltr'><strong>se</strong></span> <span class='ocrx_word' id='word_1_650' title='bbox 1465 4572 1784 4639; x_wconf 92' lang='lat' dir='ltr'><strong>dimittunt,</strong></span> 
     </span>
    </p>
   </div>
   <div class='ocr_carea' id='block_1_94' title="bbox 89 4657 1788 4730">
    <p class='ocr_par' dir='ltr' id='par_1_94' title="bbox 89 4657 1788 4730">
     <span class='ocr_line' id='line_1_94' title="bbox 89 4657 1788 4730; baseline 0.004 -20"><span class='ocrx_word' id='word_1_651' title='bbox 89 4657 251 4724; x_wconf 87' lang='lat' dir='ltr'><strong>Quid,</strong></span> <span class='ocrx_word' id='word_1_652' title='bbox 285 4667 347 4716; x_wconf 95' lang='lat' dir='ltr'><strong>tu</strong></span> <span class='ocrx_word' id='word_1_653' title='bbox 378 4660 705 4717; x_wconf 90' lang='lat' dir='ltr'><strong>Christiana</strong></span> <span class='ocrx_word' id='word_1_654' title='bbox 735 4675 998 4730; x_wconf 85' lang='lat' dir='ltr'><strong>persona.</strong></span> <span class='ocrx_word' id='word_1_655' title='bbox 1033 4660 1204 4716; x_wconf 89' lang='lat' dir='ltr'><strong>facies</strong></span> <span class='ocrx_word' id='word_1_656' title='bbox 1245 4675 1319 4715; x_wconf 92' lang='lat' dir='ltr'><strong>an</strong></span> <span class='ocrx_word' id='word_1_657' title='bbox 1370 4674 1622 4716; x_wconf 90' lang='lat' dir='ltr'><strong>amorem</strong></span> <span class='ocrx_word' id='word_1_658' title='bbox 1675 4668 1788 4716; x_wconf 83' lang='lat' dir='ltr'><strong>tua</strong></span> 
     </span>
    </p>
   </div>
   <div class='ocr_carea' id='block_1_95' title="bbox 92 4743 1790 4818">
    <p class='ocr_par' dir='ltr' id='par_1_95' title="bbox 92 4743 1790 4818">
     <span class='ocr_line' id='line_1_95' title="bbox 92 4743 1790 4818; baseline 0.004 -21"><span class='ocrx_word' id='word_1_659' title='bbox 92 4743 342 4804; x_wconf 91' lang='lat' dir='ltr'><strong>libidinis</strong></span> <span class='ocrx_word' id='word_1_660' title='bbox 392 4748 718 4805; x_wconf 84' lang='lat' dir='ltr'><strong>factitanda</strong></span> <span class='ocrx_word' id='word_1_661' title='bbox 751 4757 865 4805; x_wconf 87' lang='lat' dir='ltr'><strong>tua</strong></span> <span class='ocrx_word' id='word_1_662' title='bbox 914 4750 1046 4804; x_wconf 89' lang='lat' dir='ltr'><strong>vita</strong></span> <span class='ocrx_word' id='word_1_663' title='bbox 1098 4747 1434 4818; x_wconf 84' lang='lat' dir='ltr'><strong>prapones‘?</strong></span> <span class='ocrx_word' id='word_1_664' title='bbox 1463 4748 1707 4804; x_wconf 84' lang='lat' dir='ltr'><strong>Abscide</strong></span> <span class='ocrx_word' id='word_1_665' title='bbox 1755 4763 1790 4804; x_wconf 92' lang='lat' dir='ltr'><strong>a</strong></span> 
     </span>
    </p>
   </div>
   <div class='ocr_carea' id='block_1_96' title="bbox 91 4837 1790 4908">
    <p class='ocr_par' dir='ltr' id='par_1_96' title="bbox 91 4837 1790 4908">
     <span class='ocr_line' id='line_1_96' title="bbox 91 4837 1790 4908; baseline 0.005 -22"><span class='ocrx_word' id='word_1_666' title='bbox 91 4838 142 4886; x_wconf 91' lang='lat' dir='ltr'><strong>te</strong></span> <span class='ocrx_word' id='word_1_667' title='bbox 197 4837 348 4905; x_wconf 90' lang='lat' dir='ltr'><strong>quod</strong></span> <span class='ocrx_word' id='word_1_668' title='bbox 403 4837 617 4894; x_wconf 88' lang='lat' dir='ltr'><strong>diaboli</strong></span> <span class='ocrx_word' id='word_1_669' title='bbox 667 4838 929 4908; x_wconf 89' lang='lat' dir='ltr'><strong>nequitia</strong></span> <span class='ocrx_word' id='word_1_670' title='bbox 977 4852 1011 4894; x_wconf 89' lang='lat' dir='ltr'><strong>a</strong></span> <span class='ocrx_word' id='word_1_671' title='bbox 1063 4841 1116 4893; x_wconf 88' lang='lat' dir='ltr'><strong>te</strong></span> <span class='ocrx_word' id='word_1_672' title='bbox 1163 4837 1366 4908; x_wconf 86' lang='lat' dir='ltr'><strong>exigit.</strong></span> <span class='ocrx_word' id='word_1_673' title='bbox 1415 4837 1678 4894; x_wconf 88' lang='lat' dir='ltr'><strong>Gaudere</strong></span> <span class='ocrx_word' id='word_1_674' title='bbox 1735 4844 1790 4894; x_wconf 91' lang='lat' dir='ltr'><strong>et</strong></span> 
     </span>
    </p>
   </div>
   <div class='ocr_carea' id='block_1_97' title="bbox 91 4924 1790 4996">
    <p class='ocr_par' dir='ltr' id='par_1_97' title="bbox 91 4924 1790 4996">
     <span class='ocr_line' id='line_1_97' title="bbox 91 4924 1790 4996; baseline 0.005 -22"><span class='ocrx_word' id='word_1_675' title='bbox 91 4924 242 4988; x_wconf 87' lang='lat' dir='ltr'><strong>pasci</strong></span> <span class='ocrx_word' id='word_1_676' title='bbox 271 4924 339 4980; x_wconf 92' lang='lat' dir='ltr'><strong>de</strong></span> <span class='ocrx_word' id='word_1_677' title='bbox 387 4934 492 4982; x_wconf 90' lang='lat' dir='ltr'><strong>tua</strong></span> <span class='ocrx_word' id='word_1_678' title='bbox 531 4925 770 4981; x_wconf 86' lang='lat' dir='ltr'><strong>luxuria</strong></span> <span class='ocrx_word' id='word_1_679' title='bbox 829 4927 1064 4996; x_wconf 89' lang='lat' dir='ltr'><strong>appetit,</strong></span> <span class='ocrx_word' id='word_1_680' title='bbox 1119 4925 1366 4993; x_wconf 89' lang='lat' dir='ltr'><strong>abscide,</strong></span> <span class='ocrx_word' id='word_1_681' title='bbox 1417 4926 1682 4995; x_wconf 90' lang='lat' dir='ltr'><strong>inquam,</strong></span> <span class='ocrx_word' id='word_1_682' title='bbox 1734 4933 1790 4982; x_wconf 91' lang='lat' dir='ltr'><strong>et</strong></span> 
     </span>
    </p>
   </div>
   <div class='ocr_carea' id='block_1_98' title="bbox 95 5010 1784 5085">
    <p class='ocr_par' dir='ltr' id='par_1_98' title="bbox 95 5010 1784 5085">
     <span class='ocr_line' id='line_1_98' title="bbox 95 5010 1784 5085; baseline 0.002 -21"><span class='ocrx_word' id='word_1_683' title='bbox 95 5010 300 5081; x_wconf 88' lang='lat' dir='ltr'><strong>projice</strong></span> <span class='ocrx_word' id='word_1_684' title='bbox 319 5014 425 5071; x_wconf 88' lang='lat' dir='ltr'><strong>abs</strong></span> <span class='ocrx_word' id='word_1_685' title='bbox 447 5025 520 5082; x_wconf 90' lang='lat' dir='ltr'><strong>te,</strong></span> <span class='ocrx_word' id='word_1_686' title='bbox 544 5029 614 5070; x_wconf 88' lang='lat' dir='ltr'><strong>ne</strong></span> <span class='ocrx_word' id='word_1_687' title='bbox 636 5029 767 5070; x_wconf 89' lang='lat' dir='ltr'><strong>cum</strong></span> <span class='ocrx_word' id='word_1_688' title='bbox 795 5028 862 5070; x_wconf 90' lang='lat' dir='ltr'><strong>ea</strong></span> <span class='ocrx_word' id='word_1_689' title='bbox 883 5014 1174 5070; x_wconf 90' lang='lat' dir='ltr'><strong>infernum</strong></span> <span class='ocrx_word' id='word_1_690' title='bbox 1222 5015 1431 5070; x_wconf 88' lang='lat' dir='ltr'><strong>subeas</strong></span> <span class='ocrx_word' id='word_1_691' title='bbox 1453 5015 1694 5085; x_wconf 79' lang='lat' dir='ltr'><strong>(Matth.</strong></span> <span class='ocrx_word' id='word_1_692' title='bbox 1729 5030 1784 5070; x_wconf 93' lang='lat' dir='ltr'><strong>v.</strong></span> 
     </span>
    </p>
   </div>
   <div class='ocr_carea' id='block_1_99' title="bbox 93 5100 1778 5174">
    <p class='ocr_par' dir='ltr' id='par_1_99' title="bbox 93 5100 1778 5174">
     <span class='ocr_line' id='line_1_99' title="bbox 93 5100 1778 5174; baseline 0.004 -22"><span class='ocrx_word' id='word_1_693' title='bbox 93 5100 196 5165; x_wconf 85' lang='lat'><strong>30).</strong></span> <span class='ocrx_word' id='word_1_694' title='bbox 246 5101 375 5160; x_wconf 88' lang='lat' dir='ltr'><strong>Sine</strong></span> <span class='ocrx_word' id='word_1_695' title='bbox 413 5103 653 5160; x_wconf 85' lang='lat' dir='ltr'><strong>luxuria</strong></span> <span class='ocrx_word' id='word_1_696' title='bbox 701 5104 892 5160; x_wconf 89' lang='lat' dir='ltr'><strong>vivere</strong></span> <span class='ocrx_word' id='word_1_697' title='bbox 945 5111 1122 5174; x_wconf 90' lang='lat' dir='ltr'><strong>potes,</strong></span> <span class='ocrx_word' id='word_1_698' title='bbox 1165 5117 1297 5159; x_wconf 89' lang='lat' dir='ltr'><strong>cum</strong></span> <span class='ocrx_word' id='word_1_699' title='bbox 1357 5103 1472 5172; x_wconf 87' lang='lat' dir='ltr'><strong>illa,</strong></span> <span class='ocrx_word' id='word_1_700' title='bbox 1519 5103 1625 5160; x_wconf 90' lang='lat' dir='ltr'><strong>etsi</strong></span> <span class='ocrx_word' id='word_1_701' title='bbox 1653 5117 1778 5160; x_wconf 90' lang='lat' dir='ltr'><strong>cor-</strong></span> 
     </span>
    </p>
   </div>
   <div class='ocr_carea' id='block_1_100' title="bbox 96 5191 820 5257">
    <p class='ocr_par' dir='ltr' id='par_1_100' title="bbox 96 5191 820 5257">
     <span class='ocr_line' id='line_1_100' title="bbox 96 5191 820 5257; baseline 0.003 -15"><span class='ocrx_word' id='word_1_702' title='bbox 96 5200 244 5257; x_wconf 92' lang='lat' dir='ltr'><strong>pore,</strong></span> <span class='ocrx_word' id='word_1_703' title='bbox 276 5191 574 5249; x_wconf 89' lang='lat' dir='ltr'><strong>infeliciter</strong></span> <span class='ocrx_word' id='word_1_704' title='bbox 604 5192 820 5248; x_wconf 88' lang='lat' dir='ltr'><strong>anima.</strong></span> 
     </span>
    </p>
   </div>
   <div class='ocr_carea' id='block_1_101' title="bbox 161 5277 1787 5351">
    <p class='ocr_par' dir='ltr' id='par_1_101' title="bbox 161 5277 1787 5351">
     <span class='ocr_line' id='line_1_101' title="bbox 161 5277 1787 5351; baseline 0.004 -20"><span class='ocrx_word' id='word_1_705' title='bbox 161 5277 375 5336; x_wconf 86' lang='lat' dir='ltr'><strong>Accidit</strong></span> <span class='ocrx_word' id='word_1_706' title='bbox 421 5281 657 5337; x_wconf 87' lang='lat' dir='ltr'><strong>demum</strong></span> <span class='ocrx_word' id='word_1_707' title='bbox 710 5282 903 5338; x_wconf 90' lang='lat' dir='ltr'><strong>eidem</strong></span> <span class='ocrx_word' id='word_1_708' title='bbox 947 5279 1142 5337; x_wconf 87' lang='lat' dir='ltr'><strong>bestia</strong></span> <span class='ocrx_word' id='word_1_709' title='bbox 1174 5288 1260 5350; x_wconf 93' lang='lat' dir='ltr'><strong>ut,</strong></span> <span class='ocrx_word' id='word_1_710' title='bbox 1291 5281 1502 5338; x_wconf 91' lang='lat' dir='ltr'><strong>amissa</strong></span> <span class='ocrx_word' id='word_1_711' title='bbox 1530 5281 1787 5351; x_wconf 88' lang='lat' dir='ltr'><strong>corporis</strong></span> 
     </span>
    </p>
   </div>
   <div class='ocr_carea' id='block_1_102' title="bbox 97 5362 1785 5442">
    <p class='ocr_par' dir='ltr' id='par_1_102' title="bbox 97 5362 1785 5442">
     <span class='ocr_line' id='line_1_102' title="bbox 97 5362 1785 5442; baseline 0.005 -25"><span class='ocrx_word' id='word_1_712' title='bbox 97 5362 190 5420; x_wconf 87' lang='lat' dir='ltr'><strong>illa</strong></span> <span class='ocrx_word' id='word_1_713' title='bbox 217 5377 391 5437; x_wconf 88' lang='lat' dir='ltr'><strong>parte,</strong></span> <span class='ocrx_word' id='word_1_714' title='bbox 423 5384 631 5427; x_wconf 89' lang='lat' dir='ltr'><strong>rursus</strong></span> <span class='ocrx_word' id='word_1_715' title='bbox 651 5369 724 5426; x_wconf 94' lang='lat' dir='ltr'><strong>ab</strong></span> <span class='ocrx_word' id='word_1_716' title='bbox 758 5369 978 5442; x_wconf 90' lang='lat' dir='ltr'><strong>ignaris</strong></span> <span class='ocrx_word' id='word_1_717' title='bbox 998 5369 1294 5440; x_wconf 89' lang='lat' dir='ltr'><strong>aliquibus</strong></span> <span class='ocrx_word' id='word_1_718' title='bbox 1324 5371 1656 5441; x_wconf 89' lang='lat' dir='ltr'><strong>impetatur,</strong></span> <span class='ocrx_word' id='word_1_719' title='bbox 1689 5371 1785 5427; x_wconf 89' lang='lat' dir='ltr'><strong>sed</strong></span> 
     </span>
    </p>
   </div>
   <div class='ocr_carea' id='block_1_103' title="bbox 95 5454 1785 5530">
    <p class='ocr_par' dir='ltr' id='par_1_103' title="bbox 95 5454 1785 5530">
     <span class='ocr_line' id='line_1_103' title="bbox 95 5454 1785 5530; baseline 0.007 -26"><span class='ocrx_word' id='word_1_720' title='bbox 95 5464 217 5508; x_wconf 90' lang='lat' dir='ltr'><strong>cum</strong></span> <span class='ocrx_word' id='word_1_721' title='bbox 249 5454 476 5530; x_wconf 86' lang='lat' dir='ltr'><strong>fatigari</strong></span> <span class='ocrx_word' id='word_1_722' title='bbox 530 5459 783 5528; x_wconf 79' lang='lat' dir='ltr'><strong>caperit,</strong></span> <span class='ocrx_word' id='word_1_723' title='bbox 827 5459 1101 5530; x_wconf 90' lang='lat' dir='ltr'><strong>fugiendo</strong></span> <span class='ocrx_word' id='word_1_724' title='bbox 1152 5473 1272 5515; x_wconf 88' lang='lat' dir='ltr'><strong>sese</strong></span> <span class='ocrx_word' id='word_1_725' title='bbox 1315 5459 1649 5516; x_wconf 90' lang='lat' dir='ltr'><strong>divaricatis</strong></span> <span class='ocrx_word' id='word_1_726' title='bbox 1690 5474 1785 5529; x_wconf 90' lang='lat' dir='ltr'><strong>po-</strong></span> 
     </span>
    </p>
   </div>
   <div class='ocr_carea' id='block_1_104' title="bbox 96 5542 1786 5620">
    <p class='ocr_par' dir='ltr' id='par_1_104' title="bbox 96 5542 1786 5620">
     <span class='ocr_line' id='line_1_104' title="bbox 96 5542 1786 5620; baseline 0.007 -27"><span class='ocrx_word' id='word_1_727' title='bbox 96 5542 417 5604; x_wconf 87' lang='lat' dir='ltr'><strong>sterioribus</strong></span> <span class='ocrx_word' id='word_1_728' title='bbox 457 5549 728 5604; x_wconf 89' lang='lat' dir='ltr'><strong>cruribus</strong></span> <span class='ocrx_word' id='word_1_729' title='bbox 758 5548 1075 5619; x_wconf 88' lang='lat' dir='ltr'><strong>resupinat,</strong></span> <span class='ocrx_word' id='word_1_730' title='bbox 1125 5557 1180 5604; x_wconf 92' lang='lat' dir='ltr'><strong>et</strong></span> <span class='ocrx_word' id='word_1_731' title='bbox 1226 5563 1286 5604; x_wconf 91' lang='lat' dir='ltr'><strong>se</strong></span> <span class='ocrx_word' id='word_1_732' title='bbox 1325 5549 1480 5619; x_wconf 89' lang='lat' dir='ltr'><strong>quod</strong></span> <span class='ocrx_word' id='word_1_733' title='bbox 1511 5556 1786 5620; x_wconf 87' lang='lat' dir='ltr'><strong>quarunt</strong></span> 
     </span>
    </p>
   </div>
   <div class='ocr_carea' id='block_1_105' title="bbox 99 5635 1786 5709">
    <p class='ocr_par' dir='ltr' id='par_1_105' title="bbox 99 5635 1786 5709">
     <span class='ocr_line' id='line_1_105' title="bbox 99 5635 1786 5709; baseline 0.005 -24"><span class='ocrx_word' id='word_1_734' title='bbox 99 5641 207 5686; x_wconf 88' lang='lat' dir='ltr'><strong>non</strong></span> <span class='ocrx_word' id='word_1_735' title='bbox 240 5635 442 5695; x_wconf 89' lang='lat' dir='ltr'><strong>habere</strong></span> <span class='ocrx_word' id='word_1_736' title='bbox 494 5637 798 5708; x_wconf 88' lang='lat' dir='ltr'><strong>pandendo</strong></span> <span class='ocrx_word' id='word_1_737' title='bbox 829 5638 1061 5704; x_wconf 88' lang='lat' dir='ltr'><strong>clamat,</strong></span> <span class='ocrx_word' id='word_1_738' title='bbox 1096 5638 1297 5709; x_wconf 87' lang='lat' dir='ltr'><strong>sicque</strong></span> <span class='ocrx_word' id='word_1_739' title='bbox 1337 5637 1666 5694; x_wconf 88' lang='lat' dir='ltr'><strong>dimittitur.</strong></span> <span class='ocrx_word' id='word_1_740' title='bbox 1718 5639 1786 5693; x_wconf 81' lang='lat' dir='ltr'><strong>Et</strong></span> 
     </span>
    </p>
   </div>
   <div class='ocr_carea' id='block_1_106' title="bbox 1897 4488 2908 4562">
    <p class='ocr_par' dir='ltr' id='par_1_106' title="bbox 1897 4488 2908 4562">
     <span class='ocr_line' id='line_1_106' title="bbox 1897 4488 2908 4562; baseline -0.004 -16"><span class='ocrx_word' id='word_1_741' title='bbox 1897 4504 2148 4562; x_wconf 84' lang='lat' dir='ltr'><strong>quaeque</strong></span> <span class='ocrx_word' id='word_1_742' title='bbox 2179 4490 2386 4546; x_wconf 88' lang='lat' dir='ltr'><strong>refutet</strong></span> <span class='ocrx_word' id='word_1_743' title='bbox 2421 4489 2655 4559; x_wconf 81' lang='lat' dir='ltr'><strong>(Ezech.</strong></span> <span class='ocrx_word' id='word_1_744' title='bbox 2686 4504 2765 4555; x_wconf 88' lang='grc' dir='ltr'>ιιι,</span> <span class='ocrx_word' id='word_1_745' title='bbox 2803 4488 2908 4557; x_wconf 82' lang='grc'><strong>14).</strong></span> 
     </span>
    </p>
   </div>
   <div class='ocr_carea' id='block_1_107' title="bbox 1968 4573 3599 4648">
    <p class='ocr_par' dir='ltr' id='par_1_107' title="bbox 1968 4573 3599 4648">
     <span class='ocr_line' id='line_1_107' title="bbox 1968 4573 3599 4648; baseline -0.005 -13"><span class='ocrx_word' id='word_1_746' title='bbox 1968 4579 2024 4636; x_wconf 92' lang='lat' dir='ltr'><strong>Si</strong></span> <span class='ocrx_word' id='word_1_747' title='bbox 2056 4579 2358 4648; x_wconf 86' lang='lat' dir='ltr'><strong>amplexus</strong></span> <span class='ocrx_word' id='word_1_748' title='bbox 2396 4585 2452 4634; x_wconf 90' lang='lat' dir='ltr'><strong>et</strong></span> <span class='ocrx_word' id='word_1_749' title='bbox 2489 4586 2694 4634; x_wconf 89' lang='lat' dir='ltr'><strong>catera</strong></span> <span class='ocrx_word' id='word_1_750' title='bbox 2738 4576 2942 4633; x_wconf 91' lang='lat' dir='ltr'><strong>mundi</strong></span> <span class='ocrx_word' id='word_1_751' title='bbox 2995 4575 3322 4646; x_wconf 90' lang='lat' dir='ltr'><strong>frequentia</strong></span> <span class='ocrx_word' id='word_1_752' title='bbox 3343 4573 3599 4641; x_wconf 89' lang='lat' dir='ltr'><strong>volupta-</strong></span> 
     </span>
    </p>
   </div>
   <div class='ocr_carea' id='block_1_108' title="bbox 1897 4665 3598 4731">
    <p class='ocr_par' dir='ltr' id='par_1_108' title="bbox 1897 4665 3598 4731">
     <span class='ocr_line' id='line_1_108' title="bbox 1897 4665 3598 4731; baseline -0.005 -7"><span class='ocrx_word' id='word_1_753' title='bbox 1897 4676 2021 4725; x_wconf 92' lang='lat' dir='ltr'><strong>tum</strong></span> <span class='ocrx_word' id='word_1_754' title='bbox 2048 4667 2421 4724; x_wconf 90' lang='lat' dir='ltr'><strong>interioribus</strong></span> <span class='ocrx_word' id='word_1_755' title='bbox 2467 4667 2654 4723; x_wconf 89' lang='lat' dir='ltr'><strong>irruat</strong></span> <span class='ocrx_word' id='word_1_756' title='bbox 2685 4667 2884 4731; x_wconf 90' lang='lat' dir='ltr'><strong>oculis,</strong></span> <span class='ocrx_word' id='word_1_757' title='bbox 2916 4673 2972 4720; x_wconf 91' lang='lat' dir='ltr'><strong>et</strong></span> <span class='ocrx_word' id='word_1_758' title='bbox 3020 4665 3092 4720; x_wconf 93' lang='lat' dir='ltr'><strong>ad</strong></span> <span class='ocrx_word' id='word_1_759' title='bbox 3140 4679 3198 4720; x_wconf 90' lang='lat' dir='ltr'><strong>se</strong></span> <span class='ocrx_word' id='word_1_760' title='bbox 3228 4678 3324 4718; x_wconf 92' lang='lat' dir='ltr'><strong>eos</strong></span> <span class='ocrx_word' id='word_1_761' title='bbox 3375 4670 3598 4718; x_wconf 90' lang='lat' dir='ltr'><strong>contor-</strong></span> 
     </span>
    </p>
   </div>
   <div class='ocr_carea' id='block_1_109' title="bbox 1896 4750 3598 4828">
    <p class='ocr_par' dir='ltr' id='par_1_109' title="bbox 1896 4750 3598 4828">
     <span class='ocr_line' id='line_1_109' title="bbox 1896 4750 3598 4828; baseline -0.005 -15"><span class='ocrx_word' id='word_1_762' title='bbox 1896 4772 2075 4828; x_wconf 90' lang='lat' dir='ltr'><strong>quere</strong></span> <span class='ocrx_word' id='word_1_763' title='bbox 2124 4756 2281 4824; x_wconf 87' lang='lat' dir='ltr'><strong>velit,</strong></span> <span class='ocrx_word' id='word_1_764' title='bbox 2342 4757 2686 4812; x_wconf 71' lang='lat' dir='ltr'><strong>aemulemur</strong></span> <span class='ocrx_word' id='word_1_765' title='bbox 2741 4755 3044 4824; x_wconf 84' lang='lat' dir='ltr'><strong>sexaginta</strong></span> <span class='ocrx_word' id='word_1_766' title='bbox 3093 4752 3217 4807; x_wconf 87' lang='lat' dir='ltr'><strong>illos</strong></span> <span class='ocrx_word' id='word_1_767' title='bbox 3264 4750 3598 4806; x_wconf 91' lang='lat' dir='ltr'><strong>fortissimos</strong></span> 
     </span>
    </p>
   </div>
   <div class='ocr_carea' id='block_1_110' title="bbox 1899 4838 3599 4916">
    <p class='ocr_par' dir='ltr' id='par_1_110' title="bbox 1899 4838 3599 4916">
     <span class='ocr_line' id='line_1_110' title="bbox 1899 4838 3599 4916; baseline -0.005 -14"><span class='ocrx_word' id='word_1_768' title='bbox 1899 4844 2397 4916; x_wconf 88' lang='lat' dir='ltr'><strong>procereslsraelis</strong></span> <span class='ocrx_word' id='word_1_769' title='bbox 2421 4845 2522 4915; x_wconf 88' lang='lat' dir='ltr'><strong>qui</strong></span> <span class='ocrx_word' id='word_1_770' title='bbox 2540 4844 2813 4900; x_wconf 79' lang='lat' dir='ltr'><strong>lectulum</strong></span> <span class='ocrx_word' id='word_1_771' title='bbox 2835 4841 3094 4897; x_wconf 85' lang='lat' dir='ltr'><strong>ambiunt</strong></span> <span class='ocrx_word' id='word_1_772' title='bbox 3114 4838 3460 4904; x_wconf 82' lang='lat' dir='ltr'><strong>Salomonis,</strong></span> <span class='ocrx_word' id='word_1_773' title='bbox 3481 4855 3599 4893; x_wconf 86' lang='lat' dir='ltr'><strong>om-</strong></span> 
     </span>
    </p>
   </div>
   <div class='ocr_carea' id='block_1_111' title="bbox 1894 4928 3592 5005">
    <p class='ocr_par' dir='ltr' id='par_1_111' title="bbox 1894 4928 3592 5005">
     <span class='ocr_line' id='line_1_111' title="bbox 1894 4928 3592 5005; baseline -0.005 -16"><span class='ocrx_word' id='word_1_774' title='bbox 1894 4950 2000 4990; x_wconf 75' lang='lat' dir='ltr'><strong>nes</strong></span> <span class='ocrx_word' id='word_1_775' title='bbox 2021 4935 2274 4989; x_wconf 75' lang='lat' dir='ltr'><strong>tenentes</strong></span> <span class='ocrx_word' id='word_1_776' title='bbox 2300 4933 2549 5005; x_wconf 73' lang='lat' dir='ltr'><strong>gladios,</strong></span> <span class='ocrx_word' id='word_1_777' title='bbox 2583 4939 2636 4988; x_wconf 88' lang='lat' dir='ltr'><strong>et</strong></span> <span class='ocrx_word' id='word_1_778' title='bbox 2651 4934 2729 4987; x_wconf 86' lang='lat' dir='ltr'><strong>ad</strong></span> <span class='ocrx_word' id='word_1_779' title='bbox 2757 4932 2912 4987; x_wconf 82' lang='lat' dir='ltr'><strong>bella</strong></span> <span class='ocrx_word' id='word_1_780' title='bbox 2938 4928 3256 4987; x_wconf 77' lang='lat' dir='ltr'><strong>doctissimi</strong></span> <span class='ocrx_word' id='word_1_781' title='bbox 3277 4928 3477 4999; x_wconf 82' lang='lat' dir='ltr'><strong>(Cant.</strong></span> <span class='ocrx_word' id='word_1_782' title='bbox 3514 4942 3592 4994; x_wconf 86' lang='grc' dir='ltr'><strong>ιιι,</strong></span> 
     </span>
    </p>
   </div>
   <div class='ocr_carea' id='block_1_112' title="bbox 1895 5015 3593 5091">
    <p class='ocr_par' dir='ltr' id='par_1_112' title="bbox 1895 5015 3593 5091">
     <span class='ocr_line' id='line_1_112' title="bbox 1895 5015 3593 5091; baseline -0.003 -16"><span class='ocrx_word' id='word_1_783' title='bbox 1895 5027 1947 5089; x_wconf 91' lang='grc'><strong>7,</strong></span> <span class='ocrx_word' id='word_1_784' title='bbox 1982 5023 2057 5090; x_wconf 88' lang='grc'><strong>8),</strong></span> <span class='ocrx_word' id='word_1_785' title='bbox 2090 5020 2189 5091; x_wconf 91' lang='lat' dir='ltr'><strong>qui</strong></span> <span class='ocrx_word' id='word_1_786' title='bbox 2244 5020 2477 5090; x_wconf 91' lang='lat' dir='ltr'><strong>quidem</strong></span> <span class='ocrx_word' id='word_1_787' title='bbox 2523 5021 2846 5090; x_wconf 86' lang='lat' dir='ltr'><strong>sexaginta,</strong></span> <span class='ocrx_word' id='word_1_788' title='bbox 2879 5017 3064 5087; x_wconf 90' lang='lat' dir='ltr'><strong>operis</strong></span> <span class='ocrx_word' id='word_1_789' title='bbox 3114 5017 3189 5087; x_wconf 91' lang='lat' dir='ltr'><strong>pii</strong></span> <span class='ocrx_word' id='word_1_790' title='bbox 3232 5015 3593 5087; x_wconf 84' lang='lat' dir='ltr'><strong>perfectione,</strong></span> 
     </span>
    </p>
   </div>
   <div class='ocr_carea' id='block_1_113' title="bbox 1893 5104 3594 5179">
    <p class='ocr_par' dir='ltr' id='par_1_113' title="bbox 1893 5104 3594 5179">
     <span class='ocr_line' id='line_1_113' title="bbox 1893 5104 3594 5179; baseline -0.004 -13"><span class='ocrx_word' id='word_1_791' title='bbox 1893 5124 2027 5166; x_wconf 90' lang='lat' dir='ltr'><strong>eum</strong></span> <span class='ocrx_word' id='word_1_792' title='bbox 2086 5109 2188 5179; x_wconf 91' lang='lat' dir='ltr'><strong>qui</strong></span> <span class='ocrx_word' id='word_1_793' title='bbox 2243 5116 2366 5178; x_wconf 90' lang='lat' dir='ltr'><strong>post</strong></span> <span class='ocrx_word' id='word_1_794' title='bbox 2445 5108 2786 5164; x_wconf 86' lang='lat' dir='ltr'><strong>exercitium</strong></span> <span class='ocrx_word' id='word_1_795' title='bbox 2839 5107 3168 5162; x_wconf 89' lang='lat' dir='ltr'><strong>laborantes</strong></span> <span class='ocrx_word' id='word_1_796' title='bbox 3236 5111 3428 5160; x_wconf 90' lang='lat' dir='ltr'><strong>manet</strong></span> <span class='ocrx_word' id='word_1_797' title='bbox 3489 5104 3594 5160; x_wconf 89' lang='lat' dir='ltr'><strong>de-</strong></span> 
     </span>
    </p>
   </div>
   <div class='ocr_carea' id='block_1_114' title="bbox 1893 5191 3597 5266">
    <p class='ocr_par' dir='ltr' id='par_1_114' title="bbox 1893 5191 3597 5266">
     <span class='ocr_line' id='line_1_114' title="bbox 1893 5191 3597 5266; baseline -0.004 -13"><span class='ocrx_word' id='word_1_798' title='bbox 1893 5197 2125 5253; x_wconf 90' lang='lat' dir='ltr'><strong>narium</strong></span> <span class='ocrx_word' id='word_1_799' title='bbox 2177 5196 2300 5266; x_wconf 88' lang='lat' dir='ltr'><strong>jam</strong></span> <span class='ocrx_word' id='word_1_800' title='bbox 2357 5203 2672 5262; x_wconf 92' lang='lat' dir='ltr'><strong>merentur,</strong></span> <span class='ocrx_word' id='word_1_801' title='bbox 2734 5195 2976 5264; x_wconf 89' lang='lat' dir='ltr'><strong>ideoque</strong></span> <span class='ocrx_word' id='word_1_802' title='bbox 3036 5201 3193 5248; x_wconf 88' lang='lat' dir='ltr'><strong>tanto</strong></span> <span class='ocrx_word' id='word_1_803' title='bbox 3257 5191 3597 5263; x_wconf 87' lang='lat' dir='ltr'><strong>vigilantius</strong></span> 
     </span>
    </p>
   </div>
   <div class='ocr_carea' id='block_1_115' title="bbox 1893 5279 3590 5349">
    <p class='ocr_par' dir='ltr' id='par_1_115' title="bbox 1893 5279 3590 5349">
     <span class='ocr_line' id='line_1_115' title="bbox 1893 5279 3590 5349; baseline -0.004 -6"><span class='ocrx_word' id='word_1_804' title='bbox 1893 5286 2167 5344; x_wconf 90' lang='lat' dir='ltr'><strong>lectulum</strong></span> <span class='ocrx_word' id='word_1_805' title='bbox 2197 5285 2537 5349; x_wconf 90' lang='lat' dir='ltr'><strong>Salomonis,</strong></span> <span class='ocrx_word' id='word_1_806' title='bbox 2585 5283 2639 5338; x_wconf 93' lang='lat' dir='ltr'><strong>id</strong></span> <span class='ocrx_word' id='word_1_807' title='bbox 2683 5290 2768 5338; x_wconf 88' lang='lat' dir='ltr'><strong>est</strong></span> <span class='ocrx_word' id='word_1_808' title='bbox 2827 5295 3050 5338; x_wconf 91' lang='lat' dir='ltr'><strong>sacram</strong></span> <span class='ocrx_word' id='word_1_809' title='bbox 3099 5294 3264 5337; x_wconf 88' lang='lat' dir='ltr'><strong>suam</strong></span> <span class='ocrx_word' id='word_1_810' title='bbox 3315 5279 3590 5347; x_wconf 89' lang='lat' dir='ltr'><strong>animam,</strong></span> 
     </span>
    </p>
   </div>
   <div class='ocr_carea' id='block_1_116' title="bbox 1894 5367 3650 5445">
    <p class='ocr_par' dir='ltr' id='par_1_116' title="bbox 1894 5367 3650 5445">
     <span class='ocr_line' id='line_1_116' title="bbox 1894 5367 3650 5445; baseline -0.003 -15"><span class='ocrx_word' id='word_1_811' title='bbox 1894 5389 2010 5445; x_wconf 91' lang='lat' dir='ltr'><strong>quo</strong></span> <span class='ocrx_word' id='word_1_812' title='bbox 2062 5387 2195 5429; x_wconf 92' lang='lat' dir='ltr'><strong>vera</strong></span> <span class='ocrx_word' id='word_1_813' title='bbox 2247 5386 2362 5442; x_wconf 87' lang='lat' dir='ltr'><strong>pax</strong></span> <span class='ocrx_word' id='word_1_814' title='bbox 2407 5379 2463 5428; x_wconf 91' lang='lat' dir='ltr'><strong>et</strong></span> <span class='ocrx_word' id='word_1_815' title='bbox 2509 5369 2818 5441; x_wconf 84' lang='lat' dir='ltr'><strong>pacificans</strong></span> <span class='ocrx_word' id='word_1_816' title='bbox 2870 5369 3130 5425; x_wconf 90' lang='lat' dir='ltr'><strong>Christus</strong></span> <span class='ocrx_word' id='word_1_817' title='bbox 3175 5367 3438 5438; x_wconf 90' lang='lat' dir='ltr'><strong>quiescit,</strong></span> <span class='ocrx_word' id='word_1_818' title='bbox 3487 5367 3593 5423; x_wconf 91' lang='lat' dir='ltr'><strong>ob-</strong></span> <span class='ocrx_word' id='word_1_819' title='bbox 3648 5422 3650 5424; x_wconf 82' lang='lat'>.</span> 
     </span>
    </p>
   </div>
   <div class='ocr_carea' id='block_1_117' title="bbox 1891 5455 3592 5530">
    <p class='ocr_par' dir='ltr' id='par_1_117' title="bbox 1891 5455 3592 5530">
     <span class='ocr_line' id='line_1_117' title="bbox 1891 5455 3592 5530; baseline -0.004 -13"><span class='ocrx_word' id='word_1_820' title='bbox 1891 5469 2162 5530; x_wconf 88' lang='lat' dir='ltr'><strong>servant;</strong></span> <span class='ocrx_word' id='word_1_821' title='bbox 2199 5460 2434 5530; x_wconf 91' lang='lat' dir='ltr'><strong>quando</strong></span> <span class='ocrx_word' id='word_1_822' title='bbox 2484 5458 2741 5515; x_wconf 88' lang='lat' dir='ltr'><strong>interiori</strong></span> <span class='ocrx_word' id='word_1_823' title='bbox 2776 5471 2932 5513; x_wconf 89' lang='lat' dir='ltr'><strong>cura</strong></span> <span class='ocrx_word' id='word_1_824' title='bbox 2977 5457 3050 5512; x_wconf 85' lang='lat' dir='ltr'><strong>ab</strong></span> <span class='ocrx_word' id='word_1_825' title='bbox 3097 5455 3372 5511; x_wconf 85' lang='lat' dir='ltr'><strong>exteriori</strong></span> <span class='ocrx_word' id='word_1_826' title='bbox 3410 5469 3592 5511; x_wconf 87' lang='lat' dir='ltr'><strong>exsu-</strong></span> 
     </span>
    </p>
   </div>
   <div class='ocr_carea' id='block_1_118' title="bbox 1892 5543 3594 5616">
    <p class='ocr_par' dir='ltr' id='par_1_118' title="bbox 1892 5543 3594 5616">
     <span class='ocr_line' id='line_1_118' title="bbox 1892 5543 3594 5616; baseline -0.004 -12"><span class='ocrx_word' id='word_1_827' title='bbox 1892 5549 1972 5605; x_wconf 89' lang='lat' dir='ltr'><strong>les</strong></span> <span class='ocrx_word' id='word_1_828' title='bbox 2003 5556 2230 5604; x_wconf 89' lang='lat' dir='ltr'><strong>vacant.</strong></span> <span class='ocrx_word' id='word_1_829' title='bbox 2286 5549 2356 5603; x_wconf 89' lang='lat' dir='ltr'><strong>Et</strong></span> <span class='ocrx_word' id='word_1_830' title='bbox 2388 5548 2498 5602; x_wconf 89' lang='lat' dir='ltr'><strong>hoc</strong></span> <span class='ocrx_word' id='word_1_831' title='bbox 2552 5561 2667 5602; x_wconf 92' lang='lat' dir='ltr'><strong>non</strong></span> <span class='ocrx_word' id='word_1_832' title='bbox 2701 5546 2823 5601; x_wconf 90' lang='lat' dir='ltr'><strong>sine</strong></span> <span class='ocrx_word' id='word_1_833' title='bbox 2872 5546 3098 5616; x_wconf 88' lang='lat' dir='ltr'><strong>gladiis,</strong></span> <span class='ocrx_word' id='word_1_834' title='bbox 3157 5544 3210 5600; x_wconf 89' lang='lat' dir='ltr'><strong>id</strong></span> <span class='ocrx_word' id='word_1_835' title='bbox 3237 5551 3322 5599; x_wconf 91' lang='lat' dir='ltr'><strong>est</strong></span> <span class='ocrx_word' id='word_1_836' title='bbox 3368 5543 3594 5614; x_wconf 87' lang='lat' dir='ltr'><strong>magnis</strong></span> 
     </span>
    </p>
   </div>
   <div class='ocr_carea' id='block_1_119' title="bbox 1893 5632 3594 5712">
    <p class='ocr_par' dir='ltr' id='par_1_119' title="bbox 1893 5632 3594 5712">
     <span class='ocr_line' id='line_1_119' title="bbox 1893 5632 3594 5712; baseline -0.004 -18"><span class='ocrx_word' id='word_1_837' title='bbox 1893 5637 2264 5694; x_wconf 88' lang='lat' dir='ltr'><strong>acuminibus</strong></span> <span class='ocrx_word' id='word_1_838' title='bbox 2294 5635 2673 5712; x_wconf 83' lang='lat' dir='ltr'><strong>discretionis,</strong></span> <span class='ocrx_word' id='word_1_839' title='bbox 2706 5634 2924 5706; x_wconf 88' lang='lat' dir='ltr'><strong>quibus</strong></span> <span class='ocrx_word' id='word_1_840' title='bbox 2975 5634 3106 5689; x_wconf 91' lang='lat' dir='ltr'><strong>hinc</strong></span> <span class='ocrx_word' id='word_1_841' title='bbox 3152 5632 3452 5703; x_wconf 83' lang='lat' dir='ltr'><strong>superflua</strong></span> <span class='ocrx_word' id='word_1_842' title='bbox 3507 5646 3594 5688; x_wconf 86' lang='lat' dir='ltr'><strong>co-</strong></span> 
     </span>
    </p>
   </div>
  </div>
