3936 6466
57 377 150 426 60‘.)

964 377 1058 432 DE
1100 377 1518 433 PIGNORIBUS
1557 379 1994 438 SANCTORUM.
2034 413 2100 420 —
2135 383 2352 441 EPIST.
2403 385 2698 444 NUNCUP.

3487 397 3592 447 610

56 504 182 571 alia,
211 506 314 560 sed
361 520 488 561 non
528 507 732 572 aliena,
776 506 849 561 ab
892 508 1001 562 hac
1038 507 1331 563 occasione
1372 523 1768 580 prosequerer,
1807 521 1849 571 A
1883 515 1960 582 3),
2016 521 2148 580 etc.,
2196 514 2294 570 tali
2345 517 2622 584 Oratione,
2708 519 2766 573 ni
2821 519 3006 587 fallor,
3059 520 3382 579 occludam.
3429 524 3593 591 Quod

57 593 266 647 excudi
320 594 612 663 primum,
661 594 992 664 imperfecta
1037 609 1214 665 quam
1267 597 1511 653 adorsus
1554 598 1774 654 fueram

58 681 318 736 oratione
367 682 655 738 libellum.
708 683 774 736 In
809 683 1072 752 sequenti
1112 685 1196 752 (re
1232 698 1409 753 quam
1449 684 1637 739 dicere
1677 687 1771 740 de-

59 781 334 822 voveram
364 768 494 838 jam
537 769 732 839 libata)
785 771 885 827 ubi
927 771 996 826 de
1042 771 1269 827 Domini
1313 788 1546 842 corpore
1592 789 1778 830 sermo

61 858 281 924 incidit,
338 867 535 915 totum
580 861 750 914 etiam
802 867 940 916 tunc
981 862 1136 931 quod
1184 861 1342 932 loqui
1394 878 1570 932 super
1611 864 1778 918 dente

60 961 438 1015 coeperamus
477 947 710 1005 excidit.
770 949 930 1005 Unde
979 949 1048 1004 iis
1091 964 1223 1020 quae
1266 951 1557 1007 irrueraut
1595 951 1778 1006 disse-

61 1033 240 1089 rendo
288 1033 632 1105 proﬂigatis,
681 1035 910 1090 tandem
963 1036 1020 1090 in
1073 1036 1234 1092 tertio
1277 1045 1550 1092 conatum
1585 1051 1777 1092 meum

61 1123 322 1179 exercui.
364 1123 475 1180 Sed
507 1124 696 1180 nescio
725 1132 923 1180 utrum
955 1125 1276 1196 quidpiam,
1313 1127 1468 1197 quod
1509 1126 1778 1197 prudenti

60 1211 322 1281 cuipiam
354 1213 434 1268 sit
461 1213 617 1279 satis,
647 1213 919 1283 explicui.

133 1316 386 1372 ductori
413 1318 715 1387 obiectum.
756 1322 804 1373 1.
847 1319 1007 1384 Quod
1044 1335 1250 1390 corpus
1293 1318 1523 1375 Christi
1562 1319 1624 1372 in
1653 1319 1776 1373 Eu-

60 1403 354 1460 charistia
382 1404 672 1460 vicarium
701 1406 914 1462 Christi
942 1405 1279 1478 appellarit.
1322 1437 1387 1448 ——
1423 1408 1704 1462 Caterum
1729 1406 1776 1460 si

62 1492 204 1560 quid
263 1493 572 1559 senserim,
623 1507 696 1549 ex
753 1495 862 1549 lide
904 1509 1071 1550 sensa
1111 1502 1228 1550 tota
1282 1494 1413 1550 ﬁdei
1470 1495 1778 1549 securitate

64 1579 438 1648 protulerim,
486 1581 534 1636 si
564 1581 696 1651 quis
743 1582 948 1638 melius
992 1583 1220 1649 sentiat,
1268 1582 1464 1638 velim.
1512 1585 1777 1637 Attamen

62 1683 127 1722 ex
162 1670 308 1725 meis
339 1669 635 1725 benevolis
676 1671 984 1727 lectoribus
1029 1672 1171 1727 illud
1213 1670 1272 1726 in
1308 1671 1560 1726 secundo
1590 1670 1777 1725 libello

62 1757 408 1813 subnotavit
449 1758 602 1828 quod
644 1760 809 1828 panis
856 1775 924 1815 ac
957 1760 1076 1815 vini
1118 1759 1457 1830 mysterium
1493 1760 1773 1816 vicarium

62 1847 276 1902 Christi
321 1847 688 1916 appellarim,
739 1849 896 1918 quod
941 1849 1014 1904 ob
1057 1850 1162 1904 hoc
1205 1849 1312 1905 sibi
1356 1849 1550 1903 minus
1579 1848 1777 1903 idonee

63 1936 286 1990 dictum
322 1937 516 1992 visum
572 1943 674 2002 est,
709 1936 866 2006 quod
917 1937 970 1992 id
1013 1937 1168 2007 quod
1219 1937 1500 1992 vicarium
1542 1936 1774 2002 dicitur,

65 2028 260 2080 minus
290 2040 382 2092 eo,
417 2025 588 2096 cujus
627 2026 908 2081 vicarium
950 2035 1054 2093 est,
1088 2025 1283 2095 aliquo
1314 2025 1483 2081 modo
1521 2025 1777 2080 aestima-

67 2121 178 2168 tur.
208 2114 320 2169 Sed
354 2115 405 2168 si
435 2115 588 2170 dicta
627 2128 753 2170 mea
791 2115 1123 2171 attendisset
1161 2115 1585 2185 quibus.........
1620 2112 1776 2183 quod

67 2211 248 2258 estex
278 2203 541 2273 Virgine,
579 2211 635 2260 et
663 2204 969 2274 signiticati
1015 2204 1170 2273 quod
1216 2203 1484 2258 in.........
1533 2208 1774 2267 constat,

67 2304 98 2344 a
131 2305 219 2345 me
241 2305 661 2361 saepenumero
699 2293 968 2348 identitas
1010 2292 1390 2359 enuntiatur,;
1415 2290 1604 2346 omnis
1649 2289 1777 2360 ejus

68 2379 216 2434 illico
246 2380 609 2450 ambiguitas
656 2380 885 2450 sopiret,
927 2395 1062 2436 cum
1113 2380 1240 2450 ipsa
1272 2381 1448 2436 verba
1477 2379 1778 2434 Dominica

67 2481 199 2522 mox
230 2468 377 2525 inibi
417 2469 678 2540 subjecta
708 2478 911 2525 met....
963 2469 1035 2524 ad
1065 2470 1157 2524 sui
1184 2469 1518 2524 memoriam
1551 2467 1606 2522 id
1655 2467 1777 2522 fieri

69 2555 376 2626 imperant,
427 2571 733 2628 nunquam
779 2558 848 2612 de
890 2557 1288 2614 vicissitudine
1315 2556 1556 2626 quaestio
1588 2562 1777 2610 mota-

69 2652 245 2700 retur.
280 2645 428 2712 Quis
466 2646 623 2702 enim
677 2645 902 2701 vicar...
959 2646 1052 2715 [f.,
1106 2643 1415 2715 vicarium]
1467 2644 1778 2714 cujuslibet

70 2733 519 2800 repraesentandi
573 2733 818 2801 dubitat,
877 2735 1031 2803 quod
1101 2747 1276 2803 super
1357 2739 1772 2802 reprwsenta...

72 2821 152 2888 [/.,
184 2820 660 2894 representatam]
693 2821 1024 2878 memoriam
1068 2820 1343 2877 innovat?
1393 2821 1575 2891 Magis
1608 2821 1776 2890 plane

70 2910 124 2963 in
153 2924 334 2965 causa
363 2925 486 2966 esse
518 2911 748 2967 videtur
782 2910 936 2978 quod
986 2909 1236 2978 Spiritus
1275 2915 1510 2964 sanctus
1553 2907 1776 2978 Pignus

70 2997 281 3052 dicitur
326 2997 570 3068 (Ephes.
622 3011 659 3065 ι,
719 2997 826 3066 14),
881 2995 1038 3066 quod
1092 2995 1270 3050 Filius
1320 2995 1437 3064 ipse
1489 2994 1776 3066 Splendor

1886 602 2039 657 enim
2071 618 2269 659 eorum
2315 619 2476 659 mens
2520 605 2577 659 in
2622 607 2970 662 diabolicqu
3005 609 3281 678 furorem,
3327 613 3591 670 obstina-

1886 690 2216 760 tionemque
2249 692 2540 760 deciderit,
2589 695 2728 749 satis
2774 695 2831 749 in
2869 697 3064 752 eodem
3107 713 3279 768 quem
3325 701 3392 756 de
3438 701 3591 758 inte-

1887 779 2022 833 riori
2059 781 2274 835 mundo
2324 783 2648 838 vocaverim
2687 783 2854 851 libro,
2903 786 3171 854 probasse
3207 802 3294 843 me
3327 791 3587 858 tuemini,

1885 866 1974 920 sin
2019 866 2181 931 alias,
2233 882 2300 922 ea
2341 871 2462 924 sola
2510 873 2677 939 quasi
2728 871 2999 926 contrarii
3042 875 3402 942 oppositione
3446 892 3590 932 con-

1887 953 2051 1022 clusi,
2085 957 2242 1025 quod
2270 971 2388 1026 qua
2438 958 2832 1014 benevolentia
2867 959 3128 1016 Christus
3175 961 3229 1017 in
3276 965 3419 1020 coelo
3449 980 3584 1021 suos

1849 1112 1851 1115 ι
1887 1044 1994 1098 sibi
2046 1046 2461 1101 commembres
2495 1047 2619 1102 unit
2669 1055 2845 1117 atque
2881 1059 3276 1120 concorporat,
3311 1067 3379 1108 ea
3408 1055 3588 1110 rabiei

1885 1132 2260 1189 similitudine
2286 1134 2552 1191 diabolus
2582 1150 2701 1203 eos,
2737 1136 2951 1206 quibus
2972 1145 3146 1206 caput
3175 1139 3444 1209 efﬁcitur,
3477 1142 3589 1198 sibi

1887 1220 2206 1278 conformes
2237 1224 2412 1279 tactos
2443 1225 2768 1279 iuviscerat.

1958 1315 2105 1364 328
2134 1310 2301 1366 Valde
2331 1311 2484 1367 enim
2515 1312 2855 1379 absurdum,
2879 1323 2932 1369 et
2962 1314 3117 1369 omni
3147 1315 3358 1371 rationi
3388 1317 3586 1374 incon-

1886 1399 2124 1454 cinuum
2151 1415 2314 1456 nemo
2343 1401 2568 1457 dubitat
2599 1403 2752 1472 quod
2775 1403 2878 1472 qui
2909 1403 3226 1460 malevolus
3255 1419 3290 1460 a
3319 1408 3585 1475 praesenti

1889 1487 2117 1557 migrat,
2166 1489 2279 1544 illic
2312 1498 2608 1558 recuperet
2655 1491 2811 1559 quod
2864 1490 2974 1558 hic,
3017 1491 3155 1547 dum
3198 1494 3441 1560 advivit,
3482 1495 3587 1551 ba-

1887 1576 2019 1632 bere
2049 1591 2163 1632 non
2195 1585 2394 1645 curat;
2424 1577 2683 1646 alioquin
2731 1577 3049 1634 Salomonis
3078 1583 3360 1638 sententia
3399 1592 3582 1651 vacat,

1888 1664 1990 1733 qui
2050 1664 2271 1734 lignum
2324 1679 2646 1734 praecisum,
2697 1666 2817 1720 sive
2867 1667 2936 1720 ad
2989 1676 3275 1736 austrum,
3333 1671 3454 1726 sive
3511 1673 3584 1728 ad

1887 1749 2215 1821 aquilonem
2242 1752 2528 1820 decidens,
2564 1768 2919 1825 quocunque
2975 1755 3095 1811 loco
3139 1757 3426 1821 ceciderit,
3471 1759 3584 1812 im-

1889 1841 2172 1896 mobiliter
2230 1856 2462 1897 manere
2523 1843 2859 1911 pronuntiat
2918 1844 3133 1912 (Eccle.
3187 1861 3262 1912 v1,
3319 1847 3392 1915 3).
3461 1846 3585 1902 Non

1887 1932 2042 1986 enim
2073 1940 2348 1999 maneret,
2381 1932 2425 1985 si
2457 1945 2491 1986 a
2518 1931 2720 2000 capitis
2751 1933 2839 1988 sui
2872 1935 3166 2001 alteruter,
3200 1936 3321 1991 sive
3368 1936 3579 2003 bonus,

1887 2021 2005 2074 sive
2035 2019 2243 2088 malus,
2277 2019 2671 2075 conformitate
2703 2029 2974 2091 statuque
3014 2023 3272 2080 desciret.
3322 2023 3395 2080 At
3438 2025 3579 2095 quia

1887 2121 1922 2162 a
1965 2107 2107 2163 tanti
2156 2107 2287 2162 libri
2333 2122 2507 2165 sensu
2546 2123 2666 2164 sese
2715 2110 3016 2167 absentare
3068 2112 3426 2183 dignoscitur
3454 2128 3584 2170 om-

1887 2196 2024 2251 nino
2054 2196 2359 2264 nefarium,
2412 2198 2491 2252 ita
2536 2212 2734 2254 eorum
2788 2199 3180 2269 paenitentiam
3207 2202 3579 2271 disseramus,

1886 2291 1951 2338 ut
2001 2284 2254 2353 ipsorum
2301 2284 2798 2353 impleuitudinem
2853 2295 3188 2356 perpetuam
3238 2303 3353 2344 non
3404 2304 3583 2359 nege-

1887 2386 2036 2428 mus.

1958 2462 2020 2515 In
2073 2462 2178 2517 hoc
2225 2476 2364 2518 sane
2406 2463 2524 2518 solo
2571 2463 2653 2518 eis
2705 2463 2976 2533 poenitere
3023 2480 3184 2535 posse
3219 2466 3583 2537 ascribimus,

1887 2548 2015 2604 licet
2046 2549 2353 2618 paenitendi
2401 2555 2482 2607 eis
2527 2566 2951 2622 usquequaque
2983 2554 3180 2610 nullus
3223 2553 3296 2610 sit
3340 2555 3586 2623 fructus,

1887 2640 2042 2708 quod
2105 2639 2254 2695 inter
2303 2641 2642 2696 acerbitates
2699 2642 3117 2711 suppliciorum
3184 2643 3266 2699 sic
3332 2654 3582 2714 peccata,

1886 2742 1988 2797 pro
2037 2729 2251 2797 quibus
2303 2737 2441 2784 sunt
2488 2730 2693 2798 puniti,
2747 2730 3072 2798 fastidiunt,
3127 2740 3188 2788 ut
3234 2747 3444 2789 rursus
3488 2749 3586 2790 ex-

1884 2816 2094 2884 templo
2147 2831 2277 2872 cum
2333 2817 2764 2874 infructuositas
2812 2819 3005 2874 animo
3055 2821 3197 2875 tanti
3238 2822 3325 2876 sui
3376 2822 3590 2878 doloris

1883 2906 2216 2970 occurrerit,
2269 2907 2423 2975 quod
2466 2907 2628 2962 nulla
2676 2907 2897 2963 ratione
2937 2908 3146 2963 mutari
3184 2910 3377 2978 possit,
3427 2911 3590 2968 furor

1884 2991 2297 3060 desperationis
2335 2993 2508 3048 corda
2552 2994 2877 3063 subvertat,
2919 2995 3064 3051 etin
3107 3003 3334 3053 tantum
3362 2999 3587 3056 oderint

65 3084 278 3155 gloriae,
307 3086 534 3157 Figura
557 3083 896 3140 substantia
928 3082 1132 3153 (Hebr.
1168 3098 1205 3150 ι,
1243 3083 1323 3151 3),
1355 3091 1408 3138 et
1443 3083 1586 3138 alias
1611 3084 1774 3137 Ima-
1815 3120 1856 3176 Ο
1886 3081 2042 3150 quod
2084 3088 2221 3136 sunt
2269 3089 2332 3137 ut
2374 3096 2470 3136 eos
2519 3082 2786 3176 poeniteat
2815 3083 2988 3176 .quod
3025 3085 3221 3176 minus
3266 3095 3589 3176 peccatores

69 3187 134 3238 go
165 3172 275 3226 Dei
319 3173 650 3243 appellatur
699 3173 792 3243 (11
823 3173 957 3226 Cor.
992 3185 1070 3239 tv,
1101 3173 1180 3241 2).
1210 3171 1282 3226 Et
1308 3178 1459 3226 certe
1491 3171 1775 3227 vicarium
1821 3169 1855 3176 “
1886 3169 2196 3240 minusque
2254 3170 2311 3224 in
2377 3172 2497 3227 suis
2547 3171 2960 3241 voluptatibus,
3029 3173 3170 3229 dum
3223 3174 3584 3244 adviverent,

69 3260 206 3327 quid
251 3261 500 3317 obsistat
551 3261 745 3316 vocari
789 3276 903 3316 non
937 3259 1119 3328 video,
1169 3260 1324 3330 quod
1363 3267 1418 3315 et
1450 3261 1568 3330 ipse
1595 3261 1778 3330 quoti-

70 3351 304 3406 dianum
361 3351 634 3422 appellat,
681 3364 748 3406 ac
777 3351 823 3405 si
875 3357 1228 3420 suggereret,
1271 3348 1352 3404 sic
1392 3363 1457 3404 eo
1511 3349 1566 3403 in
1624 3363 1774 3418 prae—

70 3441 228 3506 senti,
291 3441 433 3495 dum
493 3441 704 3495 dicitur
759 3439 943 3505 hodie,
1004 3438 1306 3506 utendum,
1373 3445 1437 3493 ut
1499 3437 1572 3492 ad
1632 3437 1773 3493 illud

71 3536 276 3583 aeterne
327 3527 664 3594 fruendum,
713 3527 869 3598 quod
913 3525 1169 3582 considet
1213 3526 1464 3581 dexterae
1497 3533 1770 3595 paternae,

73 3627 171 3668 nos
200 3615 399 3671 ducat.
449 3615 610 3682 Quod
662 3615 830 3684 plane
873 3615 956 3669 sic
1002 3614 1061 3668 in
1111 3615 1219 3668 hoc
1265 3613 1474 3668 saeculo
1515 3613 1772 3669 lieuduau

74 3706 304 3761 mandat
341 3707 492 3762 utin
545 3705 770 3761 saeculis
819 3703 1186 3770 saeculorum,
1237 3717 1369 3758 cum
1411 3704 1481 3758 ad
1525 3704 1772 3772 speciem

72 3793 243 3864 hujus
270 3795 512 3866 originis
553 3793 976 3864 pertigerimus,
1021 3790 1143 3846 ﬁeri
1183 3805 1302 3845 non
1333 3801 1518 3860 egeat,
1557 3791 1770 3846 sentire

74 3897 183 3937 non
225 3899 458 3953 possum
489 3884 632 3954 quin
661 3889 982 3953 opportune
1008 3881 1149 3936 vicis
1189 3879 1495 3949 cujusdam
1525 3879 1772 3949 speciem

79 3971 191 4040 ipsa
226 3974 354 4030 licet
379 3974 730 4038 omnimoda,
764 3973 976 4029 veritas
1007 3977 1187 4042 gerat.

146 4060 329 4131 Hujus
359 4065 556 4131 itaque
584 4062 848 4132 opusculi
879 4060 1219 4131 tejudicem,
1243 4059 1335 4114 vir
1355 4059 1768 4127 amantissime,

77 4153 550 4222 crearedisposui,
575 4167 746 4222 quem
768 4161 822 4208 et
844 4151 1159 4207 acrimonia
1180 4163 1472 4218 nusquam
1496 4151 1772 4219 torpentis

80 4235 307 4306 ingenii,
342 4255 460 4296 non
490 4240 655 4295 modo
688 4239 887 4295 litterae
932 4245 1149 4294 statum
1183 4236 1518 4292 examinare
1560 4238 1770 4307 perdo-

78 4324 209 4390 cuit,
238 4328 332 4382 sed
363 4328 437 4383 ad
487 4327 666 4397 ipsius
705 4327 923 4394 litterae,
976 4334 1041 4382 ut
1086 4325 1168 4381 sic
1198 4324 1467 4392 dixerim,
1498 4325 1767 4395 spiritum

1882 3257 2099 3315 ell'erati
2132 3259 2388 3316 fuerunt.

1953 3349 2054 3405 Cui
2116 3349 2366 3404 concinit
2422 3349 2582 3405 Isaiae
2630 3349 2812 3406 illud:
2872 3350 3028 3416 Sola,
3088 3350 3300 3421 inquit,
3357 3354 3582 3409 vexatio

1879 3438 2236 3494 intellectum
2288 3438 2446 3492 dabit
2495 3438 2721 3492 audi/ui
2771 3439 2935 3510 (Isai.
2998 3455 3194 3508 xxvul,
3258 3441 3367 3509 19).
3424 3442 3585 3509 Quod

1883 3526 1941 3581 iu
2001 3526 2144 3582 libro
2201 3526 2502 3596 Sapientiae
2572 3528 2905 3596 poenitentia
2965 3528 3196 3595 dicitur,
3261 3528 3368 3584 hoc
3431 3531 3587 3600 apud

1882 3616 2093 3671 Isaiam
2144 3616 2465 3671 intellectus
2512 3617 2858 3686 appellatur.
2916 3617 2987 3672 Et
3033 3617 3162 3672 licet
3212 3617 3367 3687 apud
3421 3617 3586 3674 Salo-

1885 3720 2111 3760 mouem
2144 3719 2248 3760 nec
2279 3705 2446 3772 ratio,
2501 3719 2605 3760 nec
2655 3705 2894 3760 scientia
2944 3705 3097 3774 apud
3145 3705 3354 3760 inferos
3384 3705 3585 3762 futura

1881 3794 2292 3864 pronuntietur
2341 3793 2556 3864 (Eccle.
2608 3808 2689 3860 1x,
2742 3795 2844 3864 lO),
2893 3801 3082 3849 tamen
3133 3797 3254 3848 sine
3299 3793 3589 3851 intellectu

1880 3882 1939 3936 iu
1997 3882 2102 3937 hoc
2159 3882 2277 3938 solo
2347 3897 2460 3937 non
2517 3879 2638 3938 esse
2723 3889 3066 3949 noscuntur,
3143 3882 3298 3952 quod
3365 3897 3588 3953 semper

1880 3972 2214 4028 discernunt
2248 3985 2348 4041 pro
2379 3985 2495 4040 quo
2542 3971 2868 4040 patiuntur,
2901 3971 2998 4026 sed
3041 3972 3188 4026 inter
3222 3969 3580 4041 patiendum,

1880 4059 2020 4129 quia
2050 4059 2249 4114 nullus
2287 4059 2642 4114 discretionis
2678 4066 2763 4114 est
2805 4059 3044 4125 fructus,
3077 4059 3149 4114 ad
3187 4057 3586 4118 obdurationis

1878 4157 1932 4204 et
1962 4154 2324 4218 contemptus
2355 4148 2640 4202 insaniam
2672 4147 3038 4204 relabuntur.

1953 4237 2114 4292 Unde
2141 4245 2226 4292 est
2256 4236 2400 4293 illud
2426 4237 2552 4304 Job,
2603 4251 2737 4293 cum
2777 4244 2989 4292 terram
3031 4239 3274 4298 miseriae
3317 4255 3384 4297 ac
3418 4249 3583 4298 tene-

1881 4325 2118 4382 brarum
2151 4325 2495 4382 describeret
2530 4340 2542 4378 :
2601 4324 2730 4391 Ubi,
2760 4326 2968 4396 inquit,
3011 4328 3217 4384 umbra
3270 4330 3497 4396 mortis,
3526 4332 3586 4384 et

78 4412 511 4484 disquirendum
559 4417 978 4486 contemplandi
1010 4415 1320 4471 assiduitas
1366 4415 1639 4470 assuevit.
1690 4417 1767 4473 Te
1805 4426 1849 4480 1)
1875 4413 2072 4468 nullus
2101 4414 2264 4483 ordo,
2300 4412 2402 4468 sed
2437 4412 2822 4485 sempiternus
2863 4415 3066 4470 horror
3115 4417 3405 4477 inhabitat
3455 4418 3585 4490 (Job

79 4518 208 4574 ergo
248 4520 489 4564 securus
533 4507 823 4577 elegerim,
866 4520 1040 4577 quem
1088 4505 1158 4560 ad
1210 4504 1550 4573 corrigenda
1595 4505 1768 4562 etiam

79 4591 294 4648 hostilia
327 4595 592 4666 progredi
621 4610 737 4651 non
768 4595 877 4651 nisi
905 4608 980 4651 ex
1015 4593 1269 4666 ingenita
1310 4591 1414 4648 tibi
1445 4592 1768 4650 humilitate

85 4681 388 4740 didicerim.

146 4773 195 4823 2.
227 4772 371 4838 Quia
399 4773 556 4829 male
590 4773 762 4830 verba
815 4773 1231 4846 interpretatus
1260 4773 1414 4829 illud
1457 4774 1594 4843 Sap.
1628 4789 1763 4844 cap.

80 4869 130 4920 v,
162 4860 209 4911 3.
246 4861 406 4924 Quod
447 4860 813 4932 potissimum
859 4861 922 4916 in
959 4860 1058 4915 tib.
1113 4861 1200 4915 De
1238 4860 1509 4918 interiori
1560 4861 1768 4916 mundo

81 4944 302 5010 refutat.
333 4979 403 4991 —
434 4950 611 5006 Porro
642 4951 798 5021 quod
831 4958 883 5006 te
911 4951 1179 5006 audiente
1205 4951 1653 5020 quidam.........
1701 4966 1768 5008 us

87 5028 172 5099 if,
215 5037 476 5107 mmulus]
527 5039 665 5094 mihi
712 5038 936 5108 objecit,
985 5038 1121 5094 satis
1156 5039 1360 5107 utique
1398 5038 1767 5109 promptulus

83 5120 148 5174 ad
179 5122 546 5194 loquendum,
591 5126 688 5182 sed
717 5129 914 5183 minus
947 5127 1222 5197 providus
1264 5129 1336 5183 ad
1389 5129 1444 5184 id
1476 5129 1630 5198 quod
1661 5128 1765 5183 de-

81 5205 372 5271 latraverat
422 5215 725 5270 tuendum.
778 5214 1000 5270 Scilicet
1042 5216 1199 5286 quod
1237 5224 1438 5272 contra
1470 5212 1764 5286 sapientiae

80 5293 280 5356 librum
309 5318 402 5360 eos
433 5303 536 5374 qui
576 5302 634 5357 in
663 5303 886 5358 inferno
912 5311 1066 5369 sunt,
1103 5311 1203 5358 aut
1247 5303 1427 5359 futuri
1474 5313 1632 5371 sunt,
1665 5319 1765 5360 cor

81 5385 336 5452 impotens
397 5398 455 5448 et
508 5391 738 5457 habere,
813 5398 869 5445 et
946 5391 1248 5446 habituros
1320 5392 1590 5459 dixerim,
1664 5393 1761 5448 ubi

83 5472 318 5536 videlicet
343 5479 555 5552 legitur
587 5497 620 5534 ει
642 5480 926 5541 Dicentes,
961 5479 1169 5548 inquit,
1196 5478 1354 5532 intra
1376 5496 1458 5546 se,
1486 5479 1763 5551 paeniten-

83 5558 210 5617 tiam
234 5574 480 5639 agentes,
514 5572 570 5623 et
595 5585 714 5639 pm
741 5567 1012 5639 angustia
1032 5565 1280 5638 spiritus
1303 5571 1596 5639 gementes
1621 5586 1638 5623 :
1674 5571 1764 5624 Hi

82 5655 217 5719 sunt,
246 5671 378 5726 quos
408 5656 720 5712 habuimus
756 5655 1074 5727 atiquando
1118 5655 1181 5710 in
1207 5655 1466 5711 derisum
1507 5655 1667 5726 (Sap.
1703 5671 1756 5722 v,

1879 4518 1935 4570 x,
1983 4503 2091 4573 2'2).
2144 4504 2296 4560 Ordo
2350 4503 2516 4573 plane
2567 4511 2734 4568 esset,
2784 4504 2828 4559 si
2878 4505 2944 4569 is,
3003 4506 3104 4576 qui
3155 4510 3477 4577 paeniteret,
3512 4508 3582 4564 ab

1877 4592 2004 4662 ejus
2029 4593 2110 4648 rei
2151 4592 2377 4659 ellectu,
2423 4593 2536 4648 imo
2562 4599 2617 4648 et
2646 4591 2874 4660 affectu,
2908 4593 2977 4649 de
3005 4609 3126 4664 qua
3157 4598 3578 4666 paenitudinem

1879 4681 2043 4751 gerit,
2093 4681 2412 4737 absisteret.
2461 4681 2669 4737 Nullus
2693 4695 2830 4751 ergo
2863 4682 2937 4737 ibi
2978 4684 3120 4740 ordo
3156 4693 3262 4752 est,
3304 4686 3445 4741 dum
3475 4700 3579 4754 pro

1876 4770 2028 4826 malo
2069 4771 2361 4826 cruciatus
2399 4771 2534 4826 hinc
2564 4771 2819 4840 paenitet,
2863 4770 3021 4826 illinc
3061 4772 3398 4841 desperatur
3441 4773 3578 4830 mali

1876 4859 2135 4927 appetitu
2186 4859 2384 4915 furens
2423 4859 2617 4915 fervet.
2664 4859 2844 4926 Quem
2895 4859 3149 4915 furorem
3190 4861 3580 4931 sempiternus

1878 4946 1972 5003 ille
1997 4948 2202 5003 horror
2226 4949 2532 5018 significat,
2565 4949 2667 5019 qui
2707 4948 2764 5002 in
2816 4948 3025 5004 animis
3063 4951 3184 5020 Spei
3215 4951 3402 5007 omnis
3432 4951 3576 5008 alie-

1875 5035 2106 5091 natione
2154 5037 2488 5093 crudelibus
2529 5038 2840 5094 enormiter
2887 5037 3113 5108 ﬂagrat.
3167 5039 3331 5104 Quod
3390 5048 3576 5098 totum

1874 5123 2253 5194 liquidissime
2284 5126 2344 5181 in
2399 5127 2583 5183 Judaei
2632 5128 2938 5197 proditoris
2978 5129 3125 5185 tacto
3175 5131 3575 5202 perpenditur,

1874 5228 2046 5282 quem
2103 5215 2241 5270 dum
2293 5215 2453 5272 {actae
2520 5217 2855 5286 proditionis
2887 5219 3141 5287 paenitet,
3202 5234 3576 5291 nequaquam

1874 5309 2066 5358 tamen
2114 5312 2409 5373 resumpto
2465 5305 2694 5374 culpam
2749 5306 3076 5378 corrigendi
3120 5308 3332 5375 studio,
3384 5323 3419 5364 a
3464 5324 3574 5366 sua

1871 5390 2122 5460 pernicie
2149 5407 2356 5449 manus
2383 5403 2558 5450 arcet.

1943 5480 2104 5536 Certe
2149 5482 2194 5536 si
2246 5482 2382 5552 ipse,
2429 5484 2531 5553 qui
2573 5483 2670 5538 tali
2721 5485 3150 5554 quaestiuncula
3186 5487 3445 5558 obligare
3485 5503 3577 5546 me

1872 5569 2073 5634 voluit,
2127 5585 2382 5640 praesens
2432 5580 2600 5636 esset,
2645 5574 2716 5629 ab
2761 5589 2826 5628 eo
2877 5589 3222 5644 quaererem,
3282 5585 3338 5633 et
3390 5578 3576 5634 multo

1871 5657 2084 5714 rectius
2143 5672 2320 5729 quam
2380 5662 2665 5730 quaesivit,
2721 5663 2864 5731 quid
2928 5677 3100 5732 super
3154 5664 3447 5720 fatuarum
3516 5667 3574 5722 in
