3936 6400
355 380 452 432 6H
1262 373 1322 426 V.
1364 372 1693 430 GUIBERTI
1735 371 2027 429 ABBATIS
2064 372 2131 428 S.-
2177 371 2413 427 MARLE
2452 371 2541 426 DE
2579 369 2965 430 NOVIGENTO

361 513 674 584 Evangelio
723 512 1014 583 virginum
1066 511 1241 567 verbo
1290 510 1544 576 sentiret,
1595 524 1727 580 qum
1774 510 1896 565 dari
1944 508 2052 564 sibi
2091 507 2222 568 Ain
2295 508 2388 563 illo
2467 522 2733 577 supremo
2811 506 3098 574 examine,

359 601 549 657 oleum
580 615 615 655 a
644 600 1047 671 prudentibus,
1082 607 1136 655 et
1166 613 1199 654 a
1228 612 1433 668 sponso
1480 598 1678 653 clausa
1702 597 1823 667 jam
1866 596 2052 666 janua

360 689 569 760 aperiri
602 689 710 745 sibi
759 697 961 760 petunt
1009 688 1245 756 (Matth.
1274 702 1408 753 xxv,
1464 690 1515 750 8,
1566 686 1677 755 il),
1723 701 1855 742 cum
1906 684 2050 740 nulli

359 778 605 833 dubium
663 778 752 843 sit,
811 777 965 847 quod
1023 784 1142 846 post
1203 777 1701 840 resurrectionem,
1753 788 1885 844 quae
1937 773 2053 828 illic

358 867 653 923 evidenter
684 866 964 931 innuitur,
1008 865 1205 919 nullus
1244 864 1314 919 de
1351 877 1455 919 suo
1496 870 1650 918 statu
1685 878 1783 917 seu
1815 862 2052 917 salvan-

359 955 490 1022 dus,
523 968 625 1010 seu
655 954 931 1024 perditus,
965 953 1107 1008 inibi
1142 952 1405 1008 dubitare
1436 953 1681 1007 sinatur.
1717 953 1858 1006 Cum
1897 950 2053 1006 enim

358 1043 479 1099 dies
550 1055 801 1113 quorum
879 1040 1096 1107 mortis,
1170 1040 1291 1095 dies
1353 1039 1554 1111 judicii
1631 1040 1689 1094 in
1756 1038 2054 1109 Scriptura

356 1132 656 1203 aliquoties
708 1131 1040 1187 nominetur
1091 1129 1175 1201 (in
1233 1130 1357 1199 ipso
1411 1129 1564 1184 enim
1626 1128 1818 1184 exitus
1874 1126 2054 1183 nostri

358 1228 571 1291 puncto
599 1220 937 1276 sententiam
991 1226 1092 1274 aut
1134 1217 1487 1279 salvationis,
1529 1224 1631 1273 aut
1669 1215 2055 1273 damnationis

357 1316 565 1364 nostrae
611 1308 981 1377 suscipimus)
1038 1306 1201 1362 nullo
1263 1306 1428 1361 modo
1481 1306 1815 1375 quempiam
1878 1304 2053 1359 latere

357 1404 535 1467 potest
565 1410 714 1467 quas
754 1395 1115 1450 haereditates
1162 1394 1221 1449 in
1264 1401 1556 1463 posterum
1602 1392 1901 1460 sortiatur,
1951 1392 2053 1449 ubi

356 1485 428 1541 ab
475 1484 870 1554 integumento
912 1483 1169 1552 corporis
1216 1490 1393 1537 exuto
1440 1481 1667 1551 spiritu.
1702 1481 1774 1535 ad
1821 1481 2056 1537 aeterni-

353 1574 486 1629 tatis
511 1587 615 1628 seu
664 1572 827 1627 home
857 1586 961 1626 seu
1014 1570 1181 1625 malae
1219 1570 1481 1625 notitiam
1537 1569 1872 1624 nullatenus
1917 1570 2054 1625 cali-

354 1668 544 1733 gatur.
1094 1728 1099 1733 1

425 1747 481 1804 Si
510 1761 647 1818 ergo
673 1753 915 1803 exutum
961 1758 1159 1800 recens
1199 1758 1233 1799 a
1274 1757 1511 1814 corpore
1541 1757 1782 1799 suarum
1813 1744 2052 1800 sortium

3761 371 3883 423 612

3194 505 3361 577 quasi
3448 507 3539 561 sui
3609 505 3883 576 ipsorum

2159 596 2366 668 ignari,
2399 596 2780 652 elemontariis
2808 596 3044 651 vocibus
3073 609 3205 650 cum
3254 596 3368 651 Deo
3413 594 3682 650 cordium
3731 600 3887 648 teste

2159 685 2540 741 contendent?
2590 686 2732 739 Dum
2775 698 2911 753 ergo
2956 684 3013 738 in
3062 683 3381 739 absurdum
3434 682 3624 738 littera
3665 683 3884 743 tendit,

2161 772 2570 827 attendendum
2616 780 2699 827 est
2742 772 2844 841 qui
2879 770 2935 825 in
2987 769 3054 825 iis
3082 784 3200 825 sese
3231 784 3436 825 sensus
3465 769 3709 839 aperiat.
3748 769 3891 825 Erit

2164 859 2355 929 itaque
2382 873 2494 914 non
2529 858 2682 930 quod
2728 857 3028 928 perspicax
3077 865 3217 913 tunc
3260 857 3498 928 spiritus
3548 857 3725 922 dicat,
3771 865 3894 911 aut

2160 950 2387 1018 cogitet,
2442 947 2536 1003 sed
2591 947 2745 1018 quod
2798 946 2871 1002 ab
2924 945 3154 1002 homine
3200 946 3260 1000 in
3317 946 3583 1016 praesenti
3634 946 3893 1016 magnis

2162 1037 2590 1107 hypocritarum
2642 1034 2978 1102 virtutibus,
3033 1048 3164 1105 quae
3208 1042 3510 1105 putantur,
3545 1034 3893 1104 stupefacto

2161 1124 2390 1196 pensari
2440 1133 2697 1195 possunt,
2756 1123 2844 1179 vel
2896 1124 2970 1179 ab
3035 1123 3104 1178 iis
3159 1122 3468 1194 hypocritis
3519 1130 3757 1194 captata
3801 1123 3892 1177 ab

2162 1213 2500 1270 hominibus
2529 1213 2697 1269 laude
2724 1212 2947 1268 ezecatis
2972 1211 3166 1267 sentiri
3197 1219 3439 1281 queunt,
3475 1212 3576 1282 qui
3632 1226 3706 1268 ea
3737 1226 3891 1281 quae

2162 1302 2231 1358 de
2274 1316 2332 1357 se
2369 1302 2443 1358 ab
2485 1301 2817 1357 hominibus
2866 1300 3249 1362 celebrantur,
3299 1300 3454 1370 apud
3495 1301 3680 1355 Deum
3724 1315 3884 1355 con-

2162 1398 2314 1447 stare
2360 1390 2624 1446 credunt.
2669 1389 2832 1446 Unde
2878 1397 3006 1444 est:
3059 1388 3156 1443 Vae
3198 1387 3658 1444 desiderantibus
3710 1389 3891 1445 diem

2165 1478 2402 1535 Domini
2417 1477 2429 1532 ι
2459 1480 2663 1550 (Amo:
2686 1493 2743 1543 ν,
2778 1477 2882 1547 18.)
2929 1477 3127 1532 Caecus
3166 1476 3320 1532 enim
3366 1477 3600 1547 praemia
3645 1486 3887 1547 sperat,

2164 1569 2380 1639 quibus
2431 1583 2488 1623 se
2520 1568 2763 1639 dignum
2817 1566 2995 1622 falsus
3043 1565 3383 1622 miserorum
3432 1566 3892 1622 adulationibus

2164 1657 2430 1711 aestimat.

2237 1744 2327 1799 Sic
2354 1743 2546 1813 itaque
2579 1744 2678 1813 qui
2721 1742 2778 1798 in
2830 1742 3054 1797 inferno
3093 1748 3242 1797 sunt
3289 1742 3440 1797 intra
3488 1755 3547 1797 se
3584 1742 3891 1812 poeniten-

353 1837 500 1892 nihil
531 1817 684 1903 latet,
732 1842 786 1891 et
825 1841 946 1903 post
992 1834 1468 1889 resurrectionem
1503 1833 1684 1888 multo
1736 1833 2060 1890 evidentius
2102 1817 2138 1870 Β
2167 1832 2302 1887 tiam
2337 1839 2565 1902 gerunt,
2600 1846 2731 1887 cum
2779 1846 2877 1900 per
2908 1831 2999 1885 sui
3050 1830 3583 1897 considerationem,
3614 1838 3671 1887 et
3698 1832 3885 1887 dam-

357 1938 458 1995 per
485 1923 901 1994 experientiam
952 1922 1208 1991 corporis
1251 1929 1306 1977 et
1336 1922 1563 1989 animm,
1608 1920 1741 1977 vitae
1767 1922 2057 1991 sequentis

356 2013 589 2069 habitus
617 2019 787 2081 patet,
822 2011 921 2067 ubi
954 2025 1057 2066 nec
1086 2010 1228 2066 falsa
1260 2010 1461 2080 pietas,
1492 2024 1596 2065 nec
1625 2010 1900 2076 adulatio,
1939 2025 2056 2066 non

354 2101 480 2156 dico
509 2115 567 2157 se
594 2107 906 2169 promovet,
937 2100 1032 2154 sed
1064 2112 1184 2154 esse
1226 2112 1339 2153 non
1386 2097 1677 2167 praevalet,
1718 2097 1898 2153 verba
1950 2098 2056 2153 ista

356 2188 645 2258 quomodo
698 2187 758 2241 in
815 2186 910 2241 illa
966 2186 1206 2241 veritate
1264 2191 1547 2250 constant,
1596 2198 1727 2253 quae
1774 2184 1833 2239 in
1882 2184 2057 2254 hujus

357 2275 551 2332 saeculi
601 2276 875 2341 vanitate,
933 2274 981 2329 si
1034 2274 1190 2343 apud
1232 2272 1485 2342 aliquem
1522 2272 1841 2341 sapientem
1888 2274 2053 2328 modo

357 2363 789 2432 depromantur,
840 2376 953 2416 non
1012 2360 1202 2416 stant?
1260 2360 1398 2426 Quis
1460 2360 1615 2415 enim
1669 2360 1730 2415 in
1790 2361 2057 2430 praesenti

358 2454 560 2509 alienae
607 2450 987 2517 conscientiae,
1047 2449 1091 2504 si
1145 2462 1352 2504 sanum
1411 2448 1615 2517 sapiat,
1666 2448 2056 2503 testimonium

360 2541 524 2607 ferat,
557 2540 711 2610 quod
744 2553 883 2605 suae,
920 2539 966 2593 si
989 2538 1144 2608 juste
1172 2544 1387 2607 penset,
1426 2535 1714 2606 nequeat?
1754 2536 1892 2603 Quis
1920 2551 2057 2608 ergo

360 2629 667 2699 nugaciter
713 2641 748 2683 a
799 2628 913 2683 Deo
956 2626 1283 2697 quidquam
1339 2632 1477 2680 tunc
1526 2631 1777 2694 expetat,
1834 2631 1936 2681 aut
1988 2626 2059 2680 ab

360 2716 592 2771 homine
620 2715 839 2786 exigat.
869 2716 970 2785 qui
1016 2714 1074 2768 in
1119 2713 1383 2784 praesenti
1420 2713 1709 2782 quomodo
1756 2727 1813 2768 se
1856 2714 2056 2769 metia-

362 2811 478 2870 tur,
510 2803 778 2874 ignorat?
817 2803 942 2859 Non
986 2803 1138 2858 enim
1172 2801 1491 2871 {mendacia
1532 2800 1584 2857 ei
1632 2801 1864 2857 obtendi
1909 2810 2061 2872 pote-

360 2899 521 2959 runt,
554 2890 724 2961 cujus
751 2898 962 2946 cuncta
985 2891 1203 2961 judicio
1234 2890 1391 2945 nuda
1409 2896 1602 2945 erunt.

429 2980 590 3046 Quod
618 2979 788 3034 etiam
838 2978 975 3035 alibi
1021 2978 1250 3049 legitur,
1299 2978 1463 3033 multi
1505 2976 1741 3034 dicent:
1792 2976 2055 3047 Domine,

357 3083 544 3124 nonne
572 3066 633 3121 in
658 3066 885 3123 nomine
907 3071 1003 3122 tuo
1040 3066 1535 3138 praphetavimus,
1579 3065 1860 3121 daemonia
1891 3066 2058 3135 eieci-

2166 1920 2414 1975 nationis
2451 1918 2780 1989 exemplum
2820 1931 3100 1989 perpensa
3147 1926 3476 1974 sanctorum
3528 1919 3887 1975 excellentia

2166 2007 2311 2063 alios
2353 2008 2627 2077 poenitere
2674 2007 3041 2075 compellunt.
3095 2007 3151 2061 Si
3194 2008 3348 2062 enim
3393 2021 3492 2062 eos
3536 2007 3641 2078 qui
3681 2008 3740 2063 in
3781 2010 3888 2063 in-

2166 2095 2325 2150 ferno
2357 2094 2701 2163 puniuntur,
2738 2094 2920 2150 Solem
2948 2093 3187 2163 justitite
3218 2095 3358 2165 quia
3384 2094 3466 2149 eis
3491 2108 3605 2149 non
3650 2093 3891 2149 luxerit

2165 2183 2414 2239 doluisse
2461 2184 2760 2249 sentimus,
2830 2183 3071 2238 verbum
3132 2182 3463 2253 Sapientis:
3522 2185 3572 2237 Α
3633 2192 3890 2239 mortuo

2166 2271 2379 2328 scilicet
2408 2270 2560 2342 perit
2599 2270 2879 2338 confessio
2917 2269 3124 2337 (Eccli.
3166 2284 3308 2337 xvu,
3348 2272 3458 2338 26).
3496 2271 3566 2326 Et
3608 2270 3833 2327 Psalmi
3866 2289 3882 2327 :

2166 2362 2240 2414 In
2265 2360 2495 2423 inferno
2531 2359 2661 2431 quis
2696 2358 3063 2427 conﬁtebitur
3106 2357 3247 2413 tibi?
3293 2357 3474 2428 (Ρωι.
3515 2374 3592 2426 v1,
3644 2360 3723 2428 6.)
3754 2360 3830 2415 Et
3865 2375 3882 2413 :

2165 2450 2301 2503 Non
2328 2453 2414 2503 est
2437 2448 2496 2503 in
2528 2452 2715 2504 morte
2743 2448 2849 2519 qui
2880 2463 3100 2502 memor
3132 2446 3212 2501 sit
3240 2446 3326 2501 tui
3368 2448 3559 2516 (Prov.
3589 2460 3762 2515 xvm,
3800 2450 3878 2513 3).

2165 2536 2392 2609 Impius
2441 2552 2677 2607 quoque
2721 2553 2853 2591 cum
2897 2535 3115 2590 venerit
3141 2534 3205 2590 in
3248 2536 3540 2608 profundo
3576 2536 3885 2591 malorum

2166 2624 2287 2695 [al.,
2320 2624 2706 2695 peccatorum]
2738 2623 3065 2680 contemnit.
3102 2627 3283 2681 Pravo
3326 2625 3617 2681 intellectu
3655 2626 3884 2681 obrui-

2167 2727 2313 2768 mus.
2376 2714 2479 2769 Ubi
2520 2714 2674 2768 enim
2723 2713 2903 2769 sancti
2962 2721 3115 2769 stant
3162 2712 3222 2769 in
3277 2725 3492 2783 magna
3538 2715 3883 2769 constantia

2167 2800 2331 2872 (Sap.
2378 2817 2432 2868 v,
2508 2804 2577 2868 i),
2627 2802 2736 2856 nisi
2793 2802 2940 2858 inter
2993 2802 3174 2871 hujus
3224 2801 3345 2857 vita
3388 2806 3540 2856 ’τ’
3585 2802 3886 2858 adversa?

2168 2889 2314 2945 Hinc
2361 2890 2520 2959 impii
2571 2890 2795 2945 labores
2830 2904 3031 2946 eorum
3072 2889 3437 2945 abstulerunt
3476 2889 3693 2957 (Ibid),
3730 2891 3881 2947 dum

2163 2993 2260 3034 eos
2328 2978 2542 3034 frustra
2594 2986 2891 3048 tantopere
2960 2992 3065 3047 pro
3135 2978 3250 3032 Deo
3316 2977 3509 3034 labore
3567 2978 3882 3036 dixerunt.

2174 3066 2358 3138 Igitur
2385 3069 2440 3123 in
2486 3067 2793 3137 Scripturis
2836 3080 3141 3137 pensemus
3187 3067 3415 3135 similia,
3459 3066 3728 3137 alioquin
3771 3069 3885 3125 ad—

358 3175 506 3227 mue,
527 3158 767 3215 virtute:
787 3158 1003 3213 multa:
1007 3156 1303 3227 fecimus?
1321 3156 1555 3224 (Matth,
1581 3172 1619 3223 ι,
1643 3157 1759 3225 22.)
1782 3156 2060 3226 Nunquid
2101 3154 2141 3172 “
2169 3169 2402 3212 versum
2433 3170 2492 3211 se
2524 3155 2871 3211 constabunt
2896 3154 3057 3225 plura
3094 3154 3346 3210 rebellia.

1671 3365 2018 3451 LIBER
2074 3364 2535 3452 PRIMUS.

753 3553 935 3660 DE
1031 3550 1631 3660 SANCTIS
1731 3553 1904 3659 ET
1994 3551 2499 3661 EORUM
2596 3552 3475 3664 PIGNORIBUS

1972 3745 2257 3759 ——

927 3853 1147 3909 CAPUT
1188 3852 1489 3909 PRIMUM.

432 3943 486 3999 Si
518 3942 586 3998 de
614 3948 766 3998 statu
796 3941 1079 4013 generalis
1108 3940 1369 3996 omnium
1400 3940 1835 3997 resurrectionis
1859 3953 2055 3997 errare

360 4031 578 4088 malum
607 4038 712 4100 est,
744 4030 927 4086 multo
956 4029 1205 4100 amplius
1236 4029 1338 4098 ipsi
1368 4029 1553 4098 Capiti
1600 4029 1921 4099 resurgenti
1948 4029 2053 4083 ali-

359 4122 499 4192 quid
529 4120 848 4176 detraxisse
895 4132 1251 4189 perversum.
1284 4118 1428 4173 Cum
1475 4118 1631 4173 enim
1677 4118 1851 4173 totius
1881 4116 2058 4188 hujus

358 4210 475 4279 spei
501 4207 810 4264 efﬁcientia
841 4207 914 4262 ab
949 4206 1131 4276 ipsius
1174 4205 1438 4275 exemplo
1482 4206 1816 4275 dependeat,
1856 4204 2056 4276 procul

358 4296 535 4353 dubio
567 4303 683 4352 tota
715 4294 1039 4365 sponsionis
1060 4292 1239 4364 hujus
1257 4293 1670 4364 consequentia
1704 4293 2055 4360 infirmatur,

359 4385 407 4441 si
438 4384 497 4439 in
524 4397 590 4439 eo
619 4383 723 4454 qui
765 4382 1070 4452 spopondit
1114 4381 1356 4437 faciendi
1387 4382 1732 4451 possibilitas
1763 4382 2059 4438 titubave-

359 4472 454 4540 rit,
487 4479 590 4528 aut
616 4472 686 4527 de
726 4486 792 4527 eo
821 4470 1142 4541 quidpiam,
1194 4471 1348 4541 quod
1393 4470 1740 4540 promissum
1781 4473 1885 4538 est,
1919 4484 2061 4540 quo-

358 4558 762 4628 modocunque
790 4564 1067 4614 cassatur.
1114 4555 1260 4611 Nam
1307 4569 1442 4611 cum
1493 4556 1591 4626 qui
1622 4555 1899 4625 promittit
1928 4569 2058 4625 pro-

358 4648 532 4704 missa
559 4662 674 4703 non
704 4646 923 4716 implet,
972 4651 1075 4700 aut
1124 4644 1387 4699 falsitatis
1406 4644 1695 4714 arguitur,
1727 4651 1830 4700 aut
1874 4644 1942 4700 de
1970 4658 2058 4711 eo,

359 4737 514 4808 quod
572 4736 715 4792 alios
762 4734 1088 4791 ditaturum
1142 4747 1201 4788 se
1245 4732 1493 4800 dixerat,
1542 4732 1738 4788 minus
1786 4745 1950 4801 posse
2001 4745 2062 4787 se

360 4826 642 4896 perhibet.
688 4826 801 4880 Deo
826 4838 964 4894 ergo
993 4829 1097 4878 aut
1123 4820 1432 4891 potentiam
1479 4820 1875 4877 imminuenda
1903 4820 2064 4876 deco-

360 4927 559 4984 quere,
586 4920 688 4969 aut
724 4913 892 4982 quasi
940 4909 1334 4965 inﬁdelitatem
1375 4909 1434 4963 in
1477 4908 1769 4978 promissis
1809 4909 2060 4977 inurere,

362 5014 497 5057 cum
526 5001 597 5056 sit
624 5000 715 5056 vel
747 5000 828 5055 sic
869 4996 1107 5069 cogitari
1154 4995 1529 5062 horrendum,
1587 5009 1757 5052 nemo
1800 4995 1906 5052 sibi
1952 4995 2063 5051 sub

2162 3852 2563 3923 aestimandus,
2596 3854 2698 3925 qui
2732 3854 2945 3925 spebus
2974 3855 3376 3913 universorum
3414 3858 3661 3927 parturit
3688 3860 3881 3917 decli-

2162 3942 2424 3998 nationes
2455 3950 2510 3997 et
2539 3942 2755 4013 lapsus.
2789 3944 2951 4000 Certe
2982 3945 3025 3999 si
3077 3945 3340 4001 dextram
3387 3952 3684 4017 tantopere
3729 3963 3881 4006 auro

2161 4044 2361 4086 oneres
2411 4039 2473 4087 ut
2506 4031 2671 4091 .vires
2712 4048 2779 4088 eo
2828 4041 3038 4089 ornatu
3088 4034 3343 4104 corporis
3387 4036 3559 4090 totius
3606 4051 3877 4106 enerves,

2162 4119 2413 4175 multum
2442 4119 2553 4175 erit
2588 4121 2921 4192 hujusmodi
2952 4121 3171 4178 inutilis
3188 4123 3576 4192 pulchritudo,
3600 4139 3735 4195 quae
3769 4141 3877 4196 pro

2166 4206 2500 4277 particulari
2525 4208 2743 4275 decore,
2776 4208 2989 4265 officiat
3032 4210 3302 4266 universo
3333 4226 3347 4265 :
3393 4212 3543 4267 sicut
3570 4227 3643 4268 ex
3673 4227 3875 4271 emer-

2165 4294 2425 4365 gentium
2459 4294 2787 4367 frequentia
2817 4297 3185 4354 surculorum
3218 4298 3485 4357 interitus
3513 4300 3723 4357 accidit
3773 4316 3869 4359 ra-

2163 4395 2276 4447 mo,
2307 4382 2420 4439 imo
2442 4383 2500 4439 in
2532 4385 2755 4441 arboris
2783 4399 3019 4456 corpore
3048 4392 3184 4442 toto.

2236 4470 2628 4527 Ecclesiarum
2645 4473 3080 4531 consuetudine:
3089 4474 3324 4531 diversa
3339 4473 3429 4530 nit
3448 4475 3867 4546 σίκεσίωῂἀεί

2162 4556 2472 4613 catholicae.
2512 4588 2582 4599 —
2613 4560 2789 4615 Porro
2817 4558 2991 4614 etiam
3022 4559 3082 4615 in
3101 4560 3172 4616 iis
3199 4575 3332 4632 quae
3356 4563 3733 4621 ecclesiastice
3762 4573 3868 4622 aut

2165 4654 2435 4703 tenentur
2479 4654 2581 4703 aut
2636 4647 2933 4716 docentur,
2995 4654 3156 4705 tanta
3210 4651 3524 4707 moderatio
3583 4653 3869 4710 hactenus

2167 4742 2387 4790 constat
2420 4733 2620 4791 inolita
2650 4743 2714 4791 ut
2755 4735 2954 4793 nullus
2985 4736 3357 4808 promulgare
3390 4748 3723 4809 praesumat,
3755 4743 3864 4797 nisi

2168 4823 2325 4894 quod
2356 4823 2647 4880 catholicae
2673 4825 3063 4882 consonantiae
3107 4826 3217 4882 sub
3259 4829 3499 4891 ratione,
3535 4837 3638 4885 aut
3667 4844 3865 4887 exem-

2168 4912 2264 4981 plo
2293 4912 2678 4968 examinatior
2696 4927 2945 4970 censura
2962 4914 3284 4973 conﬁrmat.
3313 4916 3460 4973 Sunt
3473 4918 3685 4975 etenim
3710 4933 3867 4989 qure-

2169 4997 2323 5065 dam,
2365 5013 2497 5070 qum
2539 5007 2831 5071 tenentur,
2871 5002 2971 5059 sed
3018 5017 3133 5059 non
3183 5004 3485 5073 docentur,
3530 5005 3680 5062 sicut
3729 5013 3864 5063 sunt

363 5086 592 5143 nomine
622 5086 848 5156 pietatis
875 5084 1175 5151 attribuat,
1207 5084 1364 5154 quod
1395 5083 1638 5153 impium
1666 5083 1927 5139 omnium
1958 5096 2056 5139 ra-
2096 5082 2141 5136 D
2168 5087 2612 5146 consuetudines
2639 5098 2742 5146 aut
2765 5091 3089 5161 jejunandi,
3111 5100 3213 5149 aut
3232 5094 3509 5163 psallendi
3535 5110 3549 5160 ;
3585 5108 3718 5164 quae
3761 5096 3863 5151 etsi

363 5174 504 5232 tioni
548 5173 1004 5245 probabilissime
1052 5179 1294 5239 constat,
1344 5173 1618 5242 quodque
1646 5172 1719 5228 ad
1764 5178 2062 5229 contume-

363 5263 501 5320 liam
530 5262 890 5319 credulitatis
920 5259 1205 5316 universai
1231 5260 1588 5330 respondeat.

436 5350 543 5423 Qui
561 5348 828 5407 Ecclesia:
840 5348 1007 5419 falsa
1024 5347 1242 5417 tribuit,
1263 5348 1454 5419 ipsam
1469 5348 1740 5403 dedecore
1757 5345 1969 5418 afﬁcit.
1993 5378 2065 5387 —

366 5439 421 5496 Si
450 5439 606 5495 enim
636 5452 742 5508 pro
772 5436 1056 5508 singulari
1086 5436 1473 5492 Ecclesiarum
1504 5449 1746 5491 suarum
1773 5435 2066 5492 excellen-

366 5528 446 5585 tia
490 5527 598 5583 sibi
649 5526 969 5596 ascribunt,
1036 5526 1191 5582 unde
1250 5524 1612 5596 potissimum
1670 5523 1801 5579 tidei
1857 5532 2065 5580 nostra:

361 5617 499 5688 jura
559 5615 970 5682 succumbunt,
1035 5613 1271 5670 omnino
1336 5612 1428 5668 hic
1487 5612 1670 5668 honor
1714 5610 2066 5668 detestabilis

2169 5175 2395 5232 diversa
2423 5184 2561 5234 sunt
2580 5186 2733 5249 actu,
2762 5194 3059 5252 nusquam
3090 5190 3278 5238 tamen
3313 5183 3641 5254 discrepant
3671 5197 3707 5239 a
3733 5185 3864 5241 fidei

2171 5275 2365 5331 sensu,
2398 5278 2504 5320 nec
2526 5265 2691 5323 aliter
2720 5268 2937 5326 faciens
2965 5272 3134 5344 argui
3165 5281 3365 5343 potest,
3407 5275 3507 5344 qui
3537 5287 3573 5329 a
3613 5274 3866 5331 dissimi-

2171 5347 2303 5405 liter
2330 5352 2669 5423 abstinente,
2702 5366 2805 5414 aut
2843 5370 3082 5418 canente
3117 5376 3218 5432 per
3259 5363 3694 5434 intelligentiam
3725 5366 3862 5422 nul-

2173 5434 2400 5495 latenus
2428 5440 2608 5496 abest.
2658 5443 2952 5514 Alioquin,
2984 5448 3086 5518 qui
3118 5449 3178 5504 in
3208 5448 3380 5504 simili
3427 5450 3534 5506 nde
3571 5450 3865 5509 diversita-

2172 5531 2285 5580 tem
2318 5525 2414 5599 [f.,
2448 5528 2616 5584 ﬁdem
2664 5530 3013 5607 diversitate]
3069 5535 3472 5607 frugalitatum
3515 5536 3862 5596 ofﬁciorum-

2171 5627 2288 5685 que
2350 5614 2696 5687 defenderet,
2778 5634 2853 5677 ex
2933 5623 3026 5680 sui
3111 5623 3516 5694 singularitate
3580 5628 3859 5699 privilegii
