3936 6430
66 393 170 442 lil3

1164 391 1256 446 DE
1302 390 1720 446 PlGNORIBUS
1762 387 2290 446 SANCTORUM.—
2321 388 2446 444 LIB.
2492 390 2533 443 l.

3497 394 3597 445 614

65 520 496 577 schismaticus
523 531 577 578 et
607 523 804 578 merito
844 522 953 577 dici
999 529 1199 592 posset.
1235 522 1289 576 Si
1331 536 1467 591 ergo
1499 523 1789 577 diversum
1828 526 1874 576 Α
1905 522 2235 591 quibusque
2258 521 2471 577 sanctis
2531 520 2855 590 relationes,
2903 520 3119 590 quibus
3168 522 3354 590 potius
3399 537 3599 579 eorum

66 609 391 679 quidpiam
449 611 659 680 psallis,
709 611 1176 680 dissimiliterque
1225 611 1476 682 jejunas,
1534 625 1650 666 non
1709 618 1793 665 est

67 708 421 768 competens
479 709 580 756 aut
629 700 919 766 idoneum,
972 707 1034 755 ut
1082 700 1189 755 hoc
1232 700 1358 754 aliis
1405 715 1520 756 non
1571 699 1793 754 minora

70 789 225 842 bona
258 789 657 845 tractantibus
707 790 1074 859 importunus
1115 788 1407 858 praedices,
1455 798 1558 844 aut
1604 789 1793 859 injun-

70 891 196 946 gas.
232 877 401 932 Audi
431 877 767 947 Apostolum
802 894 814 932 :
851 875 960 943 Qui
990 878 1325 946 manducat,
1357 876 1604 932 Domino
1633 894 1794 931 man-

67 963 251 1018 ducat
260 985 280 1029 ,ο
320 969 382 1020 et
411 965 512 1038 qui
538 981 652 1022 non
688 966 1021 1029 manducat,
1064 965 1297 1021 Domino
1334 983 1446 1020 non
1481 965 1794 1020 manducat

71 1053 281 1120 (Rom.
313 1069 438 1117 xw,
474 1055 547 1126 3).
579 1055 669 1124 (De
699 1054 986 1111 similibus
1019 1055 1168 1110 idem
1203 1055 1467 1126 judicare
1510 1055 1569 1110 in
1603 1069 1793 1124 prom-

72 1149 181 1210 ptu
215 1150 329 1198 est.

145 1231 396 1298 Absque
433 1231 779 1305 baptismate
824 1236 880 1287 et
926 1232 1307 1290 Eucharistia
1332 1232 1484 1304 fides
1531 1237 1797 1288 constare

70 1322 304 1395 nequit,
327 1339 574 1394 quorum
590 1322 796 1392 ubique
814 1339 927 1394 par
944 1321 1260 1389 estforma.
1278 1352 1342 1362 —
1362 1324 1507 1380 Sunt
1522 1331 1795 1394 praeterea

73 1428 212 1484 quae
268 1420 547 1468 tenentur
583 1419 638 1468 et
675 1412 972 1478 docentur,
1016 1412 1097 1468 uti
1145 1419 1283 1468 sunt
1320 1419 1376 1468 et
1418 1413 1793 1491 baptismatis,

73 1516 142 1557 ac
175 1501 387 1558 hostiae
411 1499 718 1556 Dominicae
744 1508 1124 1568 sacramenta,
1150 1513 1301 1569 quae,
1327 1500 1466 1569 quia
1489 1501 1545 1554 in
1571 1507 1796 1555 tantum

74 1598 216 1646 sunt
245 1588 673 1646 Christianitati
709 1588 1058 1655 communia,
1107 1595 1172 1644 ut
1211 1588 1334 1643 sine
1374 1587 1441 1642 iis
1487 1587 1798 1642 subsistere

73 1693 194 1734 non
219 1679 421 1734 valeat
452 1677 588 1732 ﬁdes
620 1685 830 1743 nostra,
866 1678 946 1732 sic
977 1677 1317 1733 auctoritate
1353 1684 1623 1732 tenentur
1655 1691 1798 1731 sem-

74 1781 178 1836 per
211 1765 550 1822 indissimili
584 1765 798 1835 ubique
829 1765 1083 1831 immota,
1121 1771 1185 1820 ut
1215 1777 1438 1832 semper
1465 1771 1520 1819 et
1577 1763 1795 1832 ubique

69 1856 279 1911 eadem
341 1856 668 1921 comitetur,
727 1853 1030 1923 przecedat,
1089 1856 1145 1909 et
1191 1853 1586 1922 subsequatur
1635 1853 1795 1924 paris

72 1944 284 2000 forma:
316 1943 603 1999 doctrina.
635 1943 815 2008 Paris,
844 1943 1114 2012 inquam,
1148 1942 1364 2007 formae,
1408 1949 1472 1997 ut
1503 1942 1654 2010 quod
1688 1955 1798 1996 ex-

75 2035 378 2088 trinsecus
450 2031 879 2101 pronuntiatur,
956 2031 1278 2085 secundum
1345 2030 1399 2084 id
1467 2029 1795 2084 docentium

74 2121 362 2190 procedat
395 2119 596 2174 oratio.
651 2120 714 2174 In
761 2119 977 2189 quibus
1023 2127 1214 2174 tamen
1266 2118 1496 2174 duobus
1540 2118 1594 2172 id
1626 2117 1796 2172 refert

75 2218 139 2265 ut
169 2209 299 2264 sine
334 2221 494 2278 aqua
523 2215 626 2263 aut
657 2208 943 2278 sanguine
987 2207 1348 2262 Christianus
1376 2221 1495 2262 esse
1542 2221 1655 2260 non
1689 2219 1794 2260 va—

75 2298 210 2365 leat,
263 2298 396 2352 sine
427 2297 792 2352 Eucharistia
841 2309 975 2351 vero
1011 2309 1132 2351 esse
1167 2295 1360 2365 possit,
1402 2294 1449 2349 si
1494 2301 1684 2350 tamen
1735 2292 1794 2348 in

75 2388 204 2456 ejus
256 2393 593 2441 constanter
638 2385 744 2440 ﬁde
786 2391 1140 2455 permaneat.
1187 2383 1348 2450 Quod
1403 2383 1462 2438 in
1506 2383 1794 2452 plerisque

79 2481 264 2543 potest
332 2474 563 2544 probari
616 2473 987 2542 martyribus,
1042 2473 1163 2528 sive
1214 2471 1486 2538 eremitis,
1536 2485 1792 2540 quorum

77 2562 244 2618 alteri
282 2577 617 2632 nunquam,
651 2561 814 2618 alteri
853 2561 1026 2616 semel
1065 2567 1167 2616 aut
1205 2559 1496 2616 rarissime
1540 2568 1790 2629 sumpta,

77 2659 280 2707 sancto
328 2651 602 2720 deinceps
637 2665 804 2720 opere
843 2664 902 2705 se
935 2649 987 2705 ei
1022 2649 1470 2719 incorporantes,
1533 2647 1794 2718 longaeva

76 2741 399 2796 solitudine
426 2739 762 2796 sanctiﬁcati
794 2747 948 2795 sunt.

150 2829 498 2901 Aliquando
506 2829 667 2900 ﬁdes
688 2828 814 2882 sine
844 2826 1110 2899 operibus
1132 2825 1210 2881 ad
1226 2825 1521 2897 justitiam
1557 2828 1791 2896 reputa-

78 2921 190 2973 tur.
235 2949 309 2960 —
355 2919 513 2974 Idem
552 2927 634 2974 est
663 2927 718 2974 et
763 2919 821 2973 in
865 2917 1182 2987 praeceptis,
1214 2924 1277 2971 ut
1307 2916 1649 2972 vacantibus
1678 2930 1791 2969 ca:-

79 3008 234 3075 leris,
269 3009 417 3064 ﬁdes
463 3016 565 3064 aut
602 3007 844 3063 salutem
883 3006 1176 3062 sufﬁciens
1216 3006 1461 3061 tenenda
1493 3005 1788 3071 doceatur,

79 3097 242 3152 Unde
282 3096 592 3167 Apostolus
624 3111 636 3150 :
671 3095 750 3150 Ei
796 3098 990 3150 autem
1027 3093 1128 3166 qui
1152 3111 1267 3149 non
1306 3096 1598 3165 operatur,
1651 3093 1792 3146 fides

77 3191 394 3257 reputatur
430 3185 507 3240 ad
524 3184 827 3256 justitiam
862 3186 1053 3252 (Rom.
1085 3199 1164 3252 tv,
1205 3185 1279 3251 4).
1311 3184 1572 3254 Amplior
1612 3181 1792 3240 nihil-

77 3276 320 3331 ominus
369 3275 634 3331 charitati
681 3275 1062 3346 praerogativa
1114 3273 1409 3338 tribuitur,
1475 3273 1612 3328 dum
1664 3271 1790 3327 ﬁdei

78 3366 323 3434 speique
349 3365 728 3434 praeponitur,
767 3365 904 3420 dum
937 3364 1056 3420 sola
1100 3378 1204 3433 pro
1249 3362 1522 3419 omnibus
1551 3362 1794 3417 aestima-

80 3460 195 3521 tur,
254 3453 402 3508 dum
447 3453 566 3508 sola
611 3467 758 3522 opus
814 3451 978 3522 quasi
1019 3452 1468 3508 antonomastice
1514 3451 1792 3520 przedica-

81 3548 178 3597 tur
206 3557 218 3596 :
253 3543 470 3613 Opera,
501 3541 709 3611 inquit,
740 3557 1016 3596 manuum
1044 3543 1374 3596 nostrarum
1399 3540 1583 3612 dirige
1620 3555 1796 3610 super

79 3647 184 3683 nos
236 3629 426 3699 (Psal.
470 3644 700 3696 Lxxxix,
748 3635 820 3698 7).
861 3629 999 3697 Quae
1046 3637 1182 3686 sunt
1227 3629 1558 3686 communia
1603 3630 1794 3698 cujus-

83 3718 219 3775 libet
274 3718 643 3788 professionis
689 3719 850 3774 bona:
887 3719 1180 3775 exercitia.
1238 3720 1319 3773 Et
1347 3734 1488 3790 Opus
1518 3733 1794 3774 manuum

82 3811 426 3862 nos/rarum
457 3806 640 3878 dirige
668 3806 891 3876 (Ibid),
926 3808 980 3864 id
1011 3815 1114 3874 est,
1149 3807 1386 3864 meliora
1422 3807 1793 3874 charismata,

83 3895 524 3952 eminentiorem
558 3895 770 3951 scilicet
801 3896 977 3964 viam,
1014 3911 1118 3952 nos
1145 3896 1302 3951 doce.
1344 3896 1476 3950 Haec
1504 3895 1660 3965 apud
1693 3909 1796 3949 nos

84 3987 138 4038 et
164 3993 323 4040 tenta
355 3985 655 4052 docentur,
687 3991 743 4040 et
772 3985 1027 4040 docendo
1060 3991 1348 4040 tenentur.

158 4073 442 4129 Praeterea
495 4081 630 4129 sunt
674 4075 963 4144 quaedam,
1015 4088 1146 4144 quae
1203 4073 1309 4128 etsi
1369 4074 1514 4128 inter
1571 4084 1794 4126 summe

89 4165 415 4218 necessaria
462 4161 634 4217 saluti
694 4171 921 4228 nostrae,
985 4163 1054 4218 de
1108 4162 1326 4232 quibus
1364 4161 1615 4232 agimus,
1677 4175 1793 4215 non

87 4258 519 4320 computantur,
568 4251 690 4306 sine
723 4252 942 4322 quibus
982 4250 1097 4307 vivi
1125 4260 1274 4307 recte
1319 4266 1433 4306 non
1475 4257 1677 4321 potest,
1707 4257 1792 4306 ta-

91 4353 219 4394 men
256 4348 312 4396 et
362 4347 645 4408 tenentur,
694 4347 749 4395 et
798 4341 854 4395 in
895 4339 1162 4396 Ecclesiis
1211 4339 1622 4410 praedicantur,
1670 4340 1795 4398 sine

92 4441 345 4496 quorum
404 4428 570 4499 plane
608 4444 741 4496 usu,
791 4437 846 4485 et
890 4429 1192 4499 praesentia
1241 4429 1406 4485 multi
1454 4429 1600 4484 vitas
1647 4429 1791 4486 bene
1827 4429 1874 4483 D

95 4523 517 4588 transegerunt,
559 4525 614 4573 et
665 4517 1016 4589 transigunt,
1063 4526 1128 4574 ut
1157 4525 1292 4573 sunt
1322 4517 1606 4572 cadavera
1654 4532 1796 4573 san-

94 4613 351 4676 ctorum;
401 4615 463 4663 ut
513 4607 775 4677 pignora,
828 4607 898 4662 de
947 4607 1015 4662 iis
1061 4607 1324 4663 videlicet
1378 4622 1510 4678 qua
1558 4607 1795 4664 fuerunt

96 4694 152 4749 in
201 4697 406 4752 usibus
460 4696 729 4764 ipsorum.
787 4698 916 4752 Haec
959 4696 1122 4752 nobis
1165 4705 1301 4752 sunt
1349 4696 1684 4753 reverentiae
1726 4710 1795 4751 ac

95 4787 242 4836 830
290 4785 516 4851 honori,
565 4799 664 4854 pro
707 4784 970 4855 exemplo
1018 4785 1400 4855 praesidioque
1455 4799 1678 4840 eorum.
1726 4785 1792 4840 In

97 4872 308 4940 quibus
367 4873 636 4944 equidem
707 4873 829 4929 sola
913 4875 1248 4929 authentica
1315 4873 1460 4929 ratio
1528 4873 1793 4928 habenda

93 4968 256 5027 esset,
290 4969 352 5017 ut
389 4960 438 5016 is
489 4960 774 5016 duntaxat
817 4960 1108 5016 diceretur
1153 4968 1408 5028 sanctus,
1461 4975 1633 5030 quem
1677 4975 1792 5016 non

96 5047 302 5117 opinio,
331 5049 430 5104 sed
474 5049 794 5115 vetustatis,
828 5057 929 5105 aut
967 5049 1314 5118 scriptorum
1349 5048 1642 5105 veracium
1674 5055 1793 5104 tra-

97 5134 230 5191 ditio
258 5147 415 5194 certa
449 5137 724 5193 ﬁrmaret.
767 5140 820 5194 ls
857 5138 1012 5193 enim
1052 5139 1344 5208 quomodo
1379 5145 1566 5207 putas,
1611 5145 1672 5194 ut
1714 5137 1794 5194 ita

97 5223 295 5294 dicam,
351 5226 632 5291 sancitur,
697 5226 867 5296 cujus
923 5225 1279 5282 auctoritatis
1337 5227 1614 5282 memoria
1672 5226 1793 5282 ulla

100 5314 360 5378 nescitur,
407 5314 622 5370 nedum
663 5315 816 5384 quod
850 5329 953 5370 nec
988 5315 1208 5374 litteris.
1246 5323 1347 5371 aut
1385 5323 1581 5383 aperta
1613 5314 1792 5370 mira-

98 5401 353 5460 culorum
382 5402 736 5472 experientia
766 5401 1083 5458 solidatur?
1106 5403 1330 5458 Litteris
1361 5403 1486 5458 dico
1517 5404 1588 5458 ad
1618 5403 1792 5458 robo-

101 5491 337 5549 randum
366 5490 739 5548 efﬁcacibus:
772 5499 909 5548 sunt
937 5493 1090 5548 enim
1121 5505 1297 5563 quam
1329 5491 1590 5562 plurimae
1621 5505 1794 5560 super

168 5667 276 5739 (20)
305 5669 506 5738 Elfcgo
527 5665 778 5722 nomine.

1902 611 2254 679 praeconium
2287 610 2437 679 apud
2468 609 2722 664 infideles
2754 609 2978 679 impiari
3013 618 3248 679 poterat,
3285 626 3461 681 quam
3493 612 3598 666 ali-

1903 705 2192 768 quatenus
2242 698 2534 754 illustrari.
2594 698 2700 754 Ubi
2744 699 2898 754 enim
2927 700 3100 754 etiam
3132 714 3262 769 quae
3290 714 3428 756 vera
3465 707 3602 756 sunt

1902 788 2041 842 adeo
2068 801 2345 857 pannoso,
2376 795 2432 843 et
2466 786 2726 856 pedestri,
2781 796 2854 856 et,
2891 795 2954 843 ut
2982 787 3197 857 poetico
3229 789 3402 844 verbo
3447 797 3598 856 utar,

1905 877 2066 932 humi
2108 877 2355 946 serpenti
2401 876 2630 947 eloquio
2673 876 3070 946 proferuntur,
3110 879 3222 933 imo
3265 877 3600 934 inconditis-

1903 966 2045 1021 sime
2084 966 2465 1033 delatrantur,
2521 974 2582 1022 ut
2638 980 2772 1022 cum
2822 967 3059 1021 minime
3108 967 3245 1036 sint,
3297 966 3601 1024 falsissima

1903 1069 2026 1110 esse
2054 1055 2386 1110 credantur.

1975 1162 2047 1216 Et
2076 1161 2362 1231 quomodo
2398 1161 2596 1216 talium
2627 1169 2930 1217 auctorum
2961 1162 3348 1219 subornandae
3375 1163 3600 1234 astipu—

1904 1250 2120 1306 labitur
2177 1250 2404 1305 falsitati
2455 1251 2657 1317 oratio,
2711 1266 2842 1320 quae
2906 1265 2978 1306 ex
3037 1250 3129 1306 sui
3195 1251 3600 1322 indignissima

1906 1339 2189 1395 cruditate
2216 1340 2387 1394 etiam
2418 1339 2718 1394 veritatem
2754 1339 2913 1408 ponit
2944 1339 3002 1394 in
3037 1339 3252 1395 dubio?
3279 1341 3348 1396 Et
3383 1340 3600 1410 quibus

1906 1443 2081 1498 super
2113 1427 2290 1498 hujus
2318 1427 2629 1482 inﬁictione
2661 1428 2812 1482 naevi
2849 1441 3085 1497 parsum
3124 1437 3418 1498 putamus,
3467 1431 3601 1485 eum

1908 1530 2022 1570 non
2049 1515 2215 1581 vitas,
2248 1515 2346 1570 sed
2379 1516 2568 1584 potius
2596 1515 2796 1570 nenias
2825 1515 3161 1585 aliquorum
3209 1517 3598 1586 apostolorum

1907 1612 2065 1660 tanta
2097 1603 2410 1658 infuscatas
2437 1603 2679 1674 fuligine
2729 1603 3036 1659 videmus?
3085 1606 3154 1660 Et
3187 1606 3394 1662 harum
3443 1612 3603 1662 rota-

1909 1701 2001 1748 tus
2049 1692 2378 1748 fabularum
2437 1692 2622 1746 omnis
2652 1692 2803 1748 carri
2850 1692 3092 1748 stridore
3121 1694 3394 1762 deterior;
3423 1709 3604 1766 quam

1907 1781 2349 1836 aediﬁcationum
2381 1780 2575 1836 afferet
2608 1780 2732 1849 piis,
2765 1781 2865 1850 qui
2897 1781 3068 1836 etiam
3095 1783 3447 1839 incentivum
3479 1784 3602 1840 bla-

1906 1870 2175 1938 sphemiae
2235 1869 2493 1940 suggerit
2552 1869 2777 1938 impiis?
2832 1869 2979 1936 Quid
3036 1871 3267 1926 Thomae
3344 1871 3600 1940 historia,

1907 1958 2015 2013 nisi
2074 1958 2346 2028 strepitus
2402 1959 2635 2014 aurium
2701 1959 3042 2028 appelletur,
3103 1960 3194 2015 cui
3254 1975 3370 2016 non
3431 1960 3604 2017 semel

1904 2048 2288 2118 Augustinus,
2324 2048 2419 2102 sed
2463 2047 2598 2102 locis
2630 2047 2896 2116 pluribus
2922 2048 3288 2118 refragatur?
3319 2049 3454 2118 (Job
3479 2065 3600 2115 xm,

1901 2137 1979 2205 7.)
2014 2137 2074 2206 (³)
2109 2137 2327 2207 Egebat
2362 2136 2598 2191 forsitan
2648 2143 2750 2192 aut
2795 2137 2966 2202 Deus,
3009 2144 3110 2192 aut
3147 2137 3331 2192 sancti
3376 2152 3600 2205 eorum,

1895 2227 2071 2297 juxta
2105 2227 2245 2282 illud
2277 2227 2400 2293 Job,
2437 2227 2753 2292 mendacio,
2790 2235 2852 2282 ut
2895 2241 2993 2295 pro
3052 2228 3174 2295 ipso
3229 2227 3607 2296 loquerentur

1902 2316 2078 2371 dolos.
2136 2315 2191 2370 Si
2236 2315 2343 2384 ipsi
2391 2315 2571 2370 sancti
2618 2315 2855 2384 apostoli
2906 2317 3006 2384 qui
3048 2315 3214 2384 quasi
3246 2315 3438 2385 capilli
3500 2324 3603 2372 aut

1900 2403 2080 2458 barba
2111 2417 2337 2458 summo
2365 2401 2540 2472 capiti
2579 2403 2962 2470 cohzeserunt,
2993 2403 3330 2473 hujusmodi
3365 2403 3607 2459 fallaciis

1903 2493 2137 2548 minime
2177 2499 2514 2547 caruerunt.
2572 2492 2641 2546 Et
2692 2493 2801 2547 nisi
2849 2506 2924 2547 ex
2981 2493 3320 2562 evangeliis,
3385 2501 3440 2548 et
3483 2492 3606 2549 suis

1900 2583 2157 2650 ipsorum
2189 2581 2412 2636 actibus
2443 2581 3093 2651 nostrazinsiguirentur
3116 2582 3351 2650 notitiae,
3385 2582 3606 2652 aliquo-

1899 2684 2031 2726 rum
2063 2671 2284 2725 animos
2315 2671 2518 2726 talium
2564 2670 2834 2740 ﬁgmenta
2866 2670 3187 2725 turbarent.

1970 2777 2118 2843 Quid
2153 2777 2340 2832 dicam
2385 2777 2453 2832 de
2503 2777 2630 2843 illis,
2661 2777 2764 2848 qui
2810 2777 2987 2833 nullis
3029 2777 3306 2834 aliorsum
3351 2777 3604 2834 testimo-

1902 2867 2014 2921 niis
2068 2866 2428 2934 claruerunt,
2465 2874 2519 2922 et
2547 2881 2620 2922 ex
2666 2881 2730 2922 eo
2761 2867 2916 2936 quod
2960 2867 3265 2936 scripturis
3302 2867 3602 2937 qualibus-

1900 2969 2134 3025 cunque
2163 2954 2441 3010 celebrari
2472 2963 2776 3025 putantur,
2803 2955 3162 3025 potissimum
3188 2956 3604 3012 tenebrantur?

1898 3044 2046 3111 Quid
2093 3058 2266 3113 super
2299 3045 2407 3099 illis
2437 3057 2627 3114 agam,
2676 3058 2926 3114 quorum
2958 3058 3063 3098 nec
3108 3043 3294 3112 initia,
3347 3059 3452 3100 nec
3494 3059 3607 3100 me-

1829 3125 1870 3181 C
1899 3133 1996 3187 dia
2027 3131 2127 3187 ulli
2160 3139 2376 3202 patent,
2409 3141 2464 3188 et
2500 3132 2556 3186 in
2589 3146 2704 3202 quo
2757 3133 2945 3188 omnis
2989 3132 3116 3188 laus
3147 3139 3435 3200 cantatur,
3471 3132 3605 3187 ﬁnis

1899 3220 2127 3290 penitus
2175 3221 2520 3291 ignoratur?
2564 3222 2633 3277 Et
2680 3221 2814 3291 quis
2872 3221 3016 3288 illos,
3071 3229 3134 3276 ut
3167 3235 3224 3276 se
3250 3221 3460 3291 juvare
3506 3221 3605 3276 de-

1901 3311 2090 3377 beant,
2121 3310 2478 3379 deprecetur,
2513 3325 2660 3380 quos
2685 3309 2863 3366 nescit
2893 3316 3090 3366 utrum
3117 3309 3413 3380 quidpiam
3446 3310 3604 3380 apud

1902 3401 2080 3454 Deum
2156 3397 2528 3454 mereantur?
2610 3407 2665 3454 et
2740 3412 2933 3454 nonne
3020 3398 3276 3468 graviter
3350 3398 3605 3453 hominis

1898 3489 2248 3544 conscientia
2281 3486 2538 3555 offendit,
2581 3502 2713 3558 quae
2753 3501 2912 3555 eum,
2953 3487 3022 3542 de
3051 3502 3168 3556 quo
3198 3487 3278 3542 nil
3323 3501 3604 3557 magnum

1900 3585 2109 3646 sperat,
2141 3579 2254 3632 Deo
2313 3591 2414 3646 pro
2456 3592 2516 3632 se
2568 3577 3002 3632 intercessorem
3052 3574 3358 3631 obtendit?
3401 3574 3605 3630 Nonne

1899 3681 2021 3722 suae
2097 3680 2334 3737 prorsus
2397 3680 2644 3722 acumen
2711 3664 3008 3731 orationis,
3080 3665 3194 3720 imo
3268 3662 3600 3719 intentionis

1902 3755 2189 3823 obtundit,
2247 3755 2346 3825 qui
2401 3769 2533 3810 eum
2581 3769 2755 3824 quem
2805 3760 2988 3823 rogat,
3044 3761 3242 3810 utrum
3299 3765 3605 3808 commune

1902 3844 2044 3914 quid
2074 3859 2207 3900 cum
2229 3845 2343 3900 Deo
2375 3843 2600 3911 habeat,
2635 3843 2851 3898 nescit?

1973 3952 2136 4008 Certe
2165 3951 2280 4007 vidi
2327 3951 2631 4022 quosdam,
2661 3949 2923 4020 quicum
2963 3948 3285 4004 diutissime
3325 3947 3601 4017 aliquem,

1910 4049 1974 4098 ut
2035 4040 2316 4107 ferebant,
2378 4047 2664 4105 sanctum,
2719 4052 2793 4094 ex
2842 4037 3138 4093 Britannia
3195 4036 3449 4092 delatum
3503 4049 3606 4106 pro

1902 4129 2222 4186 confessore
2259 4129 2616 4197 habuissent,
2661 4135 2884 4184 mutato
2913 4127 2980 4182 de
3013 4133 3246 4196 repente
3273 4125 3469 4180 animo
3502 4138 3606 4194 pro

1903 4225 2158 4287 martyre
2197 4217 2586 4292 celebrarunt.
2660 4216 2874 4271 Causas
2939 4228 3071 4270 cum
3132 4212 3482 4283 rogitassem,
3523 4210 3607 4268 nil

1901 4307 2136 4378 dignius
2185 4321 2360 4376 super
2400 4305 2677 4376 martyrio
2728 4305 2996 4372 hominis,
3030 4316 3208 4374 quam
3251 4302 3320 4358 de
3369 4308 3604 4373 praeter-

1901 4397 2078 4452 missa
2106 4395 2458 4452 confessione
2489 4395 2810 4451 dixerunt,

1977 4503 2110 4574 Legi
2147 4507 2318 4560 testor
2345 4503 2550 4568 Deum,
2585 4508 2640 4557 et
2676 4500 2762 4565 iis,
2793 4501 2894 4571 qui
2938 4499 3077 4555 mihi
3107 4505 3312 4569 praesto
3344 4496 3598 4564 fuerant,

1903 4607 2035 4648 cum
2064 4592 2244 4647 nimia
2273 4590 2644 4647 detestatione
2675 4590 2848 4660 relegi
2885 4605 2898 4644 :
2944 4589 3157 4644 scilicet
3189 4588 3248 4642 in
3282 4587 3415 4644 Vita
3433 4587 3603 4643 Sam-

1904 4682 2062 4736 sonis
2110 4680 2488 4746 celeberrimi,
2522 4679 2674 4749 apud
2710 4679 2958 4734 Francos
2987 4685 3042 4733 et
3074 4678 3352 4744 Britones,
3386 4675 3594 4742 sancti,

1903 4769 2168 4826 abbatem
2227 4769 2561 4840 quemdam,
2621 4783 2792 4838 quem
2859 4774 3127 4822 sanctum
3188 4767 3468 4835 Pyronem
3529 4763 3598 4834 (⁸)

1902 4858 2067 4914 lectio
2113 4859 2209 4913 illa
2251 4858 2618 4928 agnominat;
2669 4856 2842 4926 cujus
2873 4870 3004 4911 cum
3043 4855 3214 4910 linem
3256 4860 3321 4910 ut
3367 4853 3600 4908 beatum

1903 4947 2182 5018 putabam
2215 4948 2321 5002 rite
2358 4947 2597 5016 legendo
2639 4959 3034 5016 prosequerer,
3067 4943 3253 5013 reperi
3292 4941 3600 4998 cumulum

1903 5035 2244 5102 sanctitatis,
2278 5033 2573 5090 hominem
2624 5033 2885 5089 videlicet
2929 5031 3204 5088 ebrietate
3250 5030 3600 5097 madentem,

1903 5131 2143 5193 puteum
2171 5121 2456 5189 incidisse,
2499 5122 2697 5192 sicque
2725 5128 3013 5177 enectum.

1975 5225 2036 5298 (⁵)
2068 5227 2181 5283 Nec
2219 5227 2363 5282 illud
2407 5227 2641 5294 excidit,
2675 5227 2830 5297 quod
2865 5225 3226 5282 Lanfrancus
3275 5224 3603 5282 Cantuarize

1902 5316 2055 5384 apud
2104 5315 2321 5386 Anglos
2363 5315 2684 5385 episcopus,
2743 5315 3058 5370 successori
3086 5321 3278 5384 postea
3327 5328 3432 5370 suo
3478 5316 3604 5368 An-

1900 5402 2097 5470 selmo,
2120 5412 2260 5460 tunc
2289 5403 2478 5460 abbati
2513 5405 2776 5459 Bcccensi
2798 5404 3172 5474 quaestionem
3201 5403 3390 5471 infert,
3432 5415 3607 5472 super

1902 5493 2155 5562 quodam
2190 5492 2603 5562 praedecessore
2631 5507 2738 5548 suo
2769 5493 2909 5563 (29),
2945 5493 3047 5564 qui
3078 5493 3136 5547 in
3165 5491 3403 5549 vincula
3424 5491 3607 5561 conje—
