3936 6414
314 388 418 443 615

1201 387 1266 442 ν.
1307 387 1646 447 GUIBERTI
1682 387 1977 444 ABBATIS
2013 388 2070 444 S.
2115 389 2354 446 MARIJE
2395 390 2487 447 DE
2530 389 2930 448 NOVIGENTO

3723 398 3833 450 616

315 527 462 585 ctus,
496 519 637 590 quia
668 518 926 589 pecuniis
964 532 1087 574 sese
1125 519 1406 574 redimere
1437 518 1645 587 renuit,
1682 525 2009 590 peremptus
2045 523 2092 575 A
2124 519 2396 592 Philippo
2430 520 2590 590 patri
2621 521 2960 577 criminibus
3001 522 3257 579 obvoluto
3292 527 3564 598 negatum
3593 529 3707 580 est.
3754 528 3834 583 Id

317 616 422 664 est.

385 725 718 793 Antequam
740 721 870 793 quis
892 721 1179 776 invocetur
1206 722 1276 776 de
1329 721 1518 794 ipsius
1541 721 1702 775 debet
1748 725 2013 776 constare

313 811 644 866 sanctitate.
669 843 735 851 -—
780 814 848 880 (⁸)
876 813 1018 876 Quid
1053 811 1240 866 dicam
1269 812 1338 867 de
1371 811 1438 866 iis
1478 809 1710 878 sanctis,
1760 824 2009 880 quorum

317 908 418 956 aut
464 900 595 956 ﬁnis
637 909 720 956 est
769 900 826 955 in
887 900 1034 956 malo
1089 900 1446 970 propatulus,
1500 907 1601 955 aut
1633 900 1765 954 latet
1818 908 2010 955 utrum

315 989 504 1046 bonus
529 1003 603 1044 an
635 988 838 1056 malus,
873 997 974 1044 aut
1018 989 1166 1044 inter
1197 998 1510 1058 utrumque
1544 989 1603 1043 ﬁt
1646 986 2008 1058 scrupulus?

313 1078 444 1133 Jesu
476 1077 593 1147 pie!
628 1075 956 1146 cujusmodi
999 1085 1236 1132 sanctus
1265 1077 1434 1148 cujus
1467 1078 1593 1132 linis
1641 1084 1863 1132 constat
1888 1090 2010 1132 am-

315 1163 566 1234 biguus?
597 1163 924 1234 Antequam
980 1178 1114 1234 ergo
1139 1178 1273 1219 eum
1324 1164 1614 1234 deprecer,
1647 1178 1877 1220 necesse
1928 1170 2014 1219 est

315 1259 382 1308 ut
438 1251 507 1306 de
556 1251 796 1307 veritate
849 1252 1062 1307 sanctis
1109 1252 1236 1322 ejus
1289 1252 1551 1308 altercer.
1613 1251 1760 1307 Illud
1827 1250 2014 1308 dicere

315 1339 536 1396 audebo
601 1339 928 1408 profanum,
996 1341 1153 1410 quod
1233 1354 1470 1396 ararum
1542 1355 1688 1410 pone
1757 1341 2011 1396 sacraria

315 1425 616 1482 altissimos
643 1425 1023 1482 tribunalium
1073 1427 1254 1484 instar
1295 1427 1531 1483 thronos
1559 1427 1838 1494 obtinent,
1875 1441 2017 1499 quo-

313 1528 442 1570 rum
471 1522 718 1584 tempus,
741 1515 962 1581 natalis,
997 1529 1063 1570 ac
1095 1516 1232 1577 vita,
1269 1515 1388 1569 dies
1419 1530 1651 1586 quoque
1681 1524 1735 1570 et
1765 1516 2016 1586 qualitas

313 1603 584 1657 mortium
619 1603 674 1656 in
707 1603 926 1657 nullius
976 1603 1223 1657 viventis
1257 1604 1530 1657 memoria
1583 1603 1852 1658 resident.
1895 1601 2015 1656 Etsi

311 1703 407 1744 eos
441 1689 633 1744 ﬁdeles
661 1703 763 1758 pro
805 1689 1037 1744 nomine
1084 1690 1410 1745 sanctitatis
1463 1690 1768 1755 honorant,
1831 1702 2015 1744 sacer-

317 1776 477 1832 dotes
509 1784 699 1832 tamen
733 1776 906 1847 (quod
933 1790 1070 1846 pace
1102 1777 1354 1846 ipsorum
1397 1777 1665 1846 dixerim)
1697 1792 1810 1834 non
1868 1788 2017 1836 recte

307 1865 593 1936 judicant,
629 1879 730 1934 qui
764 1865 974 1936 vulgus
996 1865 1281 1936 opinionis
1328 1880 1448 1922 suae
1479 1873 1652 1921 vento
1696 1867 2016 1924 circumla-

311 1960 429 2009 tam
477 1967 593 2008 non
643 1953 985 2022 corripiunt,
1027 1968 1132 2008 nec
1205 1954 1534 2010 emendant.
1590 1954 1643 2010 Si
1686 1955 1842 2011 enim
1890 1957 2014 2013 sine

313 2041 652 2098 testimoniis
679 2042 750 2097 ad
783 2043 1002 2113 gradus
1059 2058 1316 2098 summos
1367 2044 1614 2114 legitime
1673 2058 1844 2101 nemo
1883 2060 2014 2115 pro-

313 2131 566 2197 vehitur,
615 2131 696 2186 illi
751 2138 962 2187 temere
1011 2131 1172 2186 falsis
1212 2131 1326 2186 imo
1378 2131 1674 2202 sacrilegis
1718 2133 2015 2188 vocabulis

314 2217 722 2289 insignientur,
755 2219 827 2274 ad
850 2219 956 2274 hoc
989 2226 1050 2274 ut
1081 2218 1305 2275 cunctis
1333 2219 1671 2276 mortalibus
1701 2219 2012 2287 emineant,

314 2301 724 2376 proponentur,
758 2307 861 2377 qui
910 2307 1150 2362 forsitan
1205 2308 1262 2362 in
1317 2306 1437 2362 loca
1470 2308 1718 2376 poenalia
1755 2308 2012 2379 relegati,

315 2401 418 2450 aut
447 2395 506 2449 in
548 2402 764 2451 tartara
813 2394 1101 2464 perditum
1142 2395 1320 2463 ducti,
1369 2395 1416 2450 si
1477 2395 1584 2450 sibi
1642 2396 2016 2466 profuturum

315 2481 546 2550 scirent,
575 2490 629 2538 et
677 2481 920 2539 facultas
961 2489 1306 2553 suppeteret,
1356 2496 1521 2552 opem
1578 2497 1613 2538 a
1675 2484 2017 2540 mortalibus

314 2585 449 2627 cum
477 2571 574 2626 illo
590 2571 767 2627 divite
798 2579 1190 2640 precarentur.

385 2685 662 2741 Ecclesiae
686 2685 1061 2758 przlatomm
1085 2688 1192 2752 est,
1236 2688 1299 2741 ut
1328 2685 1514 2741 debite
1541 2691 1876 2741 sanctorum
1898 2685 2017 2741 cul-

317 2773 414 2830 tui
436 2773 730 2829 incumbat
757 2774 1002 2845 papulas
1027 2772 1355 2846 invigilare.
1383 2804 1452 2814 —-
1484 2777 1552 2844 (τ)
1583 2774 1666 2830 Sit
1705 2773 1901 2845 itaque
1931 2774 2017 2830 vi-

316 2861 450 2919 dere
492 2861 851 2932 pontiﬁcum,
902 2862 974 2918 sit
1029 2863 1125 2918 Dei
1179 2861 1368 2933 populi
1439 2863 1635 2919 videre
1689 2863 2014 2931 custodum,

317 2958 609 3022 quatenus
666 2952 788 3007 suis
829 2951 1186 3022 provideant,
1233 2959 1297 3007 ut
1341 2950 1388 3007 si
1441 2951 1869 3008 aemulationem
1916 2951 2018 3007 Dei

319 3039 554 3108 habent,
587 3040 737 3096 hanc
785 3039 1072 3096 duntaxat
1123 3039 1336 3096 habere
1385 3039 1654 3096 sinantur
1699 3040 2019 3096 secundum

317 3128 635 3196 scientiam,
715 3142 787 3184 ne
837 3136 1092 3200 peccent,
1151 3130 1198 3184 si
1247 3137 1397 3186 recte
1441 3127 1702 3191 oﬁ‘erant,
1750 3136 1804 3184 et
1866 3136 2016 3186 recte

317 3231 436 3274 non
464 3217 744 3273 dividant.
797 3215 872 3285 Si,
904 3217 1226 3273 secundum
1257 3216 1616 3287 prophetam,
1661 3216 1758 3271 Ve
1785 3215 1870 3270 ei:
1919 3213 2020 3286 qui

315 3303 513 3360 dicunt
538 3305 758 3360 malum
781 3306 1004 3373 bonum,
1027 3307 1083 3360 et
1113 3305 1319 3360 bonum
1338 3304 1560 3360 malum
1592 3303 1762 3372 (Isai.
1793 3319 1849 3372 v,
1881 3303 1970 3371 20)
2002 3318 2016 3358 :

316 3407 448 3464 quae
479 3394 664 3465 major
704 3395 1068 3464 perversitas,
1115 3407 1291 3463 quam
1332 3393 1473 3449 tales
1515 3394 1696 3448 sacris
1735 3392 2019 3449 altaribus

314 3482 630 3550 intrudere,
665 3495 814 3552 quos
848 3481 1102 3536 fortassis
1146 3481 1219 3536 ab
1268 3481 1402 3550 ipsis
1444 3481 1623 3536 sacris
1667 3481 1839 3536 aditis
1885 3495 2020 3535 con-

313 3570 582 3626 veniebat
613 3569 959 3626 extrudere‘?
993 3569 1052 3624 hi
1080 3568 1136 3624 Si
1159 3582 1189 3624 e
1220 3583 1470 3638 quorum
1519 3569 1857 3638 corporibus
1896 3576 2019 3638 post

316 3663 557 3714 mortem
589 3657 869 3713 miracula
889 3657 1264 3725 eilluxerunt,
1291 3672 1325 3712 a
1355 3657 1709 3714 cruciatibus
1743 3659 1800 3712 in
1823 3658 2018 3712 anima

315 3745 500 3814 liberi,
533 3754 600 3802 ut
643 3746 908 3817 legimus,
962 3760 1077 3802 non
1119 3746 1373 3813 fuerunt,
1431 3747 1656 3818 justum
1714 3745 1869 3802 enim
1915 3745 2016 3802 vix

315 3835 532 3892 salvari
563 3842 799 3905 experto
846 3835 1176 3902 didicimus,
1224 3836 1364 3906 quid
1415 3835 1483 3891 de
1528 3835 1640 3890 illis
1679 3849 1907 3906 sperare
1948 3835 2014 3890 li-

315 3923 484 3993 cebit,
513 3938 766 3994 quorum
796 3923 1130 3980 claritudini
1173 3938 1362 3994 neque
1405 3925 1589 3991 visus,
1621 3937 1811 3994 neque
1841 3923 2016 3979 audi-

313 4020 432 4082 tus,
483 4027 674 4084 neque
724 4012 958 4082 scripta,
1018 4027 1208 4083 neque
1239 4012 1521 4068 miracula
1561 4010 2017 4068 concurrerunt?

312 4108 368 4158 et
413 4109 564 4158 certe
608 4099 944 4157 difﬁcillime
1007 4101 1359 4157 credendum
1411 4105 1553 4155 331
1617 4101 1798 4172 signis
1867 4107 2012 4166 erat,

314 4197 523 4260 praeter
566 4189 664 4246 illa
710 4203 843 4260 qua:
886 4189 1036 4246 bono
1078 4190 1454 4246 continuatus
1498 4189 1660 4246 initio
1715 4189 1846 4246 ﬁnis
1889 4189 2014 4246 edi-

315 4279 500 4334 derat.

2120 609 2402 682 Anglicu:
2444 627 2545 665 rea:
2570 611 2875 682 potestati:
2918 610 3155 666 minime
3176 612 3363 668 habet.
3386 645 3454 654 —
3483 613 3631 682 Quid
3666 616 3832 685 quod

2120 697 2419 752 dominum
2447 707 2705 752 nostrum
2742 698 3095 754 Ludovicutn
3128 712 3319 771 regem
3348 699 3832 772 {consuetudina-

2121 785 2207 840 rio
2251 785 2334 840 uti
2388 785 2648 840 videmus
2686 785 2984 857 prodigio?
3016 785 3082 857 (⁸)
3133 787 3246 843 Hos
3279 789 3467 859 plane,
3514 790 3614 860 qui
3667 805 3830 846 scro-

2127 873 2266 941 plias
2290 873 2440 928 circa
2457 873 2751 944 jugulum,
2776 883 2876 930 aut
2899 876 3121 945 uspiam
3149 877 3205 932 in
3237 891 3471 946 corpore
3493 879 3832 948 patiuntur,

2122 962 2193 1016 ad
2227 969 2440 1018 tactum
2472 963 2618 1032 ejus,
2649 964 3016 1033 superaddite
3047 965 3235 1020 crucis
3259 965 3447 1036 signo,
3478 965 3598 1022 vidi
3628 975 3833 1023 cater-

2121 1051 2322 1118 vatim,
2374 1065 2463 1107 me
2499 1051 2550 1107 ei
2592 1053 2910 1108 cohmrente
2951 1061 3006 1109 et
3060 1053 3234 1110 etiam
3277 1054 3636 1126 prohibente,
3679 1070 3834 1112 con-

2122 1154 2376 1195 currere.
2411 1141 2564 1204 Quos
2586 1149 2777 1196 tamen
2811 1141 2902 1197 ille
2938 1142 3193 1212 ingenita
3223 1143 3582 1209 liberalitate,
3616 1158 3837 1201 serena

2122 1228 2194 1284 ad
2225 1243 2284 1284 se
2306 1242 2484 1285 manu
2511 1229 2831 1293 obuncans,
2859 1229 3181 1286 humillime
3211 1231 3607 1302 consignabat.
3642 1233 3836 1304 Cujus

2124 1316 2366 1388 gloriam
2391 1317 2654 1373 miraculi
2693 1333 2828 1374 cum
2873 1318 3172 1390 Philippus
3196 1327 3358 1389 pater
3381 1319 3508 1390 ejus
3551 1320 3836 1377 alacriter

2122 1414 2432 1474 exerceret,
2479 1407 2668 1462 nescio
2700 1407 2916 1478 quibus
2964 1407 3348 1464 incidentibus
3384 1408 3572 1479 culpis
3604 1409 3831 1466 amisit.

2125 1498 2308 1564 Super
2331 1495 2458 1551 aliis
2488 1495 2722 1565 regibus
2761 1495 3012 1566 qualiter
3047 1511 3105 1551 se
3137 1503 3338 1567 gerant
3375 1496 3435 1552 in
3467 1498 3573 1552 hac
3602 1511 3682 1560 re,
3720 1512 3833 1552 su-

2124 1585 2429 1654 persedeo;
2460 1598 2647 1654 regem
2682 1591 2873 1640 tamen
2901 1585 3205 1656 Anglicum
3251 1586 3589 1656 neutiquam
3629 1586 3690 1641 in
3735 1594 3834 1642 ta-

2124 1671 2275 1728 libus
2303 1673 2514 1728 audere
2544 1672 2676 1728 scio.

2805 1743 3038 1800 CAPUT
3078 1745 3146 1800 ll.

2056 1819 2097 1872 Β
2197 1845 2225 1918 ς
2257 1848 2302 1903 Ι.
2333 1846 2515 1918 Signa
2542 1850 2598 1901 et
2629 1847 2870 1904 visione:
2895 1865 3010 1903 non
3028 1863 3222 1902 eorum
3251 1864 3485 1920 quorum
3499 1847 3833 1904 ministerio

2116 1936 2287 2004 ﬁunt,
2326 1936 2426 1992 sed
2460 1935 2708 1991 aliorum
2750 1935 3058 1992 identidem
3086 1935 3333 1992 utilitati
3375 1935 3714 1992 inserviunt.
3757 1967 3834 1980 —

2123 2025 2427 2082 Sciendum
2457 2040 2592 2095 ergo
2623 2025 2982 2096 plurifariam
3014 2026 3314 2096 signorum
3345 2027 3496 2082 dona
3525 2026 3825 2082 distribui.

2123 2117 2269 2171 Sunt
2315 2114 2468 2170 enim
2514 2115 2752 2184 quidam
2805 2129 2905 2184 per
2952 2128 3099 2185 quos
3146 2129 3214 2170 ac
3257 2115 3304 2170 si
3350 2115 3580 2170 canales
3619 2115 3828 2171 eadem

2122 2210 2382 2273 portenta
2414 2204 2700 2271 feruntur,
2727 2211 2782 2258 et
2823 2202 2962 2258 dum
3006 2217 3105 2272 per
3138 2203 3258 2259 haec
3297 2203 3543 2260 aliorum
3585 2204 3826 2260 utilitati

2125 2291 2394 2358 militant,
2425 2291 2530 2361 ipsi
2570 2305 2771 2347 eorum
2807 2305 2938 2362 quae
2963 2305 3062 2362 per
3102 2305 3200 2348 eos
3238 2291 3386 2347 ﬁunt
3427 2299 3683 2348 exsortes
3725 2292 3826 2347 ha-

2126 2379 2349 2435 bentur.
2401 2378 2564 2445 Quod
2629 2378 2688 2434 in
2748 2379 2979 2450 loquela
3028 2387 3084 2436 et
3133 2379 3322 2450 angeli
3375 2379 3611 2447 visione,
3683 2394 3822 2451 pro-

2123 2465 2314 2536 phetia
2345 2466 2574 2521 Balaam
2602 2465 2802 2533 (Num.
2838 2482 2975 2534 xxu,
3007 2468 3122 2535 27),
3149 2475 3204 2524 et
3233 2467 3464 2537 Caiphae
3487 2469 3690 2536 (Joan.
3736 2481 3820 2534 xi,

2126 2555 2210 2622 5t)
2245 2553 2556 2609 certissime
2599 2553 2806 2624 conjici
2853 2563 3052 2624 potest,
3095 2554 3237 2625 quia
3280 2570 3412 2626 qua;
3444 2557 3702 2614 exterius
3729 2571 3822 2612 so-

2123 2650 2401 2709 nuerunt,
2456 2655 2490 2697 a
2550 2656 2609 2698 se
2653 2641 2880 2712 penitus
2936 2641 3126 2698 aliena
3171 2643 3424 2700 fuerunt.
3477 2644 3638 2700 Unde
3685 2651 3742 2700 et
3789 2657 3823 2699 a

2125 2730 2501 2786 morientibus
2550 2729 2958 2800 cujuscunque
2999 2731 3186 2787 meriti
3227 2731 3412 2788 multa
3443 2732 3708 2789 videmus
3737 2733 3822 2788 fu-

2125 2825 2255 2875 tura
2289 2817 2538 2887 praedici,
2588 2826 2641 2873 et
2681 2817 2749 2873 de
2779 2819 3071 2888 sequentis
3110 2819 3304 2875 saeculi
3349 2826 3503 2876 statu
3546 2819 3821 2890 plurima-

2121 2907 2430 2964 enuntiari.
2463 2907 2598 2962 Inde
2639 2913 2693 2962 et
2725 2907 3043 2963 secundum
3078 2908 3234 2964 hunc
3260 2907 3492 2964 modum
3520 2908 3697 2964 verba
3731 2909 3819 2964 in-

2124 2995 2366 3050 fantium
2420 3009 2655 3065 prorsus
2703 2995 3098 3052 innocentium
3162 2995 3417 3052 solemus
3480 2996 3815 3066 appretiari,

2055 3115 2095 3170 ρ
2124 3097 2257 3139 nam
2289 3097 2465 3152 super
2492 3081 2612 3138 suis
2647 3083 2924 3153 ipsorum,
2971 3085 3335 3154 aliorumque
3379 3085 3702 3153 eventibus,
3745 3085 3819 3141 ab

2125 3172 2206 3228 eis
2235 3170 2417 3227 solent
2444 3169 2610 3240 quasi
2645 3183 2744 3240 per
2777 3170 3178 3226 hebetudinem
3224 3171 3394 3241 plena
3442 3171 3818 3243 providentiae

2126 3258 2278 3314 dicta
2299 3259 2524 3328 jactari.
2553 3260 2708 3323 Quod
2737 3259 2844 3314 sub
2875 3259 3137 3329 sequenti
3167 3259 3380 3328 patebit
3411 3259 3691 3330 exemplo.

2200 3345 2542 3412 Infantutu:
2557 3345 2710 3401 videt
2728 3346 2879 3401 inter
2892 3349 3157 3419 agentem
3175 3363 3350 3402 sacra
3362 3348 3645 3419 mysta-ia
3658 3365 3818 3421 pres-

2127 3437 2387 3508 byterum
2409 3452 2589 3492 manu
2604 3439 2916 3507 puerulum
2939 3437 3134 3493 hostia
3151 3436 3274 3492 loco
3295 3439 3597 3492 tenentem.
3624 3467 3686 3480 --
3708 3438 3819 3495 Nu-

2127 3527 2392 3596 perrime,
2449 3525 2662 3581 scilicet
2708 3525 2926 3582 Pascha
2986 3525 3289 3597 pmterito,
3341 3527 3432 3582 die
3488 3527 3631 3598 ipsa,
3681 3542 3814 3583 cum

2125 3614 2323 3671 eadem
2367 3615 2647 3672 festivitas
2693 3623 2984 3686 ageretur,
3032 3616 3091 3672 in
3145 3615 3286 3672 urbe
3333 3615 3498 3672 nobis
3545 3617 3813 3687 contigua

2125 3701 2461 3760 Suessorum
2487 3699 2574 3774 (⁸),
2599 3703 2807 3758 mulier
2827 3703 3098 3773 quaedam
3117 3702 3187 3757 ad
3205 3702 3499 3758 ecclesiam
3521 3703 3814 3773 proprium

2125 3791 2478 3849 infantulum
2533 3792 2910 3864 suscipiendae
2961 3793 3148 3864 gratia
3183 3793 3605 3849 communionis
3635 3793 3819 3849 addu-

2125 3889 2312 3938 xerat.
2341 3882 2603 3952 Cumque
2631 3889 2854 3951 tempus
2876 3881 3252 3938 Eucharistiae
3271 3881 3636 3937 conﬁcienda;
3657 3895 3815 3938 acce-

2125 3969 2284 4025 deret
2315 3967 2430 4041 (¹⁰),
2457 3976 2511 4025 et
2542 3968 2825 4039 puerulus
2853 3983 3046 4026 rerum
3081 3970 3272 4026 adhuc
3289 3969 3548 4026 omnium
3582 3969 3814 4037 inscius,

2124 4055 2235 4112 sub
2265 4055 2568 4126 praesentia
2613 4057 2813 4112 matris
2841 4070 2874 4112 a
2921 4057 3230 4112 sacerdotis
3276 4065 3436 4128 tergo
3465 4057 3814 4126 consisteret,

2123 4143 2270 4200 vidit
2293 4145 2350 4199 in
2381 4144 2568 4199 medio
2597 4143 2815 4212 altaris,
2847 4144 2987 4200 dum
3018 4159 3109 4200 res
3136 4143 3336 4200 divina
3360 4145 3598 4215 geritur,
3631 4143 3814 4200 infan-

2123 4230 2313 4288 tulum
2341 4231 2497 4288 omni
2540 4232 2723 4302 specie
2763 4232 3150 4302 pulchriorem
3194 4233 3342 4288 inter
3382 4247 3590 4289 manus
3627 4246 3812 4288 sacer-

2123 4320 2270 4376 dotis
2296 4319 2460 4391 erigi.
2492 4319 2653 4386 Quod
2688 4335 2820 4376 cum
2865 4320 3186 4376 intueretur
3235 4319 3440 4390 puerili
3471 4319 3808 4388 curiositate,

385 4382 568 4479 δίῼηίξ
615 4381 907 4479 exterior“
1130 4381 1350 4479 ίηάίσίίξ
1373 4383 1737 4479 ξανξσίίίαίίεο
1786 4414 1857 4424 -
1880 4383 2014 4439 Hm
2052 4413 2095 4468 ι)
2123 4421 2242 4479 qua
2266 4381 2581 4464 visavsilere
2609 4421 2725 4464 non
2755 4407 2986 4475 sinitur,
3019 4381 3271 4464 Ecclesia
3302 4406 3588 4474 audiente,
3618 4381 3811 4463 excla;

315 4471 528 4530 etenim
555 4472 656 4540 ita,
688 4479 754 4529 ut
800 4472 883 4528 sic
931 4473 1138 4542 dicam,
1189 4473 1521 4544 amphibola
1568 4479 1914 4544 reputantur
1951 4479 2016 4529 ut

314 4561 465 4618 sicut
495 4561 714 4618 dextris
743 4561 824 4617 sic
853 4569 907 4618 et
936 4562 1184 4618 sinistris
1227 4562 1490 4632 partibus
1537 4562 1752 4634 glorias
1797 4575 2014 4632 suppe-

312 4649 497 4706 ditare
521 4650 836 4720 dicuntur;
869 4650 970 4722 qui
1000 4652 1154 4706 enim
1189 4651 1320 4706 ﬁliis
1350 4651 1526 4707 Israel
1558 4665 1716 4706 mare
1745 4650 2010 4706 Rubrum

311 4737 523 4806 divisit,
557 4738 764 4810 Magno
793 4739 1120 4796 Alexandro
1151 4740 1610 4810 Pamphylicum.
1645 4739 1792 4808 Lege
1821 4738 2016 4794 Sueto-

311 4827 494 4896 nium,
527 4829 816 4898 quomodo
859 4829 1251 4900 Vespasianus
1277 4829 1593 4899 impactum
1624 4827 1783 4898 pedis
1813 4827 2014 4898 pollice

311 4916 609 4972 sustulerit
653 4917 949 4973 claudum.
1006 4918 1074 4972 In
1107 4924 1381 4988 promptu
1411 4931 1650 4988 quoque
1677 4923 1760 4972 est
1791 4915 1851 4971 in
1879 4922 2014 4972 ortu

311 5011 731 5074 praepotentum
764 5005 1116 5076 principum,
1150 5013 1357 5076 utputa
1396 5004 1618 5076 prmfati
1671 5005 2008 5068 Alexandri,

311 5090 451 5146 Julii
477 5091 734 5159 Caesaris,
785 5092 1113 5163 Octaviani;
1173 5094 1271 5150 sed
1300 5101 1356 5150 et
1385 5094 1632 5150 aliorum
1658 5093 1826 5164 signa
1863 5106 2010 5164 pra;-

313 5179 510 5248 missa,
551 5187 607 5236 et
637 5180 696 5236 in
732 5181 1012 5238 mortibus
1042 5182 1313 5239 habuisse
1342 5182 1634 5250 Carolum,
1665 5190 1722 5238 et
1759 5181 2008 5238 Ludovi-

313 5283 448 5325 cum
479 5268 662 5326 ﬁlium
692 5269 820 5340 ejus
855 5271 1235 5341 prognostica.
1262 5271 1424 5328 Unde
1447 5278 1504 5328 et
1533 5278 1727 5327 nostro
1761 5277 2012 5340 tempore

313 5355 373 5412 in
423 5364 772 5424 nostrorum,
827 5366 881 5416 et
947 5359 1433 5430 Lotharingorum
1487 5373 1590 5417 seu
1634 5358 2010 5430 Anglicorum

311 5459 516 5516 regum
549 5447 868 5515 occasibus,
903 5455 959 5504 et
1006 5447 1378 5504 innovatione
1407 5461 1742 5519 regnorum,
1794 5447 2006 5516 saepius

311 5542 560 5590 cometes
587 5537 883 5592 emersisse
905 5535 1333 5606 conspeximus.

385 5639 699 5698 Ludovicus
719 5644 964 5698 Grcam
981 5657 1083 5698 seu
1098 5643 1312 5708 sextus,
1330 5639 1612 5712 scropha:
1632 5642 1819 5696 curat.
1853 5639 2012 5707 Quod

2121 4503 2239 4552 mat
2277 4495 2348 4551 ad
2388 4502 2631 4550 matrem
2663 4509 2676 4550 :
2714 4515 2736 4544 ι
2781 4495 3044 4562 Domina,
3091 4494 3304 4566 inquit,
3345 4507 3537 4549 nonne
3572 4494 3810 4550 attendis

2121 4597 2299 4656 quam
2330 4581 2638 4654 pulchrum
2675 4597 2922 4653 puerum
2961 4596 3135 4652 super
3177 4581 3358 4638 altare
3389 4582 3682 4653 presbyter
3729 4590 3808 4638 te-

2119 4674 2294 4730 neat?
2332 4693 2361 4723 »
2403 4673 2640 4729 Matrem
2680 4687 2818 4730 vero
2859 4673 3274 4744 respicientem,
3320 4672 3462 4728 nihil
3509 4672 3684 4744 hujus
3717 4673 3809 4728 vi-

2121 4763 2298 4819 sionis
2343 4763 2631 4833 attigerat.
2680 4762 2810 4818 Post
2857 4762 3164 4833 paululum
3212 4768 3426 4828 autem,
3501 4776 3633 4818 cum
3689 4771 3808 4833 post

2120 4850 2497 4908 elevationem
2559 4850 2881 4906 demitteret
2943 4857 3390 4918 sacramentum,
3461 4857 3517 4906 et
3573 4851 3806 4921 operiret

2118 4938 2378 5007 sindone,
2420 4951 2626 4995 rursus
2655 4936 3015 4994 inclamitat:
3056 4959 3078 4987 ι
3118 4937 3282 5006 Ecce,
3325 4937 3424 5006 ait,
3467 4937 3594 4994 albo
3622 4951 3806 5008 panno

2119 5026 2363 5084 involvit
2391 5039 2546 5082 eum.
2581 5047 2602 5074 ι

2189 5114 2451 5184 Cumque
2479 5113 2704 5170 cunctis
2729 5112 3100 5170 audientibus
3125 5111 3247 5168 haec
3266 5111 3462 5168 eadem
3495 5110 3801 5181 replicaret,

2118 5201 2435 5273 capacioris
2492 5201 2883 5273 intelligentiae
2921 5202 3160 5272 quidam
3206 5201 3690 5263 animadvertunt,
3715 5199 3799 5254 in-

2117 5289 2443 5347 nocentiam
2499 5290 2774 5360 puerilem
2843 5289 2971 5345 aliis
3029 5288 3210 5345 oculis
3282 5288 3594 5359 pulchrum
3650 5285 3802 5342 illum

2120 5375 2430 5447 puerulum
2478 5375 2721 5452 intueri;
2769 5375 2897 5432 aliis
2945 5375 3152 5446 pallam
3197 5373 3554 5431 materialem
3583 5385 3695 5443 qua
3729 5373 3804 5428 in-

2119 5463 2457 5522 tellectualis
2484 5463 2910 5520 obvolvebatur
2960 5463 3196 5520 attendi.
3235 5466 3378 5520 Ecce
3419 5463 3511 5519 ille
3550 5463 3650 5534 qui
3688 5463 3802 5521 haec

2116 5551 2280 5619 vidit,
2329 5551 2468 5607 huic
2515 5551 2726 5609 saeculo
2771 5552 3114 5622 innutritur,
3165 5568 3271 5610 nec
3311 5561 3644 5623 sequentem
3689 5555 3799 5625 spei

2119 5639 2440 5696 mstimatur
2481 5638 2735 5696 melioris
2778 5640 2853 5698 ad
2894 5640 3096 5697 vitam.
3133 5641 3308 5713 {Unde
3351 5640 3532 5698 scitur
3580 5641 3800 5700 indubie
