3936 6432
73 380 180 431 617

1168 376 1256 429 DE
1300 375 1716 431 PIGNORIBUS
1756 373 2203 431 SANCTORUM.
2238 406 2306 415 —
2344 376 2476 431 LIB.
2519 379 2563 433 ι.

3513 382 3620 434 618

75 520 239 591 quod
275 520 424 576 visio
458 521 604 589 bac,
635 520 762 591 ejus
800 520 899 591 qui
942 519 1087 575 vidit
1116 533 1220 576 nec
1270 520 1457 589 prodit
1503 519 1793 584 meritum,
1834 519 1883 571 Α
1910 518 2042 575 deat
2068 519 2305 574 sanitas.
2347 519 2507 586 Quod
2560 527 2615 576 et
2647 533 2795 575 novo
2835 520 3045 577 nostris
3095 522 3448 593 temporibus
3493 522 3621 593 ipse

74 621 184 662 nec
224 607 553 678 ampliﬁcat
583 608 843 679 gloriam,
902 607 999 663 sed
1047 606 1409 664 audientium
1461 606 1591 662 ﬁdei
1643 605 1801 662 addit

78 694 603 764 magniﬁcentiam.
666 695 729 749 Et
786 695 1076 764 quomodo
1131 694 1185 750 id
1231 709 1350 751 sua
1410 693 1641 750 utilitati
1698 701 1800 749 aut

78 782 283 851 gloria
330 782 541 838 vidisse
573 782 819 848 dicatur,
866 781 968 851 qui
1009 782 1108 837 vix
1138 790 1241 839 aut
1289 782 1449 839 nullo
1482 782 1673 849 modo,
1712 789 1801 837 ut-

76 879 209 939 pote
270 871 431 926 infra
488 884 742 939 sensum,
796 870 938 940 quid
991 868 1125 925 olim
1199 871 1409 926 viderit
1470 870 1799 928 meminisse

79 959 500 1031 dignoscitur?

155 1073 294 1145 §II.
340 1073 736 1143 Beperiuntur
773 1086 942 1142 porro
984 1080 1038 1128 et
1072 1070 1189 1139 alii,
1237 1072 1454 1142 quibus
1504 1086 1609 1128 nec
1661 1085 1799 1142 pro-

86 1168 213 1230 pter
247 1160 638 1231 pracedentia
687 1161 890 1215 merita
934 1158 987 1214 id
1035 1159 1317 1228 provenit,
1383 1172 1572 1229 neque
1628 1157 1697 1213 iis
1725 1172 1799 1214 ex

84 1253 377 1307 sententia
405 1251 643 1306 rationis
687 1249 953 1321 obtingit,
986 1248 1081 1305 sed
1130 1250 1254 1305 sine
1306 1256 1567 1317 respectu
1612 1248 1800 1304 omnis

87 1338 265 1395 studii
298 1352 371 1394 ac
401 1337 628 1401 laboris.
658 1351 797 1406 pene
827 1336 1001 1392 totius
1040 1336 1281 1406 justitia
1332 1335 1515 1406 gloria
1570 1334 1796 1390 accidit.

88 1426 253 1494 Quod
305 1426 370 1481 in
420 1425 633 1480 sanctis
681 1423 1085 1480 innocentibus
1130 1424 1501 1493 perspicuum
1555 1429 1795 1490 constat,

88 1515 189 1585 qui
215 1516 342 1571 sine
375 1513 853 1589 contemplatione
892 1517 994 1566 aut
1032 1511 1151 1577 Dei,
1209 1519 1311 1566 aut
1358 1511 1577 1581 pramii
1627 1512 1794 1580 passi,

89 1604 389 1674 quidquid
424 1602 518 1658 Dei
556 1609 638 1657 est
675 1601 976 1656 obtinuere
1022 1600 1079 1654 in
1116 1597 1381 1669 pramio;
1439 1597 1599 1669 figuli
1644 1598 1797 1654 enim

87 1701 172 1747 est
204 1692 480 1762 potentia
516 1689 699 1744 facere
744 1702 846 1743 vas
891 1688 948 1741 in
998 1686 1295 1752 honorem,
1347 1686 1531 1743 facere
1567 1686 1622 1740 in
1656 1699 1798 1740 con-

88 1779 392 1835 tumeliam
427 1778 615 1868 (Rom.
649 1790 727 1868 1x,
759 1774 864 1868 2l_).
894 1775 1017 1868 Ipse
1050 1787 1253 1868 nempe
1282 1780 1365 1868 est
1406 1774 1506 1843 qui
1554 1772 1749 1868 objicit
1837 1812 1880 1868 Β

86 1866 226 1920 Νοη
247 1865 388 1920 licet
409 1863 554 1919 mihi
579 1864 728 1936 quod
747 1863 1128 1932 calefacere?
1159 1863 1385 1932 (Matth.
1421 1877 1519 1930 xx,
1556 1864 1667 1930 i5.)
1696 1860 1801 1915 Cui

86 1955 243 2009 enim
264 1954 389 2009 vult
417 1954 743 2020 misere/ur,
774 1970 942 2025 quem
968 1952 1089 2007 υυιι
1116 1952 1351 2007 indurat
1369 1954 1545 2021 (Rom.
1575 1966 1651 2018 lx,
1687 1953 1797 2020 18).

88 2043 204 2099 Nec
261 2043 557 2099 moderna
605 2056 780 2112 super
829 2042 936 2097 hoc
1018 2038 1286 2096 differtur
1353 2041 1537 2096 atatis
1600 2054 1802 2095 exem-

93 2130 278 2199 plum.

161 2246 208 2301 Α
216 2244 482 2315 colythu:
490 2260 633 2314 puer
642 2241 952 2315 imaginem
968 2241 1286 2313 alloquitur
1300 2258 1314 2307 ;
1328 2240 1422 2295 cui
1432 2243 1486 2295 el
1495 2240 1627 2312 ipsa
1645 2240 1805 2296 dedit

90 2349 454 2404 responsum.
485 2363 557 2373 —
587 2332 755 2401 Apud
786 2329 1345 2400 Sanctiquintinense
1393 2327 1806 2398 (Sisini-Quen-

94 2422 203 2491 lin)
226 2420 532 2490 oppidum,
569 2419 805 2489 quidam
860 2417 1056 2473 itidem
1106 2417 1388 2486 parvulus
1437 2415 1644 2483 fuerat,
1698 2430 1805 2485 pa-

94 2517 329 2564 rentum
355 2507 581 2577 jndicio
610 2506 850 2564 allectus
873 2504 945 2560 ad
972 2504 1220 2572 clerum;
1265 2503 1505 2574 jamque
1552 2502 1804 2573 acolythi

95 2594 206 2649 nisi
235 2593 422 2658 fallor,
448 2592 696 2662 gradum
726 2592 1002 2646 subierat.
1041 2590 1096 2645 ls
1123 2599 1255 2645 ante
1283 2589 1498 2645 absidis
1536 2590 1802 2658 frontem,

98 2682 247 2737 inter
278 2681 465 2736 altare
510 2680 771 2734 videlicet
812 2693 879 2734 ac
934 2679 1210 2745 absidem,
1260 2680 1514 2749 quadam
1566 2679 1803 2734 solemni

99 2772 184 2826 die
215 2772 360 2827 hora
388 2770 655 2827 sacriﬁcii
692 2784 792 2839 pro
831 2768 1016 2826 ofﬁcio
1049 2777 1288 2824 acturus
1314 2770 1592 2825 astiterat.
1640 2769 1802 2825 Pate-

97 2872 227 2914 nam
262 2865 462 2914 autem
503 2871 637 2913 cum
679 2856 863 2912 hostia
894 2870 1025 2927 qua
1052 2863 1175 2912 erat
1203 2854 1496 2914 offerenda
1545 2856 1801 2926 gerebat.

98 2945 291 3016 Imago
330 2944 586 3014 denique
634 2958 670 2999 a
724 2944 910 2999 fronte
953 2945 1193 3000 cancelli
1241 2958 1476 3015 gypsea,
1536 2944 1800 3000 cruciﬁxi

100 3031 326 3087 Domini
355 3032 605 3101 speciem
630 3030 954 3100 praferens,
987 3032 1297 3099 eminebat,
1326 3046 1459 3102 qua
1491 3036 1605 3088 non
1636 3032 1803 3103 longe

99 3134 132 3174 a
156 3120 424 3185 Quintini
456 3121 695 3189 martyis
738 3120 1001 3189 sepulcro
1039 3120 1306 3175 distabat.
1356 3120 1618 3191 Cumque
1653 3121 1801 3175 ima—
1838 3108 1881 3164 Ο

100 3208 218 3278 gini
251 3211 403 3261 83%
454 3207 763 3271 assisteret,
821 3213 877 3261 et
928 3204 1222 3262 offerenda
1278 3206 1538 3275 deferret,
1599 3206 1803 3276 puerili

100 3304 212 3350 tam
237 3295 418 3353 verbo
452 3308 631 3365 quam
657 3308 833 3350 sensu
862 3294 935 3349 ad
967 3295 1277 3365 imaginem
1311 3296 1457 3351 dixit
1489 3312 1502 3350 :
1534 3318 1553 3344 ι
1594 3296 1802 3362 Vultis,

102 3385 199 3451 ait,
232 3385 494 3450 Domine,
527 3383 597 3439 de
640 3396 787 3453 pane
833 3382 992 3437 meo?
1029 3403 1048 3430 ι
1076 3382 1180 3438 Cui
1230 3382 1322 3437 ille
1379 3382 1803 3439 evidentissime

102 3471 444 3541 respondere
474 3470 751 3539 dignatur
785 3484 797 3523 :
838 3491 859 3517 ι
896 3469 1038 3539 Ego,
1073 3469 1174 3534 ait,
1211 3469 1268 3523 in
1302 3469 1569 3539 proximo
1602 3471 1701 3525 tibi
1736 3469 1806 3525 de

104 3575 226 3616 meo
258 3573 406 3630 pane
436 3560 604 3614 dabo.
642 3579 663 3605 ι
694 3556 801 3624 Qui
838 3558 926 3614 his
968 3556 1184 3613 auditis
1226 3556 1422 3613 morbo
1469 3558 1802 3628 corripitur,

105 3656 158 3702 et
192 3648 342 3703 infra
371 3649 494 3703 dies
525 3647 901 3718 paucissimos
950 3660 1058 3701 suo
1105 3660 1280 3716 quem
1329 3646 1491 3701 brevi
1541 3651 1805 3703 tenuerat

107 3744 318 3791 exutus
346 3734 718 3801 hominiculo,
752 3748 985 3803 compos
1014 3735 1226 3789 trabea
1260 3734 1506 3790 caelestis
1531 3734 1802 3803 efﬁcitur,

108 3830 162 3877 et
204 3832 335 3879 ante
375 3821 708 3894 imaginem,
759 3835 892 3892 qua
939 3821 996 3876 id
1052 3821 1159 3877 sibi
1209 3822 1613 3892 spoponderat,
1655 3836 1807 3893 sepe-

110 3907 269 3966 litur.

180 4017 308 4073 Hac
347 4017 504 4074 clero
552 4015 819 4072 Ecclesia
873 4016 1052 4086 ipsius
1118 4015 1398 4072 referente
1462 4016 1690 4083 edidici,
1751 4024 1808 4073 et

114 4104 332 4161 tumulo
368 4105 721 4175 astipulante
758 4117 879 4160 rem
928 4103 1063 4171 vidi,
1113 4113 1168 4159 et
1197 4104 1435 4170 credidi,
1486 4105 1637 4160 sicut
1688 4105 1807 4174 pri-

116 4204 290 4259 mum,
324 4194 481 4263 quod
511 4192 703 4260 retuli,
735 4206 769 4248 a
794 4191 1027 4247 domino
1068 4192 1499 4263 archiepiscopo
1543 4194 1807 4250 Remensi

117 4278 416 4351 Radulpho
468 4281 685 4337 audivi.
745 4280 971 4336 Suessio
1023 4295 1258 4351 quoque
1308 4289 1550 4337 testatur
1596 4282 1805 4351 clerus,

119 4368 477 4440 populusque
506 4368 796 4426 Lauduni.
828 4369 975 4424 Dicit
999 4368 1211 4426 Seneca
1243 4370 1304 4425 in
1335 4371 1497 4427 libris
1536 4371 1617 4427 De
1648 4373 1811 4428 bene-

120 4451 277 4511 ﬁcio:
318 4479 339 4505 ι
398 4457 547 4524 Quia
592 4457 693 4527 qui
748 4458 930 4513 vicem
980 4457 1182 4513 aliena
1234 4458 1486 4530 largitati
1539 4460 1805 4529 restituit,

120 4547 529 4603 mercatoribus
556 4554 917 4616 exaquatur,
951 4546 1053 4616 qui
1086 4555 1277 4604 autem
1298 4549 1551 4620 gratuito
1583 4550 1810 4619 impen-

122 4628 221 4695 dit,
247 4632 425 4691 Deum
460 4636 737 4691 imitatur.
777 4657 799 4684 ι
833 4634 994 4693 Certe
1026 4645 1081 4693 et
1121 4652 1364 4695 securus
1412 4637 1621 4704 dicam,
1667 4640 1810 4708 quia

122 4718 295 4776 multo
347 4724 532 4794 magis
586 4724 852 4779 naturale
894 4733 978 4779 est
1032 4725 1142 4782 Deo
1183 4727 1432 4796 gratiam
1484 4726 1809 4796 impendere

122 4818 290 4873 quam
321 4810 647 4882 cujuspiam
679 4812 878 4867 merito
909 4813 1272 4882 respondere.

191 4911 280 4967 Ill.
313 4914 457 4972 Sunt
505 4925 777 4985 praterea
835 4917 1016 4987 aliqui
1069 4932 1320 4988 quorum
1372 4918 1512 4975 ﬁdes
1560 4918 1808 4975 multum

124 4996 189 5053 de
237 5003 622 5060 misericordia
671 5005 873 5060 divina
931 5014 1206 5074 meretur,
1252 5007 1334 5063 ita
1374 5014 1437 5063 ut
1482 5006 1592 5074 ille,
1640 5008 1810 5077 cujus

125 5094 278 5152 cibus
297 5108 378 5156 est
424 5111 490 5159 ut
520 5100 692 5156 faciat
719 5102 1071 5157 voluntatem
1133 5101 1316 5159 Patris
1372 5102 1462 5158 sui
1511 5102 1805 5173 (Joan.iv,

129 5181 229 5250 34),
267 5186 372 5244 illis
430 5190 789 5260 potissimum
839 5188 1202 5245 efﬁcientiam
1257 5204 1377 5245 sua
1426 5188 1681 5258 ipsorum
1712 5202 1812 5243 sa-

131 5267 257 5327 lutis
281 5280 541 5342 ascribat,
573 5291 720 5347 quos
745 5276 803 5332 in
833 5277 1152 5346 expetendo
1191 5277 1345 5348 quod
1392 5284 1663 5346 ceperant
1698 5277 1812 5331 ﬁde

131 5358 488 5422 animosiores
540 5364 780 5420 invenit.
816 5364 976 5420 Unde
1016 5372 1070 5420 et
1114 5365 1185 5420 ad
1238 5364 1447 5420 multos
1476 5365 1604 5434 ejus
1654 5363 1814 5419 fami-

134 5441 264 5503 liare
292 5454 529 5510 verbum
560 5460 663 5509 est.
698 5450 869 5507 Fides
897 5454 997 5506 tua
1019 5455 1071 5507 te
1097 5453 1319 5507 salvum
1336 5452 1484 5519 fecit
1511 5453 1716 5521 (Marc.
1747 5465 1808 5519 Χ,

137 5534 236 5604 52).
266 5537 417 5605 Quod
461 5550 547 5599 est
594 5542 825 5597 dicere:
876 5541 941 5596 In
990 5549 1215 5597 tantum
1263 5541 1401 5596 mihi
1453 5542 1635 5611 placet
1683 5542 1813 5597 ﬁdei

136 5632 325 5682 vestra
353 5629 760 5702 importunitas
786 5636 850 5685 ut
870 5629 980 5685 mei
1010 5630 1134 5686 vice
1161 5637 1347 5685 vestra
1375 5642 1448 5685 ex
1480 5630 1641 5684 vobis
1667 5643 1814 5699 pen—

470 5731 746 5795 Parnm“
799 5727 1003 5796 CLVI.

1909 605 2252 662 monstravit
2284 606 2565 677 exemplo.

1979 695 2055 746 De
2081 693 2284 764 puella
2338 709 2461 765 qua
2488 700 2793 765 postquam
2819 695 3212 766 voluptatibus
3251 696 3645 771 indulsisset“

1906 783 1963 832 et
1989 782 2230 851 peccata
2251 780 2461 845 [λέπει
2488 782 2773 848 confessa,
2806 799 2841 835 a
2869 799 3092 837 summo
3122 782 3251 838 vita
3282 782 3618 838 discrimine

1895 867 2018 937 ﬁde
2040 884 2150 923 sua
2174 868 2383 923 meruit
2402 869 2656 925 liberari.
2690 900 2759 910 —
2788 870 2951 927 Circa
2979 870 3247 939 conﬁnia,
3275 871 3385 927 nisi
3426 871 3614 941 fallor,

1906 955 2350 1022 Cameracensis,
2402 956 2857 1027 Adartensisque
2884 957 3217 1027 provincia,
3280 956 3515 1028 juvenis
3560 967 3616 1013 et

1906 1043 2119 1113 puella,
2165 1044 2398 1114 plurimi
2456 1047 2960 1116 consanguinitate
3024 1045 3274 1112 ﬁnitimi,
3322 1045 3448 1101 ruri
3505 1046 3615 1101 sub

1904 1132 2118 1188 eisdem
2171 1133 2393 1189 adibus
2450 1135 2910 1189 commanebant.
2970 1134 3236 1204 Cumque
3304 1133 3616 1189 assiduitas

1906 1220 2271 1276 contubernii
2298 1220 2765 1287 familiaritatem,
2806 1220 3171 1277 familiaritas
3204 1220 3430 1290 ineptia
3470 1236 3617 1277 con-

1906 1318 2081 1381 cepta
2111 1310 2388 1380 praberet
2414 1324 2643 1377 ausum,
2678 1310 2824 1366 male
2858 1319 3089 1367 cautam
3133 1310 3325 1366 subito
3372 1309 3616 1381 propin-

1907 1399 2185 1469 quitatem
2216 1398 2521 1468 impudens
2558 1397 2785 1453 vitiavit
2840 1398 3109 1453 incestus.
3155 1397 3271 1453 Nec
3319 1411 3500 1464 mora,
3533 1399 3617 1454 in-

1908 1494 2081 1557 gesta
2124 1486 2378 1541 libidinis
2444 1486 2761 1555 juvencula
2823 1487 3201 1555 persentiente
3250 1494 3613 1555 conceptum,

1906 1580 2205 1642 coeperunt
2235 1581 2438 1628 mutuo
2460 1572 2689 1627 assiduo
2722 1586 2835 1626 non
2880 1574 3002 1627 sine
3033 1571 3302 1641 lacrymis
3350 1587 3616 1629 murmu-

1907 1673 1969 1716 re
2014 1659 2312 1729 conqueri,
2371 1659 2668 1714 infamiam
2728 1672 2969 1714 suorum
3028 1660 3341 1730 oculosque
3408 1659 3611 1716 vereri.

1909 1748 2113 1818 Itaque
2145 1746 2363 1817 digredi
2395 1760 2430 1801 a
2455 1746 2631 1802 natali
2662 1747 2781 1801 solo
2835 1746 3214 1803 constituunt.
3258 1748 3363 1804 Sed
3424 1747 3620 1818 puella

1908 1834 2122 1905 proprii
2169 1835 2478 1890 admodum
2535 1835 2870 1889 meticulosa
2917 1844 3131 1904 reatus,
3192 1836 3488 1891 concurrit
3544 1836 3617 1890 ad

1908 1924 2328 1993 presbyterum,
2358 1930 2412 1978 et
2440 1936 2573 1977 cum
2611 1922 2788 1977 atroci
2820 1922 3012 1977 dolore
3071 1937 3246 1979 suum
3313 1922 3620 1979 conﬁtetur

1908 2009 2243 2064 admissum.
2277 2009 2402 2072 Quo
2461 2008 2623 2071 facto,
2671 2023 2706 2063 a
2753 2021 2888 2064 rure
2930 2008 3046 2075 illo,
3099 2017 3273 2065 noctu
3319 2008 3490 2079 quasi
3543 2008 3614 2077 ,in

1908 2103 2166 2151 exteram
2215 2097 2494 2152 secessuri
2550 2097 2862 2166 regionem,
2916 2097 3148 2166 utrique
3210 2096 3613 2166 commigrant.

1908 2182 2016 2250 Qui
2043 2193 2209 2239 extra
2240 2197 2410 2254 agros
2443 2184 2565 2241 illos
2600 2186 2752 2241 haud
2789 2185 2989 2252 procul
3019 2193 3240 2252 euntes,
3291 2185 3614 2255 marginem

1910 2272 2065 2343 putei
2085 2272 2207 2342 jam
2238 2273 2459 2328 dudum
2493 2273 2731 2328 desolati
2762 2272 3024 2342 pervium
3050 2272 3324 2327 habuere.
3353 2275 3424 2326 At
3455 2272 3620 2341 juve-

1909 2360 2000 2417 nis
2038 2376 2050 2415 :
2085 2362 2526 2426 Consedeamus,
2556 2362 2655 2427 ait,
2679 2368 2743 2417 ut
2783 2361 2925 2416 uteri
2958 2360 3399 2430 gravetudinem
3443 2371 3620 2427 super

1910 2462 2069 2505 oram
2116 2448 2271 2518 putei
2323 2450 2621 2518 pausando
2669 2449 2836 2504 leves.
2905 2448 3158 2505 Credidit
3200 2448 3298 2503 illa
3346 2445 3514 2513 dolis,
3564 2452 3620 2500 et

1912 2551 2043 2594 cum
2075 2537 2306 2592 vecordi
2344 2536 2551 2607 juveni
2592 2537 2909 2602 assedisset,
2954 2536 3267 2606 impulsam
3311 2548 3346 2589 a
3393 2541 3619 2604 pectore

1914 2625 2068 2681 illam
2097 2626 2493 2696 nequissimus
2525 2626 2903 2696 pracipitavit
2933 2625 2991 2679 in
3022 2632 3283 2694 puteum.

1983 2716 2246 2783 Cumque
2275 2722 2398 2783 post
2426 2715 2729 2784 paululum
2762 2714 2985 2770 reddita
3033 2712 3299 2769 sensibus
3331 2725 3405 2766 ex
3452 2723 3622 2766 casus

1912 2801 2173 2857 altissimi
2208 2801 2337 2857 dolo
2385 2802 2744 2872 gemisceret,
2776 2802 2947 2872 capit
2993 2800 3066 2856 ad
3093 2814 3219 2856 eam
3273 2813 3349 2854 an
3396 2798 3617 2854 viveret

1912 2888 2078 2958 quasi
2127 2889 2533 2957 compellando
2567 2890 2835 2945 clamare.
2874 2889 3078 2944 Vivam
3131 2889 3325 2958 itaque
3366 2888 3620 2943 sentiens

1913 2976 2173 3046 querula
2204 2975 2359 3030 vocis
2400 2976 2799 3032 mussitatione
2828 2984 3073 3045 captata,
3110 2976 3321 3031 sensim
3367 2976 3439 3030 ad
3489 2988 3618 3031 eam

1912 3062 2131 3133 lapides
2159 3076 2483 3133 prarogare
2512 3063 2874 3133 aggreditur.
2910 3062 3066 3117 lllico
3100 3062 3445 3117 muliercula
3475 3075 3619 3117 con-

1914 3150 2202 3217 ticescens,
2266 3150 2322 3204 in
2380 3150 2736 3219 adjacentem
2789 3149 2943 3218 putei
3001 3149 3286 3220 angulum
3336 3164 3451 3204 non
3502 3158 3618 3204 tam

1910 3238 2182 3309 quietura
2212 3251 2391 3307 quam
2422 3251 2624 3293 saxeos
2669 3237 2882 3292 imbres
2907 3237 3189 3292 evitatura
3231 3237 3528 3291 concessit.
3554 3237 3622 3292 Et

1911 3327 2049 3381 dum
2107 3340 2212 3381 nec
2261 3326 2551 3395 spiritum,
2627 3339 2698 3379 ne
2756 3333 2974 3379 motum
3040 3323 3275 3393 quidem
3332 3323 3617 3389 facientis,

1913 3414 2088 3483 impio
2153 3414 2410 3469 hauriret
2469 3413 2695 3478 auditu,
2760 3421 3046 3467 mortuam
3103 3425 3217 3466 non
3281 3411 3475 3466 minus
3546 3423 3622 3466 ex

1913 3503 2081 3573 lapsu
2107 3516 2284 3574 quam
2330 3516 2401 3559 ex
2434 3502 2691 3572 lapidum
2752 3503 3046 3557 collisione
3088 3501 3334 3570 putavit.
3391 3500 3622 3556 Recedit

1914 3593 2110 3662 itaque
2132 3599 2187 3647 et
2216 3592 2287 3646 ad
2329 3591 2562 3661 propria
2599 3590 2848 3645 facinore
2890 3588 3071 3645 latior
3097 3597 3241 3644 tecta
3270 3588 3618 3659 regreditur.

1912 3680 1992 3736 De
2033 3680 2246 3751 puella,
2300 3680 2412 3736 nisi
2455 3680 2612 3749 quod
2659 3679 2992 3734 incomitata
3038 3685 3382 3745 excesserat,
3421 3676 3622 3733 fabula

1912 3782 2047 3826 rara
2077 3769 2200 3825 fuit.

1992 3875 2180 3947 Igitur
2212 3875 2269 3931 in
2296 3874 2423 3931 sinu
2461 3874 2613 3929 illius
2646 3886 2834 3928 cavea
2865 3871 3193 3937 constituta,
3235 3884 3365 3926 cum
3417 3869 3623 3939 despe—

1914 3963 2204 4020 ratissima
2239 3970 2468 4033 pastum
2516 3976 2589 4017 ne
2621 3962 2737 4017 Deo
2780 3960 3016 4030 quidem
3068 3959 3501 4028 prastolaretur
3545 3958 3619 4014 ab

1915 4052 2059 4122 ipso,
2101 4051 2275 4107 sensit
2304 4065 2377 4107 ex
2407 4066 2472 4107 eo
2512 4050 2615 4120 qui
2659 4048 2828 4119 capiti
2871 4050 2997 4118 ejus
3039 4047 3373 4103 imminebat
3404 4047 3618 4117 cespite

1914 4140 2123 4196 stillam
2160 4138 2342 4195 laticis
2382 4137 2531 4194 elabi
2581 4134 2964 4207 frequentius,
3016 4135 3108 4191 cui
3155 4148 3257 4189 ora
3305 4133 3618 4204 subjiciens

1914 4241 1983 4283 eo
2012 4226 2235 4282 tantillo
2292 4225 2659 4282 reﬁciebatur
2706 4224 2937 4294 illapsu,
2982 4230 3045 4278 ut
3087 4222 3464 4291 Sardanapali
3524 4236 3616 4277 co-

1916 4313 2041 4383 pias
2079 4321 2433 4383 exaquaret.
2483 4312 2628 4380 Quid
2675 4310 2976 4368 differam?
3022 4309 3418 4379 Quadraginta
3479 4307 3622 4364 inibi

1845 4413 1891 4469 ι)
1919 4402 2093 4458 ferme
2122 4402 2243 4457 dies
2271 4408 2565 4472 exegerat,
2609 4415 2715 4456 nec
2744 4400 2855 4455 alio
2904 4399 3063 4455 victu
3100 4411 3279 4469 quam
3330 4411 3399 4455 ea
3442 4411 3622 4468 quam

1921 4489 2299 4560 pradiximus
2348 4481 2650 4545 fovebaf'nr
2694 4501 2768 4543 ex
2823 4490 3005 4557 gutta.
3057 4487 3280 4541 Interea
3332 4485 3423 4541 die
3472 4485 3624 4541 infra

1921 4578 2430 4649 quadragesimum
2486 4577 2759 4648 quodam,
2812 4574 3039 4631 subulci
3085 4581 3140 4629 et
3191 4573 3468 4643 opiliones
3522 4588 3625 4644 per

1920 4679 2091 4737 agros
2118 4665 2511 4734 undecunque
2525 4676 2898 4733 compascuos
2929 4673 3133 4731 pecora
3157 4660 3311 4716 circa
3350 4661 3622 4717 viciniam

1920 4753 2075 4822 putei
2108 4752 2489 4818 ductitabant,
2527 4751 2583 4805 in
2614 4749 2833 4820 quibus
2859 4750 2998 4804 dum
3037 4747 3412 4803 discursitant
3463 4747 3618 4817 locis,

1919 4841 2167 4896 audiunt
2193 4854 2224 4895 e
2253 4839 2536 4909 profundo
2570 4852 2765 4894 vocem
2787 4834 3479 4907 suggrunientisibidem.
3511 4832 3623 4901 Qui

1920 4927 2110 4997 capita
2138 4941 2237 4996 per
2284 4940 2621 4995 supremum
2664 4924 2816 4995 putei
2868 4924 3242 4990 demittentes,
3298 4923 3623 4978 humanum

1922 5016 2106 5071 ruisse
2139 5015 2438 5085 quidpiam
2475 5013 2615 5070 inibi
2643 5027 2716 5069 ex
2748 5027 2884 5069 voce
2913 5012 3255 5082 percipiunt,
3286 5024 3459 5081 quem
3482 5010 3624 5066 dum

1922 5104 2107 5159 multa
2150 5103 2447 5158 vocalitate
2478 5102 2768 5167 civissent,
2800 5099 3071 5156 feminam
3113 5099 3446 5155 advertunt.
3508 5099 3626 5155 Ro-

1923 5191 2109 5262 gitant
2159 5203 2432 5259 quanam
2475 5196 2637 5243 esset.
2695 5188 2836 5250 Qua
2874 5195 2929 5242 ct
2981 5186 3153 5256 cujus
3197 5193 3363 5253 esset,
3412 5198 3628 5257 magna

1922 5280 2189 5336 clamoris
2214 5277 2517 5347 eruptione
2546 5276 2855 5346 pertonuit.

1993 5366 2116 5433 Quo
2147 5367 2344 5421 audito
2372 5371 2623 5435 pastores
2656 5364 2726 5420 ad
2772 5364 2968 5420 villam
3001 5363 3323 5435 proximam
3376 5362 3627 5433 Pegasea

1924 5455 2218 5511 alacritate
2247 5468 2306 5509 se
2326 5454 2652 5518 conferunt,
2687 5452 2864 5520 illam,
2895 5467 3026 5523 qua
3068 5452 3380 5508 exitialiter
3429 5452 3628 5521 periis-

1925 5556 2004 5609 se,
2040 5542 2127 5597 vel
2180 5542 2427 5597 extorris
2453 5542 2660 5597 abiisse
2690 5540 2763 5596 ab
2782 5540 3054 5596 omnibus
3092 5539 3401 5606 ferebatur,
3462 5553 3630 5610 repe-

1927 5630 2067 5685 risse
2097 5644 2155 5685 se
2186 5632 2347 5685 aiunt
2399 5628 2516 5684 Nec
2546 5642 2706 5683 mora
2745 5627 2841 5684 illo
2875 5628 2992 5684 ruit
3023 5628 3317 5684 rusticana
3353 5627 3631 5698 frequen-

3235 5730 3321 5790 20
