3936 6414
333 433 433 484 619

1253 428 1310 480 ν.
1350 427 1680 482 (ἓυιΒΕΒΤΙ
1719 426 2010 482 ΑΒΒΑΤΙδ
2046 427 2102 482 S.
2143 426 2377 482 ΜΑΗΙΑΞ
2417 423 2504 480 DE
2541 424 2932 481 NOVIGENTO

3749 430 3857 480 6‘20

337 574 435 636 tia,
467 571 743 626 muliebre
778 567 1043 625 convolat
1073 567 1303 636 vulgus,
1357 580 1466 620 non
1510 565 1830 621 teneritudo
1875 578 2019 634 pue—
2059 569 2103 618 Α
2133 563 2214 618 dit
2250 577 2263 617 :
2303 586 2323 610 ι
2357 562 2636 633 Triginta,
2672 563 2880 632 inquit,
2929 563 2995 617 iis
3043 563 3245 620 diebus
3288 564 3594 633 praeteritis
3652 566 3859 634 quoti-

337 660 516 726 rules,
549 674 666 714 non
708 673 893 714 annos
931 656 1160 726 pigritia
1205 661 1405 723 pressu
1438 653 1638 708 aniles.
1681 654 1824 722 quin
1873 651 2030 707 ocior

336 747 588 818 quisque
615 751 1001 801 concurreret.
1047 741 1364 797 Dimittitur
1404 753 1639 809 quoque
1673 738 1776 809 qui
1809 739 2025 794 demer-

334 850 457 892 sam
503 833 738 889 funibus
767 831 980 897 efferat,
1018 838 1073 884 et
1100 827 1562 896 exspectantibus
1611 827 1819 882 turmis
1863 823 2026 880 exhi-

335 923 484 978 beat.
515 920 640 986 Qua
669 919 946 983 exhibita,
977 925 1031 971 et
1063 915 1238 970 relato
1273 922 1444 968 tanta;
1485 913 1822 968 salvationis
1843 927 2026 968 even-

335 1018 418 1074 tu,
452 1023 570 1064 non
600 1008 751 1062 intra
780 1019 881 1061 rus
912 1005 1058 1059 idem
1105 1001 1368 1056 miraculi
1409 1016 1529 1056 sese
1560 1000 1713 1056 fama
1743 1001 2022 1068 cohibuit,

333 1097 429 1154 sed
462 1095 517 1150 in
556 1101 802 1149 remotas
847 1106 906 1147 se
937 1091 1215 1159 regiones,
1250 1089 1436 1145 virtus
1468 1088 1556 1144 isti
1589 1089 1826 1158 tempori
1861 1102 2022 1159 pror-

333 1200 431 1242 sus
463 1183 738 1240 inusitata
757 1179 1134 1236 circumtulit.

399 1275 543 1330 Ecce
574 1269 714 1341 quid
754 1268 936 1324 valuit
984 1267 1122 1322 ﬁdes
1170 1266 1228 1321 in
1281 1265 1631 1335 pmnilentia.
1683 1267 1824 1322 Ecce
1880 1265 2017 1336 quid

329 1361 511 1418 valuit
560 1359 616 1413 in
670 1356 983 1412 intentione
1040 1353 1363 1423 corrigendi
1414 1355 1856 1422 perseverantia.
1919 1353 2019 1410 llle

329 1451 492 1506 fidem
551 1447 722 1503 habet
779 1446 836 1501 in
892 1443 1246 1514 pcenitentia,
1309 1442 1410 1512 qui
1475 1449 1597 1510 post
1654 1440 2022 1496 confessionis

326 1539 592 1608 gratiam,
644 1549 718 1590 ex
749 1533 1048 1588 securitate
1079 1529 1496 1585 emendationis
1543 1537 1830 1598 conceptae
1869 1544 2018 1584 nun-

324 1639 500 1694 quam
528 1622 734 1678 diffidit
755 1621 822 1675 de
852 1621 1039 1674 venia.
1080 1619 1210 1673 Haec
1236 1626 1320 1672 est
1347 1631 1484 1686 ergo
1516 1617 1611 1671 Illa
1654 1617 1790 1671 fides
1839 1631 2014 1686 quam

325 1711 381 1766 in
414 1708 686 1765 omnibus
717 1721 857 1776 pene
890 1705 1342 1775 przecedentibus
1369 1704 1710 1774 pazriari-his
1739 1712 1896 1759 tanta
1937 1717 2020 1758 re-

324 1797 626 1867 plicatione
662 1793 1019 1850 commendat
1058 1793 1384 1862 Apostolus,
1444 1800 1508 1847 ut
1549 1791 1719 1847 etiam
1778 1793 1935 1848 Raab
1963 1801 2016 1848 et

2136 650 2310 705 diana
2339 665 2466 704 sum
2502 650 2858 720 flagellorum
2879 650 3443 706 caesionemultatus:
3484 672 3505 698 ι
3542 653 3627 706 All
3661 665 3856 720 quem

2133 739 2432 808 episcopus
2464 753 2476 792 :
2515 761 2536 786 ι
2565 739 2633 794 Et
2664 746 2748 802 tu,
2802 738 3012 805 inquit,
3064 737 3314 805 domine,
3357 752 3532 808 quam
3569 738 3643 794 ob
3694 752 3856 793 cau-

2133 828 2299 883 sam?
2337 849 2357 875 -
2404 829 2471 883 Et
2501 828 2593 883 ille
2629 843 2640 881 :
2678 850 2698 876 ι
2753 827 2983 892 Mirum,
3015 827 3116 886 ait.
3147 835 3231 882 est
3263 827 3414 897 quod
3460 827 3656 882 dixisti
3704 841 3856 882 cum

2132 918 2278 970 scias
2309 915 2596 970 hominem
2641 914 2746 969 etsi
2785 923 3069 978 sanctum,
3102 921 3201 976 tot,
3249 915 3382 968 velit
3435 915 3598 980 nolit,
3649 915 3856 983 fragi-

2132 1004 2358 1060 litatum
2423 1004 2681 1073 laps:bus
2722 1003 3052 1072 subjacere;
3093 1003 3186 1056 sed
3229 1011 3282 1057 et
3310 1001 3380 1056 de
3410 1001 3480 1056 iis
3511 1017 3643 1072 qua":
3701 1003 3851 1069 Dio,

2129 1098 2184 1146 et
2213 1090 2350 1145 mihi
2381 1089 2672 1145 confessus
2699 1103 2759 1144 es
2792 1090 3042 1159 cogitare
3081 1088 3384 1150 debueras.
3423 1097 3483 1144 ut
3511 1091 3850 1160 corrigere-

2127 1186 2229 1256 ris,
2267 1193 2414 1242 sicut
2445 1185 2584 1241 mihi
2633 1185 3036 1256 spoponderas.
3063 1183 3140 1240 Ne
3168 1185 3455 1241 cuncteris
3493 1200 3631 1256 ergo
3703 1199 3854 1241 cor-

2127 1277 2257 1346 rigi,
2291 1275 2430 1346 quia
2459 1274 2688 1344 expedit
2736 1273 2836 1329 tibi
2875 1281 2938 1329 ut
2993 1273 3186 1329 facias.
3226 1295 3246 1320 ι
3294 1274 3355 1328 ln
3405 1271 3580 1329 natali
3633 1272 3850 1344 itaque

2127 1367 2352 1423 Domini
2380 1368 2485 1424 sibi
2519 1366 2649 1422 finis
2674 1365 2976 1435 obtigerat.

2199 1455 2330 1510 Haec
2350 1455 2553 1510 deinde
2581 1453 2798 1508 visione
2827 1460 2881 1507 et
2909 1452 3158 1508 aliorum
3184 1451 3312 1507 aliis
3330 1449 3659 1521 publicatis,
3695 1466 3844 1507 cum

2119 1542 2240 1613 jam
2274 1542 2589 1597 secundum
2622 1541 2821 1595 seriem
2843 1553 3066 1606 earum,
3103 1548 3158 1593 et
3192 1542 3318 1594 vitae
3346 1539 3522 1608 ipsius
3556 1539 3841 1609 pietatem

2123 1629 2233 1684 sub
2263 1643 2360 1698 spe
2393 1628 2543 1683 bona
2574 1627 2643 1682 de
2665 1643 2730 1682 eo
2759 1628 2952 1682 omnia
2994 1626 3386 1692 crederentur,
3427 1622 3638 1680 festum
3679 1642 3838 1680 con-

2124 1725 2428 1785 sequenter
2453 1715 2723 1770 Paschale
2755 1715 3078 1770 transierat.
3111 1715 3178 1769 Et
3210 1728 3337 1769 ecce
3383 1714 3440 1768 in
3473 1724 3837 1768 monasterio

2126 1802 2557 1873 Brotburgensi,
2589 1801 2748 1871 quod
2788 1804 2981 1856 mullze
3027 1801 3103 1855 rel
3133 1800 3318 1871 gionis
3353 1813 3688 1855 sanctorum
3744 1808 3837 1854 est

321 1862 522 1956 .lephte
551 1892 923 1940 connumeret
952 1883 1155 1946 (Hebr.
1179 1897 1257 1946 xx,
1290 1885 1378 1950 3t,
1407 1884 1514 1944 3'2),
1547 1881 1648 1951 qui
1677 1879 1804 1935 ﬁdei
1837 1888 2002 1934 tanto

2176 1862 2443 1960 irginum,
2493 1889 2623 1945 duae
2705 1888 3142 1943 adolescentqu
3210 1887 3542 1943 clarissimae
3616 1888 3836 1942 indolis

324 1988 456 2043 pere
497 1973 780 2043 praedicta
842 1972 1200 2028 obscuriores
1265 1971 1575 2025 admodum
1645 1974 1793 2023 3.13
1847 1977 2014 2024 caste-

320 2063 400 2117 ris
431 2075 636 2117 causas
663 2061 890 2116 habent.
942 2061 1040 2115 Est
1069 2068 1262 2115 autem
1304 2057 1481 2126 hujus
1510 2070 1641 2126 quae
1685 2056 1824 2112 mihi
1857 2056 2013 2110 vide-

321 2157 417 2205 tur
449 2148 739 2218 praecipua
770 2148 1126 2203 mulierculae
1155 2146 1312 2210 l‘ules,
1350 2145 1532 2200 tidells
1555 2154 1610 2201 et
1641 2144 2016 2200 irreverbera-

321 2245 414 2293 tus
460 2239 517 2292 in
561 2250 670 2292 sua
723 2236 792 2291 ad
841 2235 1022 2290 Deum
1077 2234 1411 2289 necessitate
1469 2247 1802 2289 concursus.
1875 2231 2014 2298 Quae

320 2334 508 2380 tamen
556 2332 716 2380 tanta
759 2324 911 2392 apud
949 2323 1130 2378 Deum
1175 2330 1278 2384 est,
1314 2328 1376 2376 ut
1418 2321 1588 2375 etiam
1640 2320 1726 2387 iis,
1761 2333 2014 2390 quorum

318 2411 592 2467 correctio
616 2419 699 2466 est
729 2411 1061 2466 nullatenus
1092 2415 1382 2473 secutura,
1433 2421 1643 2477 negare
1690 2405 2011 2462 subsidium

321 2497 499 2566 pietas
525 2510 776 2565 superna
806 2509 919 2549 non
952 2493 1142 2563 possit.
1186 2493 1344 2550 Unde
1393 2507 1428 2548 a
1477 2493 1766 2562 prophetis
1812 2492 2012 2548 crebro

316 2586 365 2640 ei
393 2587 675 2653 ingeritur
705 2601 717 2639 :
745 2585 838 2638 Ne
871 2583 1132 2649 moreris,
1187 2583 1478 2652 inquiunt,
1530 2585 1766 2653 propler
1811 2585 2009 2636 temet-

314 2671 504 2743 ipsum
533 2671 707 2740 (Dan.
744 2685 820 2732 Ix,
857 2674 969 2735 l9.)
1015 2671 1122 2726 Et:
1163 2671 1415 2741 Prop/er
1447 2671 1715 2724 honorem
1762 2669 2012 2724 nomini:

316 2760 401 2814 tui
425 2759 607 2813 libera
634 2775 739 2812 nos
768 2759 952 2826 (Paul.
989 2773 1221 2824 Lxxvm,
1255 2761 1331 2827 9).
1365 2759 1498 2813 lnde
1527 2767 1582 2814 et
1605 2767 1758 2814 certo
1799 2759 2010 2814 certius

315 2849 500 2904 dicam
539 2849 740 2911 Deum,
793 2849 891 2918 qui
945 2849 1122 2918 pietas
1173 2856 1276 2912 est,
1323 2849 1572 2916 seipsum
1622 2862 1831 2918 negare
1893 2863 2006 2904 non

315 2951 475 3006 posse
505 2937 605 3005 (II
636 2934 780 2990 Tim.
808 2951 867 3001 ll,
897 2939 1003 3004 i3).
1039 2936 1180 3005 quin
1207 2944 1260 2990 et
1286 2935 1354 2989 iis
1386 2935 1487 3005 qui
1519 2950 1553 2990 a
1581 2953 1640 2991 se
1665 2937 1845 2992 futuri
1871 2947 2008 2992 sunt

311 3035 568 3080 extorres
603 3031 773 3079 etiam
821 3023 1062 3079 celerius
1115 3037 1292 3092 quam
1331 3021 1505 3092 justis
1551 3023 1796 3086 assistat.
1865 3024 2004 3080 dum

305 3111 493 3180 justos
534 3110 840 3167 salubriter
892 3117 1090 3177 tentat,
1145 3119 1199 3166 et
1245 3110 1356 3166 illis
1397 3111 1550 3180 quod
1593 3117 1872 3180 expetunt
1931 3110 2003 3165 ad
2041 3156 2082 3212 C

309 3218 478 3260 suum
515 3206 768 3274 ipsorum
794 3204 1080 3276 judicium
1109 3205 1280 3260 citius
1310 3212 1611 3274 praerogat.

380 3291 408 3362 §
440 3293 534 3350 IV.
569 3295 651 3348 De
669 3294 990 3357 Erlebaldo,
1017 3294 1413 3350 Cameracenn'
1431 3293 1666 3358 decano,
1695 3291 2008 3346 sanctilafe

307 3383 362 3433 et
387 3380 649 3436 doctrina
706 3383 1025 3452 conspicuo.
1067 3409 1133 3420 —
1166 3380 1312 3436 Sunt
1359 3382 1610 3450 denique
1633 3390 1688 3435 et
1730 3381 1850 3445 alii,
1900 3383 2002 3451 qui

309 3481 422 3522 non
456 3483 557 3538 pro
586 3468 707 3524 Sola
739 3469 844 3523 lide
865 3469 936 3523 ad
959 3469 1216 3524 subitum
1245 3468 1341 3523 sed
1375 3470 1675 3523 modernas
1701 3475 1757 3522 et
1799 3483 2005 3538 super-

308 3555 559 3610 coalestes
609 3555 821 3626 glorias
874 3556 1056 3610 multa
1113 3556 1293 3610 sancti
1357 3555 1570 3610 laboris
1641 3555 2004 3624 longaevitate

309 3651 622 3699 merentur.
654 3643 717 3697 In
756 3641 1155 3699 Cameracensi
1199 3643 1468 3707 Ecclesia,
1502 3649 1633 3697 ante
1679 3641 1784 3696 hoc
1828 3643 2003 3700 ferme

310 3729 608 3786 biennium
629 3731 902 3797 decanus,
921 3730 1022 3801 qui
1048 3739 1102 3786 et
1123 3729 1648 3785 summuszedituus
1665 3729 1856 3798 templi
1879 3729 1999 3786 fue-

309 3827 418 3888 rat,
463 3819 554 3874 cui
613 3819 953 3874 Erlebaldus
1000 3833 1206 3874 nomen
1261 3826 1404 3882 erat,
1455 3817 1558 3887 qui
1615 3817 1810 3873 multis
1855 3832 2001 3888 quos

307 3908 763 3978 circumquaque
792 3908 1037 3964 faciebat
1059 3908 1133 3963 ad
1173 3908 1452 3977 populum
1496 3905 1878 3969 sermonibus,
1925 3907 1996 3962 ad

305 3996 560 4053 fructum
592 4011 740 4053 verae
769 3996 1139 4052 confessionis
1169 3994 1607 4061 ostendendum,
1643 3993 1790 4049 idem
1842 3995 1997 4064 quod

304 4085 471 4140 modo
493 4085 798 4141 retulimus
832 4085 1105 4142 referebat
1138 4084 1488 4154 exemplum.

377 4174 429 4228 ls
449 4188 658 4243 corpus
691 4173 985 4242 proprium
1019 4172 1186 4243 gravi
1226 4172 1584 4227 abstinentiae
1616 4169 1762 4225 fasce
1802 4169 1995 4240 proﬂi-

307 4275 474 4331 gans,
501 4270 775 4330 perpetuo
805 4261 968 4315 cilicii
1001 4259 1269 4330 squalore
1304 4258 1622 4327 contabuit,
1659 4257 1716 4314 in
1748 4273 1865 4328 quo
1895 4259 1994 4314 vix

303 4355 405 4402 aut
437 4362 738 4416 nunquam
773 4347 1085 4402 munditias
1120 4347 1340 4414 habuit,
1389 4347 1444 4402 in
1485 4362 1602 4417 quo
1651 4355 1807 4402 tanta
1858 4359 1995 4402 ver-

2125 1979 2375 2046 fuerant,
2417 1992 2666 2048 quarum
2707 1993 2838 2033 cum
2883 1977 3065 2032 obiret
3115 1979 3294 2033 altera
3337 1985 3468 2032 ante
3513 1977 3835 2032 Dominicze

2124 2064 2575 2121 Besurreetionis
2609 2065 2779 2126 diem.
2829 2078 2863 2119 a
2924 2066 3100 2121 sodali
3159 2073 3460 2133 conventa,
3515 2074 3570 2122 et
3625 2066 3834 2121 multis

2121 2153 2596 2208 obtestationibus
2625 2161 2709 2208 est
2759 2153 3052 2219 obstricta,
3097 2163 3386 2223 quatenus
3432 2167 3606 2208 carne
3654 2154 3834 2223 depo-

2119 2241 2246 2304 sita,
2292 2240 2339 2296 si
2386 2240 2613 2310 spiritui
2659 2241 2787 2311 ejus
2837 2242 2947 2296 Duo
2999 2244 3360 2311 permittente
3409 2241 3624 2306 liceret,
3656 2242 3730 2296 ad
3768 2256 3830 2297 se

2121 2328 2349 2396 rediret,
2376 2337 2431 2384 et
2461 2330 2602 2400 quid
2644 2344 2836 2385 secum
2873 2329 3005 2384 boni
3044 2339 3146 2384 aut
3173 2329 3306 2385 mali
3341 2338 3658 2400 gereretur,
3689 2330 3828 2386 edi—

2119 2426 2287 2474 ceret.
2345 2419 2660 2489 Ta‘ntopere
2726 2419 2878 2474 enim
2937 2427 3138 2474 mutua
3216 2433 3274 2474 se
3342 2417 3645 2474 dilectione
3726 2419 3823 2474 de-

2119 2507 2446 2574 vinxerant,
2477 2516 2531 2563 et
2563 2523 2694 2578 quae
2726 2508 2876 2562 inter
2919 2507 3226 2562 vivendum
3277 2509 3534 2564 omnium
3570 2522 3820 2562 suorum

2117 2597 2357 2650 consciae
2400 2594 2648 2649 vicissim
2698 2594 2945 2660 fuerant,
2993 2595 3270 2649 obeuntes
3315 2609 3427 2649 non
3475 2608 3596 2650 esse
3649 2593 3820 2649 nole-

2119 2683 2274 2738 banL

2187 2772 2370 2843 igitur
2390 2779 2512 2842 post
2541 2771 2760 2842 aliquot
2781 2771 2984 2840 puellae
3019 2769 3214 2824 mortis
3243 2783 3308 2824 ac
3350 2768 3470 2825 festi
3521 2769 3820 2826 Paschalis

2113 2861 2252 2925 dies,
2269 2875 2398 2915 cum
2415 2860 2726 2929 superstesj
2741 2860 3023 2914 uvencula
3036 2857 3434 2913 dormitorium
3457 2860 3642 2913 nescio
3667 2859 3817 2927 quid

2115 2958 2315 3004 actura
2341 2951 2586 3019 petisset,
2618 2962 2746 3002 ecce
2772 2961 2958 3002 comes
2988 2945 3385 3000 amantiSsima
3423 2946 3501 3000 nil
3549 2945 3814 3011 funebre,

2113 3038 2192 3092 nil
2227 3038 2520 3093 horridum
2559 3036 2882 3105 preferens,
2915 3035 3008 3090 Sed
3035 3035 3186 3104 quod
3221 3034 3526 3105 gratiosius
3547 3035 3818 3089 sensibus

2115 3133 2330 3194 poterat
2359 3137 2651 3193 apparere,
2687 3123 3043 3178 subrutilaus
3071 3131 3299 3191 repente
3337 3122 3534 3177 astitit.
3582 3121 3816 3176 lniinito

2115 3214 2212 3268 illa
2241 3221 2470 3282 stupore
2499 3211 2875 3280 succingitur,
2898 3220 2953 3266 et
2982 3211 3260 3265 hzesitanti
3296 3217 3481 3265 tamen
3511 3223 3606 3264 ore
3633 3208 3822 3278 quali-

2115 3309 2202 3356 ter
2221 3317 2279 3355 se
2298 3299 2644 3370 ageret,ipsa
2661 3301 2922 3368 requirit.
2954 3321 2974 3347 ι
3015 3297 3521 3368 Feliei:er,inquit,
3547 3311 3684 3368 ago;
3719 3298 3815 3352 die

2113 3389 2262 3444 enim
2319 3398 2530 3443 sanctae
2581 3388 3030 3442 Resurrectionis
3071 3401 3265 3442 recens
3321 3397 3479 3451 aulae,
3538 3387 3814 3442 dominus

2112 3477 2452 3532 Erlebaldus
2490 3477 2916 3530 Cameracensis
2963 3473 3234 3538 decanus,
3287 3483 3342 3528 et
3390 3487 3495 3542 ego
3539 3486 3670 3528 cum
3718 3487 3807 3538 eo,

2112 3580 2242 3622 cum
2289 3566 2565 3620 immensa
2611 3562 2946 3632 frequenlize
2977 3563 3216 3616 caelestis
3264 3561 3457 3616 laetitia
3504 3559 3575 3615 ad
3624 3561 3812 3616 omni-

2114 3652 2355 3722 potentis
2381 3651 2476 3705 Dei
2511 3649 2711 3705 faciem
2743 3648 2949 3718 recepzi
2976 3663 3197 3704 sumus.
3235 3669 3262 3695 ››
3296 3647 3518 3703 Dixitet
3539 3649 3805 3714 excessit,

2110 3738 2204 3794 sed
2233 3747 2346 3794 tam
2379 3739 2488 3793 cito
2523 3737 2818 3793 dimissam
2873 3737 3171 3792 immodico
3209 3737 3401 3792 dolore
3447 3739 3798 3806 compressit.

2110 3828 2240 3883 Fuit
2265 3836 2456 3883 autem
2509 3827 2679 3882 homo
2711 3827 2810 3881 iste
2840 3839 2971 3880 cum
3006 3825 3339 3891 sacerdotio,
3373 3837 3488 3894 quo
3525 3822 3802 3894 fulgebat,

2107 3923 2162 3972 et
2216 3916 2272 3970 in
2338 3915 2646 3983 Scriptura
2707 3916 2944 3968 scientia
2999 3913 3282 3980 copiosus,
3332 3919 3388 3966 et
3435 3910 3570 3966 mihi
3637 3911 3805 3967 valde

2107 4002 2358 4058 amicitia
2395 4000 2604 4067 affinis,
2631 4001 2723 4056 cui
2763 4001 2912 4056 sicut
2957 3999 3025 4055 de
3066 3999 3193 4070 ejus
3237 4001 3452 4054 honore
3512 4012 3804 4068 supremo,

2107 4097 2172 4146 ut
2200 4090 2396 4157 debeo,
2431 4089 2674 4159 gaudeo,
2694 4090 2915 4144 utinam
2945 4102 2980 4143 a
3011 4089 3176 4144 modo
3200 4089 3462 4142 inveniar
3493 4090 3798 4157 gratiosus.

2109 4176 2240 4230 Haec
2271 4177 2410 4230 tides
2440 4188 2679 4245 operosa
2709 4177 3072 4240 commeruit,
3116 4187 3248 4242 quae
3280 4175 3354 4242 pii
3388 4173 3598 4228 laboris
3640 4187 3801 4228 com-

2106 4263 2314 4320 mercio
2355 4263 2535 4318 Deum
2573 4263 2679 4318 sibi
2710 4261 2958 4318 effecerit
3017 4262 3349 4317 debitorem.
3410 4263 3540 4316 llaec
3571 4261 3642 4316 ab
3670 4261 3796 4330 epi-

2103 4365 2268 4420 scopo
2322 4351 2685 4406 Laudunensi
2743 4349 2976 4404 domino
3050 4363 3174 4404 meo
3207 4347 3600 4404 Bartholomeo
3664 4362 3795 4404 cum

300 4435 482 4489 mium
517 4434 903 4505 ingenitorum
936 4437 1308 4506 scaturiginis
1347 4433 1532 4490 instar
1563 4433 1864 4490 insolentia
1892 4449 1993 4488 co-
2031 4453 2074 4506 ι)
2106 4438 2416 4504 audissem,
2451 4447 2528 4493 tot
2561 4437 2970 4508 propemodum
3011 4445 3203 4505 postea
3235 4435 3308 4491 de
3351 4435 3796 4505 provincialibus

301 4521 464 4587 aluit,
501 4529 562 4577 ut
584 4522 794 4578 mirum
827 4522 1135 4578 haberetur
1167 4523 1454 4592 quomodo
1484 4523 1538 4578 id
1573 4537 1708 4578 caro
1741 4523 1996 4578 humana

299 4609 540 4666 tolerare
575 4609 838 4680 potuerit,
869 4625 1000 4666 cum
1031 4625 1096 4666 eo
1119 4625 1422 4681 nunquam
1456 4626 1526 4665 ne
1565 4610 1798 4680 quidem
1831 4610 1994 4665 cubi-

297 4697 471 4753 tando
501 4699 769 4755 caruerit.
804 4699 1057 4756 Culcitra
1093 4699 1434 4769 neutiquam
1481 4713 1642 4765 usus,
1693 4712 1995 4753 scamnum

297 4805 442 4860 pene
488 4792 611 4848 sine
660 4792 837 4848 ullius
879 4791 1078 4848 sternii
1135 4789 1318 4846 fulcro
1385 4805 1486 4860 pro
1523 4790 1701 4846 cubili
1755 4789 1992 4856 habens,

296 4892 598 4949 nunquam
632 4881 827 4936 nudus
853 4879 1220 4936 accumbens.
1253 4877 1438 4947 Igitur
1475 4891 1608 4933 cum
1640 4877 1768 4933 vitae
1819 4877 1996 4948 hujus

294 4966 707 5036 propinquaret
736 4968 808 5022 ad
840 4968 1031 5033 linem,
1081 4966 1250 5035 empit
1290 4967 1348 5020 in
1397 4966 1604 5035 spiritu
1656 4964 1996 5035 gravissime

295 5065 330 5105 a
357 5052 714 5109 daemonibus
743 5055 1049 5121 molestari,
1082 5062 1138 5109 et
1167 5055 1240 5109 ab
1274 5055 1408 5124 ipsis
1437 5054 1612 5111 veluti
1643 5067 1741 5124 per
1775 5053 1994 5108 voluta-

293 5140 400 5198 bra
426 5142 596 5198 trahi.
641 5141 905 5212 Cumque
957 5143 1234 5212 passionis
1273 5143 1449 5214 hujus
1499 5155 1688 5198 causae
1735 5142 1808 5196 ab
1858 5154 1992 5196 eum

292 5229 675 5286 invisentibus
704 5240 1122 5302 quaererentur,
1155 5231 1348 5286 intulit
1371 5232 1478 5286 hoc
1510 5230 1618 5286 sibi
1657 5229 1915 5299 apprime
1957 5241 1992 5282 a

294 5317 540 5373 diabolis
565 5317 756 5387 objici,
789 5318 943 5388 quod
971 5318 1080 5374 sibi
1121 5318 1492 5374 commissum
1541 5319 1778 5374 minime
1829 5315 1990 5385 plene

299 5413 630 5460 coercuerat
653 5405 887 5462 clerum.

359 5493 537 5549 Morte
569 5493 748 5564 igitur
767 5493 878 5550 sibi
911 5493 1090 5560 obita,
1121 5509 1254 5550 cum
1295 5494 1560 5563 plurimis
1605 5493 1755 5548 bona
1805 5492 1990 5562 specie

291 5580 671 5650 apparuisset,
702 5589 824 5639 tum
852 5583 1102 5638 maxime
1131 5583 1416 5652 episcopo,
1461 5581 1625 5636 modo
1657 5581 1774 5646 tali,
1811 5581 1984 5636 inter-

288 5676 524 5739 rogatus
551 5669 624 5726 ab
653 5670 851 5727 eodem
891 5669 1140 5740 qualiter
1169 5683 1366 5724 secum
1415 5675 1702 5738 ageretur,
1752 5682 1983 5737 respon-

2106 4525 2283 4596 hujus
2313 4526 2461 4581 beati
2488 4526 2734 4580 hominis
2767 4533 2931 4579 testes
2953 4525 3131 4580 secuti
3155 4532 3313 4589 sunt,
3348 4523 3448 4593 qui
3479 4537 3652 4593 super
3687 4523 3796 4580 hac

2105 4627 2168 4669 re
2194 4612 2554 4668 indissimilia
2584 4619 2923 4679 sonuerunt,
2953 4619 3093 4682 quot
3116 4612 3238 4681 jam
3266 4613 3324 4666 in
3374 4612 3646 4667 memoria
3670 4626 3793 4668 mea

2104 4704 2382 4756 recenseri
2411 4715 2524 4755 non
2562 4707 2848 4770 poterunt.

2176 4787 2203 4859 §
2234 4788 2294 4842 V.
2329 4787 2483 4843 Sicut
2510 4803 2646 4840 cera
2673 4788 3006 4839 sauciorum
3035 4787 3168 4841 acia
3195 4785 3398 4841 hanori
3442 4787 3584 4854 Deo,
3628 4784 3710 4840 ita
3735 4788 3792 4840 et

2085 4873 2262 4942 falsa
2288 4874 2546 4928 dedecori
2573 4875 2888 4927 vertuntur.
2921 4901 2990 4910 —
3033 4874 3105 4928 At
3135 4876 3276 4943 quia
3306 4875 3426 4930 hac
3473 4876 3639 4945 signa
3674 4889 3785 4930 non

2105 4971 2217 5018 tam
2253 4976 2354 5032 pro
2387 4963 2479 5018 sui
2507 4961 2760 5016 novitate
2795 4973 2972 5030 quam
3019 4973 3119 5028 pro
3172 4975 3486 5017 causarum
3537 4961 3786 5031 ipsarum

2102 5050 2393 5106 reddenda
2431 5048 2778 5106 diversitatis
2821 5047 3042 5102 ratione
3090 5047 3413 5114 retulimus,
3456 5048 3599 5103 illud
3649 5047 3788 5117 adji-

2099 5140 2368 5196 ciendum
2398 5153 2543 5206 reor,
2577 5138 2732 5208 quod
2758 5137 2906 5192 sicut
2953 5136 3244 5192 evidentia
3271 5145 3325 5192 et
3355 5136 3595 5192 indubia
3655 5144 3786 5192 sunt

2101 5228 2548 5298 praecordialiter
2593 5226 2933 5294 affectanda,
3010 5227 3084 5281 ita
3140 5226 3286 5281 fucis
3343 5227 3636 5296 aliquibus
3675 5239 3783 5281 non

2100 5317 2249 5372 facta
2295 5317 2390 5372 sed
2450 5316 2598 5382 ﬁcta,
2633 5317 2775 5370 diris
2832 5323 2968 5370 sunt
3025 5315 3619 5371 animadversionibus
3676 5327 3780 5382 pu-

2098 5405 2328 5461 nienda.
2379 5405 2486 5472 Qui
2532 5406 2686 5461 enim
2749 5406 2862 5460 Deo
2916 5405 3071 5474 quod
3127 5407 3435 5474 nequidem
3498 5403 3777 5474 cogitavit,

2097 5496 2349 5561 ascribit,
2383 5503 2666 5565 quantum
2703 5495 2756 5548 in
2792 5508 2849 5548 se
2875 5502 2977 5558 est,
3041 5497 3216 5548 Deum
3251 5493 3480 5549 mentiri
3526 5493 3689 5564 cogit.
3728 5493 3777 5548 Si

2097 5583 2229 5653 quis
2261 5597 2348 5638 me
2379 5581 2821 5638 homuncionem
2869 5580 3119 5650 alicujus
3158 5579 3418 5636 falsitatis
3457 5589 3772 5648 accerseret,

2096 5671 2198 5724 aut
2227 5669 2364 5724 mihi
2393 5668 2548 5738 quod
2580 5683 2694 5724 non
2742 5669 2971 5724 fecerim
3005 5669 3200 5724 fecisse
3240 5669 3598 5740 impingeret,
3642 5667 3775 5724 ωιιΙ-
