3936 6418
154 424 249 475 621

156 560 284 607 tum
315 551 458 608 mihi
494 552 718 608 horrori
751 561 807 609 et
826 554 955 609 odio
995 561 1159 609 esset.
1195 554 1260 609 Et
1295 555 1435 624 quid
1467 570 1531 611 eo
1558 556 1865 612 funestius.
1906 563 1952 615 A

152 641 538 709 desperatius,
592 642 946 709 damnatius,
997 643 1099 713 qui
1150 643 1333 712 ipsum
1386 644 1562 699 totius
1596 646 1868 716 puritatis

160 729 346 785 Deum
394 729 608 785 fontem
657 730 777 786 solo
814 736 963 785 384
1015 732 1239 788 ambitu
1279 732 1602 788 foedissimae
1654 733 1867 789 volun-

157 819 295 872 tatis
320 818 664 874 attaminat?
1800 882 1814 896 ,

231 907 392 961 Puer
418 906 723 976 defunctus
768 907 924 962 velut
942 910 1180 962 sanctus
1207 908 1608 980 imprudenter
1636 908 1862 965 colitur.

158 1026 230 1035 —
294 998 457 1052 Certe
521 996 661 1060 vidi,
716 1004 772 1052 et
818 996 1089 1053 retulisse
1151 1012 1240 1053 me
1307 999 1501 1068 pudet,
1562 999 1863 1069 vulgarem

161 1084 474 1152 quemdam
507 1099 754 1154 puerum
790 1085 984 1140 militis
1007 1085 1277 1156 alicujus,
1312 1094 1376 1143 ut
1413 1087 1725 1155 ferebatur,
1771 1101 1864 1142 ar-

164 1172 451 1242 migerum
489 1172 579 1227 die
610 1173 952 1229 Parasceves
986 1173 1163 1229 biduo
1189 1184 1321 1230 ante
1352 1175 1570 1230 Pascha
1602 1175 1867 1246 proxima

165 1260 471 1332 Bellovago
534 1262 670 1316 villa
736 1263 1109 1331 occubuisse;

165 1348 474 1419 cujusdam
511 1350 968 1419 praedicatissimi
1013 1350 1258 1406 abbatis.
1296 1352 1477 1422 Coepit
1532 1362 1759 1408 mortuo
1787 1352 1864 1408 illi

165 1450 271 1506 pro
298 1450 462 1492 sacra
508 1437 606 1492 illa
656 1438 710 1492 in
748 1453 867 1508 qua
899 1438 1117 1494 obierat
1168 1438 1258 1494 die
1289 1440 1548 1511 gratuita
1591 1439 1865 1495 sanctitas

170 1524 463 1593 imputari.
519 1524 661 1581 Cum
702 1527 757 1581 id
805 1526 1006 1581 rustici
1066 1541 1258 1582 rerum
1324 1543 1607 1583 novarum
1672 1527 1864 1597 cupidi

168 1613 570 1681 celebrassent,
630 1622 862 1683 repente
910 1615 1228 1671 oblationes
1281 1622 1335 1671 et
1381 1616 1530 1672 cerei
1594 1616 1667 1672 ab
1708 1616 1865 1671 omni

167 1703 485 1773 agrestium
513 1703 852 1773 pagensium
878 1704 1092 1758 vicinia
1126 1704 1197 1759 ad
1228 1706 1356 1776 ejus
1386 1705 1675 1761 tumulum
1710 1721 1865 1761 com-

168 1799 495 1860 portantur.
538 1791 682 1856 Quid
714 1792 914 1861 plura!
951 1792 1173 1848 Tumba
1211 1776 1653 1863 superstruitur,
1707 1794 1865 1851 locus

167 1878 262 1934 ille
312 1880 479 1934 domo
512 1880 793 1934 tedificata
840 1882 1241 1952 praecingitur,
1284 1862 1356 1937 ab
1390 1884 1525 1953 ipsis
1553 1892 1705 1938 certe
1737 1885 1865 1938 Bri-
1906 1862 1945 1916 Β

163 1967 384 2022 tanniae
414 1967 636 2023 finibus
664 1968 733 2023 ad
768 1983 899 2025 eum
932 1970 1422 2041 peregrinantium
1460 1972 1559 2027 soli
1617 1973 1863 2028 rustico-

161 2070 321 2122 rum,
359 2056 657 2112 nullorum
707 2072 841 2113 vero
906 2073 1211 2128 procerum
1262 2060 1433 2115 cunei
1457 2060 1861 2116 tendebantur.

164 2144 411 2200 Videbat
437 2145 557 2201 haec
592 2145 683 2200 ille
715 2147 1180 2215 sapientissimus
1219 2149 1367 2204 abba
1396 2163 1527 2204 cum
1561 2148 1688 2204 suis
1727 2147 1866 2204 reli-

169 2234 345 2305 giosis
379 2234 697 2301 monachis,
732 2243 784 2289 et
812 2249 1124 2291 munerum
1168 2245 1653 2307 comportatorum
1696 2237 1867 2293 blan-

170 2321 363 2377 diente
391 2321 737 2392 frequentia,
774 2322 981 2379 infecta
1008 2324 1290 2379 miracula
1313 2324 1433 2379 fieri
1464 2326 1863 2395 supportabat.

169 2410 290 2466 Etsi
336 2410 558 2480 profani
585 2410 746 2481 vulgi
804 2412 999 2467 avaris
1044 2413 1372 2482 pectoribus
1404 2413 1530 2483 capi
1556 2421 1868 2483 potuerunt

170 2498 385 2555 fictitize
433 2498 764 2567 surditates,
812 2500 1090 2557 affectata
1148 2503 1415 2570 vesaniae,
1470 2502 1634 2573 digiti
1680 2502 1869 2558 studio

170 2589 511 2657 reciprocati
563 2589 634 2642 ad
685 2588 895 2657 volam,
949 2591 1194 2661 vestigia
1244 2599 1507 2646 contorta
1576 2590 1686 2647 sub
1741 2591 1870 2646 clu-

169 2676 363 2731 nibus.
401 2675 548 2742 Quid
579 2675 708 2731 facit
752 2677 1044 2733 modestus
1099 2687 1153 2733 et
1182 2675 1443 2749 {sapiens,
1502 2677 1601 2748 qui
1640 2678 1870 2748 praefert

177 2765 534 2835 propositum
591 2764 931 2833 sanctitatis,
992 2766 1133 2821 dum
1166 2767 1451 2822 fautorem
1487 2781 1545 2822 se
1572 2767 1785 2837 praebet
1814 2767 1870 2821 in

172 2852 389 2908 talibus
405 2851 434 2906 ?

247 2939 459 2997 Crebro
494 2941 599 2997 teri
634 2942 1014 3012 perspicimus
1055 2942 1160 2998 ista
1209 2957 1439 3008 susuro,
1488 2951 1543 2999 et
1586 2943 1733 2999 facta
1788 2943 1873 2998 fe-

173 3039 462 3086 retrorum
509 3032 942 3089 circumlatione
990 3032 1253 3101 ridicula,
1305 3040 1360 3088 et
1409 3048 1608 3088 eorum
1659 3047 1804 3103 quos
1840 3046 1875 3086 a

1231 424 1320 479 DE
1362 425 1788 483 I’IGNORIBUS
1829 427 2269 483 SANCTORUM.
2296 458 2363 468 —
2394 427 2520 482 LIB.
2564 428 2603 481 l.

1182 1262 1462 1319 attinebat
1509 1271 1704 1319 autem
1752 1263 1864 1318 viri
1905 1318 1910 1323 .

3570 432 3675 483 6'22

2644 560 2877 618 CAPUT
2918 562 3014 617 III.

2051 647 2079 717 §
2107 648 2151 701 ῐ.
2188 647 2423 703 Tabulis
2453 649 2860 704 ecclesiasticis
2876 649 3118 721 quinam
3141 648 3387 722 ascripti
3409 651 3675 705 censendi

1974 739 2134 791 sunt.
2192 768 2261 776 —
2301 738 2409 793 Sed
2444 745 2506 794 ut
2538 752 2629 794 res
2658 753 2790 808 quae
2826 753 2941 808 prae
2975 739 3247 795 manibus
3288 747 3391 805 est,
3438 739 3674 795 liberius

1975 824 2169 880 valeat
2239 825 2566 895 przevideri,
2633 826 2701 881 de
2772 826 2859 893 iis,
2911 827 3013 896 qui
3063 826 3436 897 appellantur
3491 828 3671 882 sancti

1976 913 2160 982 primo
2196 914 2581 971 tractandum.
2613 916 2771 972 Certe
2804 930 2936 971 cum
2971 930 3071 986 pro
3104 916 3317 972 sanctis
3358 916 3674 971 habeamus

1975 1002 2278 1071 apostolos,
2309 1012 2365 1059 et
2389 1018 2536 1073 quos
2566 1018 2667 1074 pro
2697 1005 3053 1074 martyribus
3081 1013 3205 1061 tuto
3252 1004 3524 1073 probavit
3562 1004 3668 1060 Ec-

1972 1090 2162 1153 clesia,
2218 1102 2371 1147 certe
2440 1106 2615 1162 super
2671 1092 3097 1149 confessoribus
3152 1096 3333 1148 serior
3387 1092 3671 1147 sententia

1978 1179 2109 1235 ferri
2142 1188 2342 1249 potest.
2376 1181 2653 1252 Martyres
2685 1182 2851 1250 plane
2901 1182 3005 1238 etsi
3066 1183 3281 1251 scripta
3327 1179 3672 1245 conticeant,

1974 1268 2154 1324 solius
2216 1269 2599 1340 praerogativa
2627 1270 2932 1341 sanguinis
2976 1269 3204 1337 extulit,
3239 1284 3343 1324 nec
3391 1269 3675 1338 quaeritur

1976 1358 2033 1412 in
2066 1368 2316 1429 martyre
2346 1374 2477 1429 quae
2501 1359 2621 1414 vita
2654 1358 3023 1427 praecesserit,
3060 1373 3190 1414 cum
3238 1358 3310 1412 ad
3349 1357 3674 1412 vetustissi-

1973 1461 2203 1503 morum
2234 1447 2507 1518 repurgia
2560 1448 2867 1503 criminum
2901 1462 3074 1503 cruor
3111 1449 3224 1516 ipse
3247 1446 3384 1501 satis
3414 1446 3503 1501 sit.
3538 1446 3672 1501 Jesu

1975 1536 2147 1591 bone!
2183 1536 2412 1605 quidni,
2459 1550 2591 1590 cum
2629 1536 2698 1590 ad
2732 1550 2960 1591 omnem
3011 1535 3207 1605 gloriae
3262 1534 3669 1589 sufficientiam

1973 1625 2144 1679 etiam
2176 1623 2490 1679 sceleribus
2538 1623 2765 1678 abolitis
2822 1623 2965 1692 potis
2995 1624 3088 1689 sit,
3146 1637 3317 1692 poena
3345 1623 3500 1677 enim
3552 1621 3675 1691 ipsa

1974 1713 2122 1768 sicut
2154 1720 2286 1768 ante
2344 1712 2718 1782 baptismum,
2775 1712 2851 1767 ita
2911 1719 3033 1781 post
3086 1711 3435 1781 baptismum
3473 1711 3675 1779 culpas

1973 1801 2280 1862 oblitterat,
2313 1809 2367 1856 et
2398 1802 2551 1857 vices
2602 1802 2720 1871 agit
2766 1801 3004 1867 lavacri,
3058 1813 3125 1855 ac
3154 1798 3510 1865 salvationis,
3564 1800 3675 1853 imo

1974 1889 2403 1947 clarificationis
2445 1890 2777 1945 certissimae
2813 1889 3069 1945 effectrix
3107 1896 3211 1944 est.
3272 1888 3504 1943 Pcenam
3551 1886 3675 1943 dico

1974 1992 2151 2049 quam
2190 1978 2508 2034 rectissima
2557 1992 2732 2033 causa
2765 1978 3133 2048 praecesserit,
3186 1976 3423 2046 proinde
3478 1975 3538 2030 in
3581 1990 3675 2030 ca-

1975 2068 2224 2123 nonihus
2250 2068 2582 2137 praecipitur
2610 2067 2843 2137 (Concil.
2891 2064 3157 2120 Eliberil.
3189 2080 3317 2121 can.
3369 2064 3482 2134 60),
3524 2072 3590 2120 ut
3627 2064 3675 2119 si

1977 2156 2111 2226 quis
2152 2156 2471 2225 reperiatur
2503 2155 2653 2210 idola
2687 2157 3009 2222 destruens,
3043 2163 3097 2210 et
3125 2168 3225 2223 pro
3255 2153 3360 2208 hoc
3392 2153 3511 2222 ipso
3539 2165 3672 2206 eum

1975 2244 2272 2312 contingat
2303 2242 2575 2309 interimi,
2611 2251 2675 2297 ut
2706 2257 2815 2296 non
2850 2256 2953 2310 pro
2998 2240 3094 2295 tali
3142 2239 3412 2294 occubitu
3456 2244 3677 2307 martyr

1977 2330 2260 2385 habeatur
2288 2338 2343 2385 et
2369 2338 2519 2385 certe
2551 2330 2643 2384 hic
2693 2335 2841 2384 bona
2890 2342 3068 2384 causa
3098 2328 3345 2393 videtur,
3404 2327 3500 2382 sed
3535 2326 3675 2395 quid

1979 2420 2135 2487 quod
2190 2418 2433 2474 intentio
2483 2432 2672 2474 causa)
2718 2417 3023 2487 aliquoties
3062 2418 3435 2485 depravatur.
3482 2416 3674 2470 Dona-

1981 2508 2130 2563 tistae
2175 2522 2289 2562 non
2342 2507 2585 2577 imparia
2635 2506 2990 2576 martyribus
3046 2505 3200 2575 passi
3244 2513 3403 2568 sunt,
3450 2512 3506 2560 et
3536 2503 3677 2573 quia

1979 2604 2238 2650 extorres
2267 2609 2301 2650 a
2343 2595 2623 2652 charitate
2655 2596 2908 2657 fuerunt,
2967 2594 3184 2649 frustra
3215 2593 3492 2649 tulerunt.
3530 2590 3676 2646 lleli-

1981 2685 2132 2753 quiae
2162 2685 2610 2739 Manichaeorum
2647 2684 2868 2753 pridem
2913 2682 3234 2738 Suessionis
3280 2682 3396 2737 zelo
3431 2680 3529 2736 Dei
3562 2680 3677 2749 ple-

1982 2772 2071 2828 bis
2096 2780 2384 2837 arserunt,
2416 2773 2510 2826 sed
2539 2780 2798 2827 extorres
2822 2786 2855 2826 a
2880 2771 3039 2841 justa
3070 2784 3264 2836 causa,
3298 2769 3676 2832 solummodo,

1981 2861 2346 2916 addemnatis
2401 2860 2741 2929 corporibus
2770 2860 2877 2916 sibi
2927 2860 3139 2914 damno
3186 2859 3442 2917 fuerunt.
3502 2857 3682 2926 Super

1987 2949 2202 3018 quibus
2252 2949 2309 3003 in
2371 2947 2533 3003 libris
2582 2948 2984 3003 Monodiarum
3038 2961 3300 3004 mearum
3352 2944 3683 3001 laciniosius

1983 3037 2126 3091 dixi.

174 3119 337 3174 rabie
371 3120 732 3175 declamandi
761 3120 998 3176 rabulos
1029 3120 1415 3190 Hieronymus
1435 3130 1603 3177 vocat
1634 3123 1873 3177 menda-
1912 3160 1953 3216 Ο
2054 3122 2453 3180 Monodiarum
2493 3123 2709 3178 librum
2738 3122 2917 3177 edidit
2954 3121 3279 3177 Guibertus.
3325 3153 3392 3162 —
3437 3122 3491 3176 Si
3545 3135 3682 3191 ergo

174 3207 281 3263 ciis
340 3208 597 3278 quotidie
650 3207 945 3264 cernimus
994 3209 1169 3265 alicui
1233 3209 1514 3281 marsupii
1588 3210 1876 3279 profunda

175 3297 413 3352 nudari.
487 3296 746 3365 Quorum
824 3306 983 3353 tanta
1042 3298 1438 3355 nebulonitate
1487 3298 1873 3365 conculimur,

174 3393 340 3441 tanta
371 3386 705 3442 divinorum
734 3387 1065 3442 adulatione
1094 3388 1334 3443 ferimur
1365 3395 1427 3442 ut
1449 3387 1624 3457 juxta
1670 3387 1875 3457 przefa-

175 3482 300 3531 tum
318 3477 633 3540 doctorem,
659 3489 907 3543 scurras,
938 3476 1251 3541 helluones,
1280 3484 1335 3530 et
1355 3477 1701 3548 catellaneos
1721 3476 1878 3545 ligu-

177 3564 378 3621 riendo
403 3575 774 3636 exsuperent,
806 3580 1012 3621 corvos
1058 3579 1127 3621 ac
1157 3566 1311 3635 picas
1352 3568 1683 3637 importuna
1738 3578 1878 3635 gar-

179 3656 418 3712 rulitate
448 3656 793 3727 prmeedant.

251 3743 280 3816 §
335 3746 431 3802 Vl.
482 3743 632 3809 Quid
683 3744 754 3798 de
787 3742 982 3814 falsis
1017 3741 1288 3815 reliquiis
1332 3743 1578 3815 ipsomet
1606 3749 1881 3815 praesente

179 3834 453 3889 Guiberlo
472 3837 663 3889 aclum
687 3832 883 3904 fuerit.
918 3832 1022 3888 Sed
1056 3832 1192 3903 quid
1228 3833 1443 3888 crimen
1478 3833 1531 3887 in
1568 3848 1879 3889 numerum

175 3924 447 3995 jacimus,
499 3923 542 3979 si
577 3937 689 3978 non
738 3923 807 3978 ad
866 3936 1116 3978 errorem
1181 3923 1373 3992 potius
1431 3921 1879 3991 improbandum

179 4012 429 4082 speciale
488 4011 709 4082 aliquid
770 4009 1123 4067 inferamus?
1181 4010 1565 4066 Celeberrima
1613 4011 1880 4081 quaedam

181 4102 434 4157 Ecclesia
464 4101 794 4172 hujusmodi
841 4100 1406 4171 circumvagationes
1451 4100 1679 4171 agebat,
1713 4107 1765 4154 et
1808 4098 1881 4154 ad

183 4190 276 4247 sui
310 4190 729 4260 reparationem
788 4188 984 4244 damni
1016 4197 1277 4264 qumstus
1329 4188 1584 4244 adhibito
1618 4188 1880 4259 prolocu-

185 4285 308 4333 tore
342 4276 659 4348 quaerebat.
717 4277 978 4347 Cumque
1008 4291 1184 4347 super
1223 4276 1484 4346 reliquiis
1509 4276 1632 4333 suis
1662 4291 1884 4332 sermo-

186 4380 320 4421 nem
355 4365 482 4436 plus
525 4380 692 4436 aequo
729 4366 1057 4430 extuberat,
1096 4366 1314 4435 prolato
1365 4366 1721 4436 pltylacterio
1752 4366 1831 4421 ait
1864 4380 1876 4420 :

1983 3211 2052 3267 de
2098 3212 2370 3281 martyris
2417 3210 2709 3265 sanctione
2753 3210 3033 3265 sententia
3088 3216 3249 3264 tanta
3306 3206 3683 3276 ambiguitate

1986 3300 2291 3369 profertur,
2327 3299 2395 3354 de
2426 3298 2864 3364 confessoribus,
2895 3312 3143 3368 quorum
3178 3296 3309 3352 finis
3339 3297 3532 3350 minus
3573 3293 3684 3349 ali—

1985 3388 2208 3458 quoties
2253 3389 2390 3443 certi
2448 3388 2638 3454 habet,
2700 3401 2831 3457 qua;
2881 3400 3127 3441 censura
3188 3384 3461 3440 ferenda?
3509 3381 3561 3438 Si
3626 3383 3685 3435 in

1988 3478 2255 3543 Martino,
2340 3478 2622 3547 Remigio,
2695 3489 2763 3531 ac
2837 3475 3124 3531 similibus
3201 3474 3374 3529 totius
3424 3471 3687 3545 Ecclesiae

1986 3581 2192 3623 sensus
2226 3565 2563 3636 adaequitat,
2592 3566 2734 3635 quid
2768 3564 2837 3620 de
2866 3564 2948 3619 eis
2980 3564 3284 3633 proferam,
3317 3575 3465 3631 quos
3494 3560 3688 3630 praefa-

1987 3665 2175 3712 torum
2198 3655 2474 3711 zemulum
2520 3669 2620 3724 per
2665 3654 2830 3709 villas
2858 3667 2924 3708 ac
2953 3653 3161 3722 oppida
3184 3650 3440 3722 quotidie
3472 3648 3685 3719 vulgus

1989 3744 2191 3800 creat?
2231 3745 2373 3799 Cum
2405 3744 2557 3799 enim
2581 3743 2832 3798 aliialios
2861 3757 3119 3798 summos
3147 3742 3540 3810 conspicerent
3572 3740 3682 3793 ha-

1990 3833 2123 3889 bere
2157 3840 2449 3902 patronos,
2486 3832 2799 3887 voluerunt
2850 3838 2905 3886 et
2956 3831 3060 3900 ipsi
3107 3829 3311 3900 quales
3347 3834 3681 3899 potuerunt,

1989 3929 2044 3977 et
2099 3920 2278 3977 fecere
2329 3920 2423 3990 Lf,
2486 3918 2694 3991 facere]
2748 3932 2901 3974 suos.
2958 3918 3047 3974 Sic
3100 3927 3274 3986 poetae
3326 3932 3459 3973 cum
3505 3917 3691 3986 primo

1990 4011 2269 4081 opuscula
2344 4009 2559 4066 nobilia
2619 4008 2962 4074 emisissent,
3012 4006 3372 4077 postmodum
3434 4005 3691 4075 ipsorum

1990 4100 2357 4156 aemulatione
2385 4098 2606 4169 quique
2638 4096 2907 4152 inertium
2935 4095 3112 4158 ducti,
3155 4117 3177 4144 ι
3217 4094 3572 4164 scripserunt
3604 4093 3691 4164 (ut

1992 4188 2071 4244 ait
2106 4186 2419 4257 Horatius),
2484 4185 2716 4252 indocti,
2752 4184 3022 4254 doctique
3071 4191 3332 4254 poemata
3385 4183 3615 4253 passim.
3664 4201 3686 4230 ι

1992 4276 2220 4332 Artium
2257 4283 2595 4345 repertores,
2628 4278 2683 4330 et
2722 4274 2820 4344 qui
2854 4274 2977 4330 suis
3008 4287 3187 4330 aurea
3229 4272 3441 4329 saecula
3473 4271 3693 4328 duxere

1989 4363 2349 4434 temporibus
2380 4362 2607 4434 antiqui
2634 4363 2690 4417 in
2723 4364 2858 4419 deos
2895 4364 3147 4433 deasque
3177 4362 3467 4427 levarunt,
3522 4361 3691 4416 medii

189 4455 333 4526 (Ego
378 4462 571 4509 autem
604 4453 1150 4524 impraesentiarum)
1199 4454 1419 4522 Sciatis,
1470 4454 1680 4524 inquit,
1728 4453 1880 4524 quod
1923 4464 1966 4518 1)
1999 4461 2288 4523 tantopere
2336 4465 2650 4508 numerosa
2726 4451 2972 4508 numina
3014 4452 3393 4508 cumularunt
3443 4457 3506 4506 ut
3562 4464 3693 4519 pos—

187 4544 343 4599 intra
396 4543 545 4598 hanc
593 4544 890 4612 capsulam
937 4543 1006 4597 de
1070 4556 1214 4613 pane
1248 4543 1361 4610 illo,
1413 4557 1588 4613 quem
1634 4541 1885 4613 propriis

192 4632 471 4688 Dominus
500 4631 770 4687 dentibus
805 4632 1149 4700 masticavit,
1181 4632 1444 4698 habetur,
1478 4632 1579 4687 etsi
1614 4632 1806 4687 minus
1853 4644 1889 4686 a

189 4720 356 4776 vobis
387 4720 660 4785 creditur,
714 4733 842 4774 ecce
900 4719 1086 4787 heros,
1147 4719 1226 4775 ait
1277 4720 1402 4784 (iste
1431 4722 1501 4774 de
1558 4734 1647 4775 me
1693 4728 1886 4775 autem

190 4808 459 4877 dicebat),
491 4822 661 4878 quem
692 4822 792 4863 vos
824 4807 883 4862 in
916 4808 1115 4863 litteris
1144 4800 1467 4878 plurimum
1500 4807 1691 4863 valere
1725 4816 1891 4863 testa-

194 4898 358 4965 mini,
408 4897 585 4953 verbo
643 4911 765 4952 meo
811 4896 859 4951 si
905 4910 1137 4952 necesse
1181 4896 1354 4952 fuerit
1401 4897 1557 4953 testis
1604 4905 1884 4967 assurget.

195 4988 418 5054 Fateor,
458 4984 691 5051 erubui,
727 4998 862 5040 cum
909 4984 1222 5052 audissem,
1264 4992 1321 5040 et
1352 4985 1463 5040 nisi
1494 4999 1694 5041 eorum
1739 4998 1891 5054 prte—

193 5075 396 5139 sentia,
435 5087 583 5144 quos
614 5073 706 5129 ille
733 5080 999 5129 auctores
1021 5072 1231 5129 habere
1252 5073 1585 5139 videbatur,
1609 5072 1892 5129 reveritus

194 5179 397 5233 essem,
432 5171 494 5220 ut
525 5177 662 5234 pace
713 5162 966 5233 ipsorum
1005 5161 1194 5232 potius
1232 5174 1407 5231 quam
1432 5216 1443 5225 \
1468 5159 1626 5215 illius
1671 5160 1773 5229 qui
1809 5159 1893 5214 lo-

196 5254 509 5325 quebatur,
568 5265 756 5322 agam,
830 5250 1130 5306 falsarium
1190 5249 1486 5305 ostendere
1540 5248 1891 5303 debuissem.

196 5341 345 5409 Quid
394 5341 624 5397 dicam?
668 5354 739 5395 ne
788 5338 1055 5393 monachi
1113 5337 1370 5408 quidem,
1419 5336 1632 5392 nedum
1683 5335 1894 5402 clerici,

196 5434 267 5489 ab
297 5431 406 5487 hoc
449 5431 602 5500 turpi
638 5429 1025 5485 emolumento
1056 5442 1115 5483 se
1166 5426 1485 5491 continent,
1536 5433 1601 5480 ut
1653 5439 1744 5480 res
1780 5424 1900 5479 ha:-

197 5521 403 5578 reticas
428 5533 603 5589 super
637 5517 747 5572 fide
772 5524 969 5572 nostra
997 5516 1168 5571 etiam
1207 5529 1296 5569 me
1335 5513 1603 5570 audiente
1633 5527 1901 5583 pronun-

198 5611 357 5667 tient.
390 5610 571 5666 Juxta
602 5605 755 5662 enim
794 5604 937 5659 illud
992 5604 1326 5659 Boetianum
1363 5616 1375 5654 :
1410 5622 1431 5648 ι
1466 5600 1605 5656 lure
1664 5600 1903 5656 insanus

189 5698 513 5772 judicarer,
550 5695 597 5750 si
628 5699 831 5749 contra
860 5691 1092 5746 insanos
1124 5689 1454 5746 altercarer.
1497 5707 1526 5736 ››

1994 4544 2157 4599 tremi
2228 4540 2520 4612 abrogatis
2565 4540 2938 4610 quibusdam,
2996 4541 3276 4609 quosdam
3336 4546 3695 4595 secernerent

1996 4632 2349 4701 selectosque
2398 4637 2687 4686 vocarent.
2757 4628 3055 4684 Samaritae
3096 4628 3360 4698 relegatis
3403 4630 3460 4683 in
3499 4628 3692 4698 Baby~

1995 4721 2211 4777 loniam
2238 4720 2453 4775 Judaais
2480 4719 2613 4774 deos
2644 4717 2753 4773 sibi
2805 4717 3116 4773 conficiunt
3152 4731 3163 4770 :
3204 4738 3224 4765 ι
3290 4716 3689 4786 Unaquaeque,

2000 4807 2211 4878 inquit,
2259 4822 2403 4878 gens
2459 4806 2736 4861 fabricata
2778 4812 2864 4860 est
2921 4806 3097 4860 Deum
3150 4818 3322 4860 suum
3356 4805 3466 4874 (IV
3523 4805 3690 4876 Reg.,

1998 4911 2144 4963 xvu,
2178 4899 2293 4963 29).
2332 4918 2350 4941 -
2376 4900 2525 4949 335
2570 4894 2871 4963 Babylonii
2916 4893 3174 4949 fecerunt
3202 4892 3309 4948 sibi
3351 4892 3557 4949 Socoth
3595 4894 3696 4948 Be-

2000 4986 2161 5049 noth,
2205 4984 2431 5039 Cuthtei
2484 4983 2712 5051 Nergel,
2762 4991 2818 5038 et
2866 4982 2962 5037 alii
3024 4982 3184 5038 alios.
3239 4982 3409 5052 Apud
3466 4981 3698 5037 beatum

2001 5072 2342 5144 Gregorium
2373 5073 2392 5140 (
2427 5071 2712 5126 Pas-toral.
2745 5078 2890 5141 part.
2925 5085 2984 5126 ll.
3033 5084 3159 5141 cap.
3216 5072 3296 5135 ti,
3332 5069 3512 5140 initio)
3558 5084 3700 5127 con-

2002 5170 2111 5217 stat
2141 5161 2294 5230 quod
2348 5160 2413 5227 is,
2464 5160 2566 5230 qui
2614 5160 2894 5230 displicet,
2945 5174 3077 5215 cum
3128 5159 3199 5214 ad
3231 5158 3699 5216 intercedendum

2007 5250 2280 5317 mittitur,
2312 5248 2439 5302 irati
2478 5250 2714 5303 animus
2763 5249 2833 5303 ad
2883 5248 3137 5303 deterius
3183 5254 3550 5317 provocatur.
3597 5245 3704 5302 Sed

2007 5352 2207 5394 omnes
2250 5336 2573 5392 diffitentur
2619 5351 2679 5392 se
2721 5337 2862 5393 tales
2903 5338 3006 5407 qui
3055 5337 3393 5406 displiceant
3436 5344 3707 5407 patronos

2009 5426 2267 5496 elegisse.

2085 5515 2262 5579 Quem
2304 5516 2571 5568 sanctum
2622 5512 2805 5568 nescit
2829 5529 2957 5567 cum
3012 5511 3142 5584 quis
3182 5518 3333 5579 orat,
3388 5514 3607 5585 peccat.
3641 5541 3707 5551 ——

2013 5601 2218 5657 Dicant
2253 5616 2391 5672 ergo
2440 5602 2575 5657 mihi
2629 5602 2918 5671 quomodo
2963 5602 3069 5657 sibi
3129 5600 3289 5656 illum
3360 5600 3707 5671 patrocinari

2013 5693 2320 5760 aestimant,
2355 5696 2426 5746 de
2454 5705 2573 5761 quo
2615 5690 2906 5761 quidquid
2959 5700 3044 5746 est
3068 5691 3365 5745 sciendum
3420 5689 3706 5759 ignorant.
