3936 6416
275 374 379 430 623

1155 369 1218 424 ν.
1259 368 1600 426 GUIBERTI
1640 369 1932 426 ABBATIS
1967 369 2026 424 S.
2077 369 2320 426 ΙΑΒΙᾸΞ
2360 369 2449 427 DE
2487 367 2884 426 NOVIGENTO

3677 369 3792 421 624

277 511 578 580 Nusquam
629 507 698 564 de
733 522 799 563 eo
860 505 1135 576 scriptum
1179 513 1384 576 praeter
1431 519 1636 560 nomen
1683 504 1958 560 invenies.
2000 508 2047 560 Α
2076 512 2406 576 suppetant,
2437 505 2664 561 credere
2687 503 2919 575 quidem
2959 503 3028 560 de
3069 503 3191 575 ipsa
3221 504 3509 575 quidquid
3553 505 3791 576 gloriﬁ-

277 599 579 664 (laterum,
616 603 837 652 tacente
861 594 1032 661 clero,
1068 607 1236 660 anus,
1266 601 1320 649 et
1373 592 1850 648 muliercularum
1878 593 1971 646 vi-

279 686 423 742 lium
452 698 672 756 greges,
703 685 908 740 talium
939 692 1312 752 patronorum
1345 688 1758 736 commentatas
1796 679 1970 736 histo-

280 775 396 830 rias
426 782 549 844 post
576 771 896 836 insubulos,
927 780 981 826 et
1016 771 1283 826 Iitiatoria
1311 771 1612 837 cantitant,
1645 777 1700 824 et
1748 769 1795 824 si
1840 770 1974 840 quis

280 877 482 918 earum
527 860 677 917 dicta
719 859 956 922 refellat,
1016 873 1116 928 pro
1166 857 1494 914 defensione
1556 859 1813 928 ipsorum
1855 871 1973 913 non

282 951 448 1006 modo
475 949 768 1014 conviciis,
810 947 905 1002 sed
939 945 1182 1002 telarum
1214 947 1392 1001 radiis
1434 947 1669 1001 instant.
1725 946 1803 1000 De
1833 945 1973 1015 qui-

283 1039 392 1093 bus
428 1050 654 1108 ergone
679 1035 948 1105 suspicio,
982 1035 1182 1104 quales
1214 1033 1448 1100 fuerint,
1476 1033 1706 1088 residua
1737 1033 1970 1103 quidem

279 1133 484 1191 exstat,
518 1124 649 1194 quis
708 1125 808 1179 bos
835 1123 941 1178 nisi
969 1130 1223 1178 extreme
1255 1123 1487 1177 demens
1537 1122 1608 1176 ad
1643 1135 1744 1191 pro
1795 1135 1853 1176 se
1885 1122 1970 1175 in-

280 1213 702 1284 terpellandum
746 1211 1054 1281 provocat?
1102 1211 1165 1265 Et
1207 1211 1389 1266 oratio
1455 1208 1554 1264 illa
1607 1209 1745 1280 quid
1797 1207 1968 1275 valet,

281 1301 378 1356 ubi
409 1299 626 1356 orantis
651 1299 912 1353 animum
942 1299 1069 1367 ejus
1098 1311 1271 1367 quem
1304 1297 1419 1352 Deo
1454 1311 1555 1366 pro
1583 1310 1642 1351 se
1671 1295 1973 1366 prmtendit

278 1388 608 1444 omnimoda
681 1385 1022 1441 incertitudo
1091 1385 1411 1440 remordet?
1489 1385 1655 1451 Quid,
1731 1383 1972 1453 inquam

279 1478 527 1547 prodest,
580 1491 712 1546 quae
741 1475 862 1529 sine
913 1482 1144 1542 peccato
1187 1486 1512 1542 numquam
1552 1472 1675 1528 est?
1724 1472 1777 1527 Si
1819 1472 1972 1527 enim

276 1582 406 1622 oras
435 1579 604 1636 quem
637 1571 902 1618 sanctum
945 1563 1182 1626 nescias,
1216 1561 1275 1616 in
1327 1576 1392 1617 eo
1424 1561 1546 1631 ipso
1596 1575 1812 1630 peccas.
1855 1575 1972 1630 quo

277 1655 505 1710 veniam
551 1653 857 1721 impetrare
886 1649 1188 1715 debueras,
1242 1649 1380 1718 quia
1427 1664 1540 1703 non
1586 1656 1735 1703 recte
1764 1648 1974 1703 dividis

275 1757 408 1798 cum
437 1750 586 1797 recte
615 1739 842 1795 oll‘eras.
870 1741 933 1795 In
963 1752 1082 1809 quo
1105 1738 1272 1807 plane
1305 1750 1478 1792 orans
1507 1736 1760 1801 dubitas,
1789 1737 1967 1792 Deum

276 1831 610 1888 nullatenus
641 1829 860 1898 placas;
893 1828 987 1884 sed
1017 1828 1157 1882 dum
1187 1826 1257 1882 de
1289 1832 1391 1881 tua
1437 1825 1705 1895 petitione
1734 1825 1965 1890 difﬁdis,

277 1917 488 1984 irritas,
520 1917 592 1971 ad
620 1915 748 1986 ejus
787 1928 1039 1986 namque
1086 1913 1360 1984 injuriam
1393 1913 1638 1982 respicit,
1675 1912 1746 1968 ad
1797 1925 1970 1982 quem

275 2005 323 2059 is
353 2004 680 2075 prolocutor
707 2003 1000 2075 dirigitur,
1033 2017 1205 2073 quem
1241 2017 1353 2058 non
1384 1999 1560 2057 novit.
1585 2001 1655 2056 Et
1686 2001 1972 2071 quomodo

275 2094 377 2150 tibi
413 2094 795 2163 proloquatur
847 2092 948 2162 qui
999 2091 1101 2148 tibi
1147 2100 1450 2161 suspectus
1490 2090 1778 2146 habetur?
1818 2090 1887 2145 Et
1923 2089 1970 2144 si

275 2181 419 2238 bene
449 2196 564 2236 non
607 2181 883 2250 opinaris,
932 2180 1002 2234 de
1039 2195 1124 2246 eo,
1159 2179 1298 2249 quid
1337 2187 1388 2234 te
1415 2178 1760 2234 meriturum
1788 2177 1972 2232 credis

275 2269 348 2324 ab
382 2268 502 2338 ipso
523 2267 551 2321 ?
585 2267 731 2322 Dicit
778 2267 1030 2338 quodam
1064 2267 1122 2320 in
1152 2267 1271 2321 loco
1300 2266 1642 2321 Ambrosius
1675 2279 1733 2319 ;‹‹
1788 2263 1974 2335 Super

275 2371 363 2412 me
393 2357 558 2411 debet
587 2369 707 2410 esse
737 2355 833 2409 cui
866 2369 954 2410 me
983 2355 1339 2410 committere
1371 2367 1528 2422 paro.
1574 2374 1595 2401 ι

347 2445 426 2498 De
455 2443 624 2513 cujus
657 2444 850 2512 itaque
893 2450 1048 2496 statu
1095 2442 1330 2496 omnino
1373 2441 1638 2510 ambigis,
1672 2440 1840 2496 talem
1874 2455 1969 2511 pe-

274 2539 392 2588 tere
413 2546 602 2586 noune
633 2529 819 2585 insani
854 2543 1094 2598 prorsus
1123 2536 1206 2584 est
1237 2528 1476 2598 capitis?
1519 2537 1575 2584 et
1605 2543 1777 2598 quem
1807 2528 1968 2599 igno-

275 2635 370 2676 ras
413 2627 612 2675 utrum
667 2618 871 2673 melior
915 2627 968 2673 te
1017 2617 1108 2683 sit,
1145 2630 1327 2686 quare
1374 2617 1628 2687 postulas
1677 2625 1740 2673 ut
1799 2631 1972 2686 penes

275 2710 457 2763 Deum
481 2722 582 2778 pro
605 2715 656 2762 te
686 2707 799 2762 sit?
843 2706 986 2761 Vide
1035 2705 1341 2760 Dominum
1400 2720 1586 2776 usque
1618 2706 1686 2760 ad
1720 2705 1972 2761 transla-

275 2796 487 2852 tionem
547 2795 756 2851 montis
821 2794 948 2850 ﬁdei
1005 2805 1276 2848 meritum
1332 2793 1846 2860 commendantem,
1915 2796 1971 2848 et

273 2883 689 2940 haesitationem
722 2881 911 2938 cordis
958 2889 1153 2952 aperte
1205 2888 1493 2938 vetantem
1535 2882 1774 2952 (Matth.
1841 2895 1966 2948 xxi,

272 2975 382 3038 2t).
438 2973 519 3028 Ac
573 2971 620 3027 si
673 2971 931 3028 diceret:
993 2970 1047 3026 Si
1105 2970 1245 3041 quid
1297 2985 1572 3041 magnum
1632 2971 1965 3041 proponitis,

2081 595 2267 650 catius
2286 602 2390 658 est,
2419 594 2520 650 etsi
2557 597 2724 650 tacite
2755 608 3084 664 possumus,
3133 593 3476 664 neutiquam
3503 609 3646 650 vero
3679 608 3792 664 ap-

2085 682 2327 751 probare
2357 682 2637 737 valemus.

2151 767 2313 824 Ratio
2345 770 2510 838 plane
2544 769 2738 839 procul
2770 769 2950 825 dubio
2983 769 3219 824 evidens
3252 770 3502 837 videtur,
3540 777 3604 825 ut
3637 784 3786 826 cum

2083 856 2266 911 multa
2301 872 2789 928 quorumcunque
2835 867 3164 914 sanctorum
3197 872 3438 927 corpora
3489 873 3624 914 cum
3657 858 3706 928 ej
3722 873 3797 913 us

2083 945 2224 1000 Filio
2274 948 2650 1002 resurrexisse
2696 947 3029 1013 credantur,
3083 947 3199 1012 illa,
3263 946 3436 1016 cujus
3491 961 3625 1002 caro
3664 961 3795 1002 non

2082 1033 2258 1088 altera
2303 1047 2478 1103 quam
2515 1033 2639 1088 Filii
2689 1041 2790 1096 est.
2844 1035 3154 1104 przesertim
3192 1047 3325 1103 quae
3378 1033 3539 1088 nulla
3593 1033 3795 1089 Patris

2083 1122 2190 1176 nisi
2222 1122 2341 1176 sola
2371 1121 2554 1176 sancti
2607 1121 2856 1191 Spiritus
2917 1121 2975 1176 in
3006 1130 3287 1190 conceptu
3344 1121 3469 1191 ejus
3524 1121 3793 1178 fomenta

2081 1209 2433 1279 cognoverit,
2474 1211 2760 1280 quomodo
2791 1209 2900 1265 sub
2951 1209 3178 1279 legibus
3228 1209 3482 1278 antiquze
3533 1208 3793 1263 maledi-

2083 1297 2283 1353 ctionis
2333 1298 2388 1352 in
2437 1298 2674 1366 pulvere
2728 1306 2890 1353 terra:
2952 1296 3242 1364 resederit,
3295 1311 3426 1366 quae
3481 1299 3790 1351 auctorem

2084 1386 2492 1441 benedictionis
2567 1386 2940 1454 singulariter
2999 1386 3178 1442 electa
3261 1384 3564 1455 protulerit
3641 1381 3788 1440 cuin

2083 1473 2205 1529 sine
2231 1474 2596 1539 detrimento,
2627 1476 2672 1528 si
2700 1473 2886 1529 dicere
2938 1474 3204 1540 audeam,
3256 1473 3450 1528 carnis
3499 1472 3625 1528 Filii
3657 1486 3792 1527 esse

2083 1576 2197 1616 non
2245 1563 2436 1631 possit,
2487 1563 2530 1616 si
2596 1562 2794 1617 Matris
2854 1576 3086 1617 carnem
3133 1561 3242 1616 sub
3290 1562 3585 1616 communi
3627 1569 3790 1616 sorte

2081 1649 2381 1714 dimiserit,
2411 1657 2465 1705 et
2497 1649 2859 1719 privilegium
2893 1649 3206 1719 peregrina:
3236 1649 3396 1704 carni
3444 1647 3788 1716 contulerit,

2081 1737 2235 1806 quod
2269 1737 2430 1793 Matri
2463 1753 2582 1794 suae
2617 1738 2791 1806 ipsius
2824 1753 2972 1794 verae
3028 1739 3208 1805 carni,
3270 1737 3614 1809 negaverit?
3663 1738 3785 1793 La—

2083 1830 2266 1882 tenter
2305 1827 2539 1896 quidem
2574 1828 2626 1883 id
2670 1827 2904 1883 minime
2934 1828 3144 1883 sentire
3199 1835 3484 1893 vetamur,
3526 1828 3668 1896 quia
3702 1835 3789 1881 ta-

2081 1928 2212 1970 men
2243 1915 2563 1970 testimonia
2604 1930 2717 1970 non
2764 1915 3046 1985 adjacent,
3080 1929 3332 1970 asserere
3381 1915 3782 1984 prohibemur.

2149 2003 2392 2056 Recusat
2419 2005 2620 2056 auctor
2644 2000 2868 2059 incerta
2899 2005 3072 2073 atque
3099 2001 3391 2074 incognita
3441 2005 3782 2056 sanctorum

2079 2095 2214 2144 acta
2243 2089 2614 2144 conscribere.
2649 2120 2716 2129 —
2750 2089 2805 2145 Si
2835 2091 2903 2146 de
2937 2091 3033 2146 illa
3060 2089 3230 2160 cujus
3287 2091 3528 2161 gloriam
3586 2089 3781 2145 metiri

2080 2179 2269 2234 omnis
2293 2186 2558 2233 creatura
2585 2193 2696 2233 non
2733 2178 3017 2248 praevalet.
3056 2192 3125 2233 ea
3154 2192 3285 2248 qua:
3319 2180 3613 2248 praemissa
3637 2185 3782 2233 sunt

2080 2266 2282 2322 docere
2326 2281 2439 2321 non
2485 2281 2811 2336 possumus,
2857 2266 2926 2321 de
2959 2267 3025 2321 iis
3072 2280 3322 2336 quorum
3355 2267 3512 2322 salus
3563 2274 3617 2321 et
3648 2279 3780 2334 per-

2081 2354 2218 2410 ditio
2248 2354 2465 2409 incerta
2494 2365 2648 2421 sunt,
2685 2355 2826 2424 quid
2869 2354 2979 2409 nisi
3011 2353 3304 2410 silentium
3358 2353 3778 2424 sempiternum

2079 2441 2360 2511 imperare
2379 2443 2652 2498 debemus
2675 2441 2703 2496 ?
2737 2443 2910 2498 Porro
2934 2453 3068 2498 sunt
3092 2443 3358 2512 quaedam
3383 2442 3454 2497 de
3474 2441 3774 2512 aliquibus

2078 2531 2312 2600 scripta,
2348 2545 2478 2600 quae
2509 2532 2688 2586 multo
2728 2531 3010 2586 deteriora
3049 2530 3234 2586 neniis
3283 2544 3354 2586 ne
3393 2531 3776 2586 subulcorum

2079 2619 2313 2688 quidem
2339 2626 2527 2674 essent
2569 2617 2814 2673 auribus
2856 2617 3170 2672 inferenda.
3203 2617 3365 2674 Certe
3405 2632 3538 2673 cum
3578 2618 3778 2688 plures

2079 2706 2292 2761 sanctis
2334 2707 2455 2761 suis
2501 2720 2759 2760 summas
2819 2705 3196 2776 antiquitates
3245 2705 3589 2774 attribuant,
3647 2719 3773 2760 mo-

2078 2795 2256 2850 derno
2287 2802 2535 2864 tempore
2563 2808 2763 2850 eorum
2793 2793 2964 2849 scribi
2999 2793 3144 2849 vitas
3171 2793 3559 2864 expostulant.
3611 2792 3777 2860 Quod

2077 2897 2113 2938 a
2161 2897 2250 2939 me
2281 2883 2531 2952 profecto
2581 2898 2729 2952 saepe
2765 2883 3001 2952 petitum
3042 2891 3141 2938 est.
3191 2883 3314 2954 Ego
3360 2891 3552 2938 autem
3596 2883 3651 2936 in
3687 2882 3779 2937 his

2079 2983 2210 3038 quae
2235 2969 2534 3025 obtutibus
2560 2970 2882 3040 subjacent,
2921 2969 3115 3038 fallor;
3139 2978 3194 3024 et
3227 2970 3297 3025 de
3336 2968 3405 3024 iis
3443 2983 3574 3038 quae
3606 2983 3775 3024 nemo

274 3069 800 3132 quantumcunque
853 3059 994 3116 illud
1034 3067 1138 3121 est,
1182 3060 1228 3113 si
1273 3058 1363 3114 vel
1420 3073 1624 3128 parum
1672 3059 1964 3126 haesitatis,
2009 3073 2051 3129 ο
2079 3071 2340 3128 unquam
2367 3058 2588 3125 viderit,
2631 3057 2769 3128 quid
2795 3059 2912 3112 veri
2945 3056 3254 3127 proﬁteor?
3284 3056 3340 3112 Si
3365 3057 3607 3113 dicerem
3641 3071 3776 3127 quae

273 3148 555 3215 amittitis,
607 3158 658 3204 et
716 3147 896 3204 multo
945 3145 1303 3203 tolerabilius
1348 3157 1431 3202 est
1486 3147 1554 3202 de
1601 3161 1705 3202 suo
1773 3146 1973 3202 merito

273 3252 569 3309 quemque
599 3237 856 3292 difﬁdere
879 3251 1054 3306 quam
1091 3236 1160 3291 de
1186 3249 1252 3291 eo
1285 3235 1339 3290 in
1374 3250 1490 3306 quo
1519 3249 1648 3305 spes
1676 3243 1774 3291 tua
1805 3249 1974 3305 penes

273 3327 455 3382 Deum
499 3327 852 3395 pependerit,
913 3333 1153 3394 patrono
1181 3331 1282 3380 tuo
1313 3324 1592 3390 videlicet,
1647 3324 1968 3393 desperare.

271 3413 416 3480 Quia
463 3414 617 3468 enim
681 3413 872 3468 minus
913 3412 1013 3468 tibi
1060 3412 1347 3475 attribuis,
1405 3411 1566 3466 illum
1615 3412 1876 3478 adhbes,
1917 3418 1972 3466 et

271 3511 422 3560 certe
455 3503 603 3556 nosti
631 3500 773 3570 quia
804 3501 848 3554 si
885 3500 1168 3568 interpres
1215 3507 1354 3555 tuus
1383 3499 1644 3555 falsitatis
1677 3500 1969 3571 arguitur,

271 3588 559 3661 quidquid
591 3590 895 3658 impetrare
916 3595 1204 3656 potueras,
1240 3587 1460 3657 perdes.

340 3677 575 3750 Apertis
597 3675 955 3747 argumentis
973 3691 1182 3747 corpus
1207 3677 1272 3730 Β.
1307 3675 1566 3748 Virginis
1581 3674 1970 3748 glori/iculum

271 3766 458 3822 asseri
475 3781 594 3821 non
638 3768 869 3835 potest:
907 3763 1202 3829 nefarium
1230 3769 1423 3819 tamen
1457 3769 1542 3820 est
1563 3767 1796 3820 credere
1820 3765 1971 3820 illud

269 3853 627 3927 corruptioni
648 3853 982 3921 obnoxium,
1005 3852 1306 3925 reliquisse
1333 3853 1561 3909 Filium.
1583 3854 1747 3910 Ratio
1765 3855 1972 3911 suadet

269 3945 332 4000 in
361 3945 564 4002 aetum
577 3942 774 4014 fuisse
801 3945 1178 4014 assumptum.
1213 3972 1280 3982 —
1311 3941 1416 3998 Sed
1462 3943 1695 4013 quid'in
1747 3943 1812 3998 iis
1866 3943 1968 3999 diu

272 4049 469 4090 versor
509 4047 644 4090 cum
701 4040 862 4087 tanta
889 4034 961 4088 sit
1001 4033 1057 4086 in
1105 4033 1281 4087 totius
1308 4039 1520 4086 sancta
1577 4031 1839 4087 Ecclesia:
1871 4045 1968 4088 ore

270 4123 547 4193 pudicitia
573 4120 663 4192 (ιο)
698 4129 760 4176 ut
810 4122 980 4175 etiam
1016 4120 1214 4175 Matris
1262 4119 1572 4175 Dominicze
1613 4134 1823 4190 corpus
1871 4135 1965 4176 re-

273 4209 626 4266 surrectione
679 4209 1063 4280 glorilicatum
1092 4207 1280 4263 dicere
1309 4222 1422 4263 non
1455 4209 1685 4276 audeat,
1747 4210 1820 4264 ob
1859 4208 1968 4265 hoc

273 4299 534 4354 videlicet
578 4297 734 4366 quod
793 4297 1126 4352 necessariis
1185 4297 1542 4367 argumentis
1593 4297 1966 4368 comprobare

272 4401 389 4441 non
423 4383 648 4440 valeat?
680 4385 751 4440 Et
797 4399 928 4440 cum
978 4398 1082 4439 vas
1131 4383 1270 4440 illud
1318 4385 1476 4440 omni
1522 4395 1789 4441 creatura
1844 4394 1962 4456 post

274 4474 482 4530 Filium
521 4473 874 4543 praeclarius,
927 4473 1079 4543 quod
1124 4475 1426 4530 Dominum
1477 4475 1786 4544 majestatis
1841 4475 1968 4530 uni-

269 4576 570 4618 versorum
597 4561 861 4626 contulit,
895 4562 1050 4632 quod
1103 4575 1408 4633 nunquam
1447 4563 1548 4618 ulli
1588 4577 1657 4616 ne
1689 4563 1963 4632 angelicae

271 4649 502 4721 quidem
529 4658 752 4706 naturae
791 4649 1034 4717 licuerit,
1087 4649 1596 4717 irremuneratum,
1646 4651 1966 4706 inhonora-

271 4745 469 4794 tumve
498 4739 777 4794 dimisisse
837 4739 907 4793 ad
952 4737 1367 4808 experientiam
1429 4739 1812 4806 corruptionis
1839 4754 1962 4796 cre-

267 4827 402 4883 dere
440 4828 726 4883 netarium
755 4829 828 4882 sit
861 4829 1201 4896 (praesertim
1251 4841 1382 4882 cum
1419 4828 1571 4896 quod
1604 4828 1829 4898 corpori
1856 4843 1962 4884 suo

270 4915 644 4987 gloriﬁcando
669 4915 950 4981 debuerit,
990 4923 1247 4970 materno
1303 4915 1549 4984 corpori,
1608 4929 1677 4971 ex
1733 4930 1848 4986 quo
1878 4925 1962 4972 est

269 5003 426 5075 quod
458 5012 561 5068 est,
607 5003 904 5058 redhibere
940 5001 1226 5058 obnoxius
1253 5003 1374 5072 sit),
1419 5003 1822 5059 resuscitatum
1855 5019 1959 5060 ne-

268 5105 567 5162 quaquam
597 5091 785 5146 dicere
826 5090 1184 5160 audeamus;
1217 5107 1318 5147 nec
1363 5091 1435 5147 ob
1481 5091 1638 5147 aliud
1690 5091 1956 5162 profecto,

267 5181 376 5236 nisi
429 5179 582 5248 quod
627 5177 1024 5247 probabilibus
1081 5180 1304 5235 indiciis
1361 5180 1414 5234 id
1479 5194 1805 5236 asseverare
1845 5195 1958 5236 non

266 5280 596 5338 possumus.
630 5265 749 5322 Etsi
781 5266 935 5322 enim
986 5267 1127 5323 alias
1155 5269 1212 5322 in
1245 5268 1582 5324 dissertione
1628 5282 1804 5324 sacrae
1851 5282 1960 5340 pa-

270 5357 420 5428 ginae
448 5355 592 5410 ratio
622 5354 924 5424 aliquoties
954 5355 1070 5410 sola
1099 5355 1420 5420 conveniat,
1450 5357 1727 5412 tationem
1765 5365 1957 5414 autem

269 5443 528 5499 adhibita
596 5441 1023 5512 Scripturarum
1080 5441 1138 5498 in
1194 5458 1253 5498 se
1307 5444 1570 5513 exempla
1607 5444 1953 5511 contineant,

270 5532 364 5587 hic
396 5538 584 5587 tamen
628 5530 732 5586 etsi
764 5531 909 5586 ratio
952 5544 1079 5585 eam
1133 5531 1202 5585 ad
1241 5529 1529 5601 integrum
1586 5546 1821 5602 corpore
1867 5547 1956 5588 re-

267 5619 544 5676 suscitato
591 5618 962 5674 clariﬁcntam
1019 5619 1509 5688 opportunissima
1568 5621 1957 5692 undecunque

265 5714 597 5778 comportet,
650 5719 854 5763 verum
898 5706 1038 5776 quia
1087 5705 1372 5762 evidentia
1411 5707 1790 5776 probamenta
1844 5721 1959 5764 non

2081 3146 2194 3202 dici
2249 3145 2468 3213 audivi,
2502 3154 2557 3202 et
2601 3149 2771 3201 etiam
2820 3160 2947 3201 sum
3001 3151 3238 3216 rogatus
3273 3151 3337 3201 ut
3389 3158 3564 3215 super
3605 3146 3776 3201 laude

2082 3235 2290 3290 borum
2325 3243 2436 3290 tam
2496 3235 2832 3305 ignobilium
2867 3235 3134 3300 dicerem,
3171 3235 3315 3304 quin
3359 3233 3528 3290 etiam
3561 3234 3631 3289 ad
3687 3247 3779 3303 po-

2081 3323 2281 3392 pulum
2313 3323 2724 3390 declamarent;
2771 3330 2826 3378 et
2861 3336 2986 3393 ego,
3035 3323 3080 3378 si
3138 3325 3380 3392 quasita
3408 3321 3676 3390 diruerent,
3717 3330 3776 3380 et

2080 3411 2180 3477 illi,
2228 3411 2331 3480 qui
2390 3410 2526 3466 talia
2573 3412 2960 3482 suggerebant
3014 3409 3270 3480 dicere,’
3287 3411 3517 3481 publico
3562 3413 3776 3481 pariter

2079 3499 2335 3554 cauterio
2365 3499 2526 3570 digni
2555 3507 2761 3556 essent.

2151 3585 2178 3657 ἕ
2203 3589 2273 3642 ΙΙ.
2311 3587 2400 3642 De
2423 3592 2756 3644 sanctorum
2784 3587 3048 3660 reliquiis
3077 3604 3323 3660 quarum
3355 3587 3581 3643 nullum
3609 3605 3771 3660 pror-

2077 3693 2174 3732 sus
2189 3683 2276 3733 est
2294 3677 2549 3732 dubium.
2583 3677 3213 3749 Constantinopolitani
3229 3681 3284 3732 et
3313 3679 3774 3749 Anqeriacenses

2077 3765 2350 3822 monachi
2380 3769 2556 3838 caput
2577 3767 2633 3822 S.
2665 3765 2910 3823 Joannis
2931 3765 3200 3839 Bap/istae
3227 3766 3434 3820 habere
3462 3769 3768 3823 testantur.

2076 3885 2145 3894 —
2171 3855 2275 3910 Sed
2301 3856 2388 3921 iis,
2435 3870 2580 3926 quos
2609 3857 2702 3912 sui
2753 3855 3006 3925 ipsorum
3047 3855 3358 3912 auctoritas
3403 3865 3762 3926 exauctorat,

2075 3944 2320 4008 omissis,
2387 3958 2502 4011 eos,
2547 3958 2694 4014 quos
2736 3945 3022 4001 certitudo
3057 3945 3181 4000 ﬁdei
3213 3945 3554 4014 exsequitur
3594 3946 3766 4001 attin-

2077 4045 2300 4104 gamus.
2359 4031 2521 4089 Certe
2578 4040 2632 4088 et
2695 4032 2828 4102 ipsis
2891 4038 3040 4088 380
3120 4047 3284 4089 error
3340 4041 3423 4089 est
3483 4033 3762 4103 inﬁnitus,

2077 4127 2178 4175 aut
2229 4119 2287 4174 hi
2333 4119 2516 4186 illum,
2566 4128 2620 4176 et
2663 4121 2929 4176 eumdem
2983 4120 3080 4176 alii
3137 4121 3419 4176 haberese
3476 4130 3758 4188 asserunt,

2074 4207 2234 4263 verbi
2275 4209 2461 4278 gratia
2490 4207 2600 4278 (¹¹),
2631 4216 2806 4279 caput
2841 4209 3102 4278 Baptistae
3137 4207 3415 4264 Domiuiei
3449 4223 3579 4263 cum
3611 4208 3762 4264 Con-

2077 4295 2574 4366 stantinopolitani
2655 4293 2866 4352 habere
2921 4312 2981 4351 se
3045 4297 3257 4363 dicant,
3319 4297 3760 4367 Angeriacenses

2077 4384 2344 4440 monachi
2376 4385 2521 4441 idem
2547 4400 2605 4442 se
2638 4385 2844 4442 habere
2875 4393 3159 4441 testantur
3237 4384 3380 4451 Quid
3414 4399 3550 4456 ergo
3582 4388 3759 4455 magis

2071 4473 2383 4530 ridiculum
2419 4488 2594 4544 super
2619 4482 2776 4530 tanto
2813 4474 3039 4530 homine
3091 4474 3449 4544 przedieetur,
3483 4487 3656 4544 quam
3708 4474 3754 4528 si

2074 4561 2266 4632 biceps
2293 4577 2413 4619 esse
2436 4563 2509 4620 ab
2545 4565 2802 4634 utrisque
2835 4564 3103 4619 dicatur?
3133 4564 3234 4620 Sed
3283 4563 3574 4634 abrogatis
3605 4561 3755 4618 ludi-

2072 4652 2186 4707 cris
2213 4651 2362 4707 seria
2407 4653 2792 4708 attendamus.
2843 4652 2987 4708 Cum
3036 4665 3176 4722 ergo
3217 4661 3432 4707 constet
3492 4651 3545 4706 id
3604 4651 3755 4722 quod

2071 4753 2363 4810 nusquam
2407 4739 2685 4810 geminari
2734 4739 2980 4810 potuerit
3045 4749 3352 4796 aitertitros
3399 4740 3602 4796 habere
3644 4753 3752 4794 non

2071 4840 2252 4896 posse,
2289 4827 2656 4896 perspicuum
2680 4836 2763 4882 est
2792 4827 2912 4894 hos,
2946 4827 3034 4882 vel
3061 4827 3202 4893 illos,
3238 4828 3501 4897 plurimas
3529 4826 3752 4883 falsitati

2071 4915 2467 4970 succumbere.
2537 4914 2698 4982 Quod
2750 4915 2797 4970 si
2853 4916 2908 4970 in
2964 4917 3069 4971 hac
3122 4930 3182 4971 re
3227 4930 3358 4986 qua)
3409 4924 3522 4972 tota
3569 4915 3749 4986 pietati

2069 5003 2423 5070 commilitat,
2475 5012 2680 5060 mutua
2709 5004 2777 5060 ad
2805 5018 2864 5061 se
2895 5019 3123 5060 versum
3156 5006 3492 5076 arrogantia
3525 5003 3750 5060 menda-

2071 5092 2274 5162 cioque
2321 5091 2663 5162 conﬂigunt,
2713 5107 2814 5162 pro
2861 5093 3074 5148 divinis
3146 5093 3502 5150 daemoniaca
3554 5101 3748 5163 agunt.

2070 5181 2341 5236 Alterutri
2378 5195 2514 5249 ergo
2561 5181 2660 5250 qui
2691 5181 3061 5250 decipiuntur
3107 5190 3282 5252 atque
3325 5183 3636 5252 decipiunt.
3673 5181 3750 5237 id-

2070 5269 2255 5337 ipsum
2317 5268 2566 5338 profecto
2613 5284 2730 5340 quo
2786 5283 2844 5325 se
2886 5271 3170 5341 jactitant.
3238 5271 3487 5327 indebite
3541 5269 3748 5326 colunt.

2067 5356 2224 5424 Quod
2259 5358 2303 5412 si
2332 5357 2637 5428 indignum
2669 5358 2888 5428 aliquid
2923 5358 2996 5414 ab
3023 5360 3106 5414 eis
3139 5357 3366 5426 colitur,
3384 5373 3510 5414 ecce
3543 5367 3749 5428 quanto

2065 5444 2378 5501 discrimini
2423 5445 2596 5500 series
2640 5445 2690 5500 ei
2740 5445 3178 5515 obsequentium
3236 5449 3503 5502 universa
3547 5445 3747 5501 addici-

2066 5539 2183 5588 tur.
2231 5532 2396 5596 Quod
2459 5533 2504 5588 si
2558 5535 2817 5589 Joannis.
2849 5534 3116 5604 Baptislaa
3167 5549 3280 5590 non
3347 5545 3451 5602 est,
3513 5533 3749 5606 alicujus

2065 5634 2202 5677 vero
2233 5623 2413 5678 sancti
2449 5631 2552 5690 est,
2602 5636 2716 5678 non
2766 5623 3047 5680 mediocre
3082 5632 3272 5680 tamen
3304 5623 3588 5681 mendacii
3633 5637 3747 5683 ma-

2066 5707 2189 5764 lum
2217 5715 2321 5765 est.
