  <div class='ocr_page' id='page_1' title='image "/cluster/home/n/w/nwhite01/storage/ocr_20150623/156-157/uc1.31175010662024/318.png"; bbox 0 0 3936 6410; ppageno 0'>
   <div class='ocr_carea' id='block_1_1' title="bbox 143 370 252 425">
    <p class='ocr_par' dir='ltr' id='par_1_1' title="bbox 143 370 252 425">
     <span class='ocr_line' id='line_1_1' title="bbox 143 370 252 425; baseline -0.009 -1"><span class='ocrx_word' id='word_1_1' title='bbox 143 370 252 425; x_wconf 77' lang='lat'><strong>6‘25</strong></span> 
     </span>
    </p>
   </div>
   <div class='ocr_carea' id='block_1_2' title="bbox 1227 373 2601 438">
    <p class='ocr_par' dir='ltr' id='par_1_2' title="bbox 1227 373 2601 438">
     <span class='ocr_line' id='line_1_2' title="bbox 1227 373 2601 438; baseline 0.006 -10"><span class='ocrx_word' id='word_1_2' title='bbox 1227 373 1320 429; x_wconf 86' lang='lat' dir='ltr'><strong>DE</strong></span> <span class='ocrx_word' id='word_1_3' title='bbox 1362 374 1785 433; x_wconf 83' lang='lat' dir='ltr'><strong>PIGNOBIBUS</strong></span> <span class='ocrx_word' id='word_1_4' title='bbox 1823 377 2262 436; x_wconf 76' lang='lat' dir='ltr'><strong>SANCTORUM.</strong></span> <span class='ocrx_word' id='word_1_5' title='bbox 2286 412 2354 421; x_wconf 89' lang='lat'>—</span> <span class='ocrx_word' id='word_1_6' title='bbox 2388 382 2516 437; x_wconf 86' lang='lat' dir='ltr'><strong>LIB.</strong></span> <span class='ocrx_word' id='word_1_7' title='bbox 2559 384 2601 438; x_wconf 89' lang='grc' dir='ltr'><strong>Ι.</strong></span> 
     </span>
    </p>
   </div>
   <div class='ocr_carea' id='block_1_3' title="bbox 3564 396 3667 449">
    <p class='ocr_par' dir='ltr' id='par_1_3' title="bbox 3564 396 3667 449">
     <span class='ocr_line' id='line_1_3' title="bbox 3564 396 3667 449; baseline 0 0"><span class='ocrx_word' id='word_1_8' title='bbox 3564 396 3667 449; x_wconf 81' lang='lat'><strong>626</strong></span> 
     </span>
    </p>
   </div>
   <div class='ocr_carea' id='block_1_4' title="bbox 219 501 3660 596">
    <p class='ocr_par' dir='ltr' id='par_1_4' title="bbox 219 501 3660 596">
     <span class='ocr_line' id='line_1_4' title="bbox 219 501 3660 596; baseline 0.008 -41"><span class='ocrx_word' id='word_1_9' title='bbox 219 501 858 596; x_wconf 43' lang='lat' dir='ltr'><strong>Nullum—de-corports</strong></span> <span class='ocrx_word' id='word_1_10' title='bbox 981 503 1234 596; x_wconf 82' lang='lat' dir='ltr'><strong>Firmini</strong></span> <span class='ocrx_word' id='word_1_11' title='bbox 1271 504 1577 562; x_wconf 74' lang='lat' dir='ltr'><strong>existenlia</strong></span> <span class='ocrx_word' id='word_1_12' title='bbox 1611 507 1674 562; x_wconf 86' lang='lat' dir='ltr'><strong>in</strong></span> <span class='ocrx_word' id='word_1_13' title='bbox 1704 513 1853 563; x_wconf 81' lang='lat' dir='ltr'><strong>Am-</strong></span> <span class='ocrx_word' id='word_1_14' title='bbox 1893 510 1941 564; x_wconf 83' lang='grc' dir='ltr'><strong>Α</strong></span> <span class='ocrx_word' id='word_1_15' title='bbox 1965 512 2219 578; x_wconf 89' lang='lat' dir='ltr'><strong>accessit,</strong></span> <span class='ocrx_word' id='word_1_16' title='bbox 2277 529 2583 585; x_wconf 83' lang='lat' dir='ltr'><strong>nunquam</strong></span> <span class='ocrx_word' id='word_1_17' title='bbox 2639 516 2892 575; x_wconf 80' lang='lat' dir='ltr'><strong>fortassis</strong></span> <span class='ocrx_word' id='word_1_18' title='bbox 2946 519 3201 577; x_wconf 88' lang='lat' dir='ltr'><strong>desitura</strong></span> <span class='ocrx_word' id='word_1_19' title='bbox 3253 524 3518 595; x_wconf 89' lang='lat' dir='ltr'><strong>contagio</strong></span> <span class='ocrx_word' id='word_1_20' title='bbox 3572 525 3660 596; x_wconf 75' lang='grc' dir='ltr'><strong>(ιδ)</strong></span> 
     </span>
    </p>
   </div>
   <div class='ocr_carea' id='block_1_5' title="bbox 146 589 1854 665">
    <p class='ocr_par' dir='ltr' id='par_1_5' title="bbox 146 589 1854 665">
     <span class='ocr_line' id='line_1_5' title="bbox 146 589 1854 665; baseline 0.004 -21"><span class='ocrx_word' id='word_1_21' title='bbox 146 589 419 645; x_wconf 73' lang='lat' dir='ltr'><strong>biauemi</strong></span> <span class='ocrx_word' id='word_1_22' title='bbox 448 590 732 658; x_wconf 75' lang='lat' dir='ltr'><strong>Ecclesia,</strong></span> <span class='ocrx_word' id='word_1_23' title='bbox 755 593 860 664; x_wconf 65' lang='grc' dir='ltr'><strong>δ’ςά</strong></span> <span class='ocrx_word' id='word_1_24' title='bbox 895 591 955 646; x_wconf 81' lang='lat' dir='ltr'><strong>in</strong></span> <span class='ocrx_word' id='word_1_25' title='bbox 994 593 1349 665; x_wconf 73' lang='lat' dir='ltr'><strong>Dionysiano</strong></span> <span class='ocrx_word' id='word_1_26' title='bbox 1368 595 1718 651; x_wconf 67' lang='lat' dir='ltr'><strong>monasterio</strong></span> <span class='ocrx_word' id='word_1_27' title='bbox 1737 596 1854 652; x_wconf 73' lang='lat' dir='ltr'><strong>evi-</strong></span> 
     </span>
    </p>
   </div>
   <div class='ocr_carea' id='block_1_6' title="bbox 146 677 1860 753">
    <p class='ocr_par' dir='ltr' id='par_1_6' title="bbox 146 677 1860 753">
     <span class='ocr_line' id='line_1_6' title="bbox 146 677 1860 753; baseline 0.006 -22"><span class='ocrx_word' id='word_1_28' title='bbox 146 677 294 733; x_wconf 72' lang='lat' dir='ltr'><strong>dens</strong></span> <span class='ocrx_word' id='word_1_29' title='bbox 330 678 722 735; x_wconf 76' lang='lat' dir='ltr'><strong>leslimonium</strong></span> <span class='ocrx_word' id='word_1_30' title='bbox 762 680 1066 751; x_wconf 79' lang='lat' dir='ltr'><strong>reperitur.</strong></span> <span class='ocrx_word' id='word_1_31' title='bbox 1117 681 1263 748; x_wconf 82' lang='lat' dir='ltr'><strong>Quid</strong></span> <span class='ocrx_word' id='word_1_32' title='bbox 1304 683 1374 738; x_wconf 85' lang='lat' dir='ltr'><strong>de</strong></span> <span class='ocrx_word' id='word_1_33' title='bbox 1408 684 1592 753; x_wconf 79' lang='lat' dir='ltr'><strong>capite</strong></span> <span class='ocrx_word' id='word_1_34' title='bbox 1622 686 1860 742; x_wconf 85' lang='lat' dir='ltr'><strong>Joannis</strong></span> 
     </span>
    </p>
   </div>
   <div class='ocr_carea' id='block_1_7' title="bbox 150 768 1858 842">
    <p class='ocr_par' dir='ltr' id='par_1_7' title="bbox 150 768 1858 842">
     <span class='ocr_line' id='line_1_7' title="bbox 150 768 1858 842; baseline 0.004 -19"><span class='ocrx_word' id='word_1_35' title='bbox 150 781 283 839; x_wconf 88' lang='lat' dir='ltr'><strong>ago,</strong></span> <span class='ocrx_word' id='word_1_36' title='bbox 315 768 419 840; x_wconf 90' lang='lat' dir='ltr'><strong>qui</strong></span> <span class='ocrx_word' id='word_1_37' title='bbox 451 768 520 824; x_wconf 90' lang='lat' dir='ltr'><strong>de</strong></span> <span class='ocrx_word' id='word_1_38' title='bbox 553 769 874 826; x_wconf 76' lang='lat' dir='ltr'><strong>innumeris</strong></span> <span class='ocrx_word' id='word_1_39' title='bbox 911 778 1245 826; x_wconf 89' lang='lat' dir='ltr'><strong>sanctorum</strong></span> <span class='ocrx_word' id='word_1_40' title='bbox 1283 772 1624 842; x_wconf 86' lang='lat' dir='ltr'><strong>corporibus</strong></span> <span class='ocrx_word' id='word_1_41' title='bbox 1665 774 1858 830; x_wconf 90' lang='lat' dir='ltr'><strong>itidem</strong></span> 
     </span>
    </p>
   </div>
   <div class='ocr_carea' id='block_1_8' title="bbox 150 857 1862 927">
    <p class='ocr_par' dir='ltr' id='par_1_8' title="bbox 150 857 1862 927">
     <span class='ocr_line' id='line_1_8' title="bbox 150 857 1862 927; baseline 0.003 -13"><span class='ocrx_word' id='word_1_42' title='bbox 150 857 213 914; x_wconf 91' lang='lat' dir='ltr'><strong>in</strong></span> <span class='ocrx_word' id='word_1_43' title='bbox 243 857 367 913; x_wconf 89' lang='lat' dir='ltr'><strong>dies</strong></span> <span class='ocrx_word' id='word_1_44' title='bbox 395 857 610 913; x_wconf 80' lang='lat' dir='ltr'><strong>audio?</strong></span> <span class='ocrx_word' id='word_1_45' title='bbox 643 859 734 927; x_wconf 72' lang='grc' dir='ltr'><strong>(ι’)</strong></span> <span class='ocrx_word' id='word_1_46' title='bbox 767 860 941 914; x_wconf 87' lang='lat' dir='ltr'><strong>Plane</strong></span> <span class='ocrx_word' id='word_1_47' title='bbox 974 859 1237 914; x_wconf 80' lang='lat' dir='ltr'><strong>decessor</strong></span> <span class='ocrx_word' id='word_1_48' title='bbox 1265 874 1429 917; x_wconf 90' lang='lat' dir='ltr'><strong>meus</strong></span> <span class='ocrx_word' id='word_1_49' title='bbox 1459 861 1862 919; x_wconf 83' lang='lat' dir='ltr'><strong>Ambianensis</strong></span> 
     </span>
    </p>
   </div>
   <div class='ocr_carea' id='block_1_9' title="bbox 151 945 1855 1019">
    <p class='ocr_par' dir='ltr' id='par_1_9' title="bbox 151 945 1855 1019">
     <span class='ocr_line' id='line_1_9' title="bbox 151 945 1855 1019; baseline 0.002 -18"><span class='ocrx_word' id='word_1_50' title='bbox 151 945 481 1014; x_wconf 82' lang='lat' dir='ltr'><strong>episcopus.</strong></span> <span class='ocrx_word' id='word_1_51' title='bbox 514 960 645 1002; x_wconf 88' lang='lat' dir='ltr'><strong>cum</strong></span> <span class='ocrx_word' id='word_1_52' title='bbox 676 961 886 1016; x_wconf 88' lang='lat' dir='ltr'><strong>corpus</strong></span> <span class='ocrx_word' id='word_1_53' title='bbox 917 947 1155 1002; x_wconf 84' lang='lat' dir='ltr'><strong>Firmini</strong></span> <span class='ocrx_word' id='word_1_54' title='bbox 1187 949 1477 1017; x_wconf 77' lang='lat' dir='ltr'><strong>martyris,</strong></span> <span class='ocrx_word' id='word_1_55' title='bbox 1503 956 1564 1005; x_wconf 92' lang='lat' dir='ltr'><strong>ut</strong></span> <span class='ocrx_word' id='word_1_56' title='bbox 1597 950 1855 1019; x_wconf 77' lang='lat' dir='ltr'><strong>putabat,</strong></span> 
     </span>
    </p>
   </div>
   <div class='ocr_carea' id='block_1_10' title="bbox 153 1035 1860 1105">
    <p class='ocr_par' dir='ltr' id='par_1_10' title="bbox 153 1035 1860 1105">
     <span class='ocr_line' id='line_1_10' title="bbox 153 1035 1860 1105; baseline 0.002 -14"><span class='ocrx_word' id='word_1_57' title='bbox 153 1042 448 1104; x_wconf 74' lang='lat' dir='ltr'><strong>quatenus</strong></span> <span class='ocrx_word' id='word_1_58' title='bbox 492 1035 561 1091; x_wconf 88' lang='lat' dir='ltr'><strong>de</strong></span> <span class='ocrx_word' id='word_1_59' title='bbox 606 1036 769 1091; x_wconf 88' lang='lat' dir='ltr'><strong>theca</strong></span> <span class='ocrx_word' id='word_1_60' title='bbox 811 1051 865 1090; x_wconf 83' lang='lat' dir='ltr'><strong>In</strong></span> <span class='ocrx_word' id='word_1_61' title='bbox 908 1036 1131 1092; x_wconf 84' lang='lat' dir='ltr'><strong>thecam</strong></span> <span class='ocrx_word' id='word_1_62' title='bbox 1169 1035 1412 1105; x_wconf 75' lang='lat' dir='ltr'><strong>efferret,</strong></span> <span class='ocrx_word' id='word_1_63' title='bbox 1455 1039 1682 1093; x_wconf 89' lang='lat' dir='ltr'><strong>nullum</strong></span> <span class='ocrx_word' id='word_1_64' title='bbox 1718 1039 1860 1095; x_wconf 91' lang='lat' dir='ltr'><strong>inibi</strong></span> 
     </span>
    </p>
   </div>
   <div class='ocr_carea' id='block_1_11' title="bbox 154 1122 1854 1195">
    <p class='ocr_par' dir='ltr' id='par_1_11' title="bbox 154 1122 1854 1195">
     <span class='ocr_line' id='line_1_11' title="bbox 154 1122 1854 1195; baseline 0.002 -17"><span class='ocrx_word' id='word_1_65' title='bbox 154 1122 455 1193; x_wconf 91' lang='lat' dir='ltr'><strong>ptacium,</strong></span> <span class='ocrx_word' id='word_1_66' title='bbox 516 1137 586 1178; x_wconf 89' lang='lat' dir='ltr'><strong>ne</strong></span> <span class='ocrx_word' id='word_1_67' title='bbox 629 1125 808 1180; x_wconf 90' lang='lat' dir='ltr'><strong>unius</strong></span> <span class='ocrx_word' id='word_1_68' title='bbox 876 1124 1111 1195; x_wconf 84' lang='lat' dir='ltr'><strong>quidem</strong></span> <span class='ocrx_word' id='word_1_69' title='bbox 1166 1125 1368 1182; x_wconf 72' lang='lat' dir='ltr'><strong>litterae</strong></span> <span class='ocrx_word' id='word_1_70' title='bbox 1442 1127 1854 1193; x_wconf 87' lang='lat' dir='ltr'><strong>testimonium,</strong></span> 
     </span>
    </p>
   </div>
   <div class='ocr_carea' id='block_1_12' title="bbox 156 1211 1858 1284">
    <p class='ocr_par' dir='ltr' id='par_1_12' title="bbox 156 1211 1858 1284">
     <span class='ocr_line' id='line_1_12' title="bbox 156 1211 1858 1284; baseline 0.004 -19"><span class='ocrx_word' id='word_1_71' title='bbox 156 1211 294 1280; x_wconf 86' lang='lat' dir='ltr'><strong>quis</strong></span> <span class='ocrx_word' id='word_1_72' title='bbox 326 1211 534 1267; x_wconf 82' lang='lat' dir='ltr'><strong>ibidem</strong></span> <span class='ocrx_word' id='word_1_73' title='bbox 557 1212 793 1283; x_wconf 80' lang='lat' dir='ltr'><strong>jareret,</strong></span> <span class='ocrx_word' id='word_1_74' title='bbox 829 1212 1069 1268; x_wconf 86' lang='lat' dir='ltr'><strong>invenit.</strong></span> <span class='ocrx_word' id='word_1_75' title='bbox 1104 1213 1190 1270; x_wconf 83' lang='lat' dir='ltr'><strong>Ab</strong></span> <span class='ocrx_word' id='word_1_76' title='bbox 1233 1214 1612 1283; x_wconf 82' lang='lat' dir='ltr'><strong>Atrebatensi,</strong></span> <span class='ocrx_word' id='word_1_77' title='bbox 1652 1223 1707 1271; x_wconf 90' lang='lat' dir='ltr'><strong>et</strong></span> <span class='ocrx_word' id='word_1_78' title='bbox 1738 1217 1858 1284; x_wconf 89' lang='lat' dir='ltr'><strong>ipso</strong></span> 
     </span>
    </p>
   </div>
   <div class='ocr_carea' id='block_1_13' title="bbox 153 1298 1858 1373">
    <p class='ocr_par' dir='ltr' id='par_1_13' title="bbox 153 1298 1858 1373">
     <span class='ocr_line' id='line_1_13' title="bbox 153 1298 1858 1373; baseline 0.002 -17"><span class='ocrx_word' id='word_1_79' title='bbox 153 1298 525 1356; x_wconf 81' lang='lat' dir='ltr'><strong>Ambianensi</strong></span> <span class='ocrx_word' id='word_1_80' title='bbox 573 1300 871 1370; x_wconf 88' lang='lat' dir='ltr'><strong>episcopis,</strong></span> <span class='ocrx_word' id='word_1_81' title='bbox 917 1301 1116 1357; x_wconf 79' lang='lat' dir='ltr'><strong>audivi</strong></span> <span class='ocrx_word' id='word_1_82' title='bbox 1167 1303 1320 1373; x_wconf 89' lang='lat' dir='ltr'><strong>quod</strong></span> <span class='ocrx_word' id='word_1_83' title='bbox 1373 1303 1572 1359; x_wconf 82' lang='lat' dir='ltr'><strong>refero.</strong></span> <span class='ocrx_word' id='word_1_84' title='bbox 1625 1306 1752 1373; x_wconf 89' lang='lat' dir='ltr'><strong>Qua</strong></span> <span class='ocrx_word' id='word_1_85' title='bbox 1789 1305 1858 1361; x_wconf 91' lang='lat' dir='ltr'><strong>de</strong></span> 
     </span>
    </p>
   </div>
   <div class='ocr_carea' id='block_1_14' title="bbox 155 1387 1855 1462">
    <p class='ocr_par' dir='ltr' id='par_1_14' title="bbox 155 1387 1855 1462">
     <span class='ocr_line' id='line_1_14' title="bbox 155 1387 1855 1462; baseline 0.004 -19"><span class='ocrx_word' id='word_1_86' title='bbox 155 1399 220 1443; x_wconf 86' lang='lat' dir='ltr'><strong>re</strong></span> <span class='ocrx_word' id='word_1_87' title='bbox 254 1387 413 1443; x_wconf 89' lang='lat' dir='ltr'><strong>urbis</strong></span> <span class='ocrx_word' id='word_1_88' title='bbox 437 1388 738 1458; x_wconf 90' lang='lat' dir='ltr'><strong>episcopus</strong></span> <span class='ocrx_word' id='word_1_89' title='bbox 790 1389 1069 1459; x_wconf 63' lang='lat' dir='ltr'><strong>plumbeas</strong></span> <span class='ocrx_word' id='word_1_90' title='bbox 1111 1390 1337 1447; x_wconf 73' lang='lat' dir='ltr'><strong>laminae</strong></span> <span class='ocrx_word' id='word_1_91' title='bbox 1371 1406 1504 1447; x_wconf 85' lang='lat' dir='ltr'><strong>mox</strong></span> <span class='ocrx_word' id='word_1_92' title='bbox 1542 1392 1855 1462; x_wconf 82' lang='lat' dir='ltr'><strong>inscripsit,</strong></span> 
     </span>
    </p>
   </div>
   <div class='ocr_carea' id='block_1_15' title="bbox 156 1475 1857 1551">
    <p class='ocr_par' dir='ltr' id='par_1_15' title="bbox 156 1475 1857 1551">
     <span class='ocr_line' id='line_1_15' title="bbox 156 1475 1857 1551; baseline 0.002 -18"><span class='ocrx_word' id='word_1_93' title='bbox 156 1476 313 1547; x_wconf 91' lang='lat' dir='ltr'><strong>quod</strong></span> <span class='ocrx_word' id='word_1_94' title='bbox 356 1475 471 1531; x_wconf 92' lang='lat' dir='ltr'><strong>illic</strong></span> <span class='ocrx_word' id='word_1_95' title='bbox 517 1478 905 1534; x_wconf 84' lang='lat' dir='ltr'><strong>conderetur:</strong></span> <span class='ocrx_word' id='word_1_96' title='bbox 952 1477 1239 1533; x_wconf 75' lang='lat' dir='ltr'><strong>Firminus</strong></span> <span class='ocrx_word' id='word_1_97' title='bbox 1269 1484 1503 1551; x_wconf 74' lang='lat' dir='ltr'><strong>martyr</strong></span> <span class='ocrx_word' id='word_1_98' title='bbox 1534 1480 1857 1536; x_wconf 80' lang='lat' dir='ltr'><strong>Ambiano-</strong></span> 
     </span>
    </p>
   </div>
   <div class='ocr_carea' id='block_1_16' title="bbox 152 1566 1857 1637">
    <p class='ocr_par' dir='ltr' id='par_1_16' title="bbox 152 1566 1857 1637">
     <span class='ocr_line' id='line_1_16' title="bbox 152 1566 1857 1637; baseline 0.004 -18"><span class='ocrx_word' id='word_1_99' title='bbox 152 1581 285 1619; x_wconf 89' lang='lat' dir='ltr'><strong>rum</strong></span> <span class='ocrx_word' id='word_1_100' title='bbox 307 1566 627 1637; x_wconf 69' lang='lat' dir='ltr'><strong>episcopus.</strong></span> <span class='ocrx_word' id='word_1_101' title='bbox 660 1567 776 1622; x_wconf 90' lang='lat' dir='ltr'><strong>Nec</strong></span> <span class='ocrx_word' id='word_1_102' title='bbox 816 1580 976 1622; x_wconf 91' lang='lat' dir='ltr'><strong>mora</strong></span> <span class='ocrx_word' id='word_1_103' title='bbox 1016 1567 1074 1623; x_wconf 91' lang='lat' dir='ltr'><strong>in</strong></span> <span class='ocrx_word' id='word_1_104' title='bbox 1117 1568 1459 1625; x_wconf 89' lang='lat' dir='ltr'><strong>monasterio</strong></span> <span class='ocrx_word' id='word_1_105' title='bbox 1499 1568 1686 1624; x_wconf 86' lang='lat' dir='ltr'><strong>Sancti</strong></span> <span class='ocrx_word' id='word_1_106' title='bbox 1721 1570 1857 1625; x_wconf 92' lang='lat' dir='ltr'><strong>Dio-</strong></span> 
     </span>
    </p>
   </div>
   <div class='ocr_carea' id='block_1_17' title="bbox 152 1655 1856 1724">
    <p class='ocr_par' dir='ltr' id='par_1_17' title="bbox 152 1655 1856 1724">
     <span class='ocr_line' id='line_1_17' title="bbox 152 1655 1856 1724; baseline 0.002 -15"><span class='ocrx_word' id='word_1_107' title='bbox 152 1655 303 1724; x_wconf 86' lang='lat' dir='ltr'><strong>nysii</strong></span> <span class='ocrx_word' id='word_1_108' title='bbox 371 1655 518 1710; x_wconf 88' lang='lat' dir='ltr'><strong>idem</strong></span> <span class='ocrx_word' id='word_1_109' title='bbox 568 1662 859 1711; x_wconf 82' lang='lat' dir='ltr'><strong>actitatur.</strong></span> <span class='ocrx_word' id='word_1_110' title='bbox 933 1656 1136 1711; x_wconf 86' lang='lat' dir='ltr'><strong>Parata</strong></span> <span class='ocrx_word' id='word_1_111' title='bbox 1192 1657 1266 1712; x_wconf 89' lang='lat' dir='ltr'><strong>ab</strong></span> <span class='ocrx_word' id='word_1_112' title='bbox 1315 1658 1523 1713; x_wconf 84' lang='lat' dir='ltr'><strong>abbate</strong></span> <span class='ocrx_word' id='word_1_113' title='bbox 1578 1658 1856 1713; x_wconf 91' lang='lat' dir='ltr'><strong>ornatiori</strong></span> 
     </span>
    </p>
   </div>
   <div class='ocr_carea' id='block_1_18' title="bbox 153 1741 1854 1813">
    <p class='ocr_par' dir='ltr' id='par_1_18' title="bbox 153 1741 1854 1813">
     <span class='ocr_line' id='line_1_18' title="bbox 153 1741 1854 1813; baseline 0.002 -17"><span class='ocrx_word' id='word_1_114' title='bbox 153 1754 333 1810; x_wconf 91' lang='lat' dir='ltr'><strong>capsa</strong></span> <span class='ocrx_word' id='word_1_115' title='bbox 361 1741 499 1797; x_wconf 90' lang='lat' dir='ltr'><strong>dum</strong></span> <span class='ocrx_word' id='word_1_116' title='bbox 537 1741 665 1796; x_wconf 91' lang='lat' dir='ltr'><strong>inde</strong></span> <span class='ocrx_word' id='word_1_117' title='bbox 695 1741 1014 1806; x_wconf 86' lang='lat' dir='ltr'><strong>extollitur,</strong></span> <span class='ocrx_word' id='word_1_118' title='bbox 1048 1744 1186 1798; x_wconf 91' lang='lat' dir='ltr'><strong>dum</strong></span> <span class='ocrx_word' id='word_1_119' title='bbox 1217 1757 1350 1799; x_wconf 92' lang='lat' dir='ltr'><strong>cum</strong></span> <span class='ocrx_word' id='word_1_120' title='bbox 1382 1743 1655 1799; x_wconf 85' lang='lat' dir='ltr'><strong>membris</strong></span> <span class='ocrx_word' id='word_1_121' title='bbox 1680 1752 1854 1813; x_wconf 88' lang='lat' dir='ltr'><strong>caput</strong></span> 
     </span>
    </p>
   </div>
   <div class='ocr_carea' id='block_1_19' title="bbox 151 1829 1850 1901">
    <p class='ocr_par' dir='ltr' id='par_1_19' title="bbox 151 1829 1850 1901">
     <span class='ocr_line' id='line_1_19' title="bbox 151 1829 1850 1901; baseline 0 -16"><span class='ocrx_word' id='word_1_122' title='bbox 151 1829 462 1895; x_wconf 87' lang='lat' dir='ltr'><strong>evolvitur,</strong></span> <span class='ocrx_word' id='word_1_123' title='bbox 513 1829 917 1886; x_wconf 86' lang='lat' dir='ltr'><strong>membranula</strong></span> <span class='ocrx_word' id='word_1_124' title='bbox 964 1831 1019 1886; x_wconf 91' lang='lat' dir='ltr'><strong>in</strong></span> <span class='ocrx_word' id='word_1_125' title='bbox 1071 1831 1343 1901; x_wconf 87' lang='lat' dir='ltr'><strong>martyris</strong></span> <span class='ocrx_word' id='word_1_126' title='bbox 1393 1831 1635 1886; x_wconf 86' lang='lat' dir='ltr'><strong>naribus</strong></span> <span class='ocrx_word' id='word_1_127' title='bbox 1692 1846 1850 1901; x_wconf 78' lang='lat' dir='ltr'><strong>repe-</strong></span> 
     </span>
    </p>
   </div>
   <div class='ocr_carea' id='block_1_20' title="bbox 151 1918 1857 1988">
    <p class='ocr_par' dir='ltr' id='par_1_20' title="bbox 151 1918 1857 1988">
     <span class='ocr_line' id='line_1_20' title="bbox 151 1918 1857 1988; baseline 0 -14"><span class='ocrx_word' id='word_1_128' title='bbox 151 1918 326 1984; x_wconf 88' lang='lat' dir='ltr'><strong>ritur,</strong></span> <span class='ocrx_word' id='word_1_129' title='bbox 397 1918 454 1973; x_wconf 92' lang='lat' dir='ltr'><strong>in</strong></span> <span class='ocrx_word' id='word_1_130' title='bbox 503 1932 622 1988; x_wconf 89' lang='lat' dir='ltr'><strong>qua</strong></span> <span class='ocrx_word' id='word_1_131' title='bbox 662 1918 819 1988; x_wconf 91' lang='lat' dir='ltr'><strong>quod</strong></span> <span class='ocrx_word' id='word_1_132' title='bbox 883 1926 1027 1976; x_wconf 88' lang='lat' dir='ltr'><strong>esset</strong></span> <span class='ocrx_word' id='word_1_133' title='bbox 1095 1920 1390 1976; x_wconf 89' lang='lat' dir='ltr'><strong>Firminus</strong></span> <span class='ocrx_word' id='word_1_134' title='bbox 1453 1919 1857 1976; x_wconf 83' lang='lat' dir='ltr'><strong>Ambianensis</strong></span> 
     </span>
    </p>
   </div>
   <div class='ocr_carea' id='block_1_21' title="bbox 152 2007 785 2080">
    <p class='ocr_par' dir='ltr' id='par_1_21' title="bbox 152 2007 785 2080">
     <span class='ocr_line' id='line_1_21' title="bbox 152 2007 785 2080; baseline -0.003 -18"><span class='ocrx_word' id='word_1_135' title='bbox 152 2010 381 2076; x_wconf 78' lang='lat' dir='ltr'><strong>martyr</strong></span> <span class='ocrx_word' id='word_1_136' title='bbox 408 2007 785 2080; x_wconf 84' lang='lat' dir='ltr'><strong>expromitur.</strong></span> 
     </span>
    </p>
   </div>
   <div class='ocr_carea' id='block_1_22' title="bbox 221 2094 1855 2168">
    <p class='ocr_par' dir='ltr' id='par_1_22' title="bbox 221 2094 1855 2168">
     <span class='ocr_line' id='line_1_22' title="bbox 221 2094 1855 2168; baseline 0.002 -17"><span class='ocrx_word' id='word_1_137' title='bbox 221 2094 413 2166; x_wconf 83' lang='lat' dir='ltr'><strong>Igitur</strong></span> <span class='ocrx_word' id='word_1_138' title='bbox 456 2094 941 2152; x_wconf 84' lang='lat' dir='ltr'><strong>Ambianensibus</strong></span> <span class='ocrx_word' id='word_1_139' title='bbox 990 2111 1122 2152; x_wconf 91' lang='lat' dir='ltr'><strong>cum</strong></span> <span class='ocrx_word' id='word_1_140' title='bbox 1172 2096 1253 2152; x_wconf 91' lang='lat' dir='ltr'><strong>nil</strong></span> <span class='ocrx_word' id='word_1_141' title='bbox 1306 2096 1364 2152; x_wconf 93' lang='lat' dir='ltr'><strong>in</strong></span> <span class='ocrx_word' id='word_1_142' title='bbox 1410 2103 1569 2153; x_wconf 89' lang='lat' dir='ltr'><strong>tanto</strong></span> <span class='ocrx_word' id='word_1_143' title='bbox 1627 2097 1855 2168; x_wconf 88' lang='lat' dir='ltr'><strong>astipu-</strong></span> 
     </span>
    </p>
   </div>
   <div class='ocr_carea' id='block_1_23' title="bbox 152 2183 1855 2255">
    <p class='ocr_par' dir='ltr' id='par_1_23' title="bbox 152 2183 1855 2255">
     <span class='ocr_line' id='line_1_23' title="bbox 152 2183 1855 2255; baseline 0.002 -16"><span class='ocrx_word' id='word_1_144' title='bbox 152 2183 310 2240; x_wconf 90' lang='lat' dir='ltr'><strong>letur</strong></span> <span class='ocrx_word' id='word_1_145' title='bbox 339 2183 587 2254; x_wconf 86' lang='lat' dir='ltr'><strong>negotio,</strong></span> <span class='ocrx_word' id='word_1_146' title='bbox 622 2183 749 2238; x_wconf 88' lang='lat' dir='ltr'><strong>aliis</strong></span> <span class='ocrx_word' id='word_1_147' title='bbox 795 2192 987 2239; x_wconf 89' lang='lat' dir='ltr'><strong>autem</strong></span> <span class='ocrx_word' id='word_1_148' title='bbox 1031 2198 1061 2239; x_wconf 94' lang='lat' dir='ltr'><strong>e</strong></span> <span class='ocrx_word' id='word_1_149' title='bbox 1100 2183 1331 2255; x_wconf 86' lang='lat' dir='ltr'><strong>regione</strong></span> <span class='ocrx_word' id='word_1_150' title='bbox 1361 2198 1496 2241; x_wconf 84' lang='lat' dir='ltr'><strong>cum</strong></span> <span class='ocrx_word' id='word_1_151' title='bbox 1538 2185 1625 2241; x_wconf 90' lang='lat' dir='ltr'><strong>vel</strong></span> <span class='ocrx_word' id='word_1_152' title='bbox 1657 2200 1855 2242; x_wconf 88' lang='lat' dir='ltr'><strong>vocem</strong></span> 
     </span>
    </p>
   </div>
   <div class='ocr_carea' id='block_1_24' title="bbox 151 2272 1852 2345">
    <p class='ocr_par' dir='ltr' id='par_1_24' title="bbox 151 2272 1852 2345">
     <span class='ocr_line' id='line_1_24' title="bbox 151 2272 1852 2345; baseline 0.002 -17"><span class='ocrx_word' id='word_1_153' title='bbox 151 2272 479 2329; x_wconf 85' lang='lat' dir='ltr'><strong>testimonia</strong></span> <span class='ocrx_word' id='word_1_154' title='bbox 511 2272 955 2342; x_wconf 90' lang='lat' dir='ltr'><strong>qualiacunque</strong></span> <span class='ocrx_word' id='word_1_155' title='bbox 986 2273 1373 2342; x_wconf 86' lang='lat' dir='ltr'><strong>suppeditent,</strong></span> <span class='ocrx_word' id='word_1_156' title='bbox 1419 2273 1585 2341; x_wconf 86' lang='lat' dir='ltr'><strong>ratio,</strong></span> <span class='ocrx_word' id='word_1_157' title='bbox 1635 2289 1852 2345; x_wconf 67' lang='lat' dir='ltr'><strong>quaeso,</strong></span> 
     </span>
    </p>
   </div>
   <div class='ocr_carea' id='block_1_25' title="bbox 151 2360 1851 2433">
    <p class='ocr_par' dir='ltr' id='par_1_25' title="bbox 151 2360 1851 2433">
     <span class='ocr_line' id='line_1_25' title="bbox 151 2360 1851 2433; baseline 0.001 -16"><span class='ocrx_word' id='word_1_158' title='bbox 151 2360 463 2432; x_wconf 81' lang='lat' dir='ltr'><strong>cujuslibet</strong></span> <span class='ocrx_word' id='word_1_159' title='bbox 494 2361 781 2431; x_wconf 89' lang='lat' dir='ltr'><strong>judicium</strong></span> <span class='ocrx_word' id='word_1_160' title='bbox 823 2361 1047 2416; x_wconf 88' lang='lat' dir='ltr'><strong>factura</strong></span> <span class='ocrx_word' id='word_1_161' title='bbox 1079 2362 1427 2417; x_wconf 88' lang='lat' dir='ltr'><strong>consedeat?</strong></span> <span class='ocrx_word' id='word_1_162' title='bbox 1458 2361 1752 2433; x_wconf 89' lang='lat' dir='ltr'><strong>Quidquid</strong></span> <span class='ocrx_word' id='word_1_163' title='bbox 1792 2364 1851 2419; x_wconf 92' lang='lat' dir='ltr'><strong>in</strong></span> 
     </span>
    </p>
   </div>
   <div class='ocr_carea' id='block_1_26' title="bbox 156 2450 1853 2520">
    <p class='ocr_par' dir='ltr' id='par_1_26' title="bbox 156 2450 1853 2520">
     <span class='ocr_line' id='line_1_26' title="bbox 156 2450 1853 2520; baseline 0.002 -15"><span class='ocrx_word' id='word_1_164' title='bbox 156 2450 431 2520; x_wconf 86' lang='lat' dir='ltr'><strong>plumbea</strong></span> <span class='ocrx_word' id='word_1_165' title='bbox 479 2464 514 2505; x_wconf 89' lang='lat' dir='ltr'><strong>a</strong></span> <span class='ocrx_word' id='word_1_166' title='bbox 565 2450 805 2505; x_wconf 90' lang='lat' dir='ltr'><strong>Domino</strong></span> <span class='ocrx_word' id='word_1_167' title='bbox 839 2450 1103 2520; x_wconf 89' lang='lat' dir='ltr'><strong>episcopo</strong></span> <span class='ocrx_word' id='word_1_168' title='bbox 1156 2451 1435 2520; x_wconf 88' lang='lat' dir='ltr'><strong>scriptum</strong></span> <span class='ocrx_word' id='word_1_169' title='bbox 1494 2459 1579 2507; x_wconf 86' lang='lat' dir='ltr'><strong>est</strong></span> <span class='ocrx_word' id='word_1_170' title='bbox 1638 2452 1853 2508; x_wconf 81' lang='lat' dir='ltr'><strong>lamina</strong></span> 
     </span>
    </p>
   </div>
   <div class='ocr_carea' id='block_1_27' title="bbox 151 2538 1852 2610">
    <p class='ocr_par' dir='ltr' id='par_1_27' title="bbox 151 2538 1852 2610">
     <span class='ocr_line' id='line_1_27' title="bbox 151 2538 1852 2610; baseline 0.001 -15"><span class='ocrx_word' id='word_1_171' title='bbox 151 2553 342 2595; x_wconf 89' lang='lat' dir='ltr'><strong>nonne</strong></span> <span class='ocrx_word' id='word_1_172' title='bbox 382 2539 515 2610; x_wconf 89' lang='lat' dir='ltr'><strong>jure</strong></span> <span class='ocrx_word' id='word_1_173' title='bbox 562 2538 904 2600; x_wconf 89' lang='lat' dir='ltr'><strong>cassabitur,</strong></span> <span class='ocrx_word' id='word_1_174' title='bbox 955 2539 1046 2594; x_wconf 91' lang='lat' dir='ltr'><strong>cui</strong></span> <span class='ocrx_word' id='word_1_175' title='bbox 1091 2539 1147 2593; x_wconf 90' lang='lat' dir='ltr'><strong>in</strong></span> <span class='ocrx_word' id='word_1_176' title='bbox 1196 2539 1615 2609; x_wconf 86' lang='lat' dir='ltr'><strong>conscriptione</strong></span> <span class='ocrx_word' id='word_1_177' title='bbox 1643 2540 1739 2597; x_wconf 92' lang='lat' dir='ltr'><strong>illa</strong></span> <span class='ocrx_word' id='word_1_178' title='bbox 1772 2542 1852 2597; x_wconf 92' lang='lat' dir='ltr'><strong>nil</strong></span> 
     </span>
    </p>
   </div>
   <div class='ocr_carea' id='block_1_28' title="bbox 151 2627 1852 2700">
    <p class='ocr_par' dir='ltr' id='par_1_28' title="bbox 151 2627 1852 2700">
     <span class='ocr_line' id='line_1_28' title="bbox 151 2627 1852 2700; baseline 0.002 -17"><span class='ocrx_word' id='word_1_179' title='bbox 151 2642 388 2698; x_wconf 84' lang='lat' dir='ltr'><strong>prorsus</strong></span> <span class='ocrx_word' id='word_1_180' title='bbox 432 2627 806 2683; x_wconf 84' lang='lat' dir='ltr'><strong>testificatur?</strong></span> <span class='ocrx_word' id='word_1_181' title='bbox 846 2628 915 2682; x_wconf 89' lang='lat' dir='ltr'><strong>Et</strong></span> <span class='ocrx_word' id='word_1_182' title='bbox 946 2637 1095 2683; x_wconf 90' lang='lat' dir='ltr'><strong>certe</strong></span> <span class='ocrx_word' id='word_1_183' title='bbox 1134 2628 1534 2697; x_wconf 89' lang='lat' dir='ltr'><strong>Dionysienses</strong></span> <span class='ocrx_word' id='word_1_184' title='bbox 1577 2629 1654 2684; x_wconf 91' lang='lat' dir='ltr'><strong>illi</strong></span> <span class='ocrx_word' id='word_1_185' title='bbox 1698 2645 1852 2700; x_wconf 88' lang='lat' dir='ltr'><strong>quo-</strong></span> 
     </span>
    </p>
   </div>
   <div class='ocr_carea' id='block_1_29' title="bbox 150 2716 1851 2786">
    <p class='ocr_par' dir='ltr' id='par_1_29' title="bbox 150 2716 1851 2786">
     <span class='ocr_line' id='line_1_29' title="bbox 150 2716 1851 2786; baseline 0.001 -14"><span class='ocrx_word' id='word_1_186' title='bbox 150 2717 556 2785; x_wconf 89' lang='lat' dir='ltr'><strong>modocunque</strong></span> <span class='ocrx_word' id='word_1_187' title='bbox 601 2716 687 2771; x_wconf 90' lang='lat' dir='ltr'><strong>vel</strong></span> <span class='ocrx_word' id='word_1_188' title='bbox 736 2717 1012 2784; x_wconf 89' lang='lat' dir='ltr'><strong>mutiunt,</strong></span> <span class='ocrx_word' id='word_1_189' title='bbox 1048 2717 1149 2786; x_wconf 90' lang='lat' dir='ltr'><strong>qui</strong></span> <span class='ocrx_word' id='word_1_190' title='bbox 1193 2717 1391 2772; x_wconf 90' lang='lat' dir='ltr'><strong>saltem</strong></span> <span class='ocrx_word' id='word_1_191' title='bbox 1450 2717 1715 2774; x_wconf 84' lang='lat' dir='ltr'><strong>litterulis</strong></span> <span class='ocrx_word' id='word_1_192' title='bbox 1760 2726 1851 2774; x_wconf 87' lang='lat' dir='ltr'><strong>ut-</strong></span> 
     </span>
    </p>
   </div>
   <div class='ocr_carea' id='block_1_30' title="bbox 147 2804 1851 2877">
    <p class='ocr_par' dir='ltr' id='par_1_30' title="bbox 147 2804 1851 2877">
     <span class='ocr_line' id='line_1_30' title="bbox 147 2804 1851 2877; baseline 0.002 -17"><span class='ocrx_word' id='word_1_193' title='bbox 147 2820 382 2875; x_wconf 89' lang='lat' dir='ltr'><strong>cunque</strong></span> <span class='ocrx_word' id='word_1_194' title='bbox 430 2804 667 2860; x_wconf 86' lang='lat' dir='ltr'><strong>subnixi</strong></span> <span class='ocrx_word' id='word_1_195' title='bbox 715 2812 870 2860; x_wconf 89' lang='lat' dir='ltr'><strong>sunt.</strong></span> <span class='ocrx_word' id='word_1_196' title='bbox 929 2804 1037 2871; x_wconf 87' lang='lat' dir='ltr'><strong>Qui</strong></span> <span class='ocrx_word' id='word_1_197' title='bbox 1090 2819 1227 2876; x_wconf 89' lang='lat' dir='ltr'><strong>ergo</strong></span> <span class='ocrx_word' id='word_1_198' title='bbox 1277 2814 1631 2862; x_wconf 84' lang='lat' dir='ltr'><strong>venerantur</strong></span> <span class='ocrx_word' id='word_1_199' title='bbox 1694 2806 1851 2877; x_wconf 91' lang='lat' dir='ltr'><strong>quod</strong></span> 
     </span>
    </p>
   </div>
   <div class='ocr_carea' id='block_1_31' title="bbox 147 2893 1851 2965">
    <p class='ocr_par' dir='ltr' id='par_1_31' title="bbox 147 2893 1851 2965">
     <span class='ocr_line' id='line_1_31' title="bbox 147 2893 1851 2965; baseline 0.001 -15"><span class='ocrx_word' id='word_1_200' title='bbox 147 2896 431 2961; x_wconf 88' lang='lat' dir='ltr'><strong>nesciunt,</strong></span> <span class='ocrx_word' id='word_1_201' title='bbox 491 2893 593 2950; x_wconf 91' lang='lat' dir='ltr'><strong>etsi</strong></span> <span class='ocrx_word' id='word_1_202' title='bbox 645 2902 910 2950; x_wconf 88' lang='lat' dir='ltr'><strong>sanctum</strong></span> <span class='ocrx_word' id='word_1_203' title='bbox 960 2893 1100 2964; x_wconf 89' lang='lat' dir='ltr'><strong>quid</strong></span> <span class='ocrx_word' id='word_1_204' title='bbox 1148 2894 1239 2960; x_wconf 90' lang='lat' dir='ltr'><strong>sit,</strong></span> <span class='ocrx_word' id='word_1_205' title='bbox 1296 2909 1601 2965; x_wconf 89' lang='lat' dir='ltr'><strong>nunquam</strong></span> <span class='ocrx_word' id='word_1_206' title='bbox 1658 2904 1851 2952; x_wconf 87' lang='lat' dir='ltr'><strong>tamen</strong></span> 
     </span>
    </p>
   </div>
   <div class='ocr_carea' id='block_1_32' title="bbox 146 2982 1850 3054">
    <p class='ocr_par' dir='ltr' id='par_1_32' title="bbox 146 2982 1850 3054">
     <span class='ocr_line' id='line_1_32' title="bbox 146 2982 1850 3054; baseline 0.001 -15"><span class='ocrx_word' id='word_1_207' title='bbox 146 2985 265 3040; x_wconf 87' lang='lat' dir='ltr'><strong>sine</strong></span> <span class='ocrx_word' id='word_1_208' title='bbox 293 2996 508 3054; x_wconf 87' lang='lat' dir='ltr'><strong>magno</strong></span> <span class='ocrx_word' id='word_1_209' title='bbox 548 2982 801 3052; x_wconf 89' lang='lat' dir='ltr'><strong>periculo</strong></span> <span class='ocrx_word' id='word_1_210' title='bbox 829 2990 987 3038; x_wconf 91' lang='lat' dir='ltr'><strong>sunt.</strong></span> <span class='ocrx_word' id='word_1_211' title='bbox 1030 2982 1084 3038; x_wconf 91' lang='lat' dir='ltr'><strong>Si</strong></span> <span class='ocrx_word' id='word_1_212' title='bbox 1115 2983 1277 3051; x_wconf 88' lang='lat' dir='ltr'><strong>alias,</strong></span> <span class='ocrx_word' id='word_1_213' title='bbox 1309 2983 1367 3038; x_wconf 91' lang='lat' dir='ltr'><strong>in</strong></span> <span class='ocrx_word' id='word_1_214' title='bbox 1416 2984 1638 3040; x_wconf 90' lang='lat' dir='ltr'><strong>enormi</strong></span> <span class='ocrx_word' id='word_1_215' title='bbox 1691 2985 1850 3040; x_wconf 91' lang='lat' dir='ltr'><strong>mul-</strong></span> 
     </span>
    </p>
   </div>
   <div class='ocr_carea' id='block_1_33' title="bbox 1969 600 3667 678">
    <p class='ocr_par' dir='ltr' id='par_1_33' title="bbox 1969 600 3667 678">
     <span class='ocr_line' id='line_1_33' title="bbox 1969 600 3667 678; baseline 0.009 -23"><span class='ocrx_word' id='word_1_216' title='bbox 1969 600 2151 657; x_wconf 87' lang='lat' dir='ltr'><strong>Tanta</strong></span> <span class='ocrx_word' id='word_1_217' title='bbox 2183 603 2595 661; x_wconf 88' lang='lat' dir='ltr'><strong>indissimiliter</strong></span> <span class='ocrx_word' id='word_1_218' title='bbox 2625 606 2773 663; x_wconf 86' lang='lat' dir='ltr'><strong>facta</strong></span> <span class='ocrx_word' id='word_1_219' title='bbox 2802 608 3022 678; x_wconf 83' lang='lat' dir='ltr'><strong>ubique</strong></span> <span class='ocrx_word' id='word_1_220' title='bbox 3054 609 3164 666; x_wconf 91' lang='lat' dir='ltr'><strong>loci</strong></span> <span class='ocrx_word' id='word_1_221' title='bbox 3191 613 3480 669; x_wconf 66' lang='lat' dir='ltr'><strong>memoriae</strong></span> <span class='ocrx_word' id='word_1_222' title='bbox 3529 628 3667 670; x_wconf 77' lang='lat' dir='ltr'><strong>meae</strong></span> 
     </span>
    </p>
   </div>
   <div class='ocr_carea' id='block_1_34' title="bbox 1969 691 3666 769">
    <p class='ocr_par' dir='ltr' id='par_1_34' title="bbox 1969 691 3666 769">
     <span class='ocr_line' id='line_1_34' title="bbox 1969 691 3666 769; baseline 0.008 -26"><span class='ocrx_word' id='word_1_223' title='bbox 1969 703 2089 744; x_wconf 88' lang='lat' dir='ltr'><strong>sese</strong></span> <span class='ocrx_word' id='word_1_224' title='bbox 2119 691 2461 762; x_wconf 87' lang='lat' dir='ltr'><strong>subjiciunt,</strong></span> <span class='ocrx_word' id='word_1_225' title='bbox 2496 701 2560 750; x_wconf 91' lang='lat' dir='ltr'><strong>ut</strong></span> <span class='ocrx_word' id='word_1_226' title='bbox 2599 695 2671 751; x_wconf 88' lang='lat' dir='ltr'><strong>ad</strong></span> <span class='ocrx_word' id='word_1_227' title='bbox 2718 695 3081 753; x_wconf 86' lang='lat' dir='ltr'><strong>referendum</strong></span> <span class='ocrx_word' id='word_1_228' title='bbox 3128 701 3356 768; x_wconf 87' lang='lat' dir='ltr'><strong>tempus</strong></span> <span class='ocrx_word' id='word_1_229' title='bbox 3395 701 3666 769; x_wconf 88' lang='lat' dir='ltr'><strong>viresque</strong></span> 
     </span>
    </p>
   </div>
   <div class='ocr_carea' id='block_1_35' title="bbox 1967 777 3668 859">
    <p class='ocr_par' dir='ltr' id='par_1_35' title="bbox 1967 777 3668 859">
     <span class='ocr_line' id='line_1_35' title="bbox 1967 777 3668 859; baseline 0.008 -27"><span class='ocrx_word' id='word_1_230' title='bbox 1967 777 2253 841; x_wconf 85' lang='lat' dir='ltr'><strong>deficiant,</strong></span> <span class='ocrx_word' id='word_1_231' title='bbox 2311 795 2442 845; x_wconf 86' lang='lat' dir='ltr'><strong>cum</strong></span> <span class='ocrx_word' id='word_1_232' title='bbox 2501 797 2617 838; x_wconf 88' lang='lat' dir='ltr'><strong>non</strong></span> <span class='ocrx_word' id='word_1_233' title='bbox 2666 783 2737 839; x_wconf 90' lang='lat' dir='ltr'><strong>de</strong></span> <span class='ocrx_word' id='word_1_234' title='bbox 2790 785 3026 856; x_wconf 84' lang='lat' dir='ltr'><strong>integris</strong></span> <span class='ocrx_word' id='word_1_235' title='bbox 3072 800 3273 842; x_wconf 90' lang='lat' dir='ltr'><strong>eorum</strong></span> <span class='ocrx_word' id='word_1_236' title='bbox 3325 789 3668 859; x_wconf 89' lang='lat' dir='ltr'><strong>corporibus</strong></span> 
     </span>
    </p>
   </div>
   <div class='ocr_carea' id='block_1_36' title="bbox 1969 870 3664 945">
    <p class='ocr_par' dir='ltr' id='par_1_36' title="bbox 1969 870 3664 945">
     <span class='ocr_line' id='line_1_36' title="bbox 1969 870 3664 945; baseline 0.005 -24"><span class='ocrx_word' id='word_1_237' title='bbox 1969 871 2162 933; x_wconf 72' lang='lat' dir='ltr'><strong>tantae,</strong></span> <span class='ocrx_word' id='word_1_238' title='bbox 2221 876 2454 937; x_wconf 66' lang='lat' dir='ltr'><strong>quantae</strong></span> <span class='ocrx_word' id='word_1_239' title='bbox 2503 870 2571 925; x_wconf 91' lang='lat' dir='ltr'><strong>de</strong></span> <span class='ocrx_word' id='word_1_240' title='bbox 2628 871 2898 927; x_wconf 90' lang='lat' dir='ltr'><strong>membris</strong></span> <span class='ocrx_word' id='word_1_241' title='bbox 2945 881 3002 929; x_wconf 91' lang='lat' dir='ltr'><strong>et</strong></span> <span class='ocrx_word' id='word_1_242' title='bbox 3046 874 3439 930; x_wconf 89' lang='lat' dir='ltr'><strong>membrorum</strong></span> <span class='ocrx_word' id='word_1_243' title='bbox 3489 877 3664 945; x_wconf 89' lang='lat' dir='ltr'><strong>parti-</strong></span> 
     </span>
    </p>
   </div>
   <div class='ocr_carea' id='block_1_37' title="bbox 1968 954 3665 1031">
    <p class='ocr_par' dir='ltr' id='par_1_37' title="bbox 1968 954 3665 1031">
     <span class='ocr_line' id='line_1_37' title="bbox 1968 954 3665 1031; baseline 0.005 -21"><span class='ocrx_word' id='word_1_244' title='bbox 1968 954 2114 1010; x_wconf 89' lang='lat' dir='ltr'><strong>culis</strong></span> <span class='ocrx_word' id='word_1_245' title='bbox 2145 954 2551 1013; x_wconf 84' lang='lat' dir='ltr'><strong>fraudes-tiant</strong></span> <span class='ocrx_word' id='word_1_246' title='bbox 2584 958 2700 1027; x_wconf 72' lang='grc' dir='ltr'><strong>(υ),</strong></span> <span class='ocrx_word' id='word_1_247' title='bbox 2745 959 2882 1014; x_wconf 91' lang='lat' dir='ltr'><strong>dum</strong></span> <span class='ocrx_word' id='word_1_248' title='bbox 2915 974 3043 1017; x_wconf 89' lang='lat' dir='ltr'><strong>ossa</strong></span> <span class='ocrx_word' id='word_1_249' title='bbox 3076 960 3347 1031; x_wconf 83' lang='lat' dir='ltr'><strong>vulgaria</strong></span> <span class='ocrx_word' id='word_1_250' title='bbox 3399 975 3500 1031; x_wconf 91' lang='lat' dir='ltr'><strong>pro</strong></span> <span class='ocrx_word' id='word_1_251' title='bbox 3530 978 3665 1018; x_wconf 88' lang='lat' dir='ltr'><strong>sau-</strong></span> 
     </span>
    </p>
   </div>
   <div class='ocr_carea' id='block_1_38' title="bbox 1969 1044 3669 1119">
    <p class='ocr_par' dir='ltr' id='par_1_38' title="bbox 1969 1044 3669 1119">
     <span class='ocr_line' id='line_1_38' title="bbox 1969 1044 3669 1119; baseline 0.005 -20"><span class='ocrx_word' id='word_1_252' title='bbox 1969 1052 2190 1099; x_wconf 91' lang='lat' dir='ltr'><strong>ctorum</strong></span> <span class='ocrx_word' id='word_1_253' title='bbox 2260 1044 2597 1115; x_wconf 87' lang='lat' dir='ltr'><strong>pignoribus</strong></span> <span class='ocrx_word' id='word_1_254' title='bbox 2660 1047 3052 1104; x_wconf 88' lang='lat' dir='ltr'><strong>venundanda</strong></span> <span class='ocrx_word' id='word_1_255' title='bbox 3108 1049 3467 1119; x_wconf 88' lang='lat' dir='ltr'><strong>dispertiant.</strong></span> <span class='ocrx_word' id='word_1_256' title='bbox 3551 1052 3669 1107; x_wconf 87' lang='lat' dir='ltr'><strong>Hoc</strong></span> 
     </span>
    </p>
   </div>
   <div class='ocr_carea' id='block_1_39' title="bbox 1969 1129 3666 1205">
    <p class='ocr_par' dir='ltr' id='par_1_39' title="bbox 1969 1129 3666 1205">
     <span class='ocr_line' id='line_1_39' title="bbox 1969 1129 3666 1205; baseline 0.008 -22"><span class='ocrx_word' id='word_1_257' title='bbox 1969 1129 2136 1199; x_wconf 87' lang='lat' dir='ltr'><strong>plane</strong></span> <span class='ocrx_word' id='word_1_258' title='bbox 2188 1130 2248 1186; x_wconf 82' lang='lat' dir='ltr'><strong>ﬁt</strong></span> <span class='ocrx_word' id='word_1_259' title='bbox 2286 1147 2385 1201; x_wconf 91' lang='lat' dir='ltr'><strong>per</strong></span> <span class='ocrx_word' id='word_1_260' title='bbox 2421 1148 2517 1188; x_wconf 89' lang='lat' dir='ltr'><strong>eos</strong></span> <span class='ocrx_word' id='word_1_261' title='bbox 2564 1134 2686 1203; x_wconf 90' lang='lat' dir='ltr'><strong>qui,</strong></span> <span class='ocrx_word' id='word_1_262' title='bbox 2733 1134 2906 1203; x_wconf 84' lang='lat' dir='ltr'><strong>juxta</strong></span> <span class='ocrx_word' id='word_1_263' title='bbox 2953 1137 3289 1205; x_wconf 85' lang='lat' dir='ltr'><strong>Apostolum</strong></span> <span class='ocrx_word' id='word_1_264' title='bbox 3326 1138 3666 1205; x_wconf 72' lang='lat' dir='ltr'><strong>:Qutestum</strong></span> 
     </span>
    </p>
   </div>
   <div class='ocr_carea' id='block_1_40' title="bbox 1966 1218 3663 1295">
    <p class='ocr_par' dir='ltr' id='par_1_40' title="bbox 1966 1218 3663 1295">
     <span class='ocr_line' id='line_1_40' title="bbox 1966 1218 3663 1295; baseline 0.006 -21"><span class='ocrx_word' id='word_1_265' title='bbox 1966 1218 2300 1275; x_wconf 83' lang='lat' dir='ltr'><strong>existimant</strong></span> <span class='ocrx_word' id='word_1_266' title='bbox 2327 1222 2589 1290; x_wconf 90' lang='lat' dir='ltr'><strong>pietatem</strong></span> <span class='ocrx_word' id='word_1_267' title='bbox 2617 1224 2671 1289; x_wconf 95' lang='lat' dir='ltr'><strong>(l</strong></span> <span class='ocrx_word' id='word_1_268' title='bbox 2718 1223 2864 1278; x_wconf 82' lang='lat' dir='ltr'><strong>Tim.</strong></span> <span class='ocrx_word' id='word_1_269' title='bbox 2898 1239 2973 1291; x_wconf 68' lang='lat' dir='ltr'><strong>vr,</strong></span> <span class='ocrx_word' id='word_1_270' title='bbox 3007 1227 3077 1291; x_wconf 84' lang='lat'><strong>5),</strong></span> <span class='ocrx_word' id='word_1_271' title='bbox 3123 1225 3263 1282; x_wconf 91' lang='lat' dir='ltr'><strong>dum</strong></span> <span class='ocrx_word' id='word_1_272' title='bbox 3313 1228 3464 1295; x_wconf 92' lang='lat' dir='ltr'><strong>quod</strong></span> <span class='ocrx_word' id='word_1_273' title='bbox 3498 1238 3663 1293; x_wconf 86' lang='lat' dir='ltr'><strong>esset,</strong></span> 
     </span>
    </p>
   </div>
   <div class='ocr_carea' id='block_1_41' title="bbox 1967 1306 3662 1385">
    <p class='ocr_par' dir='ltr' id='par_1_41' title="bbox 1967 1306 3662 1385">
     <span class='ocr_line' id='line_1_41' title="bbox 1967 1306 3662 1385; baseline 0.007 -24"><span class='ocrx_word' id='word_1_274' title='bbox 1967 1306 2015 1361; x_wconf 91' lang='lat' dir='ltr'><strong>si</strong></span> <span class='ocrx_word' id='word_1_275' title='bbox 2060 1317 2345 1377; x_wconf 83' lang='lat' dir='ltr'><strong>saperent,</strong></span> <span class='ocrx_word' id='word_1_276' title='bbox 2394 1324 2635 1366; x_wconf 90' lang='lat' dir='ltr'><strong>suarum</strong></span> <span class='ocrx_word' id='word_1_277' title='bbox 2680 1312 3038 1368; x_wconf 79' lang='lat' dir='ltr'><strong>conducibile</strong></span> <span class='ocrx_word' id='word_1_278' title='bbox 3084 1313 3257 1369; x_wconf 88' lang='lat' dir='ltr'><strong>saluti</strong></span> <span class='ocrx_word' id='word_1_279' title='bbox 3311 1315 3662 1385; x_wconf 87' lang='lat' dir='ltr'><strong>animarum,</strong></span> 
     </span>
    </p>
   </div>
   <div class='ocr_carea' id='block_1_42' title="bbox 1970 1395 3208 1458">
    <p class='ocr_par' dir='ltr' id='par_1_42' title="bbox 1970 1395 3208 1458">
     <span class='ocr_line' id='line_1_42' title="bbox 1970 1395 3208 1458; baseline 0.003 -7"><span class='ocrx_word' id='word_1_280' title='bbox 1970 1395 2076 1451; x_wconf 87' lang='lat' dir='ltr'><strong>hoc</strong></span> <span class='ocrx_word' id='word_1_281' title='bbox 2104 1408 2470 1455; x_wconf 84' lang='lat' dir='ltr'><strong>excrementa</strong></span> <span class='ocrx_word' id='word_1_282' title='bbox 2498 1400 2748 1456; x_wconf 83' lang='lat' dir='ltr'><strong>efﬁciant</strong></span> <span class='ocrx_word' id='word_1_283' title='bbox 2773 1415 3208 1458; x_wconf 90' lang='lat' dir='ltr'><strong>crumenarum.</strong></span> 
     </span>
    </p>
   </div>
   <div class='ocr_carea' id='block_1_43' title="bbox 2632 1540 2994 1598">
    <p class='ocr_par' dir='ltr' id='par_1_43' title="bbox 2632 1540 2994 1598">
     <span class='ocr_line' id='line_1_43' title="bbox 2632 1540 2994 1598; baseline 0 -1"><span class='ocrx_word' id='word_1_284' title='bbox 2632 1540 2858 1598; x_wconf 83' lang='lat' dir='ltr'><strong>CAPUT</strong></span> <span class='ocrx_word' id='word_1_285' title='bbox 2898 1542 2994 1598; x_wconf 86' lang='lat' dir='ltr'><strong>IV.</strong></span> 
     </span>
    </p>
   </div>
   <div class='ocr_carea' id='block_1_44' title="bbox 2039 1650 3666 1727">
    <p class='ocr_par' dir='ltr' id='par_1_44' title="bbox 2039 1650 3666 1727">
     <span class='ocr_line' id='line_1_44' title="bbox 2039 1650 3666 1727; baseline 0.005 -21"><span class='ocrx_word' id='word_1_286' title='bbox 2039 1650 2067 1722; x_wconf 66' lang='grc' dir='ltr'>δ</span> <span class='ocrx_word' id='word_1_287' title='bbox 2124 1652 2167 1707; x_wconf 91' lang='grc' dir='ltr'><strong>Ι.</strong></span> <span class='ocrx_word' id='word_1_288' title='bbox 2215 1653 2496 1710; x_wconf 80' lang='lat' dir='ltr'><strong>Defuncta</strong></span> <span class='ocrx_word' id='word_1_289' title='bbox 2539 1659 2870 1710; x_wconf 72' lang='lat' dir='ltr'><strong>sanctorum</strong></span> <span class='ocrx_word' id='word_1_290' title='bbox 2910 1672 3153 1727; x_wconf 86' lang='lat' dir='ltr'><strong>corpora</strong></span> <span class='ocrx_word' id='word_1_291' title='bbox 3204 1672 3320 1712; x_wconf 87' lang='lat' dir='ltr'><strong>non</strong></span> <span class='ocrx_word' id='word_1_292' title='bbox 3360 1674 3505 1712; x_wconf 86' lang='lat' dir='ltr'><strong>auro</strong></span> <span class='ocrx_word' id='word_1_293' title='bbox 3562 1662 3666 1714; x_wconf 81' lang='lat' dir='ltr'><strong>aut</strong></span> 
     </span>
    </p>
   </div>
   <div class='ocr_carea' id='block_1_45' title="bbox 1962 1740 3665 1817">
    <p class='ocr_par' dir='ltr' id='par_1_45' title="bbox 1962 1740 3665 1817">
     <span class='ocr_line' id='line_1_45' title="bbox 1962 1740 3665 1817; baseline 0.006 -24"><span class='ocrx_word' id='word_1_294' title='bbox 1962 1743 2201 1812; x_wconf 80' lang='lat' dir='ltr'><strong>argento</strong></span> <span class='ocrx_word' id='word_1_295' title='bbox 2230 1740 2455 1796; x_wconf 81' lang='lat' dir='ltr'><strong>includi</strong></span> <span class='ocrx_word' id='word_1_296' title='bbox 2474 1741 2697 1797; x_wconf 80' lang='lat' dir='ltr'><strong>debent.</strong></span> <span class='ocrx_word' id='word_1_297' title='bbox 2730 1772 2802 1785; x_wconf 91' lang='lat'><strong>—</strong></span> <span class='ocrx_word' id='word_1_298' title='bbox 2830 1744 2937 1800; x_wconf 85' lang='lat' dir='ltr'><strong>Sed</strong></span> <span class='ocrx_word' id='word_1_299' title='bbox 2979 1745 3101 1801; x_wconf 64' lang='lat' dir='ltr'><strong>haec</strong></span> <span class='ocrx_word' id='word_1_300' title='bbox 3128 1746 3324 1801; x_wconf 89' lang='lat' dir='ltr'><strong>omnia</strong></span> <span class='ocrx_word' id='word_1_301' title='bbox 3352 1760 3387 1801; x_wconf 91' lang='lat' dir='ltr'><strong>a</strong></span> <span class='ocrx_word' id='word_1_302' title='bbox 3428 1761 3665 1817; x_wconf 86' lang='lat' dir='ltr'><strong>perver-</strong></span> 
     </span>
    </p>
   </div>
   <div class='ocr_carea' id='block_1_46' title="bbox 1959 1830 3660 1906">
    <p class='ocr_par' dir='ltr' id='par_1_46' title="bbox 1959 1830 3660 1906">
     <span class='ocr_line' id='line_1_46' title="bbox 1959 1830 3660 1906; baseline 0.005 -23"><span class='ocrx_word' id='word_1_303' title='bbox 1959 1830 2123 1885; x_wconf 88' lang='lat' dir='ltr'><strong>sitate</strong></span> <span class='ocrx_word' id='word_1_304' title='bbox 2180 1830 2388 1885; x_wconf 88' lang='lat' dir='ltr'><strong>radicis</strong></span> <span class='ocrx_word' id='word_1_305' title='bbox 2432 1840 2754 1903; x_wconf 90' lang='lat' dir='ltr'><strong>emergunt,</strong></span> <span class='ocrx_word' id='word_1_306' title='bbox 2819 1848 2951 1902; x_wconf 71' lang='lat' dir='ltr'><strong>quae</strong></span> <span class='ocrx_word' id='word_1_307' title='bbox 3006 1848 3119 1889; x_wconf 90' lang='lat' dir='ltr'><strong>non</strong></span> <span class='ocrx_word' id='word_1_308' title='bbox 3169 1842 3254 1890; x_wconf 91' lang='lat' dir='ltr'><strong>est</strong></span> <span class='ocrx_word' id='word_1_309' title='bbox 3305 1834 3421 1890; x_wconf 88' lang='lat' dir='ltr'><strong>alia</strong></span> <span class='ocrx_word' id='word_1_310' title='bbox 3482 1851 3660 1906; x_wconf 87' lang='lat' dir='ltr'><strong>quam</strong></span> 
     </span>
    </p>
   </div>
   <div class='ocr_carea' id='block_1_47' title="bbox 1962 1918 3664 1991">
    <p class='ocr_par' dir='ltr' id='par_1_47' title="bbox 1962 1918 3664 1991">
     <span class='ocr_line' id='line_1_47' title="bbox 1962 1918 3664 1991; baseline 0.005 -17"><span class='ocrx_word' id='word_1_311' title='bbox 1962 1918 2116 1989; x_wconf 91' lang='lat' dir='ltr'><strong>quod</strong></span> <span class='ocrx_word' id='word_1_312' title='bbox 2135 1918 2347 1975; x_wconf 91' lang='lat' dir='ltr'><strong>eisdem</strong></span> <span class='ocrx_word' id='word_1_313' title='bbox 2378 1920 2655 1977; x_wconf 90' lang='lat' dir='ltr'><strong>adimitur</strong></span> <span class='ocrx_word' id='word_1_314' title='bbox 2683 1922 2839 1991; x_wconf 92' lang='lat' dir='ltr'><strong>quod</strong></span> <span class='ocrx_word' id='word_1_315' title='bbox 2868 1922 3159 1978; x_wconf 90' lang='lat' dir='ltr'><strong>communi</strong></span> <span class='ocrx_word' id='word_1_316' title='bbox 3201 1930 3352 1979; x_wconf 89' lang='lat' dir='ltr'><strong>sorte</strong></span> <span class='ocrx_word' id='word_1_317' title='bbox 3382 1924 3664 1984; x_wconf 88' lang='lat' dir='ltr'><strong>debuerat</strong></span> 
     </span>
    </p>
   </div>
   <div class='ocr_carea' id='block_1_48' title="bbox 1961 2007 3659 2069">
    <p class='ocr_par' dir='ltr' id='par_1_48' title="bbox 1961 2007 3659 2069">
     <span class='ocr_line' id='line_1_48' title="bbox 1961 2007 3659 2069; baseline 0.004 -6"><span class='ocrx_word' id='word_1_318' title='bbox 1961 2007 2147 2063; x_wconf 88' lang='lat' dir='ltr'><strong>omnis</strong></span> <span class='ocrx_word' id='word_1_319' title='bbox 2199 2008 2536 2063; x_wconf 89' lang='lat' dir='ltr'><strong>commereri</strong></span> <span class='ocrx_word' id='word_1_320' title='bbox 2596 2009 2853 2064; x_wconf 87' lang='lat' dir='ltr'><strong>humana</strong></span> <span class='ocrx_word' id='word_1_321' title='bbox 2913 2019 3146 2065; x_wconf 89' lang='lat' dir='ltr'><strong>natura.</strong></span> <span class='ocrx_word' id='word_1_322' title='bbox 3200 2009 3257 2065; x_wconf 92' lang='lat' dir='ltr'><strong>Si</strong></span> <span class='ocrx_word' id='word_1_323' title='bbox 3308 2011 3465 2067; x_wconf 90' lang='lat' dir='ltr'><strong>enim</strong></span> <span class='ocrx_word' id='word_1_324' title='bbox 3503 2020 3659 2069; x_wconf 91' lang='lat' dir='ltr'><strong>certo</strong></span> 
     </span>
    </p>
   </div>
   <div class='ocr_carea' id='block_1_49' title="bbox 1961 2095 3659 2168">
    <p class='ocr_par' dir='ltr' id='par_1_49' title="bbox 1961 2095 3659 2168">
     <span class='ocr_line' id='line_1_49' title="bbox 1961 2095 3659 2168; baseline 0.003 -18"><span class='ocrx_word' id='word_1_325' title='bbox 1961 2096 2171 2151; x_wconf 90' lang='lat' dir='ltr'><strong>certius</strong></span> <span class='ocrx_word' id='word_1_326' title='bbox 2198 2095 2267 2150; x_wconf 89' lang='lat' dir='ltr'><strong>de</strong></span> <span class='ocrx_word' id='word_1_327' title='bbox 2290 2102 2445 2151; x_wconf 91' lang='lat' dir='ltr'><strong>terra</strong></span> <span class='ocrx_word' id='word_1_328' title='bbox 2480 2096 2728 2152; x_wconf 86' lang='lat' dir='ltr'><strong>hominis</strong></span> <span class='ocrx_word' id='word_1_329' title='bbox 2756 2098 2916 2168; x_wconf 84' lang='lat' dir='ltr'><strong>origo</strong></span> <span class='ocrx_word' id='word_1_330' title='bbox 2949 2098 3231 2163; x_wconf 87' lang='lat' dir='ltr'><strong>consistit,</strong></span> <span class='ocrx_word' id='word_1_331' title='bbox 3264 2106 3319 2154; x_wconf 91' lang='lat' dir='ltr'><strong>et</strong></span> <span class='ocrx_word' id='word_1_332' title='bbox 3368 2099 3659 2168; x_wconf 90' lang='lat' dir='ltr'><strong>persoluto</strong></span> 
     </span>
    </p>
   </div>
   <div class='ocr_carea' id='block_1_50' title="bbox 1963 2183 3660 2255">
    <p class='ocr_par' dir='ltr' id='par_1_50' title="bbox 1963 2183 3660 2255">
     <span class='ocr_line' id='line_1_50' title="bbox 1963 2183 3660 2255; baseline 0.003 -17"><span class='ocrx_word' id='word_1_333' title='bbox 1963 2184 2160 2239; x_wconf 91' lang='lat' dir='ltr'><strong>mortis</strong></span> <span class='ocrx_word' id='word_1_334' title='bbox 2217 2183 2406 2239; x_wconf 91' lang='lat' dir='ltr'><strong>debito</strong></span> <span class='ocrx_word' id='word_1_335' title='bbox 2460 2183 2519 2239; x_wconf 90' lang='lat' dir='ltr'><strong>in</strong></span> <span class='ocrx_word' id='word_1_336' title='bbox 2574 2185 2834 2240; x_wconf 87' lang='lat' dir='ltr'><strong>eamdem</strong></span> <span class='ocrx_word' id='word_1_337' title='bbox 2879 2200 2952 2241; x_wconf 86' lang='lat' dir='ltr'><strong>ex</strong></span> <span class='ocrx_word' id='word_1_338' title='bbox 3012 2186 3214 2255; x_wconf 66' lang='lat' dir='ltr'><strong>primae</strong></span> <span class='ocrx_word' id='word_1_339' title='bbox 3269 2186 3660 2243; x_wconf 88' lang='lat' dir='ltr'><strong>damnationis</strong></span> 
     </span>
    </p>
   </div>
   <div class='ocr_carea' id='block_1_51' title="bbox 1962 2272 3661 2343">
    <p class='ocr_par' dir='ltr' id='par_1_51' title="bbox 1962 2272 3661 2343">
     <span class='ocr_line' id='line_1_51' title="bbox 1962 2272 3661 2343; baseline 0.001 -15"><span class='ocrx_word' id='word_1_340' title='bbox 1962 2272 2187 2343; x_wconf 84' lang='lat' dir='ltr'><strong>legibus</strong></span> <span class='ocrx_word' id='word_1_341' title='bbox 2236 2272 2454 2339; x_wconf 90' lang='lat' dir='ltr'><strong>recidit,</strong></span> <span class='ocrx_word' id='word_1_342' title='bbox 2505 2274 2815 2342; x_wconf 74' lang='lat' dir='ltr'><strong>praesertim</strong></span> <span class='ocrx_word' id='word_1_343' title='bbox 2865 2274 2962 2329; x_wconf 91' lang='lat' dir='ltr'><strong>cui</strong></span> <span class='ocrx_word' id='word_1_344' title='bbox 3023 2274 3241 2330; x_wconf 91' lang='lat' dir='ltr'><strong>dictum</strong></span> <span class='ocrx_word' id='word_1_345' title='bbox 3287 2282 3415 2331; x_wconf 90' lang='lat' dir='ltr'><strong>est:</strong></span> <span class='ocrx_word' id='word_1_346' title='bbox 3475 2275 3661 2331; x_wconf 70' lang='lat' dir='ltr'><strong>Terra</strong></span> 
     </span>
    </p>
   </div>
   <div class='ocr_carea' id='block_1_52' title="bbox 1958 2359 3661 2433">
    <p class='ocr_par' dir='ltr' id='par_1_52' title="bbox 1958 2359 3661 2433">
     <span class='ocr_line' id='line_1_52' title="bbox 1958 2359 3661 2433; baseline 0.004 -19"><span class='ocrx_word' id='word_1_347' title='bbox 1958 2378 2038 2429; x_wconf 71' lang='lat' dir='ltr'><strong>es,</strong></span> <span class='ocrx_word' id='word_1_348' title='bbox 2072 2364 2129 2415; x_wconf 83' lang='lat' dir='ltr'><strong>et</strong></span> <span class='ocrx_word' id='word_1_349' title='bbox 2159 2359 2222 2415; x_wconf 85' lang='lat' dir='ltr'><strong>in</strong></span> <span class='ocrx_word' id='word_1_350' title='bbox 2250 2364 2465 2415; x_wconf 81' lang='lat' dir='ltr'><strong>terram</strong></span> <span class='ocrx_word' id='word_1_351' title='bbox 2496 2359 2607 2415; x_wconf 77' lang='lat' dir='ltr'><strong>ibis</strong></span> <span class='ocrx_word' id='word_1_352' title='bbox 2632 2379 2648 2415; x_wconf 91' lang='lat'><strong>:</strong></span> <span class='ocrx_word' id='word_1_353' title='bbox 2684 2362 2854 2430; x_wconf 91' lang='lat' dir='ltr'><strong>Deus,</strong></span> <span class='ocrx_word' id='word_1_354' title='bbox 2890 2376 3013 2417; x_wconf 91' lang='lat' dir='ltr'><strong>mea</strong></span> <span class='ocrx_word' id='word_1_355' title='bbox 3039 2362 3340 2429; x_wconf 90' lang='lat' dir='ltr'><strong>sententia,</strong></span> <span class='ocrx_word' id='word_1_356' title='bbox 3373 2378 3478 2419; x_wconf 92' lang='lat' dir='ltr'><strong>nec</strong></span> <span class='ocrx_word' id='word_1_357' title='bbox 3507 2378 3661 2433; x_wconf 65' lang='lat' dir='ltr'><strong>prm-</strong></span> 
     </span>
    </p>
   </div>
   <div class='ocr_carea' id='block_1_53' title="bbox 1956 2450 3659 2523">
    <p class='ocr_par' dir='ltr' id='par_1_53' title="bbox 1956 2450 3659 2523">
     <span class='ocr_line' id='line_1_53' title="bbox 1956 2450 3659 2523; baseline 0.001 -17"><span class='ocrx_word' id='word_1_358' title='bbox 1956 2450 2123 2517; x_wconf 88' lang='lat' dir='ltr'><strong>senti,</strong></span> <span class='ocrx_word' id='word_1_359' title='bbox 2174 2464 2281 2506; x_wconf 90' lang='lat' dir='ltr'><strong>nec</strong></span> <span class='ocrx_word' id='word_1_360' title='bbox 2325 2457 2596 2506; x_wconf 89' lang='lat' dir='ltr'><strong>secuturo</strong></span> <span class='ocrx_word' id='word_1_361' title='bbox 2646 2452 2901 2520; x_wconf 87' lang='lat' dir='ltr'><strong>cuipiam</strong></span> <span class='ocrx_word' id='word_1_362' title='bbox 2943 2451 3129 2507; x_wconf 81' lang='lat' dir='ltr'><strong>dixit:</strong></span> <span class='ocrx_word' id='word_1_363' title='bbox 3184 2456 3410 2523; x_wconf 82' lang='lat' dir='ltr'><strong>Aurum</strong></span> <span class='ocrx_word' id='word_1_364' title='bbox 3448 2453 3539 2507; x_wconf 74' lang='lat' dir='ltr'><strong>vel</strong></span> <span class='ocrx_word' id='word_1_365' title='bbox 3566 2470 3659 2507; x_wconf 87' lang='lat' dir='ltr'><strong>ar-</strong></span> 
     </span>
    </p>
   </div>
   <div class='ocr_carea' id='block_1_54' title="bbox 1953 2538 3657 2612">
    <p class='ocr_par' dir='ltr' id='par_1_54' title="bbox 1953 2538 3657 2612">
     <span class='ocr_line' id='line_1_54' title="bbox 1953 2538 3657 2612; baseline 0.002 -19"><span class='ocrx_word' id='word_1_366' title='bbox 1953 2542 2189 2612; x_wconf 77' lang='lat' dir='ltr'><strong>gentum</strong></span> <span class='ocrx_word' id='word_1_367' title='bbox 2211 2556 2294 2606; x_wconf 77' lang='lat' dir='ltr'><strong>es,</strong></span> <span class='ocrx_word' id='word_1_368' title='bbox 2324 2538 2387 2593; x_wconf 83' lang='lat' dir='ltr'><strong>in</strong></span> <span class='ocrx_word' id='word_1_369' title='bbox 2415 2556 2623 2594; x_wconf 85' lang='lat' dir='ltr'><strong>aurum</strong></span> <span class='ocrx_word' id='word_1_370' title='bbox 2647 2539 2737 2594; x_wconf 84' lang='lat' dir='ltr'><strong>vel</strong></span> <span class='ocrx_word' id='word_1_371' title='bbox 2754 2543 3059 2612; x_wconf 70' lang='lat' dir='ltr'><strong>argentum</strong></span> <span class='ocrx_word' id='word_1_372' title='bbox 3078 2539 3206 2594; x_wconf 74' lang='lat' dir='ltr'><strong>ibis.</strong></span> <span class='ocrx_word' id='word_1_373' title='bbox 3247 2542 3312 2597; x_wconf 87' lang='lat' dir='ltr'><strong>Ut</strong></span> <span class='ocrx_word' id='word_1_374' title='bbox 3343 2540 3506 2611; x_wconf 88' lang='lat' dir='ltr'><strong>quid,</strong></span> <span class='ocrx_word' id='word_1_375' title='bbox 3530 2556 3657 2611; x_wconf 83' lang='lat' dir='ltr'><strong>pre-</strong></span> 
     </span>
    </p>
   </div>
   <div class='ocr_carea' id='block_1_55' title="bbox 1957 2622 3655 2700">
    <p class='ocr_par' dir='ltr' id='par_1_55' title="bbox 1957 2622 3655 2700">
     <span class='ocr_line' id='line_1_55' title="bbox 1957 2622 3655 2700; baseline 0.001 -17"><span class='ocrx_word' id='word_1_376' title='bbox 1957 2641 2074 2695; x_wconf 91' lang='lat' dir='ltr'><strong>cor,</strong></span> <span class='ocrx_word' id='word_1_377' title='bbox 2107 2628 2275 2684; x_wconf 85' lang='lat' dir='ltr'><strong>homo</strong></span> <span class='ocrx_word' id='word_1_378' title='bbox 2306 2622 2354 2683; x_wconf 83' lang='lat' dir='ltr'><strong>a&#39;</strong></span> <span class='ocrx_word' id='word_1_379' title='bbox 2383 2643 2490 2684; x_wconf 91' lang='lat' dir='ltr'><strong>sua</strong></span> <span class='ocrx_word' id='word_1_380' title='bbox 2528 2637 2760 2696; x_wconf 91' lang='lat' dir='ltr'><strong>natura,</strong></span> <span class='ocrx_word' id='word_1_381' title='bbox 2802 2634 2915 2684; x_wconf 86' lang='lat' dir='ltr'><strong>imo</strong></span> <span class='ocrx_word' id='word_1_382' title='bbox 2940 2644 2974 2685; x_wconf 90' lang='lat' dir='ltr'><strong>a</strong></span> <span class='ocrx_word' id='word_1_383' title='bbox 3003 2630 3097 2685; x_wconf 91' lang='lat' dir='ltr'><strong>Dei</strong></span> <span class='ocrx_word' id='word_1_384' title='bbox 3142 2629 3384 2700; x_wconf 90' lang='lat' dir='ltr'><strong>imperio</strong></span> <span class='ocrx_word' id='word_1_385' title='bbox 3409 2631 3655 2697; x_wconf 89' lang='lat' dir='ltr'><strong>eruitur,</strong></span> 
     </span>
    </p>
   </div>
   <div class='ocr_carea' id='block_1_56' title="bbox 1958 2717 3655 2788">
    <p class='ocr_par' dir='ltr' id='par_1_56' title="bbox 1958 2717 3655 2788">
     <span class='ocr_line' id='line_1_56' title="bbox 1958 2717 3655 2788; baseline -0.001 -12"><span class='ocrx_word' id='word_1_386' title='bbox 1958 2724 2022 2777; x_wconf 88' lang='lat' dir='ltr'><strong>ut</strong></span> <span class='ocrx_word' id='word_1_387' title='bbox 2068 2717 2226 2788; x_wconf 90' lang='lat' dir='ltr'><strong>quod</strong></span> <span class='ocrx_word' id='word_1_388' title='bbox 2273 2717 2733 2773; x_wconf 81' lang='lat' dir='ltr'><strong>conditionaliter</strong></span> <span class='ocrx_word' id='word_1_389' title='bbox 2784 2718 2927 2773; x_wconf 89' lang='lat' dir='ltr'><strong>nulli</strong></span> <span class='ocrx_word' id='word_1_390' title='bbox 2971 2718 3262 2788; x_wconf 88' lang='lat' dir='ltr'><strong>competit,</strong></span> <span class='ocrx_word' id='word_1_391' title='bbox 3321 2718 3515 2775; x_wconf 89' lang='lat' dir='ltr'><strong>aureis</strong></span> <span class='ocrx_word' id='word_1_392' title='bbox 3565 2718 3655 2774; x_wconf 91' lang='lat' dir='ltr'><strong>vel</strong></span> 
     </span>
    </p>
   </div>
   <div class='ocr_carea' id='block_1_57' title="bbox 1957 2805 2906 2876">
    <p class='ocr_par' dir='ltr' id='par_1_57' title="bbox 1957 2805 2906 2876">
     <span class='ocr_line' id='line_1_57' title="bbox 1957 2805 2906 2876; baseline 0 -14"><span class='ocrx_word' id='word_1_393' title='bbox 1957 2806 2246 2876; x_wconf 87' lang='lat' dir='ltr'><strong>argenteis</strong></span> <span class='ocrx_word' id='word_1_394' title='bbox 2267 2807 2565 2862; x_wconf 88' lang='lat' dir='ltr'><strong>conchulis</strong></span> <span class='ocrx_word' id='word_1_395' title='bbox 2586 2806 2874 2862; x_wconf 87' lang='lat' dir='ltr'><strong>inseratur</strong></span> <span class='ocrx_word' id='word_1_396' title='bbox 2895 2805 2906 2861; x_wconf 83' lang='grc' dir='ltr'><strong>ι</strong></span> 
     </span>
    </p>
   </div>
   <div class='ocr_carea' id='block_1_58' title="bbox 2029 2885 3655 2965">
    <p class='ocr_par' dir='ltr' id='par_1_58' title="bbox 2029 2885 3655 2965">
     <span class='ocr_line' id='line_1_58' title="bbox 2029 2885 3655 2965; baseline 0.001 -15"><span class='ocrx_word' id='word_1_397' title='bbox 2029 2895 2084 2950; x_wconf 89' lang='lat' dir='ltr'><strong>Si</strong></span> <span class='ocrx_word' id='word_1_398' title='bbox 2135 2896 2224 2952; x_wconf 92' lang='lat' dir='ltr'><strong>vir</strong></span> <span class='ocrx_word' id='word_1_399' title='bbox 2281 2895 2509 2965; x_wconf 89' lang='lat' dir='ltr'><strong>sapiens</strong></span> <span class='ocrx_word' id='word_1_400' title='bbox 2560 2895 2673 2950; x_wconf 90' lang='lat' dir='ltr'><strong>alia</strong></span> <span class='ocrx_word' id='word_1_401' title='bbox 2728 2904 2934 2964; x_wconf 71' lang='lat' dir='ltr'><strong>praeter</strong></span> <span class='ocrx_word' id='word_1_402' title='bbox 2994 2885 3203 2951; x_wconf 89' lang='lat' dir='ltr'><strong>terram</strong></span> <span class='ocrx_word' id='word_1_403' title='bbox 3260 2896 3655 2952; x_wconf 88' lang='lat' dir='ltr'><strong>humanorum</strong></span> 
     </span>
    </p>
   </div>
   <div class='ocr_carea' id='block_1_59' title="bbox 1958 2983 3652 3053">
    <p class='ocr_par' dir='ltr' id='par_1_59' title="bbox 1958 2983 3652 3053">
     <span class='ocr_line' id='line_1_59' title="bbox 1958 2983 3652 3053; baseline 0.001 -15"><span class='ocrx_word' id='word_1_404' title='bbox 1958 2988 2103 3038; x_wconf 62' lang='lat'><strong>831</strong></span> <span class='ocrx_word' id='word_1_405' title='bbox 2154 2998 2462 3053; x_wconf 90' lang='lat' dir='ltr'><strong>corporum</strong></span> <span class='ocrx_word' id='word_1_406' title='bbox 2536 2983 2706 3039; x_wconf 77' lang='lat' dir='ltr'><strong>sciret</strong></span> <span class='ocrx_word' id='word_1_407' title='bbox 2755 2985 3138 3052; x_wconf 87' lang='lat' dir='ltr'><strong>receptacula,</strong></span> <span class='ocrx_word' id='word_1_408' title='bbox 3212 2999 3329 3040; x_wconf 92' lang='lat' dir='ltr'><strong>non</strong></span> <span class='ocrx_word' id='word_1_409' title='bbox 3394 2983 3652 3041; x_wconf 89' lang='lat' dir='ltr'><strong>diceret:</strong></span> 
     </span>
    </p>
   </div>
   <div class='ocr_carea' id='block_1_60' title="bbox 146 3070 3656 3158">
    <p class='ocr_par' dir='ltr' id='par_1_60' title="bbox 146 3070 3656 3158">
     <span class='ocr_line' id='line_1_60' title="bbox 146 3070 3656 3158; baseline 0 -30"><span class='ocrx_word' id='word_1_410' title='bbox 146 3079 267 3129; x_wconf 90' lang='lat' dir='ltr'><strong>tum</strong></span> <span class='ocrx_word' id='word_1_411' title='bbox 303 3070 627 3142; x_wconf 87' lang='lat' dir='ltr'><strong>sacrilegio.</strong></span> <span class='ocrx_word' id='word_1_412' title='bbox 673 3070 820 3137; x_wconf 88' lang='lat' dir='ltr'><strong>Quid</strong></span> <span class='ocrx_word' id='word_1_413' title='bbox 858 3071 1012 3126; x_wconf 89' lang='lat' dir='ltr'><strong>enim</strong></span> <span class='ocrx_word' id='word_1_414' title='bbox 1050 3070 1234 3139; x_wconf 81' lang='lat' dir='ltr'><strong>magis</strong></span> <span class='ocrx_word' id='word_1_415' title='bbox 1271 3071 1615 3143; x_wconf 80' lang='lat' dir='ltr'><strong>sacrilegum</strong></span> <span class='ocrx_word' id='word_1_416' title='bbox 1666 3088 1844 3143; x_wconf 90' lang='lat' dir='ltr'><strong>quam</strong></span> <span class='ocrx_word' id='word_1_417' title='bbox 1884 3102 1924 3158; x_wconf 69' lang='grc' dir='ltr'><strong>ρ</strong></span> <span class='ocrx_word' id='word_1_418' title='bbox 1956 3072 2118 3139; x_wconf 89' lang='lat' dir='ltr'><strong>Quod</strong></span> <span class='ocrx_word' id='word_1_419' title='bbox 2162 3088 2344 3143; x_wconf 74' lang='lat' dir='ltr'><strong>graue</strong></span> <span class='ocrx_word' id='word_1_420' title='bbox 2385 3079 2599 3144; x_wconf 79' lang='lat' dir='ltr'><strong>jugum</strong></span> <span class='ocrx_word' id='word_1_421' title='bbox 2642 3089 2817 3143; x_wconf 68' lang='lat' dir='ltr'><strong>super</strong></span> <span class='ocrx_word' id='word_1_422' title='bbox 2845 3073 3010 3145; x_wconf 76' lang='lat' dir='ltr'><strong>ﬁlios</strong></span> <span class='ocrx_word' id='word_1_423' title='bbox 3061 3074 3202 3129; x_wconf 71' lang='lat' dir='ltr'><strong>Adae</strong></span> <span class='ocrx_word' id='word_1_424' title='bbox 3237 3091 3276 3128; x_wconf 93' lang='lat' dir='ltr'><strong>a</strong></span> <span class='ocrx_word' id='word_1_425' title='bbox 3325 3072 3419 3127; x_wconf 84' lang='lat' dir='ltr'><strong>die</strong></span> <span class='ocrx_word' id='word_1_426' title='bbox 3469 3072 3656 3128; x_wconf 71' lang='lat' dir='ltr'><strong>exitus</strong></span> 
     </span>
    </p>
   </div>
   <div class='ocr_carea' id='block_1_61' title="bbox 146 3159 1845 3232">
    <p class='ocr_par' dir='ltr' id='par_1_61' title="bbox 146 3159 1845 3232">
     <span class='ocr_line' id='line_1_61' title="bbox 146 3159 1845 3232; baseline 0.002 -16"><span class='ocrx_word' id='word_1_427' title='bbox 146 3175 246 3231; x_wconf 90' lang='lat' dir='ltr'><strong>pro</strong></span> <span class='ocrx_word' id='word_1_428' title='bbox 275 3160 475 3216; x_wconf 87' lang='lat' dir='ltr'><strong>divino</strong></span> <span class='ocrx_word' id='word_1_429' title='bbox 506 3159 765 3215; x_wconf 75' lang='lat' dir='ltr'><strong>exeolere</strong></span> <span class='ocrx_word' id='word_1_430' title='bbox 796 3173 910 3214; x_wconf 92' lang='lat' dir='ltr'><strong>non</strong></span> <span class='ocrx_word' id='word_1_431' title='bbox 941 3160 1246 3216; x_wconf 87' lang='lat' dir='ltr'><strong>divinum?</strong></span> <span class='ocrx_word' id='word_1_432' title='bbox 1277 3159 1416 3226; x_wconf 72' lang='lat' dir='ltr'><strong>Quae</strong></span> <span class='ocrx_word' id='word_1_433' title='bbox 1447 3176 1699 3232; x_wconf 88' lang='lat' dir='ltr'><strong>namque</strong></span> <span class='ocrx_word' id='word_1_434' title='bbox 1729 3164 1845 3219; x_wconf 90' lang='lat' dir='ltr'><strong>Deo</strong></span> 
     </span>
    </p>
   </div>
   <div class='ocr_carea' id='block_1_62' title="bbox 148 3247 1847 3320">
    <p class='ocr_par' dir='ltr' id='par_1_62' title="bbox 148 3247 1847 3320">
     <span class='ocr_line' id='line_1_62' title="bbox 148 3247 1847 3320; baseline 0.003 -18"><span class='ocrx_word' id='word_1_435' title='bbox 148 3249 435 3318; x_wconf 87' lang='lat' dir='ltr'><strong>pertinent</strong></span> <span class='ocrx_word' id='word_1_436' title='bbox 503 3247 703 3303; x_wconf 86' lang='lat' dir='ltr'><strong>divina</strong></span> <span class='ocrx_word' id='word_1_437' title='bbox 763 3255 917 3303; x_wconf 90' lang='lat' dir='ltr'><strong>sunt.</strong></span> <span class='ocrx_word' id='word_1_438' title='bbox 978 3248 1049 3304; x_wconf 91' lang='lat' dir='ltr'><strong>Et</strong></span> <span class='ocrx_word' id='word_1_439' title='bbox 1111 3249 1251 3318; x_wconf 91' lang='lat' dir='ltr'><strong>quid</strong></span> <span class='ocrx_word' id='word_1_440' title='bbox 1318 3249 1432 3305; x_wconf 92' lang='lat' dir='ltr'><strong>Deo</strong></span> <span class='ocrx_word' id='word_1_441' title='bbox 1496 3252 1847 3320; x_wconf 84' lang='lat' dir='ltr'><strong>pertinacius</strong></span> 
     </span>
    </p>
   </div>
   <div class='ocr_carea' id='block_1_63' title="bbox 148 3335 1308 3406">
    <p class='ocr_par' dir='ltr' id='par_1_63' title="bbox 148 3335 1308 3406">
     <span class='ocr_line' id='line_1_63' title="bbox 148 3335 1308 3406; baseline 0 -15"><span class='ocrx_word' id='word_1_442' title='bbox 148 3350 320 3406; x_wconf 91' lang='lat' dir='ltr'><strong>quam</strong></span> <span class='ocrx_word' id='word_1_443' title='bbox 357 3335 433 3391; x_wconf 89' lang='lat' dir='ltr'><strong>illi</strong></span> <span class='ocrx_word' id='word_1_444' title='bbox 459 3336 561 3406; x_wconf 90' lang='lat' dir='ltr'><strong>qui</strong></span> <span class='ocrx_word' id='word_1_445' title='bbox 590 3338 699 3392; x_wconf 92' lang='lat' dir='ltr'><strong>Deo</strong></span> <span class='ocrx_word' id='word_1_446' title='bbox 731 3337 1104 3406; x_wconf 87' lang='lat' dir='ltr'><strong>unicorpores</strong></span> <span class='ocrx_word' id='word_1_447' title='bbox 1135 3337 1308 3394; x_wconf 81' lang='lat' dir='ltr'><strong>sunt?</strong></span> 
     </span>
    </p>
   </div>
   <div class='ocr_carea' id='block_1_64' title="bbox 216 3423 1845 3500">
    <p class='ocr_par' dir='ltr' id='par_1_64' title="bbox 216 3423 1845 3500">
     <span class='ocr_line' id='line_1_64' title="bbox 216 3423 1845 3500; baseline 0.002 -21"><span class='ocrx_word' id='word_1_448' title='bbox 216 3423 372 3495; x_wconf 83' lang='lat' dir='ltr'><strong>§IlI.</strong></span> <span class='ocrx_word' id='word_1_449' title='bbox 427 3426 488 3481; x_wconf 91' lang='lat' dir='ltr'><strong>S.</strong></span> <span class='ocrx_word' id='word_1_450' title='bbox 535 3423 819 3495; x_wconf 74' lang='lat' dir='ltr'><strong>Ezuperii</strong></span> <span class='ocrx_word' id='word_1_451' title='bbox 863 3425 1008 3491; x_wconf 86' lang='lat' dir='ltr'><strong>loco,</strong></span> <span class='ocrx_word' id='word_1_452' title='bbox 1061 3425 1345 3487; x_wconf 76' lang='lat' dir='ltr'><strong>Exuperii</strong></span> <span class='ocrx_word' id='word_1_453' title='bbox 1394 3426 1598 3484; x_wconf 74' lang='lat' dir='ltr'><strong>rustici</strong></span> <span class='ocrx_word' id='word_1_454' title='bbox 1638 3445 1845 3500; x_wconf 68' lang='lat' dir='ltr'><strong>corpus</strong></span> 
     </span>
    </p>
   </div>
   <div class='ocr_carea' id='block_1_65' title="bbox 145 3512 1843 3585">
    <p class='ocr_par' dir='ltr' id='par_1_65' title="bbox 145 3512 1843 3585">
     <span class='ocr_line' id='line_1_65' title="bbox 145 3512 1843 3585; baseline 0.004 -18"><span class='ocrx_word' id='word_1_455' title='bbox 145 3512 517 3580; x_wconf 66' lang='lat' dir='ltr'><strong>subinfertur.</strong></span> <span class='ocrx_word' id='word_1_456' title='bbox 549 3543 619 3553; x_wconf 90' lang='lat'><strong><em>—</em></strong></span> <span class='ocrx_word' id='word_1_457' title='bbox 650 3513 800 3569; x_wconf 84' lang='lat' dir='ltr'><strong>Audi</strong></span> <span class='ocrx_word' id='word_1_458' title='bbox 839 3514 993 3584; x_wconf 91' lang='lat' dir='ltr'><strong>quod</strong></span> <span class='ocrx_word' id='word_1_459' title='bbox 1037 3515 1431 3585; x_wconf 89' lang='lat' dir='ltr'><strong>querimonias</strong></span> <span class='ocrx_word' id='word_1_460' title='bbox 1460 3524 1685 3573; x_wconf 89' lang='lat' dir='ltr'><strong>nostras</strong></span> <span class='ocrx_word' id='word_1_461' title='bbox 1713 3517 1843 3574; x_wconf 89' lang='lat' dir='ltr'><strong>elu-</strong></span> 
     </span>
    </p>
   </div>
   <div class='ocr_carea' id='block_1_66' title="bbox 147 3600 1843 3675">
    <p class='ocr_par' dir='ltr' id='par_1_66' title="bbox 147 3600 1843 3675">
     <span class='ocr_line' id='line_1_66' title="bbox 147 3600 1843 3675; baseline 0.005 -20"><span class='ocrx_word' id='word_1_462' title='bbox 147 3600 307 3669; x_wconf 88' lang='lat' dir='ltr'><strong>cidet,</strong></span> <span class='ocrx_word' id='word_1_463' title='bbox 366 3611 422 3657; x_wconf 93' lang='lat' dir='ltr'><strong>et</strong></span> <span class='ocrx_word' id='word_1_464' title='bbox 470 3602 539 3657; x_wconf 89' lang='lat' dir='ltr'><strong>de</strong></span> <span class='ocrx_word' id='word_1_465' title='bbox 590 3601 658 3658; x_wconf 91' lang='lat' dir='ltr'><strong>iis</strong></span> <span class='ocrx_word' id='word_1_466' title='bbox 707 3616 840 3672; x_wconf 68' lang='lat' dir='ltr'><strong>quae</strong></span> <span class='ocrx_word' id='word_1_467' title='bbox 897 3610 1034 3658; x_wconf 91' lang='lat' dir='ltr'><strong>sunt</strong></span> <span class='ocrx_word' id='word_1_468' title='bbox 1090 3605 1325 3673; x_wconf 67' lang='lat' dir='ltr'><strong>praelata</strong></span> <span class='ocrx_word' id='word_1_469' title='bbox 1374 3605 1668 3675; x_wconf 87' lang='lat' dir='ltr'><strong>dijudicet.</strong></span> <span class='ocrx_word' id='word_1_470' title='bbox 1723 3607 1843 3663; x_wconf 92' lang='lat' dir='ltr'><strong>Odo</strong></span> 
     </span>
    </p>
   </div>
   <div class='ocr_carea' id='block_1_67' title="bbox 147 3690 1840 3760">
    <p class='ocr_par' dir='ltr' id='par_1_67' title="bbox 147 3690 1840 3760">
     <span class='ocr_line' id='line_1_67' title="bbox 147 3690 1840 3760; baseline 0.004 -17"><span class='ocrx_word' id='word_1_471' title='bbox 147 3690 379 3758; x_wconf 90' lang='lat' dir='ltr'><strong>quidam</strong></span> <span class='ocrx_word' id='word_1_472' title='bbox 405 3690 734 3760; x_wconf 88' lang='lat' dir='ltr'><strong>Bajocensis</strong></span> <span class='ocrx_word' id='word_1_473' title='bbox 763 3690 1081 3760; x_wconf 90' lang='lat' dir='ltr'><strong>episcopus,</strong></span> <span class='ocrx_word' id='word_1_474' title='bbox 1118 3692 1346 3748; x_wconf 84' lang='lat' dir='ltr'><strong>Roberti</strong></span> <span class='ocrx_word' id='word_1_475' title='bbox 1377 3693 1598 3748; x_wconf 88' lang='lat' dir='ltr'><strong>comitis</strong></span> <span class='ocrx_word' id='word_1_476' title='bbox 1625 3694 1840 3750; x_wconf 85' lang='lat' dir='ltr'><strong>North-</strong></span> 
     </span>
    </p>
   </div>
   <div class='ocr_carea' id='block_1_68' title="bbox 146 3778 1841 3846">
    <p class='ocr_par' dir='ltr' id='par_1_68' title="bbox 146 3778 1841 3846">
     <span class='ocr_line' id='line_1_68' title="bbox 146 3778 1841 3846; baseline 0.003 -14"><span class='ocrx_word' id='word_1_477' title='bbox 146 3791 489 3835; x_wconf 86' lang='lat' dir='ltr'><strong>mannorum</strong></span> <span class='ocrx_word' id='word_1_478' title='bbox 552 3778 833 3834; x_wconf 89' lang='lat' dir='ltr'><strong>naturalis</strong></span> <span class='ocrx_word' id='word_1_479' title='bbox 895 3778 1068 3846; x_wconf 82' lang='lat' dir='ltr'><strong>ﬁlius,</strong></span> <span class='ocrx_word' id='word_1_480' title='bbox 1135 3788 1190 3835; x_wconf 92' lang='lat' dir='ltr'><strong>et</strong></span> <span class='ocrx_word' id='word_1_481' title='bbox 1258 3780 1524 3837; x_wconf 90' lang='lat' dir='ltr'><strong>Guilelmi</strong></span> <span class='ocrx_word' id='word_1_482' title='bbox 1602 3781 1841 3837; x_wconf 90' lang='lat' dir='ltr'><strong>senioris</strong></span> 
     </span>
    </p>
   </div>
   <div class='ocr_carea' id='block_1_69' title="bbox 146 3865 1840 3941">
    <p class='ocr_par' dir='ltr' id='par_1_69' title="bbox 146 3865 1840 3941">
     <span class='ocr_line' id='line_1_69' title="bbox 146 3865 1840 3941; baseline 0.003 -19"><span class='ocrx_word' id='word_1_483' title='bbox 146 3865 463 3937; x_wconf 85' lang='lat' dir='ltr'><strong>Anglorum</strong></span> <span class='ocrx_word' id='word_1_484' title='bbox 498 3867 648 3938; x_wconf 90' lang='lat' dir='ltr'><strong>regis</strong></span> <span class='ocrx_word' id='word_1_485' title='bbox 689 3868 1029 3923; x_wconf 88' lang='lat' dir='ltr'><strong>naturaliter</strong></span> <span class='ocrx_word' id='word_1_486' title='bbox 1061 3867 1256 3936; x_wconf 84' lang='lat' dir='ltr'><strong>frater,</strong></span> <span class='ocrx_word' id='word_1_487' title='bbox 1301 3878 1565 3926; x_wconf 90' lang='lat' dir='ltr'><strong>sanctum</strong></span> <span class='ocrx_word' id='word_1_488' title='bbox 1602 3872 1840 3941; x_wconf 84' lang='lat' dir='ltr'><strong>Exupe-</strong></span> 
     </span>
    </p>
   </div>
   <div class='ocr_carea' id='block_1_70' title="bbox 146 3954 1840 4027">
    <p class='ocr_par' dir='ltr' id='par_1_70' title="bbox 146 3954 1840 4027">
     <span class='ocr_line' id='line_1_70' title="bbox 146 3954 1840 4027; baseline 0.004 -18"><span class='ocrx_word' id='word_1_489' title='bbox 146 3954 290 4011; x_wconf 91' lang='lat' dir='ltr'><strong>rium</strong></span> <span class='ocrx_word' id='word_1_490' title='bbox 357 3956 826 4027; x_wconf 69' lang='lat' dir='ltr'><strong>prmdecessorem</strong></span> <span class='ocrx_word' id='word_1_491' title='bbox 887 3971 1060 4013; x_wconf 90' lang='lat' dir='ltr'><strong>suum</strong></span> <span class='ocrx_word' id='word_1_492' title='bbox 1109 3966 1297 4013; x_wconf 90' lang='lat' dir='ltr'><strong>castro</strong></span> <span class='ocrx_word' id='word_1_493' title='bbox 1359 3959 1629 4016; x_wconf 88' lang='lat' dir='ltr'><strong>Curboilo</strong></span> <span class='ocrx_word' id='word_1_494' title='bbox 1676 3959 1840 4015; x_wconf 90' lang='lat' dir='ltr'><strong>cultu</strong></span> 
     </span>
    </p>
   </div>
   <div class='ocr_carea' id='block_1_71' title="bbox 148 4045 1835 4118">
    <p class='ocr_par' dir='ltr' id='par_1_71' title="bbox 148 4045 1835 4118">
     <span class='ocr_line' id='line_1_71' title="bbox 148 4045 1835 4118; baseline 0.002 -21"><span class='ocrx_word' id='word_1_495' title='bbox 148 4047 493 4111; x_wconf 86' lang='lat' dir='ltr'><strong>permaximo</strong></span> <span class='ocrx_word' id='word_1_496' title='bbox 544 4045 889 4102; x_wconf 77' lang='lat' dir='ltr'><strong>honoratum</strong></span> <span class='ocrx_word' id='word_1_497' title='bbox 929 4046 1450 4104; x_wconf 87' lang='lat' dir='ltr'><strong>desiderantissime</strong></span> <span class='ocrx_word' id='word_1_498' title='bbox 1484 4048 1835 4118; x_wconf 86' lang='lat' dir='ltr'><strong>requirebat.</strong></span> 
     </span>
    </p>
   </div>
   <div class='ocr_carea' id='block_1_72' title="bbox 148 4129 1837 4204">
    <p class='ocr_par' dir='ltr' id='par_1_72' title="bbox 148 4129 1837 4204">
     <span class='ocr_line' id='line_1_72' title="bbox 148 4129 1837 4204; baseline 0.003 -17"><span class='ocrx_word' id='word_1_499' title='bbox 148 4129 397 4204; x_wconf 82' lang='lat' dir='ltr'><strong>Cumque</strong></span> <span class='ocrx_word' id='word_1_500' title='bbox 425 4133 691 4189; x_wconf 63' lang='lat' dir='ltr'><strong>Ecclesiae</strong></span> <span class='ocrx_word' id='word_1_501' title='bbox 723 4133 817 4189; x_wconf 92' lang='lat' dir='ltr'><strong>cui</strong></span> <span class='ocrx_word' id='word_1_502' title='bbox 858 4134 1045 4190; x_wconf 91' lang='lat' dir='ltr'><strong>inerat</strong></span> <span class='ocrx_word' id='word_1_503' title='bbox 1086 4135 1366 4192; x_wconf 78' lang='lat' dir='ltr'><strong>aedituum</strong></span> <span class='ocrx_word' id='word_1_504' title='bbox 1392 4144 1623 4192; x_wconf 89' lang='lat' dir='ltr'><strong>centum</strong></span> <span class='ocrx_word' id='word_1_505' title='bbox 1654 4137 1837 4193; x_wconf 89' lang='lat' dir='ltr'><strong>dena-</strong></span> 
     </span>
    </p>
   </div>
   <div class='ocr_carea' id='block_1_73' title="bbox 149 4219 1836 4295">
    <p class='ocr_par' dir='ltr' id='par_1_73' title="bbox 149 4219 1836 4295">
     <span class='ocr_line' id='line_1_73' title="bbox 149 4219 1836 4295; baseline 0.003 -22"><span class='ocrx_word' id='word_1_506' title='bbox 149 4219 357 4278; x_wconf 91' lang='lat' dir='ltr'><strong>riorum</strong></span> <span class='ocrx_word' id='word_1_507' title='bbox 391 4222 557 4279; x_wconf 91' lang='lat' dir='ltr'><strong>libris</strong></span> <span class='ocrx_word' id='word_1_508' title='bbox 585 4220 965 4291; x_wconf 77' lang='lat' dir='ltr'><strong>numerasset,</strong></span> <span class='ocrx_word' id='word_1_509' title='bbox 1000 4230 1065 4279; x_wconf 88' lang='lat' dir='ltr'><strong>ut</strong></span> <span class='ocrx_word' id='word_1_510' title='bbox 1112 4225 1377 4280; x_wconf 90' lang='lat' dir='ltr'><strong>eumdem</strong></span> <span class='ocrx_word' id='word_1_511' title='bbox 1419 4225 1491 4280; x_wconf 90' lang='lat' dir='ltr'><strong>ab</strong></span> <span class='ocrx_word' id='word_1_512' title='bbox 1542 4225 1662 4295; x_wconf 91' lang='lat' dir='ltr'><strong>ipso</strong></span> <span class='ocrx_word' id='word_1_513' title='bbox 1688 4225 1836 4281; x_wconf 91' lang='lat' dir='ltr'><strong>reci-</strong></span> 
     </span>
    </p>
   </div>
   <div class='ocr_carea' id='block_1_74' title="bbox 152 4310 1833 4384">
    <p class='ocr_par' dir='ltr' id='par_1_74' title="bbox 152 4310 1833 4384">
     <span class='ocr_line' id='line_1_74' title="bbox 152 4310 1833 4384; baseline 0.002 -20"><span class='ocrx_word' id='word_1_514' title='bbox 152 4317 316 4377; x_wconf 89' lang='lat' dir='ltr'><strong>peret,</strong></span> <span class='ocrx_word' id='word_1_515' title='bbox 350 4310 440 4366; x_wconf 94' lang='lat' dir='ltr'><strong>ille</strong></span> <span class='ocrx_word' id='word_1_516' title='bbox 476 4310 620 4366; x_wconf 88' lang='lat' dir='ltr'><strong>male</strong></span> <span class='ocrx_word' id='word_1_517' title='bbox 668 4319 913 4381; x_wconf 86' lang='lat' dir='ltr'><strong>argutus</strong></span> <span class='ocrx_word' id='word_1_518' title='bbox 958 4321 1244 4383; x_wconf 87' lang='lat' dir='ltr'><strong>aucupato</strong></span> <span class='ocrx_word' id='word_1_519' title='bbox 1287 4313 1590 4384; x_wconf 88' lang='lat' dir='ltr'><strong>cujusdam</strong></span> <span class='ocrx_word' id='word_1_520' title='bbox 1637 4314 1833 4370; x_wconf 89' lang='lat' dir='ltr'><strong>rustici</strong></span> 
     </span>
    </p>
   </div>
   <div class='ocr_carea' id='block_1_75' title="bbox 1954 3161 3652 3231">
    <p class='ocr_par' dir='ltr' id='par_1_75' title="bbox 1954 3161 3652 3231">
     <span class='ocr_line' id='line_1_75' title="bbox 1954 3161 3652 3231; baseline 0 -16"><span class='ocrx_word' id='word_1_521' title='bbox 1954 3161 2023 3217; x_wconf 81' lang='lat' dir='ltr'><strong>de</strong></span> <span class='ocrx_word' id='word_1_522' title='bbox 2085 3164 2280 3215; x_wconf 72' lang='lat' dir='ltr'><strong>venire</strong></span> <span class='ocrx_word' id='word_1_523' title='bbox 2331 3161 2539 3215; x_wconf 77' lang='lat' dir='ltr'><strong>matris</strong></span> <span class='ocrx_word' id='word_1_524' title='bbox 2595 3177 2811 3229; x_wconf 84' lang='lat' dir='ltr'><strong>eorum,</strong></span> <span class='ocrx_word' id='word_1_525' title='bbox 2870 3177 3048 3231; x_wconf 70' lang='lat' dir='ltr'><strong>usque</strong></span> <span class='ocrx_word' id='word_1_526' title='bbox 3084 3162 3222 3217; x_wconf 87' lang='lat' dir='ltr'><strong>dum</strong></span> <span class='ocrx_word' id='word_1_527' title='bbox 3286 3162 3526 3216; x_wconf 80' lang='lat' dir='ltr'><strong>redeant</strong></span> <span class='ocrx_word' id='word_1_528' title='bbox 3590 3162 3652 3216; x_wconf 83' lang='lat' dir='ltr'><strong>in</strong></span> 
     </span>
    </p>
   </div>
   <div class='ocr_carea' id='block_1_76' title="bbox 1951 3248 3655 3321">
    <p class='ocr_par' dir='ltr' id='par_1_76' title="bbox 1951 3248 3655 3321">
     <span class='ocr_line' id='line_1_76' title="bbox 1951 3248 3655 3321; baseline 0.002 -18"><span class='ocrx_word' id='word_1_529' title='bbox 1951 3253 2201 3304; x_wconf 84' lang='lat' dir='ltr'><strong>matrem</strong></span> <span class='ocrx_word' id='word_1_530' title='bbox 2246 3248 2500 3304; x_wconf 84' lang='lat' dir='ltr'><strong>omnium</strong></span> <span class='ocrx_word' id='word_1_531' title='bbox 2555 3249 2765 3319; x_wconf 81' lang='lat' dir='ltr'><strong>(Eccli.</strong></span> <span class='ocrx_word' id='word_1_532' title='bbox 2823 3264 2916 3313; x_wconf 81' lang='lat' dir='ltr'><strong>XL,</strong></span> <span class='ocrx_word' id='word_1_533' title='bbox 2971 3255 3037 3319; x_wconf 80' lang='lat' dir='ltr'><strong>t).</strong></span> <span class='ocrx_word' id='word_1_534' title='bbox 3095 3254 3234 3306; x_wconf 85' lang='lat' dir='ltr'><strong>Nota</strong></span> <span class='ocrx_word' id='word_1_535' title='bbox 3291 3265 3470 3321; x_wconf 90' lang='lat' dir='ltr'><strong>quam</strong></span> <span class='ocrx_word' id='word_1_536' title='bbox 3522 3266 3655 3307; x_wconf 90' lang='lat' dir='ltr'><strong>cou-</strong></span> 
     </span>
    </p>
   </div>
   <div class='ocr_carea' id='block_1_77' title="bbox 1952 3338 3651 3406">
    <p class='ocr_par' dir='ltr' id='par_1_77' title="bbox 1952 3338 3651 3406">
     <span class='ocr_line' id='line_1_77' title="bbox 1952 3338 3651 3406; baseline 0.001 -13"><span class='ocrx_word' id='word_1_537' title='bbox 1952 3338 2122 3393; x_wconf 91' lang='lat' dir='ltr'><strong>cinne</strong></span> <span class='ocrx_word' id='word_1_538' title='bbox 2174 3338 2393 3394; x_wconf 90' lang='lat' dir='ltr'><strong>dictum</strong></span> <span class='ocrx_word' id='word_1_539' title='bbox 2451 3341 2541 3406; x_wconf 87' lang='lat' dir='ltr'><strong>sit,</strong></span> <span class='ocrx_word' id='word_1_540' title='bbox 2587 3346 2828 3395; x_wconf 90' lang='lat' dir='ltr'><strong>matrem</strong></span> <span class='ocrx_word' id='word_1_541' title='bbox 2874 3353 3073 3395; x_wconf 90' lang='lat' dir='ltr'><strong>eorum</strong></span> <span class='ocrx_word' id='word_1_542' title='bbox 3123 3347 3176 3395; x_wconf 91' lang='lat' dir='ltr'><strong>et</strong></span> <span class='ocrx_word' id='word_1_543' title='bbox 3229 3347 3468 3395; x_wconf 90' lang='lat' dir='ltr'><strong>matrem</strong></span> <span class='ocrx_word' id='word_1_544' title='bbox 3528 3353 3651 3395; x_wconf 91' lang='lat' dir='ltr'><strong>om-</strong></span> 
     </span>
    </p>
   </div>
   <div class='ocr_carea' id='block_1_78' title="bbox 1952 3426 3646 3497">
    <p class='ocr_par' dir='ltr' id='par_1_78' title="bbox 1952 3426 3646 3497">
     <span class='ocr_line' id='line_1_78' title="bbox 1952 3426 3646 3497; baseline -0.001 -14"><span class='ocrx_word' id='word_1_545' title='bbox 1952 3428 2135 3483; x_wconf 91' lang='lat' dir='ltr'><strong>nium.</strong></span> <span class='ocrx_word' id='word_1_546' title='bbox 2169 3426 2223 3482; x_wconf 91' lang='lat' dir='ltr'><strong>Si</strong></span> <span class='ocrx_word' id='word_1_547' title='bbox 2274 3436 2457 3483; x_wconf 90' lang='lat' dir='ltr'><strong>mater</strong></span> <span class='ocrx_word' id='word_1_548' title='bbox 2495 3427 2638 3483; x_wconf 88' lang='lat' dir='ltr'><strong>mihi</strong></span> <span class='ocrx_word' id='word_1_549' title='bbox 2678 3427 2911 3497; x_wconf 89' lang='lat' dir='ltr'><strong>dicitur,</strong></span> <span class='ocrx_word' id='word_1_550' title='bbox 2949 3443 3080 3497; x_wconf 81' lang='lat' dir='ltr'><strong>quae</strong></span> <span class='ocrx_word' id='word_1_551' title='bbox 3114 3428 3334 3484; x_wconf 88' lang='lat' dir='ltr'><strong>ventris</strong></span> <span class='ocrx_word' id='word_1_552' title='bbox 3357 3427 3646 3496; x_wconf 79' lang='lat' dir='ltr'><strong>loculum,</strong></span> 
     </span>
    </p>
   </div>
   <div class='ocr_carea' id='block_1_79' title="bbox 1950 3515 3646 3587">
    <p class='ocr_par' dir='ltr' id='par_1_79' title="bbox 1950 3515 3646 3587">
     <span class='ocr_line' id='line_1_79' title="bbox 1950 3515 3646 3587; baseline -0.001 -15"><span class='ocrx_word' id='word_1_553' title='bbox 1950 3522 2006 3572; x_wconf 89' lang='lat' dir='ltr'><strong>et</strong></span> <span class='ocrx_word' id='word_1_554' title='bbox 2067 3515 2223 3571; x_wconf 85' lang='lat' dir='ltr'><strong>hunc</strong></span> <span class='ocrx_word' id='word_1_555' title='bbox 2291 3516 2728 3585; x_wconf 91' lang='lat' dir='ltr'><strong>immutabilem,</strong></span> <span class='ocrx_word' id='word_1_556' title='bbox 2783 3516 2886 3587; x_wconf 90' lang='lat' dir='ltr'><strong>qui</strong></span> <span class='ocrx_word' id='word_1_557' title='bbox 2964 3516 3131 3573; x_wconf 88' lang='lat' dir='ltr'><strong>altari</strong></span> <span class='ocrx_word' id='word_1_558' title='bbox 3196 3531 3311 3572; x_wconf 91' lang='lat' dir='ltr'><strong>non</strong></span> <span class='ocrx_word' id='word_1_559' title='bbox 3377 3518 3646 3587; x_wconf 91' lang='lat' dir='ltr'><strong>potuerit,</strong></span> 
     </span>
    </p>
   </div>
   <div class='ocr_carea' id='block_1_80' title="bbox 1951 3604 3651 3675">
    <p class='ocr_par' dir='ltr' id='par_1_80' title="bbox 1951 3604 3651 3675">
     <span class='ocr_line' id='line_1_80' title="bbox 1951 3604 3651 3675; baseline 0 -16"><span class='ocrx_word' id='word_1_560' title='bbox 1951 3604 2217 3675; x_wconf 66' lang='lat' dir='ltr'><strong>praebuit,</strong></span> <span class='ocrx_word' id='word_1_561' title='bbox 2248 3606 2698 3674; x_wconf 82' lang='lat' dir='ltr'><strong>consequentius</strong></span> <span class='ocrx_word' id='word_1_562' title='bbox 2730 3615 2785 3661; x_wconf 90' lang='lat' dir='ltr'><strong>et</strong></span> <span class='ocrx_word' id='word_1_563' title='bbox 2828 3615 3010 3661; x_wconf 91' lang='lat' dir='ltr'><strong>mater</strong></span> <span class='ocrx_word' id='word_1_564' title='bbox 3056 3606 3178 3675; x_wconf 89' lang='lat' dir='ltr'><strong>ipsa</strong></span> <span class='ocrx_word' id='word_1_565' title='bbox 3213 3614 3315 3673; x_wconf 90' lang='lat' dir='ltr'><strong>est,</strong></span> <span class='ocrx_word' id='word_1_566' title='bbox 3365 3620 3497 3675; x_wconf 77' lang='lat' dir='ltr'><strong>quae</strong></span> <span class='ocrx_word' id='word_1_567' title='bbox 3535 3619 3651 3660; x_wconf 89' lang='lat' dir='ltr'><strong>ma-</strong></span> 
     </span>
    </p>
   </div>
   <div class='ocr_carea' id='block_1_81' title="bbox 1949 3693 3647 3765">
    <p class='ocr_par' dir='ltr' id='par_1_81' title="bbox 1949 3693 3647 3765">
     <span class='ocr_line' id='line_1_81' title="bbox 1949 3693 3647 3765; baseline 0 -15"><span class='ocrx_word' id='word_1_568' title='bbox 1949 3693 2150 3751; x_wconf 90' lang='lat' dir='ltr'><strong>teriam</strong></span> <span class='ocrx_word' id='word_1_569' title='bbox 2179 3694 2404 3748; x_wconf 87' lang='lat' dir='ltr'><strong>essendi</strong></span> <span class='ocrx_word' id='word_1_570' title='bbox 2439 3696 2781 3750; x_wconf 84' lang='lat' dir='ltr'><strong>mortalibus</strong></span> <span class='ocrx_word' id='word_1_571' title='bbox 2810 3695 2983 3760; x_wconf 92' lang='lat' dir='ltr'><strong>dedit,</strong></span> <span class='ocrx_word' id='word_1_572' title='bbox 3014 3703 3069 3750; x_wconf 92' lang='lat' dir='ltr'><strong>et</strong></span> <span class='ocrx_word' id='word_1_573' title='bbox 3100 3696 3409 3765; x_wconf 84' lang='lat' dir='ltr'><strong>plusquam</strong></span> <span class='ocrx_word' id='word_1_574' title='bbox 3466 3702 3647 3750; x_wconf 90' lang='lat' dir='ltr'><strong>mater</strong></span> 
     </span>
    </p>
   </div>
   <div class='ocr_carea' id='block_1_82' title="bbox 1946 3782 3640 3852">
    <p class='ocr_par' dir='ltr' id='par_1_82' title="bbox 1946 3782 3640 3852">
     <span class='ocr_line' id='line_1_82' title="bbox 1946 3782 3640 3852; baseline -0.001 -14"><span class='ocrx_word' id='word_1_575' title='bbox 1946 3790 2031 3838; x_wconf 91' lang='lat' dir='ltr'><strong>est</strong></span> <span class='ocrx_word' id='word_1_576' title='bbox 2071 3782 2253 3852; x_wconf 86' lang='lat' dir='ltr'><strong>plane,</strong></span> <span class='ocrx_word' id='word_1_577' title='bbox 2298 3784 2459 3852; x_wconf 89' lang='lat' dir='ltr'><strong>quia,</strong></span> <span class='ocrx_word' id='word_1_578' title='bbox 2511 3784 2664 3852; x_wconf 86' lang='lat' dir='ltr'><strong>quod</strong></span> <span class='ocrx_word' id='word_1_579' title='bbox 2712 3783 2980 3839; x_wconf 90' lang='lat' dir='ltr'><strong>secundis</strong></span> <span class='ocrx_word' id='word_1_580' title='bbox 3008 3798 3121 3838; x_wconf 92' lang='lat' dir='ltr'><strong>non</strong></span> <span class='ocrx_word' id='word_1_581' title='bbox 3158 3784 3286 3839; x_wconf 87' lang='lat' dir='ltr'><strong>licet</strong></span> <span class='ocrx_word' id='word_1_582' title='bbox 3337 3783 3640 3849; x_wconf 89' lang='lat' dir='ltr'><strong>matribus,</strong></span> 
     </span>
    </p>
   </div>
   <div class='ocr_carea' id='block_1_83' title="bbox 1948 3870 3645 3941">
    <p class='ocr_par' dir='ltr' id='par_1_83' title="bbox 1948 3870 3645 3941">
     <span class='ocr_line' id='line_1_83' title="bbox 1948 3870 3645 3941; baseline 0 -15"><span class='ocrx_word' id='word_1_583' title='bbox 1948 3870 2148 3926; x_wconf 89' lang='lat' dir='ltr'><strong>iterato</strong></span> <span class='ocrx_word' id='word_1_584' title='bbox 2196 3885 2298 3926; x_wconf 90' lang='lat' dir='ltr'><strong>nos</strong></span> <span class='ocrx_word' id='word_1_585' title='bbox 2339 3871 2555 3941; x_wconf 88' lang='lat' dir='ltr'><strong>recipit.</strong></span> <span class='ocrx_word' id='word_1_586' title='bbox 2598 3871 2957 3941; x_wconf 91' lang='lat' dir='ltr'><strong>Quocunque</strong></span> <span class='ocrx_word' id='word_1_587' title='bbox 2995 3872 3147 3927; x_wconf 89' lang='lat' dir='ltr'><strong>enim</strong></span> <span class='ocrx_word' id='word_1_588' title='bbox 3192 3880 3479 3941; x_wconf 90' lang='lat' dir='ltr'><strong>apparatu</strong></span> <span class='ocrx_word' id='word_1_589' title='bbox 3527 3887 3645 3927; x_wconf 89' lang='lat' dir='ltr'><strong>sar-</strong></span> 
     </span>
    </p>
   </div>
   <div class='ocr_carea' id='block_1_84' title="bbox 1946 3959 3640 4030">
    <p class='ocr_par' dir='ltr' id='par_1_84' title="bbox 1946 3959 3640 4030">
     <span class='ocr_line' id='line_1_84' title="bbox 1946 3959 3640 4030; baseline 0 -16"><span class='ocrx_word' id='word_1_590' title='bbox 1946 3959 2341 4030; x_wconf 87' lang='lat' dir='ltr'><strong>cophagorum</strong></span> <span class='ocrx_word' id='word_1_591' title='bbox 2392 3960 2618 4014; x_wconf 90' lang='lat' dir='ltr'><strong>amoliri</strong></span> <span class='ocrx_word' id='word_1_592' title='bbox 2675 3974 2709 4015; x_wconf 90' lang='lat' dir='ltr'><strong>a</strong></span> <span class='ocrx_word' id='word_1_593' title='bbox 2759 3968 2811 4015; x_wconf 89' lang='lat' dir='ltr'><strong>te</strong></span> <span class='ocrx_word' id='word_1_594' title='bbox 2867 3966 3082 4015; x_wconf 87' lang='lat' dir='ltr'><strong>tactum</strong></span> <span class='ocrx_word' id='word_1_595' title='bbox 3144 3968 3308 4015; x_wconf 65' lang='lat' dir='ltr'><strong>terra:</strong></span> <span class='ocrx_word' id='word_1_596' title='bbox 3367 3961 3640 4027; x_wconf 86' lang='lat' dir='ltr'><strong>volueris,</strong></span> 
     </span>
    </p>
   </div>
   <div class='ocr_carea' id='block_1_85' title="bbox 1947 4048 3639 4119">
    <p class='ocr_par' dir='ltr' id='par_1_85' title="bbox 1947 4048 3639 4119">
     <span class='ocr_line' id='line_1_85' title="bbox 1947 4048 3639 4119; baseline 0 -16"><span class='ocrx_word' id='word_1_597' title='bbox 1947 4048 2087 4103; x_wconf 88' lang='lat' dir='ltr'><strong>velis</strong></span> <span class='ocrx_word' id='word_1_598' title='bbox 2118 4048 2286 4113; x_wconf 88' lang='lat' dir='ltr'><strong>nolis,</strong></span> <span class='ocrx_word' id='word_1_599' title='bbox 2324 4056 2475 4103; x_wconf 86' lang='lat' dir='ltr'><strong>terra</strong></span> <span class='ocrx_word' id='word_1_600' title='bbox 2519 4048 2600 4103; x_wconf 81' lang='lat' dir='ltr'><strong>iis.</strong></span> <span class='ocrx_word' id='word_1_601' title='bbox 2648 4049 2717 4103; x_wconf 85' lang='lat' dir='ltr'><strong>Et</strong></span> <span class='ocrx_word' id='word_1_602' title='bbox 2763 4063 2894 4119; x_wconf 63' lang='lat' dir='ltr'><strong>quae</strong></span> <span class='ocrx_word' id='word_1_603' title='bbox 2931 4048 3183 4118; x_wconf 89' lang='lat' dir='ltr'><strong>dignitas</strong></span> <span class='ocrx_word' id='word_1_604' title='bbox 3233 4056 3293 4103; x_wconf 92' lang='lat' dir='ltr'><strong>ut</strong></span> <span class='ocrx_word' id='word_1_605' title='bbox 3320 4049 3452 4118; x_wconf 89' lang='lat' dir='ltr'><strong>quis</strong></span> <span class='ocrx_word' id='word_1_606' title='bbox 3494 4062 3639 4103; x_wconf 89' lang='lat' dir='ltr'><strong>auro</strong></span> 
     </span>
    </p>
   </div>
   <div class='ocr_carea' id='block_1_86' title="bbox 1944 4135 3639 4207">
    <p class='ocr_par' dir='ltr' id='par_1_86' title="bbox 1944 4135 3639 4207">
     <span class='ocr_line' id='line_1_86' title="bbox 1944 4135 3639 4207; baseline 0 -16"><span class='ocrx_word' id='word_1_607' title='bbox 1944 4144 2256 4207; x_wconf 89' lang='lat' dir='ltr'><strong>argentove</strong></span> <span class='ocrx_word' id='word_1_608' title='bbox 2285 4137 2613 4203; x_wconf 88' lang='lat' dir='ltr'><strong>claudatur,</strong></span> <span class='ocrx_word' id='word_1_609' title='bbox 2662 4151 2795 4193; x_wconf 90' lang='lat' dir='ltr'><strong>cum</strong></span> <span class='ocrx_word' id='word_1_610' title='bbox 2827 4137 2924 4192; x_wconf 89' lang='lat' dir='ltr'><strong>Dei</strong></span> <span class='ocrx_word' id='word_1_611' title='bbox 2961 4137 3137 4192; x_wconf 83' lang='lat' dir='ltr'><strong>Filius</strong></span> <span class='ocrx_word' id='word_1_612' title='bbox 3174 4150 3315 4191; x_wconf 86' lang='lat' dir='ltr'><strong>saxo</strong></span> <span class='ocrx_word' id='word_1_613' title='bbox 3360 4135 3639 4191; x_wconf 88' lang='lat' dir='ltr'><strong>vilissimo</strong></span> 
     </span>
    </p>
   </div>
   <div class='ocr_carea' id='block_1_87' title="bbox 1942 4224 3637 4294">
    <p class='ocr_par' dir='ltr' id='par_1_87' title="bbox 1942 4224 3637 4294">
     <span class='ocr_line' id='line_1_87' title="bbox 1942 4224 3637 4294; baseline -0.001 -13"><span class='ocrx_word' id='word_1_614' title='bbox 1942 4225 2324 4282; x_wconf 77' lang='lat' dir='ltr'><strong>obstruatur?</strong></span> <span class='ocrx_word' id='word_1_615' title='bbox 2350 4226 2509 4290; x_wconf 86' lang='lat' dir='ltr'><strong>Quod</strong></span> <span class='ocrx_word' id='word_1_616' title='bbox 2552 4226 2623 4281; x_wconf 89' lang='lat' dir='ltr'><strong>ad</strong></span> <span class='ocrx_word' id='word_1_617' title='bbox 2660 4226 3004 4281; x_wconf 65' lang='lat' dir='ltr'><strong>saeculorum</strong></span> <span class='ocrx_word' id='word_1_618' title='bbox 3043 4224 3370 4294; x_wconf 89' lang='lat' dir='ltr'><strong>primordiis</strong></span> <span class='ocrx_word' id='word_1_619' title='bbox 3422 4238 3492 4280; x_wconf 91' lang='lat' dir='ltr'><strong>ne</strong></span> <span class='ocrx_word' id='word_1_620' title='bbox 3536 4239 3637 4280; x_wconf 85' lang='lat' dir='ltr'><strong>su-</strong></span> 
     </span>
    </p>
   </div>
   <div class='ocr_carea' id='block_1_88' title="bbox 1945 4313 3639 4385">
    <p class='ocr_par' dir='ltr' id='par_1_88' title="bbox 1945 4313 3639 4385">
     <span class='ocr_line' id='line_1_88' title="bbox 1945 4313 3639 4385; baseline 0 -16"><span class='ocrx_word' id='word_1_621' title='bbox 1945 4314 2293 4383; x_wconf 86' lang='lat' dir='ltr'><strong>perbissimis</strong></span> <span class='ocrx_word' id='word_1_622' title='bbox 2345 4314 2578 4383; x_wconf 90' lang='lat' dir='ltr'><strong>quidem</strong></span> <span class='ocrx_word' id='word_1_623' title='bbox 2631 4316 2865 4385; x_wconf 89' lang='lat' dir='ltr'><strong>regibus</strong></span> <span class='ocrx_word' id='word_1_624' title='bbox 2906 4323 3131 4371; x_wconf 88' lang='lat' dir='ltr'><strong>constat</strong></span> <span class='ocrx_word' id='word_1_625' title='bbox 3189 4313 3472 4378; x_wconf 92' lang='lat' dir='ltr'><strong>inolitum,</strong></span> <span class='ocrx_word' id='word_1_626' title='bbox 3534 4329 3639 4369; x_wconf 88' lang='lat' dir='ltr'><strong>nec</strong></span> 
     </span>
    </p>
   </div>
   <div class='ocr_carea' id='block_1_89' title="bbox 151 4385 3637 4473">
    <p class='ocr_par' dir='ltr' id='par_1_89' title="bbox 151 4385 3637 4473">
     <span class='ocr_line' id='line_1_89' title="bbox 151 4385 3637 4473; baseline 0.003 -23"><span class='ocrx_word' id='word_1_627' title='bbox 151 4396 416 4468; x_wconf 80' lang='lat' dir='ltr'><strong>Exuperii</strong></span> <span class='ocrx_word' id='word_1_628' title='bbox 454 4398 685 4455; x_wconf 90' lang='lat' dir='ltr'><strong>nomine</strong></span> <span class='ocrx_word' id='word_1_629' title='bbox 714 4400 941 4457; x_wconf 91' lang='lat' dir='ltr'><strong>tumulo</strong></span> <span class='ocrx_word' id='word_1_630' title='bbox 970 4401 1140 4469; x_wconf 90' lang='lat' dir='ltr'><strong>eruit,</strong></span> <span class='ocrx_word' id='word_1_631' title='bbox 1181 4408 1235 4459; x_wconf 90' lang='lat' dir='ltr'><strong>et</strong></span> <span class='ocrx_word' id='word_1_632' title='bbox 1268 4402 1340 4457; x_wconf 89' lang='lat' dir='ltr'><strong>ad</strong></span> <span class='ocrx_word' id='word_1_633' title='bbox 1369 4403 1701 4472; x_wconf 88' lang='lat' dir='ltr'><strong>episcopum</strong></span> <span class='ocrx_word' id='word_1_634' title='bbox 1735 4403 1830 4459; x_wconf 91' lang='lat' dir='ltr'><strong>de-</strong></span> <span class='ocrx_word' id='word_1_635' title='bbox 1870 4385 1915 4441; x_wconf 82' lang='lat' dir='ltr'><strong>D</strong></span> <span class='ocrx_word' id='word_1_636' title='bbox 1948 4403 2183 4460; x_wconf 91' lang='lat' dir='ltr'><strong>unicum</strong></span> <span class='ocrx_word' id='word_1_637' title='bbox 2234 4403 2519 4459; x_wconf 75' lang='lat' dir='ltr'><strong>memoriae</strong></span> <span class='ocrx_word' id='word_1_638' title='bbox 2568 4418 2706 4460; x_wconf 76' lang='lat' dir='ltr'><strong>meze</strong></span> <span class='ocrx_word' id='word_1_639' title='bbox 2750 4404 3152 4473; x_wconf 87' lang='lat' dir='ltr'><strong>suppeditatur</strong></span> <span class='ocrx_word' id='word_1_640' title='bbox 3178 4402 3509 4473; x_wconf 85' lang='lat' dir='ltr'><strong>exemplum</strong></span> <span class='ocrx_word' id='word_1_641' title='bbox 3537 4422 3553 4469; x_wconf 85' lang='lat'><strong>;</strong></span> <span class='ocrx_word' id='word_1_642' title='bbox 3582 4410 3637 4459; x_wconf 90' lang='lat' dir='ltr'><strong>et</strong></span> 
     </span>
    </p>
   </div>
   <div class='ocr_carea' id='block_1_90' title="bbox 156 4483 1837 4560">
    <p class='ocr_par' dir='ltr' id='par_1_90' title="bbox 156 4483 1837 4560">
     <span class='ocr_line' id='line_1_90' title="bbox 156 4483 1837 4560; baseline 0.005 -22"><span class='ocrx_word' id='word_1_643' title='bbox 156 4483 292 4540; x_wconf 89' lang='lat' dir='ltr'><strong>tulit.</strong></span> <span class='ocrx_word' id='word_1_644' title='bbox 353 4488 672 4557; x_wconf 89' lang='lat' dir='ltr'><strong>lnterrogat</strong></span> <span class='ocrx_word' id='word_1_645' title='bbox 718 4488 1021 4558; x_wconf 90' lang='lat' dir='ltr'><strong>episcopus</strong></span> <span class='ocrx_word' id='word_1_646' title='bbox 1070 4496 1269 4545; x_wconf 91' lang='lat' dir='ltr'><strong>utrum</strong></span> <span class='ocrx_word' id='word_1_647' title='bbox 1321 4490 1504 4545; x_wconf 86' lang='lat' dir='ltr'><strong>sancti</strong></span> <span class='ocrx_word' id='word_1_648' title='bbox 1559 4490 1837 4560; x_wconf 85' lang='lat' dir='ltr'><strong>Exuperii</strong></span> 
     </span>
    </p>
   </div>
   <div class='ocr_carea' id='block_1_91' title="bbox 154 4573 1836 4647">
    <p class='ocr_par' dir='ltr' id='par_1_91' title="bbox 154 4573 1836 4647">
     <span class='ocr_line' id='line_1_91' title="bbox 154 4573 1836 4647; baseline 0.004 -19"><span class='ocrx_word' id='word_1_649' title='bbox 154 4573 299 4641; x_wconf 90' lang='lat' dir='ltr'><strong>quod</strong></span> <span class='ocrx_word' id='word_1_650' title='bbox 327 4574 599 4631; x_wconf 89' lang='lat' dir='ltr'><strong>intulerat</strong></span> <span class='ocrx_word' id='word_1_651' title='bbox 624 4583 790 4643; x_wconf 89' lang='lat' dir='ltr'><strong>esset,</strong></span> <span class='ocrx_word' id='word_1_652' title='bbox 824 4577 1184 4647; x_wconf 89' lang='lat' dir='ltr'><strong>necne,quin</strong></span> <span class='ocrx_word' id='word_1_653' title='bbox 1205 4577 1376 4633; x_wconf 88' lang='lat' dir='ltr'><strong>etiam</strong></span> <span class='ocrx_word' id='word_1_654' title='bbox 1408 4587 1836 4635; x_wconf 88' lang='lat' dir='ltr'><strong>sacramentum</strong></span> 
     </span>
    </p>
   </div>
   <div class='ocr_carea' id='block_1_92' title="bbox 155 4660 1836 4737">
    <p class='ocr_par' dir='ltr' id='par_1_92' title="bbox 155 4660 1836 4737">
     <span class='ocr_line' id='line_1_92' title="bbox 155 4660 1836 4737; baseline 0.006 -23"><span class='ocrx_word' id='word_1_655' title='bbox 155 4660 223 4716; x_wconf 88' lang='lat' dir='ltr'><strong>ab</strong></span> <span class='ocrx_word' id='word_1_656' title='bbox 256 4676 321 4718; x_wconf 91' lang='lat' dir='ltr'><strong>eo</strong></span> <span class='ocrx_word' id='word_1_657' title='bbox 358 4664 557 4735; x_wconf 86' lang='lat' dir='ltr'><strong>exigit.</strong></span> <span class='ocrx_word' id='word_1_658' title='bbox 602 4665 738 4728; x_wconf 84' lang='lat' dir='ltr'><strong>Hoc.</strong></span> <span class='ocrx_word' id='word_1_659' title='bbox 792 4666 1002 4736; x_wconf 88' lang='lat' dir='ltr'><strong>inquit,</strong></span> <span class='ocrx_word' id='word_1_660' title='bbox 1038 4666 1424 4737; x_wconf 88' lang='lat' dir='ltr'><strong>jurejurando</strong></span> <span class='ocrx_word' id='word_1_661' title='bbox 1463 4667 1563 4723; x_wconf 90' lang='lat' dir='ltr'><strong>tibi</strong></span> <span class='ocrx_word' id='word_1_662' title='bbox 1609 4682 1836 4724; x_wconf 90' lang='lat' dir='ltr'><strong>asseve—</strong></span> 
     </span>
    </p>
   </div>
   <div class='ocr_carea' id='block_1_93' title="bbox 156 4748 1835 4824">
    <p class='ocr_par' dir='ltr' id='par_1_93' title="bbox 156 4748 1835 4824">
     <span class='ocr_line' id='line_1_93' title="bbox 156 4748 1835 4824; baseline 0.006 -21"><span class='ocrx_word' id='word_1_663' title='bbox 156 4748 304 4817; x_wconf 85' lang='lat' dir='ltr'><strong>rabo,</strong></span> <span class='ocrx_word' id='word_1_664' title='bbox 337 4753 489 4823; x_wconf 90' lang='lat' dir='ltr'><strong>quod</strong></span> <span class='ocrx_word' id='word_1_665' title='bbox 521 4767 729 4823; x_wconf 89' lang='lat' dir='ltr'><strong>corpus</strong></span> <span class='ocrx_word' id='word_1_666' title='bbox 757 4753 1040 4824; x_wconf 88' lang='lat' dir='ltr'><strong>Exuperii</strong></span> <span class='ocrx_word' id='word_1_667' title='bbox 1077 4754 1170 4823; x_wconf 88' lang='lat' dir='ltr'><strong>sit,</strong></span> <span class='ocrx_word' id='word_1_668' title='bbox 1213 4755 1281 4811; x_wconf 88' lang='lat' dir='ltr'><strong>de</strong></span> <span class='ocrx_word' id='word_1_669' title='bbox 1315 4756 1617 4812; x_wconf 89' lang='lat' dir='ltr'><strong>sanctitate</strong></span> <span class='ocrx_word' id='word_1_670' title='bbox 1642 4764 1835 4813; x_wconf 91' lang='lat' dir='ltr'><strong>autem</strong></span> 
     </span>
    </p>
   </div>
   <div class='ocr_carea' id='block_1_94' title="bbox 156 4841 1834 4915">
    <p class='ocr_par' dir='ltr' id='par_1_94' title="bbox 156 4841 1834 4915">
     <span class='ocr_line' id='line_1_94' title="bbox 156 4841 1834 4915; baseline 0.006 -24"><span class='ocrx_word' id='word_1_671' title='bbox 156 4849 467 4909; x_wconf 88' lang='lat' dir='ltr'><strong>nunquam,</strong></span> <span class='ocrx_word' id='word_1_672' title='bbox 495 4841 635 4911; x_wconf 91' lang='lat' dir='ltr'><strong>quia</strong></span> <span class='ocrx_word' id='word_1_673' title='bbox 668 4842 863 4898; x_wconf 91' lang='lat' dir='ltr'><strong>multis</strong></span> <span class='ocrx_word' id='word_1_674' title='bbox 893 4842 946 4897; x_wconf 92' lang='lat' dir='ltr'><strong>id</strong></span> <span class='ocrx_word' id='word_1_675' title='bbox 979 4856 1309 4912; x_wconf 68' lang='lat' dir='ltr'><strong>praenomen</strong></span> <span class='ocrx_word' id='word_1_676' title='bbox 1333 4843 1661 4912; x_wconf 88' lang='lat' dir='ltr'><strong>ascribitur,</strong></span> <span class='ocrx_word' id='word_1_677' title='bbox 1690 4859 1834 4915; x_wconf 88' lang='lat' dir='ltr'><strong>quo-</strong></span> 
     </span>
    </p>
   </div>
   <div class='ocr_carea' id='block_1_95' title="bbox 157 4929 1837 5004">
    <p class='ocr_par' dir='ltr' id='par_1_95' title="bbox 157 4929 1837 5004">
     <span class='ocr_line' id='line_1_95' title="bbox 157 4929 1837 5004; baseline 0.008 -27"><span class='ocrx_word' id='word_1_678' title='bbox 157 4935 278 4979; x_wconf 90' lang='lat' dir='ltr'><strong>rum</strong></span> <span class='ocrx_word' id='word_1_679' title='bbox 319 4929 597 4985; x_wconf 87' lang='lat' dir='ltr'><strong>sententia</strong></span> <span class='ocrx_word' id='word_1_680' title='bbox 642 4929 811 5002; x_wconf 91' lang='lat' dir='ltr'><strong>longe</strong></span> <span class='ocrx_word' id='word_1_681' title='bbox 856 4930 1261 5002; x_wconf 90' lang='lat' dir='ltr'><strong>peregrinatur</strong></span> <span class='ocrx_word' id='word_1_682' title='bbox 1303 4946 1338 4988; x_wconf 89' lang='lat' dir='ltr'><strong>a</strong></span> <span class='ocrx_word' id='word_1_683' title='bbox 1384 4941 1602 4988; x_wconf 90' lang='lat' dir='ltr'><strong>sancto.</strong></span> <span class='ocrx_word' id='word_1_684' title='bbox 1652 4933 1837 5004; x_wconf 85' lang='lat' dir='ltr'><strong>Igitur</strong></span> 
     </span>
    </p>
   </div>
   <div class='ocr_carea' id='block_1_96' title="bbox 160 5009 1834 5092">
    <p class='ocr_par' dir='ltr' id='par_1_96' title="bbox 160 5009 1834 5092">
     <span class='ocr_line' id='line_1_96' title="bbox 160 5009 1834 5092; baseline 0.007 -26"><span class='ocrx_word' id='word_1_685' title='bbox 160 5009 260 5068; x_wconf 87' lang='lat' dir='ltr'><strong>hoc</strong></span> <span class='ocrx_word' id='word_1_686' title='bbox 307 5017 468 5074; x_wconf 91' lang='lat' dir='ltr'><strong>modo</strong></span> <span class='ocrx_word' id='word_1_687' title='bbox 523 5018 826 5089; x_wconf 88' lang='lat' dir='ltr'><strong>episcopus</strong></span> <span class='ocrx_word' id='word_1_688' title='bbox 886 5019 1286 5089; x_wconf 67' lang='lat' dir='ltr'><strong>mquivocatus</strong></span> <span class='ocrx_word' id='word_1_689' title='bbox 1328 5034 1363 5075; x_wconf 90' lang='lat' dir='ltr'><strong>a</strong></span> <span class='ocrx_word' id='word_1_690' title='bbox 1412 5021 1540 5077; x_wconf 86' lang='lat' dir='ltr'><strong>fure</strong></span> <span class='ocrx_word' id='word_1_691' title='bbox 1591 5022 1834 5092; x_wconf 88' lang='lat' dir='ltr'><strong>quievit.</strong></span> 
     </span>
    </p>
   </div>
   <div class='ocr_carea' id='block_1_97' title="bbox 159 5097 1837 5182">
    <p class='ocr_par' dir='ltr' id='par_1_97' title="bbox 159 5097 1837 5182">
     <span class='ocr_line' id='line_1_97' title="bbox 159 5097 1837 5182; baseline 0.008 -28"><span class='ocrx_word' id='word_1_692' title='bbox 159 5097 451 5170; x_wconf 86' lang='lat' dir='ltr'><strong>Oppidanis</strong></span> <span class='ocrx_word' id='word_1_693' title='bbox 475 5116 668 5163; x_wconf 88' lang='lat' dir='ltr'><strong>autem</strong></span> <span class='ocrx_word' id='word_1_694' title='bbox 697 5108 1134 5165; x_wconf 88' lang='lat' dir='ltr'><strong>mercimonium</strong></span> <span class='ocrx_word' id='word_1_695' title='bbox 1164 5109 1234 5165; x_wconf 91' lang='lat' dir='ltr'><strong>de</strong></span> <span class='ocrx_word' id='word_1_696' title='bbox 1264 5118 1503 5179; x_wconf 90' lang='lat' dir='ltr'><strong>patrono</strong></span> <span class='ocrx_word' id='word_1_697' title='bbox 1549 5124 1655 5166; x_wconf 91' lang='lat' dir='ltr'><strong>suo</strong></span> <span class='ocrx_word' id='word_1_698' title='bbox 1680 5112 1837 5182; x_wconf 92' lang='lat' dir='ltr'><strong>quod</strong></span> 
     </span>
    </p>
   </div>
   <div class='ocr_carea' id='block_1_98' title="bbox 163 5183 1832 5268">
    <p class='ocr_par' dir='ltr' id='par_1_98' title="bbox 163 5183 1832 5268">
     <span class='ocr_line' id='line_1_98' title="bbox 163 5183 1832 5268; baseline 0.009 -29"><span class='ocrx_word' id='word_1_699' title='bbox 163 5183 354 5247; x_wconf 86' lang='lat' dir='ltr'><strong>fecerat</strong></span> <span class='ocrx_word' id='word_1_700' title='bbox 404 5202 596 5251; x_wconf 90' lang='lat' dir='ltr'><strong>custos</strong></span> <span class='ocrx_word' id='word_1_701' title='bbox 651 5195 939 5252; x_wconf 89' lang='lat' dir='ltr'><strong>inclaruit.</strong></span> <span class='ocrx_word' id='word_1_702' title='bbox 1001 5195 1110 5263; x_wconf 89' lang='lat' dir='ltr'><strong>Qui</strong></span> <span class='ocrx_word' id='word_1_703' title='bbox 1167 5204 1485 5253; x_wconf 89' lang='lat' dir='ltr'><strong>conventus</strong></span> <span class='ocrx_word' id='word_1_704' title='bbox 1542 5197 1615 5254; x_wconf 88' lang='lat' dir='ltr'><strong>ab</strong></span> <span class='ocrx_word' id='word_1_705' title='bbox 1676 5198 1832 5268; x_wconf 90' lang='lat' dir='ltr'><strong>ipsis,</strong></span> 
     </span>
    </p>
   </div>
   <div class='ocr_carea' id='block_1_99' title="bbox 161 5281 1837 5357">
    <p class='ocr_par' dir='ltr' id='par_1_99' title="bbox 161 5281 1837 5357">
     <span class='ocr_line' id='line_1_99' title="bbox 161 5281 1837 5357; baseline 0.009 -29"><span class='ocrx_word' id='word_1_706' title='bbox 161 5281 473 5346; x_wconf 83' lang='lat' dir='ltr'><strong>respondit:</strong></span> <span class='ocrx_word' id='word_1_707' title='bbox 518 5284 767 5341; x_wconf 84' lang='lat' dir='ltr'><strong>Revisite</strong></span> <span class='ocrx_word' id='word_1_708' title='bbox 804 5285 973 5356; x_wconf 88' lang='lat' dir='ltr'><strong>signa</strong></span> <span class='ocrx_word' id='word_1_709' title='bbox 1022 5284 1215 5342; x_wconf 83' lang='lat' dir='ltr'><strong>feretri</strong></span> <span class='ocrx_word' id='word_1_710' title='bbox 1263 5285 1411 5357; x_wconf 90' lang='lat' dir='ltr'><strong>ejus,</strong></span> <span class='ocrx_word' id='word_1_711' title='bbox 1460 5293 1516 5342; x_wconf 90' lang='lat' dir='ltr'><strong>et</strong></span> <span class='ocrx_word' id='word_1_712' title='bbox 1563 5286 1671 5343; x_wconf 86' lang='lat' dir='ltr'><strong>nisi</strong></span> <span class='ocrx_word' id='word_1_713' title='bbox 1718 5286 1837 5343; x_wconf 89' lang='lat' dir='ltr'><strong>illi-</strong></span> 
     </span>
    </p>
   </div>
   <div class='ocr_carea' id='block_1_100' title="bbox 162 5361 1015 5443">
    <p class='ocr_par' dir='ltr' id='par_1_100' title="bbox 162 5361 1015 5443">
     <span class='ocr_line' id='line_1_100' title="bbox 162 5361 1015 5443; baseline 0.016 -28"><span class='ocrx_word' id='word_1_714' title='bbox 162 5361 285 5420; x_wconf 89' lang='lat' dir='ltr'><strong>bata</strong></span> <span class='ocrx_word' id='word_1_715' title='bbox 308 5368 577 5440; x_wconf 86' lang='lat' dir='ltr'><strong>videritis,</strong></span> <span class='ocrx_word' id='word_1_716' title='bbox 607 5372 764 5429; x_wconf 90' lang='lat' dir='ltr'><strong>luam</strong></span> <span class='ocrx_word' id='word_1_717' title='bbox 796 5387 1015 5443; x_wconf 79' lang='lat' dir='ltr'><strong>pmnas.</strong></span> 
     </span>
    </p>
   </div>
   <div class='ocr_carea' id='block_1_101' title="bbox 225 5453 1838 5534">
    <p class='ocr_par' dir='ltr' id='par_1_101' title="bbox 225 5453 1838 5534">
     <span class='ocr_line' id='line_1_101' title="bbox 225 5453 1838 5534; baseline 0.004 -20"><span class='ocrx_word' id='word_1_718' title='bbox 225 5453 359 5514; x_wconf 82' lang='lat' dir='ltr'><strong>Ecce</strong></span> <span class='ocrx_word' id='word_1_719' title='bbox 386 5471 669 5530; x_wconf 88' lang='lat' dir='ltr'><strong>quantum</strong></span> <span class='ocrx_word' id='word_1_720' title='bbox 714 5465 890 5520; x_wconf 83' lang='lat' dir='ltr'><strong>totius</strong></span> <span class='ocrx_word' id='word_1_721' title='bbox 935 5461 1232 5534; x_wconf 86' lang='lat' dir='ltr'><strong>religionis</strong></span> <span class='ocrx_word' id='word_1_722' title='bbox 1270 5462 1518 5519; x_wconf 89' lang='lat' dir='ltr'><strong>dedecus</strong></span> <span class='ocrx_word' id='word_1_723' title='bbox 1559 5463 1838 5532; x_wconf 87' lang='lat' dir='ltr'><strong>coemptio</strong></span> 
     </span>
    </p>
   </div>
   <div class='ocr_carea' id='block_1_102' title="bbox 162 5540 1837 5620">
    <p class='ocr_par' dir='ltr' id='par_1_102' title="bbox 162 5540 1837 5620">
     <span class='ocr_line' id='line_1_102' title="bbox 162 5540 1837 5620; baseline -0.001 -12"><span class='ocrx_word' id='word_1_724' title='bbox 162 5540 472 5615; x_wconf 72' lang='lat' dir='ltr'><strong>episcopalis</strong></span> <span class='ocrx_word' id='word_1_725' title='bbox 497 5549 734 5618; x_wconf 90' lang='lat' dir='ltr'><strong>evaluit,</strong></span> <span class='ocrx_word' id='word_1_726' title='bbox 780 5550 940 5614; x_wconf 91' lang='lat' dir='ltr'><strong>dum,</strong></span> <span class='ocrx_word' id='word_1_727' title='bbox 991 5559 1251 5620; x_wconf 90' lang='lat' dir='ltr'><strong>promoto</strong></span> <span class='ocrx_word' id='word_1_728' title='bbox 1281 5557 1400 5605; x_wconf 89' lang='lat' dir='ltr'><strong>tam</strong></span> <span class='ocrx_word' id='word_1_729' title='bbox 1444 5551 1679 5620; x_wconf 88' lang='lat' dir='ltr'><strong>profane</strong></span> <span class='ocrx_word' id='word_1_730' title='bbox 1728 5565 1837 5607; x_wconf 92' lang='lat' dir='ltr'><strong>ru-</strong></span> 
     </span>
    </p>
   </div>
   <div class='ocr_carea' id='block_1_103' title="bbox 166 5627 1837 5710">
    <p class='ocr_par' dir='ltr' id='par_1_103' title="bbox 166 5627 1837 5710">
     <span class='ocr_line' id='line_1_103' title="bbox 166 5627 1837 5710; baseline 0.005 -24"><span class='ocrx_word' id='word_1_731' title='bbox 166 5627 292 5686; x_wconf 81' lang='lat' dir='ltr'><strong>stico</strong></span> <span class='ocrx_word' id='word_1_732' title='bbox 328 5633 635 5708; x_wconf 80' lang='lat' dir='ltr'><strong>Exuperio,</strong></span> <span class='ocrx_word' id='word_1_733' title='bbox 678 5652 843 5695; x_wconf 89' lang='lat' dir='ltr'><strong>sacro</strong></span> <span class='ocrx_word' id='word_1_734' title='bbox 894 5639 992 5696; x_wconf 88' lang='lat' dir='ltr'><strong>Dei</strong></span> <span class='ocrx_word' id='word_1_735' title='bbox 1037 5652 1156 5710; x_wconf 90' lang='lat' dir='ltr'><strong>quo</strong></span> <span class='ocrx_word' id='word_1_736' title='bbox 1203 5637 1464 5695; x_wconf 91' lang='lat' dir='ltr'><strong>intrusus</strong></span> <span class='ocrx_word' id='word_1_737' title='bbox 1502 5646 1587 5695; x_wconf 88' lang='lat' dir='ltr'><strong>est</strong></span> <span class='ocrx_word' id='word_1_738' title='bbox 1633 5638 1837 5695; x_wconf 89' lang='lat' dir='ltr'><strong>altario</strong></span> 
     </span>
    </p>
   </div>
   <div class='ocr_carea' id='block_1_104' title="bbox 1944 4490 3641 4561">
    <p class='ocr_par' dir='ltr' id='par_1_104' title="bbox 1944 4490 3641 4561">
     <span class='ocr_line' id='line_1_104' title="bbox 1944 4490 3641 4561; baseline -0.002 -12"><span class='ocrx_word' id='word_1_739' title='bbox 1944 4506 2079 4549; x_wconf 90' lang='lat' dir='ltr'><strong>cum</strong></span> <span class='ocrx_word' id='word_1_740' title='bbox 2110 4490 2366 4546; x_wconf 85' lang='lat' dir='ltr'><strong>infinitas</strong></span> <span class='ocrx_word' id='word_1_741' title='bbox 2394 4491 2797 4547; x_wconf 87' lang='lat' dir='ltr'><strong>thesaurorum</strong></span> <span class='ocrx_word' id='word_1_742' title='bbox 2846 4493 3037 4561; x_wconf 90' lang='lat' dir='ltr'><strong>copias</strong></span> <span class='ocrx_word' id='word_1_743' title='bbox 3083 4490 3361 4561; x_wconf 88' lang='lat' dir='ltr'><strong>sepulcris</strong></span> <span class='ocrx_word' id='word_1_744' title='bbox 3415 4492 3641 4547; x_wconf 90' lang='lat' dir='ltr'><strong>immer-</strong></span> 
     </span>
    </p>
   </div>
   <div class='ocr_carea' id='block_1_105' title="bbox 1946 4578 3639 4651">
    <p class='ocr_par' dir='ltr' id='par_1_105' title="bbox 1946 4578 3639 4651">
     <span class='ocr_line' id='line_1_105' title="bbox 1946 4578 3639 4651; baseline -0.002 -14"><span class='ocrx_word' id='word_1_745' title='bbox 1946 4588 2166 4651; x_wconf 90' lang='lat' dir='ltr'><strong>gerent,</strong></span> <span class='ocrx_word' id='word_1_746' title='bbox 2215 4580 2307 4649; x_wconf 75' lang='grc' dir='ltr'><strong>(ι’)</strong></span> <span class='ocrx_word' id='word_1_747' title='bbox 2360 4593 2665 4650; x_wconf 89' lang='lat' dir='ltr'><strong>nunquam</strong></span> <span class='ocrx_word' id='word_1_748' title='bbox 2717 4579 2919 4651; x_wconf 88' lang='lat' dir='ltr'><strong>legisse</strong></span> <span class='ocrx_word' id='word_1_749' title='bbox 2948 4594 3038 4635; x_wconf 91' lang='lat' dir='ltr'><strong>me</strong></span> <span class='ocrx_word' id='word_1_750' title='bbox 3075 4579 3309 4636; x_wconf 88' lang='lat' dir='ltr'><strong>memini</strong></span> <span class='ocrx_word' id='word_1_751' title='bbox 3362 4578 3521 4649; x_wconf 91' lang='lat' dir='ltr'><strong>quod</strong></span> <span class='ocrx_word' id='word_1_752' title='bbox 3550 4578 3639 4634; x_wconf 90' lang='lat' dir='ltr'><strong>lo-</strong></span> 
     </span>
    </p>
   </div>
   <div class='ocr_carea' id='block_1_106' title="bbox 1944 4666 3633 4739">
    <p class='ocr_par' dir='ltr' id='par_1_106' title="bbox 1944 4666 3633 4739">
     <span class='ocr_line' id='line_1_106' title="bbox 1944 4666 3633 4739; baseline -0.002 -15"><span class='ocrx_word' id='word_1_753' title='bbox 1944 4668 2091 4724; x_wconf 89' lang='lat' dir='ltr'><strong>culis</strong></span> <span class='ocrx_word' id='word_1_754' title='bbox 2117 4666 2309 4723; x_wconf 90' lang='lat' dir='ltr'><strong>aureis</strong></span> <span class='ocrx_word' id='word_1_755' title='bbox 2340 4682 2444 4723; x_wconf 88' lang='lat' dir='ltr'><strong>seu</strong></span> <span class='ocrx_word' id='word_1_756' title='bbox 2491 4669 2777 4739; x_wconf 89' lang='lat' dir='ltr'><strong>argenteis</strong></span> <span class='ocrx_word' id='word_1_757' title='bbox 2813 4681 3105 4724; x_wconf 91' lang='lat' dir='ltr'><strong>marmora</strong></span> <span class='ocrx_word' id='word_1_758' title='bbox 3132 4681 3280 4736; x_wconf 91' lang='lat' dir='ltr'><strong>pura</strong></span> <span class='ocrx_word' id='word_1_759' title='bbox 3321 4674 3633 4722; x_wconf 88' lang='lat' dir='ltr'><strong>mutarent.</strong></span> 
     </span>
    </p>
   </div>
   <div class='ocr_carea' id='block_1_107' title="bbox 1944 4754 3641 4823">
    <p class='ocr_par' dir='ltr' id='par_1_107' title="bbox 1944 4754 3641 4823">
     <span class='ocr_line' id='line_1_107' title="bbox 1944 4754 3641 4823; baseline -0.001 -11"><span class='ocrx_word' id='word_1_760' title='bbox 1944 4758 2080 4823; x_wconf 64' lang='lat' dir='ltr'><strong>Quae</strong></span> <span class='ocrx_word' id='word_1_761' title='bbox 2131 4757 2231 4812; x_wconf 90' lang='lat' dir='ltr'><strong>Dei</strong></span> <span class='ocrx_word' id='word_1_762' title='bbox 2278 4756 2570 4812; x_wconf 57' lang='lat' dir='ltr'><strong>aemulatio</strong></span> <span class='ocrx_word' id='word_1_763' title='bbox 2626 4765 2732 4822; x_wconf 89' lang='lat' dir='ltr'><strong>est,</strong></span> <span class='ocrx_word' id='word_1_764' title='bbox 2781 4757 2877 4811; x_wconf 91' lang='lat' dir='ltr'><strong>sed</strong></span> <span class='ocrx_word' id='word_1_765' title='bbox 2932 4770 3047 4811; x_wconf 90' lang='lat' dir='ltr'><strong>non</strong></span> <span class='ocrx_word' id='word_1_766' title='bbox 3087 4754 3410 4812; x_wconf 90' lang='lat' dir='ltr'><strong>secundum</strong></span> <span class='ocrx_word' id='word_1_767' title='bbox 3463 4754 3641 4811; x_wconf 89' lang='lat' dir='ltr'><strong>scien-</strong></span> 
     </span>
    </p>
   </div>
   <div class='ocr_carea' id='block_1_108' title="bbox 1942 4842 3642 4915">
    <p class='ocr_par' dir='ltr' id='par_1_108' title="bbox 1942 4842 3642 4915">
     <span class='ocr_line' id='line_1_108' title="bbox 1942 4842 3642 4915; baseline -0.001 -14"><span class='ocrx_word' id='word_1_768' title='bbox 1942 4845 2082 4901; x_wconf 89' lang='lat' dir='ltr'><strong>tiam</strong></span> <span class='ocrx_word' id='word_1_769' title='bbox 2136 4848 2315 4912; x_wconf 82' lang='lat' dir='ltr'><strong>(Rom.</strong></span> <span class='ocrx_word' id='word_1_770' title='bbox 2351 4858 2408 4912; x_wconf 80' lang='grc' dir='ltr'><strong>χ,</strong></span> <span class='ocrx_word' id='word_1_771' title='bbox 2455 4844 2531 4915; x_wconf 84' lang='lat'><strong>2),</strong></span> <span class='ocrx_word' id='word_1_772' title='bbox 2594 4853 2657 4901; x_wconf 91' lang='lat' dir='ltr'><strong>ut</strong></span> <span class='ocrx_word' id='word_1_773' title='bbox 2712 4844 2853 4900; x_wconf 81' lang='lat' dir='ltr'><strong>fides</strong></span> <span class='ocrx_word' id='word_1_774' title='bbox 2913 4844 3142 4900; x_wconf 90' lang='lat' dir='ltr'><strong>nullum</strong></span> <span class='ocrx_word' id='word_1_775' title='bbox 3192 4843 3447 4899; x_wconf 87' lang='lat' dir='ltr'><strong>fructum</strong></span> <span class='ocrx_word' id='word_1_776' title='bbox 3513 4842 3642 4899; x_wconf 81' lang='lat' dir='ltr'><strong>all‘e-</strong></span> 
     </span>
    </p>
   </div>
   <div class='ocr_carea' id='block_1_109' title="bbox 1944 4931 3641 5002">
    <p class='ocr_par' dir='ltr' id='par_1_109' title="bbox 1944 4931 3641 5002">
     <span class='ocr_line' id='line_1_109' title="bbox 1944 4931 3641 5002; baseline -0.002 -13"><span class='ocrx_word' id='word_1_777' title='bbox 1944 4947 2095 5000; x_wconf 87' lang='lat' dir='ltr'><strong>rens,</strong></span> <span class='ocrx_word' id='word_1_778' title='bbox 2127 4931 2226 4989; x_wconf 90' lang='lat' dir='ltr'><strong>sed</strong></span> <span class='ocrx_word' id='word_1_779' title='bbox 2266 4947 2398 5002; x_wconf 74' lang='lat' dir='ltr'><strong>quae</strong></span> <span class='ocrx_word' id='word_1_780' title='bbox 2432 4933 2681 4989; x_wconf 88' lang='lat' dir='ltr'><strong>multum</strong></span> <span class='ocrx_word' id='word_1_781' title='bbox 2734 4932 2921 5002; x_wconf 88' lang='lat' dir='ltr'><strong>pariat</strong></span> <span class='ocrx_word' id='word_1_782' title='bbox 2950 4931 3238 4998; x_wconf 89' lang='lat' dir='ltr'><strong>indecens,</strong></span> <span class='ocrx_word' id='word_1_783' title='bbox 3280 4938 3474 4986; x_wconf 90' lang='lat' dir='ltr'><strong>nostro</strong></span> <span class='ocrx_word' id='word_1_784' title='bbox 3506 4938 3641 4986; x_wconf 86' lang='lat' dir='ltr'><strong>tem-</strong></span> 
     </span>
    </p>
   </div>
   <div class='ocr_carea' id='block_1_110' title="bbox 1942 5018 3638 5093">
    <p class='ocr_par' dir='ltr' id='par_1_110' title="bbox 1942 5018 3638 5093">
     <span class='ocr_line' id='line_1_110' title="bbox 1942 5018 3638 5093; baseline -0.002 -14"><span class='ocrx_word' id='word_1_785' title='bbox 1942 5037 2076 5093; x_wconf 90' lang='lat' dir='ltr'><strong>pore</strong></span> <span class='ocrx_word' id='word_1_786' title='bbox 2132 5028 2566 5084; x_wconf 88' lang='lat' dir='ltr'><strong>commentetur,</strong></span> <span class='ocrx_word' id='word_1_787' title='bbox 2624 5023 2781 5092; x_wconf 89' lang='lat' dir='ltr'><strong>quod</strong></span> <span class='ocrx_word' id='word_1_788' title='bbox 2833 5021 2980 5078; x_wconf 90' lang='lat' dir='ltr'><strong>nulli</strong></span> <span class='ocrx_word' id='word_1_789' title='bbox 3038 5033 3303 5092; x_wconf 88' lang='lat' dir='ltr'><strong>unquam</strong></span> <span class='ocrx_word' id='word_1_790' title='bbox 3351 5018 3638 5090; x_wconf 89' lang='lat' dir='ltr'><strong>religioni,</strong></span> 
     </span>
    </p>
   </div>
   <div class='ocr_carea' id='block_1_111' title="bbox 1944 5109 3643 5180">
    <p class='ocr_par' dir='ltr' id='par_1_111' title="bbox 1944 5109 3643 5180">
     <span class='ocr_line' id='line_1_111' title="bbox 1944 5109 3643 5180; baseline -0.002 -13"><span class='ocrx_word' id='word_1_791' title='bbox 1944 5111 2122 5167; x_wconf 91' lang='lat' dir='ltr'><strong>nullis</strong></span> <span class='ocrx_word' id='word_1_792' title='bbox 2170 5124 2419 5180; x_wconf 90' lang='lat' dir='ltr'><strong>usquam</strong></span> <span class='ocrx_word' id='word_1_793' title='bbox 2459 5110 2678 5166; x_wconf 89' lang='lat' dir='ltr'><strong>divitiis</strong></span> <span class='ocrx_word' id='word_1_794' title='bbox 2720 5110 3049 5166; x_wconf 87' lang='lat' dir='ltr'><strong>exhibitum</strong></span> <span class='ocrx_word' id='word_1_795' title='bbox 3090 5123 3127 5165; x_wconf 89' lang='lat' dir='ltr'><strong>a</strong></span> <span class='ocrx_word' id='word_1_796' title='bbox 3172 5109 3382 5165; x_wconf 62' lang='lat' dir='ltr'><strong>seculo</strong></span> <span class='ocrx_word' id='word_1_797' title='bbox 3422 5123 3643 5178; x_wconf 91' lang='lat' dir='ltr'><strong>compe-</strong></span> 
     </span>
    </p>
   </div>
   <div class='ocr_carea' id='block_1_112' title="bbox 1944 5206 2147 5257">
    <p class='ocr_par' dir='ltr' id='par_1_112' title="bbox 1944 5206 2147 5257">
     <span class='ocr_line' id='line_1_112' title="bbox 1944 5206 2147 5257; baseline -0.01 -1"><span class='ocrx_word' id='word_1_798' title='bbox 1944 5206 2147 5257; x_wconf 88' lang='lat' dir='ltr'><strong>rimus.</strong></span> 
     </span>
    </p>
   </div>
   <div class='ocr_carea' id='block_1_113' title="bbox 2014 5285 3646 5360">
    <p class='ocr_par' dir='ltr' id='par_1_113' title="bbox 2014 5285 3646 5360">
     <span class='ocr_line' id='line_1_113' title="bbox 2014 5285 3646 5360; baseline -0.002 -16"><span class='ocrx_word' id='word_1_799' title='bbox 2014 5290 2073 5344; x_wconf 89' lang='lat' dir='ltr'><em>E</em></span> <span class='ocrx_word' id='word_1_800' title='bbox 2115 5287 2354 5344; x_wconf 70' lang='lat' dir='ltr'><strong>tumulis</strong></span> <span class='ocrx_word' id='word_1_801' title='bbox 2398 5287 2520 5343; x_wconf 83' lang='lat' dir='ltr'><strong>erui</strong></span> <span class='ocrx_word' id='word_1_802' title='bbox 2561 5304 2807 5360; x_wconf 82' lang='lat' dir='ltr'><strong>corpora</strong></span> <span class='ocrx_word' id='word_1_803' title='bbox 2849 5291 3177 5344; x_wconf 77' lang='lat' dir='ltr'><strong>sanctorum</strong></span> <span class='ocrx_word' id='word_1_804' title='bbox 3224 5285 3495 5343; x_wconf 81' lang='lat' dir='ltr'><strong>Guiberto</strong></span> <span class='ocrx_word' id='word_1_805' title='bbox 3528 5301 3646 5341; x_wconf 84' lang='lat' dir='ltr'><strong>non</strong></span> 
     </span>
    </p>
   </div>
   <div class='ocr_carea' id='block_1_114' title="bbox 1940 5374 3640 5447">
    <p class='ocr_par' dir='ltr' id='par_1_114' title="bbox 1940 5374 3640 5447">
     <span class='ocr_line' id='line_1_114' title="bbox 1940 5374 3640 5447; baseline -0.001 -16"><span class='ocrx_word' id='word_1_806' title='bbox 1940 5375 2238 5447; x_wconf 82' lang='lat' dir='ltr'><strong>probatur.</strong></span> <span class='ocrx_word' id='word_1_807' title='bbox 2295 5404 2366 5416; x_wconf 90' lang='lat'><strong>-—</strong></span> <span class='ocrx_word' id='word_1_808' title='bbox 2414 5374 2510 5445; x_wconf 79' lang='grc' dir='ltr'><strong>(⁸ο)</strong></span> <span class='ocrx_word' id='word_1_809' title='bbox 2560 5379 2722 5433; x_wconf 89' lang='lat' dir='ltr'><strong>Certe</strong></span> <span class='ocrx_word' id='word_1_810' title='bbox 2762 5375 2809 5432; x_wconf 90' lang='lat' dir='ltr'><strong>si</strong></span> <span class='ocrx_word' id='word_1_811' title='bbox 2856 5382 3191 5433; x_wconf 91' lang='lat' dir='ltr'><strong>sanctorum</strong></span> <span class='ocrx_word' id='word_1_812' title='bbox 3234 5386 3473 5445; x_wconf 86' lang='lat' dir='ltr'><strong>corpora</strong></span> <span class='ocrx_word' id='word_1_813' title='bbox 3511 5387 3640 5441; x_wconf 90' lang='lat' dir='ltr'><strong>sua,</strong></span> 
     </span>
    </p>
   </div>
   <div class='ocr_carea' id='block_1_115' title="bbox 1940 5463 3642 5535">
    <p class='ocr_par' dir='ltr' id='par_1_115' title="bbox 1940 5463 3642 5535">
     <span class='ocr_line' id='line_1_115' title="bbox 1940 5463 3642 5535; baseline -0.001 -14"><span class='ocrx_word' id='word_1_814' title='bbox 1940 5466 2112 5535; x_wconf 83' lang='lat' dir='ltr'><strong>juxta</strong></span> <span class='ocrx_word' id='word_1_815' title='bbox 2140 5473 2366 5521; x_wconf 74' lang='lat' dir='ltr'><strong>naturae</strong></span> <span class='ocrx_word' id='word_1_816' title='bbox 2400 5464 2679 5530; x_wconf 88' lang='lat' dir='ltr'><strong>debitum,</strong></span> <span class='ocrx_word' id='word_1_817' title='bbox 2716 5464 2859 5532; x_wconf 88' lang='lat' dir='ltr'><strong>loca,</strong></span> <span class='ocrx_word' id='word_1_818' title='bbox 2914 5463 2969 5519; x_wconf 93' lang='lat' dir='ltr'><strong>id</strong></span> <span class='ocrx_word' id='word_1_819' title='bbox 2997 5472 3083 5520; x_wconf 91' lang='lat' dir='ltr'><strong>est</strong></span> <span class='ocrx_word' id='word_1_820' title='bbox 3117 5464 3385 5534; x_wconf 88' lang='lat' dir='ltr'><strong>sepulcra</strong></span> <span class='ocrx_word' id='word_1_821' title='bbox 3411 5477 3642 5519; x_wconf 89' lang='lat' dir='ltr'><strong>servas-</strong></span> 
     </span>
    </p>
   </div>
   <div class='ocr_carea' id='block_1_116' title="bbox 1945 5552 3640 5625">
    <p class='ocr_par' dir='ltr' id='par_1_116' title="bbox 1945 5552 3640 5625">
     <span class='ocr_line' id='line_1_116' title="bbox 1945 5552 3640 5625; baseline -0.002 -17"><span class='ocrx_word' id='word_1_822' title='bbox 1945 5561 2090 5619; x_wconf 92' lang='lat' dir='ltr'><strong>sent,</strong></span> <span class='ocrx_word' id='word_1_823' title='bbox 2150 5553 2480 5625; x_wconf 89' lang='lat' dir='ltr'><strong>hujusmodi</strong></span> <span class='ocrx_word' id='word_1_824' title='bbox 2540 5567 2687 5624; x_wconf 88' lang='lat' dir='ltr'><strong>quos</strong></span> <span class='ocrx_word' id='word_1_825' title='bbox 2734 5552 2995 5608; x_wconf 90' lang='lat' dir='ltr'><strong>recensui</strong></span> <span class='ocrx_word' id='word_1_826' title='bbox 3048 5566 3270 5608; x_wconf 90' lang='lat' dir='ltr'><strong>errores</strong></span> <span class='ocrx_word' id='word_1_827' title='bbox 3323 5560 3640 5608; x_wconf 88' lang='lat' dir='ltr'><strong>vacassent.</strong></span> 
     </span>
    </p>
   </div>
   <div class='ocr_carea' id='block_1_117' title="bbox 1945 5639 3644 5713">
    <p class='ocr_par' dir='ltr' id='par_1_117' title="bbox 1945 5639 3644 5713">
     <span class='ocr_line' id='line_1_117' title="bbox 1945 5639 3644 5713; baseline -0.001 -16"><span class='ocrx_word' id='word_1_828' title='bbox 1945 5641 2051 5698; x_wconf 84' lang='lat' dir='ltr'><strong>Per</strong></span> <span class='ocrx_word' id='word_1_829' title='bbox 2094 5642 2201 5699; x_wconf 85' lang='lat' dir='ltr'><strong>hoc</strong></span> <span class='ocrx_word' id='word_1_830' title='bbox 2255 5643 2409 5699; x_wconf 90' lang='lat' dir='ltr'><strong>enim</strong></span> <span class='ocrx_word' id='word_1_831' title='bbox 2440 5642 2595 5713; x_wconf 90' lang='lat' dir='ltr'><strong>quod</strong></span> <span class='ocrx_word' id='word_1_832' title='bbox 2645 5655 2677 5697; x_wconf 92' lang='lat' dir='ltr'><strong>e</strong></span> <span class='ocrx_word' id='word_1_833' title='bbox 2731 5639 2969 5697; x_wconf 90' lang='lat' dir='ltr'><strong>tumulis</strong></span> <span class='ocrx_word' id='word_1_834' title='bbox 3010 5649 3323 5708; x_wconf 87' lang='lat' dir='ltr'><strong>eruuntur,</strong></span> <span class='ocrx_word' id='word_1_835' title='bbox 3359 5640 3644 5696; x_wconf 87' lang='lat' dir='ltr'><strong>membra-</strong></span> 
     </span>
    </p>
   </div>
  </div>
