3936 6414
244 324 351 377 627

1146 320 1210 374 γ.
1251 319 1582 376 GUIBEBTI
1621 319 1908 376 ABBATIS
1945 320 2004 376 S.
2048 321 2289 377 ΜΑΒΙΛΕ
2332 319 2423 376 DE
2460 318 2860 378 NOVIGENTO

3644 324 3748 378 628

247 451 349 509 tim
382 451 499 508 huc
546 450 800 521 illucque
839 450 1129 515 feruntur,
1168 457 1224 505 et
1252 464 1387 505 cum
1415 449 1641 517 pietatis
1672 450 1941 505 obtentus
1978 453 2023 504 Α
2051 449 2159 505 bus
2189 450 2614 520 pollinctorum,
2655 457 2710 506 et
2757 448 3138 519 vespillonnm
3185 448 3534 522 generaliter
3579 449 3752 506 obse-

249 541 470 596 occasio
521 538 976 595 circumlationis
1025 537 1326 602 exstiterit,
1381 539 1451 592 ad
1500 538 1607 592 hoc
1659 539 1944 593 subeunte

251 629 512 700 nequitia
541 628 868 698 detorqueri
899 636 1084 696 capta
1131 634 1216 681 est
1261 626 1594 681 intentionis
1639 627 1940 690 rectitude,

252 725 318 774 ut
349 731 491 788 pene
520 730 652 787 qua
689 715 1026 784 simpliciter
1068 714 1189 769 ﬁeri
1229 722 1650 770 consueverant
1690 728 1947 770 corrum-

251 812 412 876 peret
458 805 731 860 universa
777 803 1006 874 cupido.
1065 801 1118 858 Si
1171 802 1314 858 tanti
1362 802 1484 857 loco
1525 803 1710 857 meriti
1756 802 1946 859 Tobia

251 900 613 950 mortuorum
664 891 965 962 sepultura
1007 890 1342 957 ascribitur,
1400 898 1464 946 ut
1522 891 1670 946 inter
1724 900 1950 946 catera-

252 995 383 1037 rum
441 979 716 1036 beneﬁcia
770 979 1197 1035 humanitatum
1268 978 1576 1048 Raphaelis
1629 979 1952 1048 specialiter

253 1068 369 1125 fere
397 1068 716 1124 testimonio
746 1068 1125 1134 collaudetur,
1158 1075 1213 1122 et
1259 1076 1391 1122 ante
1438 1067 1529 1121 Dei
1564 1068 1761 1122 oculos
1791 1076 1952 1138 grate

254 1157 563 1212 admodum
615 1155 803 1211 delata
855 1156 1083 1212 dicatur
1125 1155 1283 1222 (Tob.
1341 1170 1434 1213 xu.
1506 1159 1587 1210 12.
1641 1160 1750 1224 t3),
1811 1155 1952 1226 quid

255 1245 563 1315 impietatis
610 1252 664 1300 et
694 1244 878 1314 culpa
919 1251 1194 1314 putamus
1235 1243 1508 1309 obtineat,
1564 1242 1666 1312 qui
1714 1257 1954 1312 corpora

256 1332 509 1388 naturali
547 1333 738 1387 debito
783 1333 1018 1401 privans
1067 1331 1280 1401 quavis
1324 1329 1435 1385 levi
1487 1331 1783 1385 occasione
1828 1346 1954 1386 mo-

257 1421 456 1478 lestat?
482 1422 550 1477 Et
579 1435 710 1492 qua
740 1435 856 1476 non
887 1421 1013 1476 dico
1039 1421 1235 1486 levior,
1263 1419 1356 1474 sed
1387 1419 1773 1488 importunior
1787 1435 1956 1475 occa—

258 1509 340 1565 sio
385 1523 564 1580 quam
614 1516 678 1564 ut
726 1507 1048 1578 discipulus
1095 1515 1460 1576 praponatur
1506 1507 1816 1576 magistro?
1863 1506 1957 1562 ille

259 1598 434 1668 lapidi
495 1597 846 1664 intrudatur,
903 1597 996 1650 hic
1067 1609 1211 1650 auro
1276 1595 1632 1650 claudatur?
1693 1595 1786 1650 ille
1856 1611 1960 1651 nec

260 1701 402 1756 pene
432 1685 626 1741 subtili
659 1685 898 1740 sindone
939 1684 1308 1749 obvolvatur,
1352 1684 1445 1738 hic
1476 1683 1664 1752 palliis
1698 1692 1800 1739 aut
1827 1685 1961 1740 seri-

260 1775 360 1841 cis,
394 1787 611 1829 aurove
640 1770 820 1828 textili
854 1770 1272 1840 subcingatur?

331 1861 424 1932 (ιτ)
459 1860 621 1931 Apud
670 1858 1193 1929 splendidissimum
1247 1872 1452 1929 papam
1491 1859 1852 1931 Gregorium,
1903 1859 1957 1914 hi

263 1949 368 2020 qui
411 1962 650 2018 corpora
694 1948 855 2004 Pauli
909 1947 1171 2018 apostoli,
1233 1948 1640 2019 Laurentiique
1692 1949 1962 2018 martyris

261 2038 426 2094 inscii
477 2051 828 2108 conspexere
880 2037 1219 2108 gravissime
1253 2044 1389 2092 sunt
1443 2037 1649 2106 puniti.
1701 2037 1848 2104 Quid
1894 2037 1964 2092 de

262 2127 331 2181 iis
354 2126 560 2197 judicii
594 2125 934 2196 proferetur,
971 2127 1187 2196 quibus
1219 2125 1466 2180 avaritia
1514 2126 1634 2180 sola
1686 2125 1745 2180 in
1787 2139 1962 2180 causa

260 2222 364 2279 est,
423 2222 478 2270 et
520 2222 854 2270 sanctorum
923 2227 1164 2283 corpora
1227 2214 1445 2270 faciunt
1514 2213 1828 2284 irrequieta
1885 2214 1966 2268 di-

263 2301 474 2372 spergi,
523 2302 658 2366 imo,
723 2309 786 2357 ut
837 2302 918 2358 sic
983 2301 1193 2367 dicam,
1275 2315 1377 2370 pro
1430 2301 1550 2356 sola
1603 2302 1963 2357 oblationum

263 2391 519 2446 illatione
570 2389 910 2460 quotidiana
959 2389 1201 2464 ostentui
1250 2389 1488 2445 haberi?
1553 2390 1741 2445 Solent
1795 2404 1963 2446 nam-

263 2494 378 2550 que
424 2479 734 2548 pyxidibus
778 2479 1050 2534 eburneis
1093 2486 1194 2534 aut
1223 2480 1511 2548 argenteis
1543 2479 1700 2534 nuda
1738 2489 1964 2534 sancto-

265 2580 394 2622 rum
429 2579 558 2621 ossa
603 2570 924 2637 contegere,
961 2574 1016 2622 et
1065 2567 1134 2622 ad
1178 2575 1404 2638 tempus
1450 2578 1505 2624 et
1545 2568 1745 2624 horam
1789 2567 1968 2637 pretio

263 2669 383 2710 sese
433 2657 726 2724 ingerente
773 2662 1042 2720 retegere.
1093 2654 1338 2724 Spiritus
1385 2656 1684 2719 Samuelis,
1735 2655 1858 2724 qui,
1908 2661 1970 2710 ut

263 2743 500 2812 spiritus
540 2742 788 2800 naturali
822 2742 1112 2798 alacritate
1141 2744 1395 2814 vigebat,
1430 2759 1529 2813 per
1577 2745 1734 2814 Pythi
1759 2743 1968 2800 nissam

267 2830 578 2900 inquietari
641 2845 700 2885 se
757 2831 898 2902 quia
965 2834 1336 2891 evocabatur.
1411 2832 1680 2903 queritur
1724 2835 1773 2898 (I
1830 2832 1967 2903 Reg.

269 2920 641 2985 XXVIII,J5),
697 2927 750 2974 et
803 2933 930 2974 ossa
1001 2921 1318 2975 materialia
1371 2935 1502 2990 qua
1559 2920 1665 2976 hac
1728 2919 1972 2990 illacque

2053 539 2388 609 quebantur
2439 539 2646 604 ofﬁcia,
2695 548 2748 595 et
2795 538 3055 608 vulgaris
3101 539 3434 608 sandapila.
3493 547 3549 596 et
3597 547 3751 594 certe

2054 641 2309 696 quorum
2361 642 2506 698 spes,
2559 628 2883 684 intereunte
2931 631 3184 697 corpore,
3213 630 3427 697 pariter
3457 626 3750 694 interibat,

2053 721 2108 770 et
2142 729 2246 770 nos
2274 729 2478 771 eorum
2515 715 2683 772 busta
2713 715 3077 782 suﬁ‘odimus,
3111 717 3371 773 membra
3411 716 3750 780 dividimus,

2055 817 2202 874 quos
2250 819 2387 860 sane
2425 804 2690 874 plurimis
2730 804 3088 860 documentis
3128 818 3304 874 super
3352 805 3460 860 hac
3506 802 3755 859 motione

2056 891 2219 948 irasci
2251 893 2662 962 comperimus!

2130 981 2301 1036 Plane
2343 980 2652 1052 Gregorius
2701 983 2802 1048 (lib
2854 996 3006 1048 χχχι,
3047 980 3214 1052 epist.
3266 980 3376 1050 30),
3427 994 3561 1036 cum
3591 978 3756 1036 Pauli

2059 1068 2291 1136 apostoli
2324 1071 2499 1138 caput
2540 1067 2613 1124 ab
2644 1071 2922 1138 Augusta,
2964 1067 3072 1122 nisi
3113 1067 3296 1134 fallor,
3340 1066 3550 1122 Tiberii
3598 1074 3758 1136 pete-

2060 1164 2240 1224 retur,
2284 1155 2370 1224 ('9)
2416 1171 2474 1210 se
2523 1171 2758 1226 prorsus
2809 1156 2862 1211 id
2903 1171 3016 1211 non
3057 1157 3271 1212 audere
3310 1155 3617 1224 respondit,
3664 1153 3760 1208 illa

2062 1260 2239 1314 quam
2268 1247 2538 1314 superius
2567 1246 2688 1300 dixi
2723 1260 2898 1315 super
2926 1247 3054 1317 ejus
3087 1246 3474 1316 repertoribus
3504 1242 3761 1299 animad-

2063 1335 2322 1389 versione
2385 1345 2681 1403 pratensa.
2721 1335 3099 1391 Eadmundus
3155 1334 3308 1404 apud
3364 1333 3582 1403 Anglos
3641 1345 3760 1386 non

2066 1421 2336 1492 ignobilis
2366 1422 2561 1492 gloria
2598 1436 2699 1478 rex
2739 1429 2794 1478 et
2843 1429 3062 1492 martyr
3111 1422 3324 1488 existit,
3367 1422 3537 1492 cujus
3583 1420 3640 1474 in
3671 1418 3764 1474 sui

2067 1511 2305 1567 tuitione
2359 1511 2616 1581 corporis
2643 1511 2829 1567 zelum
2882 1512 3084 1567 vellem
3130 1510 3311 1567 sancti
3349 1509 3767 1566 aemularentur

2068 1599 2276 1666 cateri,
2313 1600 2414 1670 qui
2456 1600 2514 1655 in
2551 1607 2704 1656 statu
2743 1599 3047 1655 dormienti
3093 1599 3382 1655 simillimo
3427 1599 3540 1654 huc
3580 1611 3768 1666 usque

2070 1688 2374 1758 persistens
2422 1702 2456 1743 a
2504 1689 2730 1744 nemine
2783 1688 2962 1744 videri
3009 1703 3068 1744 se
3121 1689 3401 1759 dignatur
3437 1694 3540 1742 aut
3585 1684 3765 1755 tangi.

2069 1777 2271 1834 Nostra
2321 1778 2474 1833 enim
2517 1786 2702 1844 atate,
2738 1787 2800 1833 ut
2842 1791 2910 1833 ea
2946 1792 3077 1848 qua
3115 1777 3172 1832 in
3216 1777 3344 1848 ejus
3390 1775 3652 1846 passione
3686 1774 3770 1828 le-

2071 1873 2294 1937 guntur
2349 1874 2590 1931 taceam,
2653 1865 2746 1937 (*0)
2797 1865 2948 1922 abba
3000 1865 3242 1936 quidam
3299 1864 3426 1936 ejus
3479 1862 3582 1920 loci
3641 1861 3773 1931 plus

2069 1969 2238 2025 aquo
2283 1955 2564 2017 curiosus,
2604 1964 2824 2020 utrum,
2874 1954 2954 2010 uti
3007 1954 3386 2024 vulgabatur,
3432 1959 3610 2022 caput
3646 1952 3774 2021 ejus

2073 2052 2198 2114 post
2259 2043 2665 2099 abscissionem
2722 2043 2946 2112 corpori
3006 2050 3150 2098 esset
3206 2043 3456 2105 unitum,
3515 2042 3772 2110 pramis-

2072 2133 2150 2189 s‘s
2168 2131 2406 2203 jejuniis
2434 2147 2564 2188 cum
2598 2137 2745 2186 338
2773 2131 3024 2202 quodam
3048 2145 3152 2186 suo
3181 2129 3462 2186 monacho
3479 2127 3774 2183 adnitente

2074 2221 2347 2288 tentavit;
2417 2220 2514 2275 sed
2573 2220 2938 2275 tentationem
3013 2218 3170 2274 illam
3241 2221 3404 2273 tanta
3467 2215 3765 2272 confestim

2079 2307 2304 2376 punivit
2340 2307 2642 2363 inﬁrmitas
2670 2315 2731 2363 ut
2772 2307 2828 2362 in
2879 2316 3084 2364 neutro
3120 2305 3238 2362 ulla
3277 2305 3546 2374 deinceps
3587 2317 3777 2360 rema-

2079 2403 2238 2450 neret
2273 2409 2556 2450 manuum
2590 2395 2822 2451 utilitas.

2149 2483 2200 2538 Si
2245 2483 2327 2538 sic
2373 2483 2633 2554 quietum
2679 2484 2799 2539 suis
2847 2482 3086 2539 tumulis
3134 2480 3252 2536 fore
3299 2493 3590 2551 quemque
3635 2477 3776 2534 lice-

2078 2579 2182 2637 ret,
2227 2586 2401 2641 super
2455 2585 2784 2642 corporum,
2825 2573 3208 2641 pignorumve
3248 2583 3544 2624 sacrorum
3593 2576 3775 2623 muta-

2080 2663 2230 2719 tione
2262 2662 2384 2717 sine
2441 2661 2774 2717 concambio
2827 2659 3122 2714 altercatio
3175 2667 3291 2714 tota
3333 2658 3544 2723 sileret,
3576 2671 3680 2711 nec
3737 2655 3777 2710 ii

2082 2751 2266 2816 illum,
2318 2749 2398 2804 illi
2439 2749 2702 2804 eumdem
2764 2748 2974 2803 habere
3020 2761 3078 2801 se
3120 2746 3394 2806 dicerent.
3454 2743 3500 2798 si
3556 2743 3781 2799 illibata

2085 2839 2511 2902 universorum,
2565 2844 2628 2893 ut
2669 2836 2892 2906 justum
2933 2843 3097 2901 esset,
3148 2841 3521 2888 monumenta
3578 2845 3775 2886 mane-

2083 2937 2231 2995 rent,
2287 2934 2342 2982 et
2373 2927 2511 2981 dum
2556 2940 2752 2980 omnes
2791 2924 2848 2978 in
2884 2923 2988 2978 sibi
3037 2921 3316 2977 attributa
3367 2929 3518 2975 terra
3561 2917 3778 2974 immoti

269 3007 608 3076 dispersioni
663 3016 876 3076 patent,
935 3008 980 3062 si
1033 3007 1247 3078 possint
1295 3009 1613 3079 justissime
1658 3023 1770 3062 non
1822 3022 1970 3078 que-
2012 3016 2460 3087 cquiescerem,
2534 3012 2784 3072 fraudes,
2861 3026 3010 3080 quas
3093 3009 3544 3080 pralibavimus,
3605 3019 3784 3076 super

270 3096 517 3152 rantur?
561 3097 735 3152 Iacob
775 3105 830 3152 et
892 3097 1096 3165 JoSeph
1168 3105 1462 3166 tantopere
1517 3097 1585 3152 de
1657 3095 1971 3166 sepulturis

271 3185 552 3241 mandant
606 3187 812 3249 iantes
871 3199 1048 3251 xcvu,
1093 3188 1194 3252 30;
1249 3201 1301 3252 L,
1354 3185 1467 3252 2i).
1515 3193 1569 3242 et
1614 3199 1812 3240 omnes
1841 3199 1971 3240 san-

269 3274 345 3330 cti
377 3275 640 3345 sepulcra
671 3274 775 3330 sibi
825 3281 1172 3343 praparant,
1215 3277 1284 3330 de
1313 3273 1670 3344 reportandis
1715 3275 1784 3328 ad
1821 3273 1974 3340 geni-

269 3363 383 3419 tale
431 3364 616 3428 solum
665 3362 892 3418 ossibus
934 3377 1164 3432 operam
1209 3371 1440 3432 gerunt.
1505 3365 1560 3416 in
1617 3363 1787 3417 domo
1842 3374 1969 3426 sua,

274 3451 328 3506 id
389 3461 472 3506 est
511 3451 567 3505 in
621 3451 952 3520 parentela,‘
987 3451 1133 3505 inter
1185 3451 1397 3506 scilicet
1445 3450 1794 3506 contribules
1841 3463 1974 3504 suos

273 3553 390 3595 non
437 3539 684 3608 sepeliri,
739 3537 904 3608 quasi
959 3552 1099 3607 pene
1158 3538 1419 3592 damnari
1480 3545 1776 3592 metuunt:
1833 3536 1971 3607 quid

277 3628 433 3682 aliud
489 3627 722 3681 Videtur
769 3626 877 3680 nisi
928 3625 1082 3694 quod
1131 3639 1369 3694 corpora
1414 3626 1483 3680 ad
1543 3624 1977 3680 resurrectionis

278 3715 516 3787 gloriam
553 3714 911 3768 immutanila
939 3715 1282 3768 omnimodis
1312 3715 1500 3783 magni
1537 3712 1835 3783 pendunt?

350 3802 404 3860 Si
456 3817 642 3864 nemo,
693 3801 745 3856 id
789 3811 870 3856 est
911 3802 1134 3858 ratione
1185 3817 1245 3858 se
1285 3794 1482 3872 agens,
1529 3815 1760 3858 carnem
1810 3815 1977 3857 suam

278 3893 406 3949 odio
463 3889 666 3946 habuit
718 3890 898 3961 (Eph.
977 3907 1032 3953 ν,
1094 3893 1204 3959 29),
1267 3891 1408 3960 quin
1475 3903 1618 3945 esca
1689 3904 1758 3945 ac
1811 3897 1978 3960 potus

279 3980 516 4037 obsonia
547 3980 896 4050 quotidiana
928 3979 1259 4050 indigentia
1295 3979 1726 4041 comministrot,
1760 3985 1979 4050 quanto

280 4069 465 4139 magis
511 4068 672 4133 illud,
720 4067 776 4122 in
812 4083 929 4138 quo
974 4067 1297 4122 necessitati
1343 4067 1578 4122 luxuria
1623 4066 1785 4122 nulla
1815 4079 1977 4120 com—

279 4157 554 4224 municet,
617 4164 680 4212 ut
733 4157 790 4210 in
852 4157 1060 4210 haustu
1107 4154 1444 4210 victualium
1491 4154 1793 4224 aliquoties
1837 4169 1982 4208 con-

283 4246 502 4315 tingere
541 4243 697 4305 solet,
743 4243 1286 4313 praeordialiusque
1334 4242 1604 4313 quamvis
1643 4251 1981 4311 sumptuoso

2077 3118 2278 3160 eorum
2320 3101 2602 3158 multiﬁda
2652 3098 3055 3155 distributione
3103 3112 3217 3153 non
3260 3096 3478 3160 ﬁerent,
3533 3109 3639 3150 nec
3689 3095 3784 3148 in-

2079 3192 2237 3258 digni
2274 3190 2584 3257 dignorum
2615 3187 2734 3242 loca
2767 3193 3040 3242 tenerent.

2152 3279 2181 3351 ς
2215 3280 2283 3334 II.
2318 3279 2453 3333 Non
2494 3278 2740 3350 peccant
2772 3273 2873 3347 qui
2915 3269 3199 3344 reliquias
3236 3271 3540 3338 cujusdam
3587 3267 3783 3324 sancti

2078 3385 2188 3439 pro
2217 3367 2342 3422 alio
2367 3369 2713 3421 venerantur
2777 3394 2845 3405 —
2873 3363 3164 3428 Quaritur
3193 3376 3344 3431 quoq
3358 3375 3426 3415 ue
3470 3359 3543 3414 ab
3579 3358 3789 3428 aliqui-

2082 3457 2190 3512 bus
2229 3466 2423 3510 utrum
2474 3468 2676 3510 eorum
2716 3451 2974 3521 reliquia
3021 3465 3152 3506 cum
3199 3449 3392 3504 altera
3443 3461 3544 3516 pro
3589 3444 3787 3501 alteris

2083 3550 2464 3609 honorantur,
2504 3549 2558 3597 et
2605 3555 2720 3596 non
2751 3540 2866 3595 sint
2907 3538 3052 3609 ejus.
3084 3536 3256 3608 cujus
3303 3550 3423 3590 esse
3479 3541 3784 3604 putantur,

2083 3633 2300 3706 aliquid
2357 3631 2741 3702 perniciosum
2795 3626 3114 3684 colentibus
3169 3626 3478 3694 importare
3533 3622 3784 3678 credan-

2085 3732 2200 3780 tur.
2260 3719 2418 3786 Quod
2471 3731 2576 3785 ego
2621 3731 2734 3772 non
2791 3715 3012 3770 astimo
3073 3728 3086 3766 :
3129 3727 3261 3768 cum
3307 3713 3461 3766 enim
3503 3709 3786 3765 Dominus

2086 3811 2152 3866 de
2182 3809 2262 3863 eis
2292 3807 2462 3869 dicat,
2494 3808 2556 3858 ut
2583 3804 2726 3865 sint,
2762 3802 2974 3872 inquit,
3007 3816 3188 3857 unum
3215 3798 3363 3854 sicut
3393 3801 3449 3852 et
3475 3814 3579 3852 nos
3606 3811 3786 3850 unum

2083 3911 2286 3952 sumus
2341 3893 2524 3961 (Joan.
2585 3907 2722 3959 xvu,
2783 3892 2892 3960 22),
2943 3906 3074 3946 cum
3127 3891 3378 3960 ipsorum
3433 3887 3788 3943 universitas

2087 3983 2196 4039 sub
2241 3981 2462 4037 Christo
2505 3981 2689 4050 capite
2736 3979 2808 4034 sit
2852 3979 3017 4048 quasi
3056 3977 3322 4046 quadam
3357 3973 3626 4030 identitas
3654 3985 3784 4028 cor-

2089 4071 2258 4141 poris,
2293 4077 2348 4125 et
2395 4083 2549 4124 unus
2578 4082 2712 4124 cum
2755 4067 2867 4122 Deo
2901 4066 2971 4120 sit
3009 4064 3246 4134 spiritus
3275 4063 3372 4133 ipsi
3415 4059 3784 4125 adharentis,

2091 4160 2237 4215 inter
2266 4172 2468 4214 eorum
2507 4170 2632 4210 ossa
2680 4156 2780 4226 qui
2824 4152 3008 4210 sancti
3050 4160 3207 4234 sunt,
3251 4165 3364 4205 non
3409 4157 3493 4204 est
3541 4159 3702 4202 error
3738 4145 3786 4201 si

2089 4245 2203 4301 alia
2247 4259 2348 4314 pro
2400 4243 2526 4299 aliis
2567 4241 2926 4306 excolantur,
2977 4240 3078 4310 qui
3127 4233 3540 4293 co’mmembres
3588 4233 3644 4289 in
3693 4233 3788 4290 sui

285 4332 466 4388 tristis
495 4331 696 4400 hujus,
739 4340 804 4386 ut
853 4331 934 4386 ait
978 4339 1159 4400 poeta,
1207 4330 1506 4386 ministerii
1548 4330 1791 4391 ambitu.
1820 4343 1976 4398 spem
2019 4323 2062 4378 D
2089 4334 2340 4388 auctoris
2371 4345 2607 4401 corpore
2633 4329 3077 4399 dignoscuntur.
3107 4328 3152 4382 A
3183 4339 3299 4397 quo
3329 4339 3500 4379 sensu
3522 4335 3636 4377 non
3665 4321 3785 4376 dis-

285 4420 355 4475 ad
410 4418 661 4474 melioris
693 4418 823 4474 vita
865 4426 1077 4474 statum
1120 4419 1418 4490 porrigens
1471 4427 1769 4474 exstruere
1793 4419 1842 4472 ἀι
1865 4417 1979 4484 bet,

285 4507 385 4564 ubi
438 4507 580 4562 liber
628 4507 701 4562 ab
745 4507 930 4562 hieme
977 4505 1262 4575 saculari,
1313 4515 1369 4562 et
1417 4507 1783 4576 prasentium
1822 4513 1984 4562 tutus

287 4596 359 4652 ab
402 4597 583 4652 imbre
635 4595 958 4661 turbarum,
1004 4610 1195 4651 vocem
1238 4595 1572 4665 archangeli
1618 4607 1858 4664 surgere
1893 4595 1998 4664 ju-,

287 4685 472 4741 bentis
526 4685 852 4754 exspectet?
929 4683 984 4740 Si
1059 4683 1391 4754 hujusmodi
1451 4690 1618 4738 vocat
1682 4682 1984 4752 Apostolus

285 4772 634 4828 dormientes
665 4773 720 4844 (ι
783 4773 975 4828 Thess.
1039 4788 1116 4838 iv,
1175 4773 1282 4841 l2),
1339 4786 1445 4842 ego
1525 4771 1665 4828 tales
1719 4769 1983 4825 existimo

287 4861 608 4932 inquietare
667 4861 974 4929 nefarium,
1035 4860 1346 4930 prasertim
1407 4874 1537 4914 cum
1595 4860 1652 4914 in
1705 4859 1816 4914 hac
1858 4857 1985 4926 ipsa

287 4947 478 5019 quiete
556 4947 840 5004 neminem
901 4948 1002 5018 qui
1073 4947 1350 5018 evigilare
1423 4946 1725 5016 compellat
1801 4945 1982 5002 alium

288 5036 706 5104 prastolentur,
755 5036 866 5092 nisi
921 5050 1054 5092 eum
1086 5037 1189 5106 qui
1241 5033 1414 5090 faciat
1451 5035 1520 5090 de
1554 5035 1796 5091 mortuis
1832 5033 1986 5090 vivi-

287 5131 524 5181 scentes.

358 5213 520 5268 Dicat
548 5210 796 5282 quisque
843 5211 998 5282 quod
1029 5211 1220 5278 sentit,
1253 5225 1492 5268 securus
1519 5211 1687 5282 plane
1735 5223 1843 5282 ego
1887 5209 1982 5264 in-

289 5300 488 5365 feram,
540 5297 633 5370 (¹⁸)
686 5311 802 5355 non
863 5299 998 5364 Deo,
1044 5313 1160 5355 non
1236 5299 1449 5356 sanctis
1516 5299 1654 5370 ipsis
1716 5311 1981 5368 unquam

288 5387 462 5443 fuisse
493 5387 766 5457 placitum
797 5395 861 5443 ut
899 5401 1100 5443 eorum
1141 5387 1467 5460 cujuspiam
1514 5387 1777 5444 debuerit
1825 5399 1981 5442 rese-

288 5475 408 5532 rari
437 5475 786 5546 sepulcrum,
818 5483 920 5532 aut
956 5475 1148 5532 dirimi
1178 5490 1278 5546 per
1325 5477 1509 5532 frusta
1546 5474 1976 5544 corpusculum.

288 5563 457 5633 Apud
495 5563 734 5634 gentiles
779 5571 1041 5635 respectu
1088 5564 1468 5621 humanitatis
1514 5564 1751 5620 omnino
1791 5561 1978 5632 inopi-

2089 4434 2325 4491 crepare
2372 4419 2618 4484 videtur,
2670 4417 2824 4488 quod
2872 4423 3126 4486 quatuor
3176 4421 3579 4468 coronatorum
3642 4408 3788 4464 festi-

2093 4511 2240 4565 vitas
2269 4509 2376 4564 sub
2406 4507 2654 4562 aliorum
2695 4506 2956 4574 quinque
3002 4509 3320 4570 martyrum
3355 4496 3688 4553 nominibus
3712 4509 3786 4551 ex

2091 4600 2348 4656 Romana
2374 4595 2712 4651 auctoritate
2743 4589 3016 4648 recolitur
3043 4589 3156 4660 (die
3185 4587 3220 4642 8
3246 4583 3570 4654 Novemb).

2163 4682 2270 4749 Qui
2319 4684 2472 4736 certe
2514 4683 2782 4735 sanctum
2830 4677 3140 4740 existimat,
3203 4673 3466 4744 colitque,
3525 4669 3789 4743 quamvis

2094 4770 2234 4825 talis
2258 4786 2373 4824 non
2394 4768 2492 4836 sit,
2516 4769 2784 4838 fructum
2824 4764 3032 4836 recipit
3071 4761 3357 4818 orationis
3383 4759 3538 4832 apud
3582 4759 3783 4812 Deum.

2089 4887 2162 4900 -—
2204 4858 2311 4916 Sed
2357 4859 2430 4913 ad
2482 4858 2602 4914 hac
2657 4857 2893 4912 forsitan
2947 4853 3142 4924 quivis
3196 4865 3326 4921 qua
3386 4857 3582 4904 utrum
3639 4847 3790 4902 Deus

2091 4946 2373 5016 simplices
2403 4959 2664 5016 quosque
2691 4943 2989 5004 exaudiat.
3038 4955 3170 4996 cum
3223 4953 3322 5008 per
3359 4951 3454 4993 eos
3485 4937 3788 4991 invocatur

2091 5048 2238 5105 quos
2265 5047 2387 5089 esse
2433 5041 2660 5088 sanctos
2706 5045 2822 5088 non
2864 5037 3104 5085 constat.
3147 5025 3249 5082 Cui
3301 5023 3784 5095 respondendum,

2089 5122 2230 5193 quia
2278 5121 2426 5178 sicut
2473 5122 2675 5186 Deum,
2732 5119 2835 5190 qui
2877 5132 3032 5184 eum,
3085 5117 3155 5172 de
3212 5129 3328 5186 quo
3387 5121 3471 5168 est
3531 5112 3786 5167 incertus

2089 5205 2366 5277 exposcit,
2398 5205 2617 5276 irritat;
2655 5205 2734 5260 ita
2779 5219 2915 5260 eum
2949 5203 2995 5258 si
3045 5202 3284 5257 ﬁdeliter
3329 5208 3589 5255 sanctum
3620 5197 3783 5253 illum

2089 5295 2345 5356 credens,
2395 5293 2500 5364 qui
2546 5306 2661 5348 non
2704 5299 2789 5348 est
2823 5299 3057 5347 sanctus
3097 5292 3313 5352 exoret,
3368 5286 3574 5356 placat.
3611 5283 3784 5339 Verbi

2091 5384 2298 5456 gratia,
2356 5396 2642 5453 ponamus
2693 5381 2948 5452 aliquem
3003 5379 3104 5449 qui
3157 5375 3578 5444 eleemosynam
3623 5380 3786 5442 putet

2089 5487 2210 5528 esse
2273 5479 2618 5541 peccatum:
2687 5469 2732 5524 si
2792 5481 2930 5538 ergo
2978 5465 3027 5521 is
3063 5466 3308 5522 scienter
3363 5463 3781 5530 eleemosynam

2091 5561 2280 5626 faciat,
2331 5570 2534 5614 revera
2579 5554 2829 5626 profecto
2863 5567 2936 5610 ex
2980 5550 3340 5608 conscientia
3389 5547 3605 5605 intuitu
3647 5561 3782 5617 pec-
