3936 6432
303 368 401 421 631

1195 365 1261 419 ν.
1308 363 1635 421 GUIBERTI
1667 363 1956 419 ABBATIS
1992 366 2049 420 S.
2092 366 2330 421 MARUE
2373 366 2463 422 DE
2505 365 2899 423 NOVIGENTO

3710 370 3828 425 632

288 498 472 555 duum
504 497 564 553 in
598 503 752 553 terra
799 495 1031 563 dimisit,
1073 464 1249 567 'parte
1286 504 1554 565 provecta
1600 496 1672 550 ad
1726 509 1984 565 superos,
2024 498 2073 550 Α
2098 496 2458 563 umbilicum,
2491 512 2594 554 seu
2624 498 2779 568 quod
2820 498 3031 568 legitur
3075 498 3622 568 circumcisumjsibi
3655 513 3825 556 arro-

290 600 423 657 quai
451 585 759 641 necessitas
808 584 915 641 fuit
962 599 1076 640 non
1120 585 1290 655 quasi
1333 584 1571 640 alterius
1612 584 1870 653 corporis
1932 584 1991 638 in

290 675 399 730 hac
452 674 572 729 vita
625 672 1007 743 oppignerare
1056 673 1343 743 mysterio,
1399 687 1531 727 cum
1570 674 1710 728 satis
1756 672 1990 727 omnino

287 769 434 818 esset
482 761 552 816 de
603 759 847 831 propriae
895 762 1088 816 carnis
1142 761 1269 831 ejus
1319 760 1571 831 gaudere
1625 760 1891 815 residuo?
1924 760 1993 815 Et

288 857 441 906 certe
468 851 588 904 sine
654 848 769 905 ullo
816 848 1326 904 intellectualitatis
1379 849 1667 915 acumine,
1700 850 1823 904 sine
1877 849 1994 905 ulla

287 938 645 1007 experientia
709 937 1165 1006 contemplandi,
1206 936 1401 993 carnis
1447 945 1654 991 nostrae
1697 937 1994 1006 adjacebat

285 1026 603 1092 obtutibus,
659 1024 974 1081 Dominicze
1006 1026 1200 1081 carnis
1250 1039 1399 1095 quas
1450 1025 1687 1094 praedixi
1748 1026 1996 1094 particu-

288 1116 374 1170 las
423 1114 654 1181 intueri,
709 1124 765 1168 et
816 1114 1010 1182 digitis
1061 1121 1365 1168 attrectare
1413 1128 1515 1168 nec
1558 1128 1703 1182 opus
1739 1121 1862 1169 erat
1894 1127 1994 1183 per

290 1200 412 1256 vini
456 1200 738 1271 panisque
785 1200 1106 1267 materiam,
1155 1215 1349 1256 rerum
1400 1201 1659 1256 videlicet
1710 1215 1993 1271 apparen-

288 1289 459 1355 tium,
515 1288 664 1353 ﬁdei,
715 1289 887 1358 juxta
938 1290 1297 1359 Apostolum,
1349 1299 1557 1345 nostrae
1610 1290 1993 1346 substantiam

288 1390 556 1433 exercere
607 1376 812 1446 (Hebr.
873 1392 954 1445 xi,
1021 1378 1095 1446 1).
1160 1378 1483 1433 Plurimum
1541 1378 1693 1434 enim
1761 1379 1994 1434 animus

285 1473 608 1532 exercetur,
665 1472 720 1520 et
777 1466 945 1536 quasi
988 1474 1156 1520 extra
1204 1481 1324 1522 suae
1383 1467 1753 1523 habitationis
1808 1479 1993 1522 casura

285 1552 602 1623 egreditur,
651 1567 786 1607 cum
834 1567 907 1607 ex
956 1553 1270 1609 intentione
1304 1554 1615 1609 visibilium
1682 1554 1995 1610 invisibilia

286 1640 572 1710 speculari
622 1640 905 1695 docetur.’
941 1640 1267 1696 Gratiosum
1300 1642 1469 1711 plane
1507 1650 1610 1708 est,
1661 1651 1717 1698 et
1771 1644 1995 1698 cunctis

288 1726 704 1784 desideriorum
745 1729 982 1784 mstibus
1012 1728 1423 1796 aﬁ‘ectandum,
1454 1744 1574 1786 rem
1614 1745 1745 1801 quae
1773 1741 1856 1786 est
1885 1744 1994 1786 ex-

289 1816 527 1872 colenda
556 1816 736 1885 ipsam
775 1816 897 1872 sine
936 1817 1104 1886 typis,
1132 1819 1255 1873 sine
1308 1817 1631 1889 ﬁgurarum
1692 1819 1996 1875 velamini-

290 1905 422 1971 bus,
476 1918 596 1975 prae
639 1904 858 1960 visibus
896 1905 1126 1972 habere,
1177 1906 1379 1963 ardere
1435 1908 1780 1977 praecordiis,
1844 1908 1999 1963 ulnis

290 1992 476 2048 cordis
498 1992 832 2063 astringere.
868 1993 938 2048 Et
968 2007 1102 2048 cum
1134 1994 1315 2049 Deum
1358 2009 1471 2049 non
1524 1995 1697 2051 lateat
1744 2009 1996 2051 amorem

289 2089 491 2131 eorum
522 2091 653 2146 qua:
687 2076 955 2132 videntur
982 2086 1036 2132 et
1082 2079 1346 2133 sensibus
1376 2078 1661 2146 adjacent,
1716 2078 1999 2134 affectuo-

290 2164 412 2219 sius
438 2164 495 2219 in
529 2163 828 2219 hominum
858 2165 1055 2220 sedere
1083 2179 1151 2220 ac
1169 2166 1382 2222 haerere
1399 2166 1639 2235 judicio,
1690 2180 1999 2236 nunquam

293 2254 484 2310 decuit
506 2263 568 2310 ut
596 2255 698 2324 qui
733 2253 791 2308 in
820 2254 947 2324 ejus
977 2267 1200 2322 semper
1232 2268 1536 2322 possumus
1565 2254 1831 2310 delectari
1866 2269 1997 2324 pro-

295 2343 417 2411 prie
449 2343 696 2412 proprio,
731 2341 1148 2411 impenetrabili
1194 2341 1390 2398 multis
1419 2341 1732 2397 subtilitate
1791 2343 1997 2413 fatige-

295 2442 429 2484 mur
457 2429 645 2498 potius
674 2443 852 2499 quam
870 2429 1267 2499 jucundemur
1301 2430 1641 2485 umbratico.

365 2517 510 2573 Cum
538 2530 674 2587 ergo
700 2516 990 2573 sufﬁceret
1021 2516 1312 2572 tantillum
1352 2517 1496 2572 illud
1538 2518 1769 2581 residui,
1812 2520 1857 2575 si
1908 2529 1993 2575 ta-

296 2618 426 2660 men
457 2604 747 2660 tantillum
782 2604 889 2660 dici
917 2611 1116 2673 potest,
1145 2606 1301 2674 quod
1330 2607 1431 2661 toti
1480 2607 1695 2662 mundo
1734 2621 1995 2677 praepon-

296 2692 477 2759 derat,
510 2692 582 2747 ad
613 2693 812 2763 gaudii
866 2693 1209 2748 universalis
1240 2694 1486 2764 ﬁdeique
1532 2704 1804 2762 tenorem,
1856 2696 1996 2766 quid

294 2781 461 2836 Jesus
508 2781 788 2836 Dominus
838 2781 895 2836 in
950 2780 1202 2852 ﬁgurata
1262 2796 1467 2837 rursus
1522 2783 1705 2838 hostia
1764 2799 1996 2840 carnem

296 2881 465 2924 suam
496 2868 836 2924 mortalibus
864 2869 961 2925 dat
1000 2870 1293 2926 obsidem?
1322 2870 1482 2926 Certe
1527 2886 1766 2927 securus
1786 2873 1993 2941 dicam,

298 2956 439 3027 quia
471 2956 687 3013 frustra
728 2957 800 3013 ad
841 2957 930 3013 sui
980 2958 1399 3014 monimentum
1444 2960 1728 3016 vicarium
1782 2961 1997 3018 dimisit

299 3058 528 3115 corpus,
565 3044 668 3115 qui
700 3052 780 3101 tot
802 3045 1150 3115 portionum,
1184 3061 1315 3117 quae
1342 3048 1428 3102 sui
1454 3048 1785 3104 sufﬁcerent
1814 3049 1999 3105 facere

248 3152 259 3161 ε
302 3136 672 3199 mentionem,
705 3134 763 3189 in
797 3141 947 3190 terra
975 3135 1273 3205 reliquerit
1323 3151 1554 3192 munus.
1590 3139 1733 3204 Haec,
1785 3138 1994 3207 inquit,

304 3221 746 3293 quotiescunque
803 3221 1077 3292 feceritis,
1135 3224 1197 3277 in
1250 3222 1364 3277 mei
1387 3223 1725 3279 memoriam
1765 3224 1998 3289 facietis

302 3312 356 3379 (Ι
385 3310 518 3365 Cor.
545 3325 607 3375 ιι,
640 3314 757 3380 25).

369 3398 523 3455 Scire
548 3398 718 3455 velim
748 3413 925 3470 quam
959 3400 1029 3455 de
1058 3414 1119 3456 se
1155 3400 1352 3457 haberi
1382 3402 1713 3459 memoriam
1753 3403 1997 3468 aﬁ‘ectat,

296 3493 353 3543 et
381 3501 489 3543 cur
517 3487 652 3555 alia,
685 3487 902 3558 quibus
932 3487 1117 3559 magis
1154 3488 1301 3543 inter
1336 3503 1471 3545 suos
1517 3490 1857 3555 celebretur,
1905 3492 1997 3548 in-

297 3574 492 3641 ducat,
539 3589 674 3631 cum
722 3590 837 3632 non
885 3576 1011 3632 dico
1062 3583 1142 3631 tot
1190 3590 1259 3631 ac
1300 3584 1474 3632 tantae
1525 3587 1733 3648 partes,
1783 3581 1880 3636 sed
1924 3582 1997 3638 ad

297 3662 474 3717 totius
543 3662 747 3718 mundi
798 3676 1148 3719 concursum
1205 3665 1460 3734 corporis
1523 3666 1668 3737 ejus,
1729 3669 1884 3738 quod
1928 3669 1998 3725 de

296 3756 493 3806 sancto
523 3749 741 3819 Spiritu
790 3750 966 3821 Virgo
1012 3753 1355 3821 conceperit,
1408 3752 1654 3810 minutia
1702 3755 1760 3810 in
1824 3759 1998 3814 atomi

297 3836 536 3893 modum
575 3837 664 3893 vel
694 3852 813 3894 una
840 3838 1109 3896 sufﬁciat.
1144 3839 1388 3897 Videtur
1416 3849 1610 3897 autem
1647 3843 1788 3899 mihi
1829 3845 1997 3915 quasi

299 3924 615 3981 sitdicere:
651 3925 793 3983 Cum
840 3927 984 3982 nihil
1034 3926 1094 3983 in
1145 3936 1299 3984 terra
1342 3928 1605 3997 resideat,
1662 3932 1816 3988 unde
1874 3948 1998 3991 mea

298 4014 453 4084 apud
470 4028 571 4071 vos
593 4015 868 4071 memoria
896 4016 1223 4084 recalescat,
1263 4017 1357 4073 ubi
1389 4018 1541 4074 enim
1569 4020 1712 4075 nihil
1752 4034 1997 4083 sensua-

296 4101 440 4157 litati
507 4107 712 4160 vestrae
758 4112 1009 4174 praestat,
1083 4105 1238 4175 quod
1298 4109 1449 4159 340
1523 4106 2017 4167 intellectualitati.

299 4191 657 4259 praesentiam
699 4206 885 4247 meam
930 4192 1261 4248 iunovando
1289 4193 1578 4261 exhibeat,
1622 4196 1865 4266 dignum
1913 4209 1997 4255 est

298 4285 363 4334 ut
390 4279 499 4334 tale
526 4280 669 4349 quid
698 4281 861 4336 vobis
889 4294 925 4336 a
956 4295 1045 4336 me
1077 4280 1193 4341 ﬁat,
1229 4282 1382 4337 unde
1431 4296 1519 4338 me
1552 4284 1712 4341 vobis
1751 4300 1853 4355 pro
1902 4303 1993 4343 me

296 4367 614 4434 restituam,
672 4375 727 4424 et
773 4368 843 4424 de
899 4369 1007 4424 mei
1066 4369 1221 4438 apud
1284 4384 1384 4425 vos
1448 4373 1749 4441 praesentia
1811 4390 1989 4445 quam

295 4454 532 4509 amastis
557 4463 612 4510 et
653 4455 846 4512 adhuc
880 4457 1231 4522 desideratis,
1263 4458 1406 4514 nihil
1440 4459 1802 4518 imminuam.
1844 4463 1991 4529 Quid

293 4540 453 4597 aliud
479 4542 810 4612 praelibatus
838 4559 1044 4613 sermo,
1079 4546 1125 4601 si
1157 4546 1467 4617 vigilanter
1495 4549 1776 4611 attendas.
1836 4564 1989 4607 reso-

293 4644 435 4687 nare
471 4631 802 4689 videbitur?

361 4718 488 4775 Duo
515 4732 652 4790 ergo
679 4729 851 4777 erunt
876 4735 1119 4792 corpora
1161 4723 1325 4780 nobis
1361 4724 1431 4779 ad
1475 4725 1624 4779 hanc
1657 4725 1990 4781 memoriam

292 4805 695 4863 inculcandam
728 4810 1086 4878 praestituta?
1111 4810 1314 4867 Nonae
1343 4813 1631 4881 apostolis,
1660 4814 1757 4869 sed
1793 4822 1991 4871 contra

250 4956 257 4962 ,
291 4894 476 4950 solum
495 4896 702 4952 Judam
732 4909 929 4967 agens,
964 4898 1254 4968 loquitur:
1297 4903 1582 4972 Pauperes
1629 4918 1862 4973 semper
1886 4904 1987 4958 ha-

291 4980 433 5036 betis
486 4982 793 5051 vobiscum,
835 5002 927 5039 me
982 4990 1177 5041 autem
1228 5004 1343 5043 non
1391 5005 1619 5060 semper
1663 4989 1942 5046 habebitis
1960 4991 1989 5046 ?

293 5069 485 5135 (Joan.
543 5085 642 5136 xu,
688 5071 767 5141 8.)
819 5072 925 5128 Sed
980 5088 1053 5130 ne
1100 5075 1206 5132 hoc
1253 5078 1610 5134 contrarium
1666 5081 1989 5136 aestimetur

292 5157 370 5213 illi
416 5160 737 5228 promisso:
792 5161 920 5232 Ego
980 5166 1173 5218 autem
1213 5164 1501 5221 vobiscum
1545 5184 1673 5222 sum
1726 5169 1988 5224 omnibus

288 5245 486 5301 diebu:
536 5263 712 5317 usque
763 5248 841 5302 ad
890 5253 1437 5309 consummationem
1503 5255 1698 5313 saeculi
1745 5257 1976 5327 (Matth.

288 5349 486 5402 xxvm,
517 5335 629 5403 20),
660 5335 958 5393 sciendum
1004 5342 1198 5409 procul
1234 5343 1412 5399 dubio
1442 5344 1582 5413 quia
1621 5345 1727 5400 hoc
1770 5345 1983 5401 intelli-

288 5423 543 5493 gendum
571 5431 656 5479 est
690 5424 759 5480 de
789 5425 985 5492 tutela,
1020 5427 1078 5483 in
1122 5439 1408 5500 quantum
1456 5433 1605 5489 Deus
1647 5442 1750 5501 est,
1809 5433 1983 5504 spiri-

289 5511 451 5581 tuali,
485 5511 625 5568 illud
660 5513 729 5568 de
769 5516 1072 5584 praesentia
1114 5519 1417 5589 corporali.
1452 5520 1611 5584 Quod
1640 5523 1686 5576 si
1732 5522 1801 5577 de
1834 5536 1981 5592 prae-

284 5601 470 5655 sentia
526 5600 634 5657 hac
691 5602 905 5675 agitur,
964 5605 1213 5674 profecto
1253 5606 1354 5677 qui
1398 5607 1627 5665 dentem
1683 5611 1831 5682 ejus,
1889 5610 1980 5665 vel

2100 593 2216 656 gat,
2277 600 2702 656 usquequaque
2748 588 3043 642 mentitur.
3094 584 3256 653 Quod
3298 586 3451 642 enim
3495 587 3660 655 dicit,
3695 603 3816 655 me,

2100 674 2386 743 quidquid
2420 674 2758 730 humanitus
2781 688 3042 744 unquam
3074 674 3204 740 fuit,
3234 675 3663 744 complectitur.

2169 760 2327 828 Quod
2361 761 2409 817 si
2460 762 2771 832 par.iculas
2823 762 2946 818 illas
2988 762 3147 818 illum
3177 777 3299 819 esse
3332 777 3526 833 negas,
3575 773 3819 834 partem

2104 864 2205 919 pro
2236 858 2366 917 toto,
2413 859 2467 907 et
2524 858 2703 907 totum
2761 865 2864 920 pro
2925 859 3083 921 parte
3137 852 3267 922 poni
3337 866 3498 922 posse
3559 852 3821 909 forsitan

2102 939 2353 1009 ignoras,
2383 940 2788 1009 synecdocliii-ie
2822 954 3023 1009 nempe
3052 955 3166 995 non
3211 940 3397 996 solum
3431 941 3589 1012 loqui
3642 941 3822 997 Scri—

2101 1034 2320 1097 pturas,
2351 1028 2449 1083 sed
2478 1036 2532 1083 et
2562 1029 2711 1097 ipsos
2742 1043 3005 1098 quosque
3050 1028 3372 1084 illitteratos
3423 1036 3478 1085 et
3528 1029 3822 1099 vulgares

2100 1114 2211 1170 hac
2242 1116 2430 1186 ﬁgura
2457 1129 2786 1171 sermonum
2820 1117 2923 1182 uti,
2958 1115 3102 1171 nulli
3135 1130 3247 1171 non
3301 1117 3698 1186 perspicuum.
3756 1116 3817 1173 Si

2099 1204 2252 1258 enim
2285 1204 2383 1259 tibi
2406 1218 2544 1259 casu
2574 1204 2830 1274 quolibet
2863 1204 3080 1273 pedem,
3114 1218 3351 1259 manum
3396 1204 3480 1259 vel
3527 1205 3815 1261 ultimum

2101 1304 2358 1361 unguem
2392 1298 2620 1354 atteras,
2666 1298 2721 1347 et
2753 1291 3121 1361 interrogeris
3150 1291 3291 1360 quid
3334 1290 3564 1357 habeas,
3608 1306 3815 1347 nonne

2103 1377 2253 1434 illico
2286 1378 2461 1434 infers
2492 1395 2504 1432 :
2540 1379 2678 1434 Lausi
2715 1393 2824 1445 me,
2849 1378 3093 1448 inquis?
3126 1378 3392 1448 thuota
3421 1392 3552 1448 pars
3583 1378 3813 1449 unguis

2101 1466 2173 1521 ad
2198 1466 2417 1521 totum?
2450 1465 2503 1522 Si
2536 1474 2589 1521 te
2613 1466 2812 1522 laesum
2846 1480 2960 1521 non
2993 1464 3256 1521 difﬁteris
3287 1480 3419 1521 cum
3450 1466 3811 1535 perminima

2102 1555 2186 1611 tui
2233 1554 2514 1624 particula
2570 1554 2851 1625 quatitur,
2901 1554 3041 1609 illud
3097 1570 3189 1607 me
3238 1554 3393 1623 quod
3446 1568 3673 1624 semper
3729 1556 3812 1610 ab

2103 1643 2240 1712 ipsis
2272 1643 2467 1698 haberi
2492 1657 2604 1697 non
2634 1657 2791 1712 posse
2843 1642 3053 1697 fatetur
3090 1642 3213 1711 pari
3261 1656 3434 1697 sensu
3487 1643 3809 1698 tenebitur.

2035 1767 2077 1821 Β
2106 1731 2158 1787 Si
2188 1730 2419 1797 amicos,
2453 1730 2781 1786 animarum
2822 1740 3150 1785 nostrarum
3204 1729 3528 1795 dimidium,
3559 1738 3615 1786 et
3664 1744 3810 1800 pro-

2108 1820 2356 1890 pinquos
2386 1819 2710 1889 sanguinis,
2738 1832 2970 1874 carnem
3023 1825 3278 1873 nostram
3318 1818 3610 1887 appellare
3655 1818 3810 1873 sole-

2108 1921 2257 1975 mus,
2314 1921 2446 1963 cum
2499 1907 2716 1977 singuli
2757 1907 3002 1963 dicimus
3053 1922 3164 1974 me,
3216 1906 3357 1976 quid
3407 1906 3564 1962 aliud
3617 1920 3810 1976 quam

2108 2003 2288 2051 totum
2329 1994 2483 2065 quod
2517 2003 2601 2049 est
2653 1996 2710 2050 in
2759 1994 2922 2050 nobis
2951 2001 3006 2050 et
3054 2007 3126 2049 ex
3172 1994 3335 2049 nobis
3373 1994 3809 2063 exprimimus?

2105 2081 2271 2139 Certe
2297 2082 2343 2138 si
2372 2083 2716 2153 sanguinem
2749 2083 3000 2148 minuas,
3040 2082 3316 2152 capillum
3345 2083 3599 2149 tondeas,
3645 2097 3811 2139 rese-

2107 2185 2198 2226 ces
2224 2184 2502 2240 unguem,
2534 2178 2589 2225 et
2611 2170 2881 2241 rogitaret
2911 2171 3042 2240 quis
3080 2170 3250 2240 cujus
3291 2178 3478 2226 essent
3510 2170 3653 2239 haec,
3701 2178 3810 2226 aut

2110 2265 2209 2314 tua
2235 2272 2376 2325 esse,
2406 2265 2508 2312 aut
2549 2258 2618 2313 de
2652 2267 2701 2313 te
2749 2258 3138 2328 responderes.
3182 2258 3238 2314 Si
3278 2258 3348 2314 de
3386 2272 3524 2329 agro
3562 2265 3667 2315 aut
3702 2273 3809 2314 co—

2107 2348 2191 2401 rio
2219 2347 2379 2402 ﬁeret
2406 2345 2786 2413 subcisivum,
2821 2361 2934 2402 nou
2959 2346 3081 2401 ideo
3113 2361 3228 2402 non
3258 2361 3378 2402 esse
3407 2346 3477 2402 de
3507 2360 3648 2417 agro
3700 2354 3807 2403 aut

2107 2435 2258 2490 corio
2290 2434 2445 2505 quod
2465 2435 2723 2490 excisum
2758 2435 2953 2504 fuerit,
2980 2435 3091 2491 nisi
3118 2435 3360 2491 insanus
3389 2444 3618 2491 asseret.

2178 2522 2204 2593 ἓ
2237 2524 2306 2579 II.
2336 2524 2497 2589 Quod
2538 2523 2603 2578 in
2645 2523 2970 2594 sumptione
3022 2522 3279 2594 corporis
3316 2522 3538 2578 Christi
3577 2521 3807 2593 efﬁciat

2105 2613 2439 2667 meritorum
2465 2612 2850 2683 inequalitas.
2878 2642 2947 2652 —
2976 2613 3125 2667 Audi
3152 2613 3345 2667 adhuc
3374 2620 3688 2682 antequam
3729 2613 3803 2667 ad

2105 2704 2350 2759 arctiora
2377 2710 2577 2758 contra
2609 2711 2659 2758 te
2683 2702 3140 2771 progrediamur,
3173 2702 3330 2771 quod
3375 2709 3592 2771 partem
3639 2708 3805 2757 tuam

2105 2798 2348 2861 premat,
2392 2791 2465 2846 ab
2493 2805 2557 2846 eo
2601 2790 2722 2859 ipso
2750 2790 2984 2845 Domino
3014 2790 3151 2845 alibi
3184 2790 3397 2845 dicitur
3435 2806 3447 2844 :
3491 2789 3597 2856 Qui
3634 2805 3802 2844 man-

2106 2880 2282 2936 ducat
2321 2894 2415 2934 me
2441 2878 2574 2932 vivit
2601 2880 2840 2949 prapter
2867 2895 2959 2931 me
2983 2878 3177 2948 (Joan.
3202 2894 3257 2941 v,
3306 2880 3414 2943 58).
3447 2878 3611 2941 Ecce,
3652 2877 3804 2934 sicut

2105 2968 2371 3038 superius
2399 2967 2654 3021 diximus
2678 2981 2690 3020 :
2718 2969 2835 3037 Ego
2868 2964 3151 3020 vobiscum
3179 2982 3307 3020 sum
3341 2966 3576 3034 (Matth.
3600 2979 3799 3034 xxvui,

2038 3036 2078 3092 (ἶ
2108 3036 2215 3127 '20j.
2250 3058 2321 3111 Et
2352 3072 2365 3109 :
2400 3057 2495 3109 Me
2521 3071 2634 3109 non
2670 3036 2897 3126 semper
2933 3054 3211 3109 habebitis
3252 3059 3439 3125 (Joan.
3475 3070 3553 3122 x1,
3586 3054 3659 3124 8),
3706 3054 3803 3110 (li-

2108 3159 2270 3201 versa
2309 3157 2534 3209 sonare,
2570 3144 2647 3199 ita
2695 3148 2944 3213 primum
2990 3143 3129 3199 illud
3172 3159 3261 3196 me
3301 3143 3459 3198 aliud
3514 3142 3802 3213 signiﬁcat

2108 3247 2284 3303 quam
2340 3232 2680 3288 secundum.
2745 3232 2843 3287 Est
2909 3233 3062 3287 enim
3109 3232 3342 3287 dicere:
3393 3230 3501 3297 Qui
3545 3230 3802 3286 exterius

2108 3335 2321 3386 meum,
2353 3334 2586 3376 carnem
2631 3319 2889 3375 videlicet
2931 3328 2985 3375 et
3043 3320 3407 3389 sanguinem,
3465 3319 3797 3386 manducat,

2110 3409 2252 3466 vivit
2274 3424 2345 3465 ex
2372 3423 2436 3463 eo
2486 3408 2607 3478 ipso
2661 3408 2814 3478 quod
2855 3408 3181 3463 interiorem
3241 3408 3530 3465 hominem
3575 3406 3799 3462 illumi-

2108 3496 2300 3553 nando
2333 3496 2604 3552 viviﬁcat.
2637 3496 2779 3552 Cum
2811 3510 2947 3566 ergo
2990 3495 3112 3551 ﬁeri
3164 3511 3277 3551 non
3308 3496 3483 3566 possit
3525 3495 3595 3549 ad
3644 3494 3799 3550 litte-

2105 3598 2250 3649 ram,
2281 3589 2342 3638 ut
2361 3590 2513 3639 totus
2534 3582 2607 3637 ab
2628 3582 2825 3652 aliquo
2850 3582 3252 3650 manducetur,
3279 3582 3384 3638 nisi
3408 3596 3539 3652 pars
3563 3596 3661 3652 pro
3680 3589 3795 3637 toto

2107 3671 2440 3741 accipiatur,
2464 3670 2784 3726 secundum
2817 3671 3145 3727 interiorem
3174 3685 3408 3728 sensum
3431 3670 3799 3727 indifﬁculter

2108 3760 2163 3816 id
2194 3760 2406 3830 agitur,
2441 3758 2754 3828 praesertim
2785 3774 2919 3815 cum
2957 3760 3092 3815 ﬁdes
3112 3760 3370 3829 corporis
3400 3760 3479 3815 ita
3519 3760 3801 3817 habeatur

2108 3856 2172 3905 ut
2203 3848 2356 3918 quod
2391 3847 2716 3903 minutatim
2760 3850 3094 3920 porrigitur,
3150 3858 3330 3905 totum
3368 3850 3426 3906 in
3475 3851 3567 3907 sui
3611 3849 3799 3906 minu-

2107 3936 2200 3992 tiis
2232 3941 2511 3991 teneatur.
2542 3933 2698 3990 Sicut
2723 3936 2877 3990 enim
2910 3936 2979 3990 de
3010 3951 3224 3992 manna
3266 3936 3320 3991 in
3354 3938 3554 3993 Exodo
3590 3938 3801 4009 legitur

2106 4022 2281 4093 quia:
2316 4020 2421 4088 Qui
2437 4021 2570 4093 plus
2599 4022 2925 4095 collegerat.
2957 4023 3334 4095 nonamptius
3361 4025 3592 4089 habuit;
3625 4027 3682 4079 et
3699 4025 3800 4097 qui

2103 4110 2296 4166 minus
2329 4114 2662 4181 paraverat,
2705 4110 2856 4165 nihil
2883 4112 3075 4165 minus
3125 4112 3332 4183 (Exod.
3368 4127 3488 4179 xvr,
3525 4114 3635 4180 18);
3700 4113 3796 4167 sed

2103 4199 2315 4268 cuique
2347 4205 2521 4268 prout
2548 4198 2714 4255 edere
2743 4207 2964 4268 poterat
2992 4207 3075 4254 est
3107 4200 3451 4268 impensum,
3478 4201 3553 4254 ita
3589 4200 3795 4269 hujus-

2105 4287 2255 4344 modi
2278 4293 2725 4352 sacramentum,
2760 4294 2929 4356 prout
2970 4288 3029 4341 in
3081 4302 3317 4357 quoque
3357 4302 3477 4342 sese
3514 4288 3665 4357 capit
3699 4287 3793 4342 in-

2032 4356 2075 4411 D
2106 4376 2380 4441 tellectus,
2411 4382 2512 4430 aut
2539 4374 2841 4441 minuitur,
2875 4382 2975 4430 aut
3001 4356 3274 4431 excrescit
3308 4389 3320 4428 :
3354 4375 3655 4442 minuitur,
3704 4390 3794 4431 se-

2100 4464 2356 4520 cundum
2407 4464 2647 4532 propriae
2701 4463 3087 4520 obscuriorem
3146 4464 3583 4534 intelligentiam
3642 4463 3787 4532 ﬁdei,

2100 4553 2199 4610 ubi
2234 4561 2421 4608 tamen
2454 4552 2642 4607 minor
2670 4567 2783 4609 non
2813 4561 2898 4607 est
2923 4552 3141 4607 utilitas
3175 4552 3550 4621 sacramenti;
3596 4567 3785 4608 excre-

2099 4639 2203 4695 scit
2249 4647 2461 4704 autem,
2524 4638 2844 4695 secundum
2892 4639 3264 4708 capacitatem
3315 4639 3496 4693 ﬁdelis
3556 4639 3784 4709 ingenii,

2096 4728 2159 4784 in
2189 4742 2306 4798 quo
2338 4728 2533 4783 eadem
2579 4742 2709 4796 quae
2750 4726 2805 4781 in
2848 4725 3202 4796 simplicibus
3251 4735 3441 4783 manet
3496 4728 3787 4797 aequalitas

2097 4816 2169 4871 ad
2206 4815 2448 4871 salutem
2472 4814 2619 4870 sacri
2648 4814 2780 4881 cibi,
2817 4815 3107 4879 omnibus,
3144 4816 3309 4883 juxta
3364 4816 3587 4884 pietatis
3616 4829 3649 4869 a
3677 4816 3784 4871 Deo

2099 4903 2333 4958 incultae
2375 4917 2725 4969 mensuram,
2774 4903 2833 4958 in
2879 4902 3041 4957 nullo
3079 4903 3287 4958 clauda
3320 4911 3407 4959 est
3452 4902 3784 4959 sufﬁcientia

2097 4992 2241 5048 tanti
2271 4991 2427 5046 doni.

2166 5081 2229 5134 In
2260 5078 2416 5135 omni
2446 5085 2637 5135 autem
2666 5078 2950 5135 materiali
2980 5092 3041 5135 re
3070 5079 3364 5149 majoritas
3401 5087 3457 5135 et
3495 5079 3780 5136 minoritas

2093 5168 2220 5225 ideo
2248 5181 2369 5223 esse
2405 5167 2783 5238 dignoscitur,
2817 5168 2970 5238 quod
3027 5182 3397 5238 quorumque
3437 5169 3494 5224 in
3542 5168 3779 5237 quibus-

2093 5271 2208 5328 que
2236 5256 2461 5312 naturis
2485 5255 2838 5326 quantitates
2857 5270 3161 5325 corporum
3198 5271 3282 5326 aeq
3295 5271 3397 5312 uas
3434 5255 3777 5326 magnitudi-

2092 5360 2194 5401 nes
2240 5345 2449 5401 habere
2493 5358 2607 5400 non
2654 5345 2890 5414 possint,
2930 5353 2985 5399 et
3029 5345 3185 5413 quod
3230 5345 3288 5401 in
3335 5345 3619 5414 majorum
3672 5358 3777 5398 mo-

2092 5433 2233 5489 lium
2278 5433 2498 5489 enormi
2548 5432 2930 5488 crassitudine
2978 5433 3328 5498 continetur,
3392 5433 3445 5488 in
3496 5432 3773 5489 minorum

2093 5521 2371 5579 tenuitate
2394 5520 2736 5590 neutiquam
2783 5520 3066 5590 capiatur.
3105 5522 3172 5576 In
3227 5520 3404 5591 hujus
3436 5534 3571 5576 vero
3616 5520 3774 5575 sacri-

2092 5607 2206 5664 ﬁcii
2232 5607 2469 5678 mystico
2499 5615 2783 5678 apparatu
2828 5609 2996 5680 longe
3039 5608 3203 5665 aliter
3241 5623 3299 5664 se
3342 5608 3546 5664 modus
3592 5608 3766 5678 habet,
