3936 6414
95 402 224 455 633

1201 398 1293 454 DE
1332 395 1753 453 PIGNORIBUS
1793 393 2240 452 SANCTORUM.
2269 424 2329 434 -
2366 395 2499 451 LIB.
2543 396 2612 450 Il.

3543 397 3648 453 634

96 536 444 607 ρι’ωδθτῑίω
485 550 620 593 cum
657 535 717 591 in
761 534 859 590 illa
907 532 1320 603 dispertitione,
1376 531 1505 588 licet
1544 545 1660 586 non
1704 530 1819 587 dis-
1857 531 1905 584 Α
1931 536 2153 585 nostros
2179 542 2325 586 usis
2353 528 2656 599 praebitum
2703 529 3030 595 induceret;
3079 537 3134 586 et
3175 530 3348 601 juxta
3378 530 3534 601 quod
3584 530 3645 586 in

94 624 329 682 similis
358 624 493 681 aliis
513 623 941 695 quantitatibus
965 620 1273 691 disparitas
1292 620 1595 684 habeatur,
1625 634 1833 675 secun-

95 714 262 770 dum
295 720 492 769 tamen
524 711 811 768 interioris
841 710 992 767 oculi
1026 722 1288 778 pensum,
1332 723 1448 764 non
1489 708 1620 779 plus
1663 707 1833 764 refert

97 802 191 857 ab
225 800 398 857 altari
436 800 540 871 qui
574 808 754 856 totum
807 798 1094 869 quidquid
1139 797 1444 853 conficitur
1471 796 1606 852 inihi
1655 797 1833 852 sumit

99 902 305 961 quam
372 890 475 959 qui
533 886 964 959 portiunculam
1018 885 1253 941 omnino
1300 882 1721 955 perminimam.
1774 883 1831 940 Si

94 975 277 1033 enim
334 975 545 1032 multos
597 976 656 1032 in
711 989 814 1030 ara
865 987 1151 1044 proponas
1200 986 1394 1043 panes,
1458 983 1625 1042 putas
1673 971 1830 1043 quod

98 1063 342 1135 singuli
370 1063 447 1120 illi
493 1062 727 1135 singula
764 1062 1059 1118 Dominica
1086 1074 1330 1130 corpora
1361 1060 1597 1127 faciant,
1626 1068 1682 1116 et
1713 1074 1830 1115 non

96 1150 312 1221 magis
353 1150 738 1207 numerositas
783 1156 1242 1220 quantacunque
1286 1148 1459 1204 fuerit
1510 1148 1828 1204 hostiarum

100 1239 189 1295 ad
247 1252 430 1297 unam
473 1238 714 1295 internae
778 1237 1272 1307 contemplationis
1336 1236 1636 1307 redigatur
1698 1236 1827 1291 effi-

99 1326 277 1397 giem
291 1325 321 1381 ‘I

187 1415 391 1469 Panes
415 1414 519 1486 qui
565 1414 629 1470 in
669 1412 878 1486 pyxide
899 1412 1081 1468 inscio
1115 1412 1413 1468 sacerdote
1438 1427 1619 1484 super
1647 1411 1831 1467 altari

96 1506 550 1572 remanserunt,
568 1519 684 1558 non
707 1518 830 1557 esse
855 1504 1134 1564 sacratos,
1167 1500 1313 1573 quia
1341 1500 1657 1572 requiritur
1684 1499 1828 1569 ofe-

98 1590 308 1645 rentis
346 1589 607 1646 intentio.
658 1622 721 1631 —
763 1592 827 1648 In
869 1605 985 1661 quo
1014 1590 1186 1647 etiam
1219 1589 1357 1646 illud
1408 1590 1824 1655 adnotandum,

100 1680 253 1736 licet
286 1679 573 1750 proposito
604 1680 797 1736 minus
818 1679 1142 1745 conveniat,
1179 1678 1320 1748 quia
1363 1678 1591 1748 aliquos
1630 1677 1688 1732 in
1722 1677 1829 1731 hoc

97 1769 242 1840 ipso
289 1782 511 1825 errasse
554 1768 820 1840 cognovi,
868 1768 1024 1839 quod
1074 1768 1552 1823 sacramentarios
1577 1766 1701 1821 illos
1729 1779 1825 1835 pa-

95 1871 216 1914 nes
251 1871 429 1927 super
461 1870 644 1922 oram,
694 1856 836 1913 dum
874 1855 1154 1912 solemnia
1191 1863 1473 1926 aguntur,
1508 1855 1565 1910 in
1618 1854 1827 1924 pyxide

95 1946 276 2018 quis,
339 1946 641 2018 ignorante
697 1945 1008 2013 sacerdote,
1069 1944 1368 2012 dimiserit,
1428 1952 1484 2000 et
1525 1942 1723 1998 divina
1768 1956 1827 1998 re

95 2042 327 2092 exacta
366 2034 706 2092 remansisse
757 2033 1119 2103 compererit.
1180 2033 1360 2089 Casus
1416 2032 1509 2088 ille
1565 2032 1636 2088 ad
1690 2031 1828 2087 cleri

94 2123 429 2195 judicium,
462 2122 564 2193 qui
616 2122 700 2178 illi
736 2121 1003 2178 Ecclesiae
1042 2120 1345 2189 serviebat,
1386 2121 1628 2185 delatus,
1672 2117 1828 2175 hunc

102 2212 331 2269 habuit
356 2224 617 2267 censura
664 2210 856 2278 tinem,
906 2209 1063 2279 quod
1094 2208 1356 2265 videlicet
1386 2208 1673 2279 quidquid
1703 2216 1829 2263 erat

100 2301 166 2357 in
219 2300 462 2370 pyxide,
516 2314 647 2370 qua:
693 2311 868 2368 super
914 2311 1097 2364 aram,
1129 2297 1267 2353 dum
1305 2298 1503 2353 ﬁerent
1531 2310 1714 2361 sacra,
1747 2310 1831 2352 re-

100 2388 372 2454 sederat,
410 2401 513 2457 pro
538 2386 794 2445 confecto
822 2394 1182 2442 sacramento
1211 2386 1543 2453 haberetur,
1584 2393 1638 2441 et
1666 2400 1827 2441 com—

101 2477 512 2535 municaturis
540 2490 641 2546 pro
669 2474 1020 2532 eucharistia
1048 2474 1421 2545 praeberetur.
1447 2473 1606 2541 Quod
1628 2474 1829 2530 absur-

100 2566 358 2623 dissime
401 2565 634 2632 factum,
689 2565 862 2620 hebes
907 2572 991 2619 est
1050 2563 1152 2633 qui
1204 2561 1453 2618 dubitat.
1506 2562 1629 2629 Quo
1672 2561 1825 2617 enim

100 2649 344 2707 orantis
400 2650 660 2715 intentio,
706 2648 820 2704 imo
868 2648 1144 2702 memoria
1186 2654 1289 2703 aut
1338 2645 1539 2701 notitia
1591 2646 1825 2717 quidem

102 2738 281 2795 nulla
318 2737 656 2808 porrigitur,
693 2749 815 2807 qua
852 2736 1073 2792 ratione
1104 2735 1320 2790 sacrari
1352 2749 1510 2804 posse
1537 2735 1827 2789 creditur?

175 2824 358 2882 Certe
400 2825 446 2881 si
488 2824 595 2894 ipsi
634 2824 799 2894 pallze
842 2822 1120 2893 corporali
1150 2822 1442 2878 sacerdote
1489 2822 1663 2877 inscio
1682 2821 1827 2877 sub—

96 2914 416 2982 jiceretur,
464 2920 566 2970 aut
609 2913 669 2969 in
717 2912 928 2982 quavis
972 2920 1131 2982 parte
1170 2911 1363 2967 calicis
1402 2917 1587 2981 gutta,
1619 2919 1828 2981 praeter

105 3002 161 3057 id
216 3003 387 3074 quod
436 3002 508 3058 ab
556 3000 679 3072 ipso
729 3000 1082 3071 propositum
1136 3008 1238 3061 est,
1295 3005 1435 3054 an
1496 3000 1827 3069 pependisse

104 3094 239 3157 post
285 3094 562 3143 exactum
612 3084 952 3155 mysterium
1008 3083 1323 3152 videretur,
1379 3084 1522 3139 nihil
1574 3084 1825 3154 profecto
1858 3084 1899 3140 C

103 3175 258 3232 inibi
327 3175 401 3230 ad
456 3181 883 3231 sacramentum
936 3171 1285 3243 pertinensa
1330 3172 1581 3242 sapiente
1628 3172 1824 3242 aliquo

102 3265 455 3322 sentiretur.
487 3262 578 3321 Nil
609 3262 763 3319 enim
791 3260 866 3319 ibi
899 3261 979 3329 ﬁt,
1021 3261 1133 3317 nisi
1161 3261 1217 3316 in
1247 3276 1314 3318 eo
1344 3262 1501 3332 quod
1534 3261 1676 3317 lines
1713 3276 1822 3316 ex-

106 3351 467 3423 postulantis
504 3351 757 3423 attingit,
802 3364 908 3406 nec
937 3350 1235 3420 quidpiam
1280 3350 1433 3420 quod
1465 3363 1695 3406 sacrum
1726 3349 1825 3406 ﬁat

105 3440 358 3497 aliunde
385 3439 769 3506 contrahitur,
798 3436 916 3494 nisi
942 3438 998 3494 id
1028 3437 1214 3493 solum
1245 3437 1341 3493 cui
1367 3438 1608 3495 verbum
1634 3437 1824 3493 Domi-

108 3530 344 3598 nicum,
417 3528 576 3600 quod
643 3527 1002 3584 solummodo
1084 3534 1511 3583 sacramentum
1575 3526 1821 3595 coniicit,

107 3624 444 3687 coaptatur.
499 3614 661 3682 Quod
719 3613 853 3670 facit
908 3612 1152 3670 infidelis
1220 3622 1323 3669 aut
1374 3613 1826 3670 catechumenus

108 3711 240 3775 post
269 3702 658 3776 Evangelium
688 3702 747 3757 in
789 3700 1046 3769 ecclesia,
1082 3702 1190 3756 hoc
1235 3700 1370 3757 facit
1412 3702 1577 3771 panis
1620 3702 1826 3772 impro—

106 3792 246 3848 vide
290 3792 607 3863 appositus,
650 3798 751 3846 aut
803 3790 861 3845 in
904 3790 1103 3860 aliqua
1153 3798 1311 3859 parte
1353 3788 1547 3846 calicis
1591 3790 1825 3847 fortuito

108 3880 269 3936 stilla
296 3880 631 3950 dependens
650 3878 798 3936 inter
817 3892 1003 3935 sacra.

181 3969 293 4036 Qui
322 3968 762 4026 Eucharistiam
791 3967 983 4035 sumit,
1034 3968 1214 4022 totum
1255 3968 1568 4035 Christum,
1608 3968 1710 4023 hoc
1740 3970 1827 4023 est

110 4056 408 4113 hominem
426 4061 483 4113 et
504 4061 699 4124 Deum,
721 4056 1055 4112 manducat.
1082 4087 1147 4096 —
1174 4056 1279 4112 Sed
1305 4057 1372 4113 iis
1392 4057 1640 4124 semotis,
1665 4057 1737 4113 ad
1758 4071 1826 4114 ea

109 4159 250 4216 quae
306 4161 594 4217 cmperam
637 4145 1018 4202 redeundum.
1080 4145 1191 4212 Qui
1239 4145 1449 4215 inquit,
1509 4146 1826 4201 manducat

110 4248 226 4301 me,
256 4234 423 4303 vivit,
443 4236 679 4307 propter
703 4250 796 4289 me
821 4233 1019 4303 (Joan.
1045 4249 1119 4302 vr,
1144 4234 1252 4305 58).
1285 4236 1342 4291 Si
1375 4249 1512 4306 ergo
1533 4236 1824 4292 Christum

113 4320 196 4378 ita
226 4324 569 4380 manducari
601 4323 907 4394 intelligas,
942 4329 1005 4379 ut
1036 4322 1095 4378 in
1126 4322 1535 4380 distributione
1582 4325 1679 4380 illa
1726 4338 1826 4395 per

114 4411 400 4480 membra,
433 4412 944 4481 membrorumque
973 4421 1269 4482 segmenta
1297 4412 1356 4467 in
1379 4427 1480 4467 ora
1511 4413 1825 4483 suscipien-

118 4499 263 4555 tinm
322 4500 524 4557 cedere
565 4501 787 4568 credas,
838 4501 994 4557 verbi
1038 4501 1247 4571 gratia,
1306 4508 1368 4557 ut
1419 4500 1523 4557 iste
1552 4502 1820 4573 digitum,

117 4586 212 4643 ille
240 4588 409 4660 digiti
443 4598 658 4658 partem
693 4589 988 4660 percipiat,
1035 4589 1233 4658 sicque
1265 4603 1365 4659 per
1394 4590 1653 4661 singulas
1686 4605 1820 4661 par-

117 4681 200 4730 tes
233 4678 512 4747 corporis,
545 4686 600 4734 et
643 4678 773 4733 item
817 4676 1070 4748 partium
1115 4676 1301 4734 frusta
1344 4681 1633 4750 procedat,
1686 4694 1823 4749 pro-

115 4761 262 4821 fecto
324 4766 463 4822 huic
518 4766 712 4821 sensui
768 4766 1007 4822 verbum
1078 4766 1286 4823 Christi
1344 4782 1458 4824 non
1524 4775 1819 4825 consonat.

115 4849 279 4917 Quod
308 4868 448 4925 ergo
491 4854 647 4917 dicit.
682 4871 793 4921 me,
825 4854 1259 4911 universitatem
1303 4857 1655 4923 substantiae,
1690 4872 1822 4927 qua

114 4944 258 4997 tunc
303 4951 452 5010 erat,
498 4943 806 5014 signiﬁcat,
854 4944 967 4999 imo
1008 4943 1064 4999 id
1115 4944 1271 5015 quod
1310 4958 1383 5000 ex
1422 4953 1672 5017 utraque
1710 4959 1821 5002 na-

115 5033 250 5083 tura
274 5038 421 5087 erat.
450 5033 532 5087 Ac
559 5032 606 5087 si
636 5032 883 5088 diceret:
917 5031 1026 5099 Qui
1075 5033 1387 5089 manducat
1424 5048 1512 5090 me
1544 5035 1599 5089 in
1631 5048 1819 5105 quan-

115 5120 239 5171 tum
299 5118 471 5177 homo
526 5134 678 5185 sum,
739 5121 881 5177 vivit
956 5131 1188 5191 propter
1254 5136 1342 5177 me
1414 5122 1474 5178 in
1530 5131 1818 5202 quantum

118 5203 268 5261 Deus
312 5222 462 5265 sum.
498 5208 662 5266 Cum‘
685 5211 839 5265 enim
883 5210 956 5265 sit
988 5211 1140 5266 Dens
1179 5209 1237 5266 in
1281 5210 1512 5267 duabus
1550 5225 1624 5267 ex
1672 5212 1815 5269 dua-

116 5289 342 5364 busque
365 5296 611 5363 naturis,
641 5312 714 5354 ex
757 5298 935 5355 altera
972 5306 1235 5355 nostrum
1277 5300 1516 5355 mortale
1544 5300 1816 5369 viviﬁcat,

115 5392 188 5435 ex
231 5383 414 5441 altera
457 5394 720 5441 nostrum
769 5388 941 5443 vitale
993 5387 1292 5443 clarificat.
1342 5388 1489 5443 Hinc
1534 5397 1619 5444 est
1661 5389 1817 5459 quod

117 5482 335 5540 corpus.
374 5484 429 5531 et
470 5474 835 5545 sanguinem.
877 5477 1151 5546 quodque
1198 5476 1572 5547 singulariter
1622 5478 1814 5546 tradit,

117 5563 179 5612 ut
237 5563 394 5630 quod
451 5563 709 5633 corporis
765 5567 941 5621 nostri
1002 5564 1314 5620 humilitati
1360 5565 1681 5621 eximendae
1742 5566 1815 5623 ab

116 5646 389 5704 aerumnis
439 5646 812 5706 naturalibus
838 5649 1141 5717 attinebat,
1182 5663 1283 5720 per
1312 5662 1487 5707 suum
1517 5663 1728 5719 corpus
1756 5651 1815 5706 in

1942 620 2193 676 Levitico
2224 624 2435 691 legitur
2466 635 2480 673 :
2513 617 2727 673 Anima
2753 618 2908 673 enim
2937 617 3124 673 omnis
3177 618 3375 673 carnis
3420 618 3482 673 in
3503 635 3645 673 san-

1936 709 2112 780 guine
2139 715 2226 767 est
2250 709 2451 780 (Levit.
2482 724 2621 776 xvu,
2656 709 2767 778 14),
2798 722 2898 778 per
2940 708 3282 777 sanguinem
3317 722 3491 764 suum
3523 707 3647 762 ani-

1943 812 2168 856 marum
2202 809 2531 856 nostrarum
2566 799 2792 853 interna
2823 798 3112 852 lustraret.

2012 888 2171 955 Quod
2227 890 2353 945 luce
2391 888 2717 944 evidentius
2746 886 3010 952 ostendit,
3044 886 3182 942 dum
3232 886 3300 941 ad
3335 885 3648 941 exhibitio-

1941 991 2071 1032 nem
2102 980 2358 1047 corporis
2403 977 2484 1032 nil
2514 976 2673 1030 aliud
2711 975 2903 1040 infert,
2932 976 3039 1031 nisi
3071 990 3083 1029 :
3141 975 3273 1030 Hoc
3314 977 3399 1028 est
3441 990 3649 1045 corpus

1937 1080 2128 1120 meum
2156 1066 2306 1138 quod
2332 1081 2440 1137 pro
2476 1063 2631 1119 vobis
2662 1062 2925 1118 tradetur
2966 1064 3025 1130 (Ι
3068 1065 3201 1117 Cor.
3232 1078 3309 1129 xl,
3343 1063 3457 1129 24).
3486 1062 3647 1128 Quod

1940 1160 2129 1209 tamen
2184 1163 2239 1210 et
2298 1155 2485 1224 ipsum
2534 1153 2934 1208 addimentuin
2985 1151 3224 1222 apostoli
3298 1150 3462 1206 Pauli
3531 1157 3637 1205 est.

1937 1242 2025 1298 Ad
2073 1243 2420 1314 sanguinem
2456 1249 2670 1307 autem,
2713 1249 2871 1295 tanto
2920 1239 3113 1295 laxius
3158 1247 3384 1301 tractat.
3424 1246 3647 1309 quanto

1937 1331 2191 1387 animam
2220 1346 2458 1401 corpore
2497 1329 2887 1399 pretiosiorem
2933 1328 3245 1383 existimat.
3291 1328 3462 1383 Hunc
3487 1327 3646 1383 enim

1937 1428 1992 1475 et
2022 1434 2121 1488 pro
2148 1420 2230 1476 eis
2259 1420 2476 1490 quibus
2511 1418 2876 1487 loquebatur,
2902 1425 2956 1471 et
2976 1432 3080 1487 pro
3111 1415 3313 1470 multis
3340 1414 3645 1471 effunden-

1938 1507 2078 1564 dum
2127 1508 2387 1578 perhibet
2431 1507 2497 1563 in
2546 1504 2943 1560 remissionem
2999 1513 3364 1575 peccatorum
3412 1503 3643 1569 (Matth.

1938 1611 2093 1660 xxvn,
2138 1598 2248 1667 28).
2299 1596 2351 1651 Si
2401 1610 2537 1666 ergo
2580 1594 2822 1664 sanguis
2858 1593 2930 1648 ad
2976 1593 3281 1647 diluendas
3319 1606 3355 1647 a
3403 1592 3648 1661 peccatis

1937 1684 2164 1740 animas
2228 1685 2561 1754 exponitur,
2647 1682 2899 1751 profecto
2986 1689 3243 1749 patenter
3304 1678 3644 1745 ostenditur,

1866 1810 1907 1866 Β
1938 1772 2168 1829 nullum
2195 1773 2504 1828 animabus
2525 1772 2706 1827 inesse
2728 1777 3045 1839 peccatum,
3069 1769 3174 1823 nisi
3201 1769 3356 1839 quod
3391 1769 3648 1837 ipsarum

1939 1861 2269 1917 animarum
2327 1862 2589 1932 appetitu
2644 1874 2714 1914 ac
2762 1872 3050 1914 consensu
3098 1858 3433 1927 peragitur;
3499 1856 3647 1912 sicut

1936 1951 2088 2006 enim
2136 1950 2513 2006 manubrium
2563 1948 2686 2004 sine
2736 1949 2885 2003 ferro
2923 1945 3001 2001 nil
3029 1946 3302 2015 explicat,
3331 1944 3409 2000 ita
3434 1958 3646 2015 corpus

1936 2039 2060 2094 sine
2080 2040 2287 2093 animae
2311 2038 2605 2094 voluntate
2631 2046 2837 2106 praeter
2864 2034 3145 2103 originale
3173 2048 3287 2088 non
3319 2042 3534 2103 peccat.

2009 2126 2064 2183 Si
2124 2127 2316 2183 adhuc
2370 2125 2636 2198 exempla
2690 2125 2924 2194 rogitas,
2979 2130 3182 2192 praesto
3242 2122 3406 2191 plane
3466 2128 3641 2177 erunt

1936 2215 2243 2271 simillima.
2295 2216 2438 2271 Cum
2495 2214 2650 2270 enim
2699 2213 2938 2267 dixisset
2991 2212 3289 2267 Joannes:
3350 2209 3518 2265 Multi
3577 2227 3646 2264 ex

1933 2303 2156 2358 Judaeis
2170 2302 2531 2357 crediderunt
2560 2302 2621 2356 in
2644 2318 2796 2367 eum,
2830 2301 3038 2370 adjecit
3066 2316 3080 2354 :
3111 2301 3287 2355 Jesus
3314 2303 3510 2354 autem
3530 2316 3643 2353 non

1933 2392 2195 2446 credebat
2213 2409 2276 2446 se
2308 2392 2392 2446 eis
2418 2393 2608 2462 (Joan.
2645 2406 2702 2457 ιι,
2736 2392 2824 2453 23,
2855 2391 2968 2459 '24).
3012 2391 3191 2445 Juxta
3215 2390 3448 2444 beatum
3474 2403 3644 2444 nam-

1937 2495 2052 2552 que
2097 2482 2513 2552 Augustinum,
2567 2494 2683 2535 non
2733 2494 2791 2533 se
2831 2478 2912 2533 eis
2950 2478 3151 2544 credit,
3194 2478 3354 2547 quia,
3383 2476 3485 2532 etsi
3516 2491 3645 2533 cre-

1937 2570 2053 2636 dat,
2089 2584 2201 2625 non
2244 2570 2351 2624 nisi
2405 2578 2595 2625 tamen
2631 2569 2913 2637 baptizato
2946 2566 3355 2622 eucharistiam
3388 2567 3645 2636 corporis

1938 2658 2026 2715 sui
2058 2658 2379 2713 committit.
2433 2658 2577 2713 Dicit
2605 2664 2661 2713 et
2706 2657 2849 2711 alias
2883 2670 2895 2709 :
2942 2654 3047 2721 Qui
3075 2653 3256 2709 credit
3291 2653 3351 2707 in
3388 2670 3498 2720 me,
3528 2669 3644 2707 non

1936 2746 2118 2801 credit
2146 2746 2211 2800 in
2239 2763 2349 2810 me,
2374 2746 2473 2801 sed
2505 2745 2571 2803 in
2591 2762 2720 2800 eum
2745 2744 2844 2816 qui
2863 2744 3022 2798 misit
3041 2761 3132 2797 me
3163 2744 3357 2813 (Joan.
3383 2756 3484 2808 xu,
3507 2741 3598 2810 44)
3624 2756 3637 2796 :

1936 2833 2096 2889 Alias
2143 2843 2314 2891 etiam
2352 2850 2365 2888 :
2401 2832 2540 2888 Nisi
2578 2830 3061 2887 manducaveritis
3100 2846 3337 2885 carnem
3374 2827 3496 2901 ﬁlii
3532 2829 3638 2882 ho-

1940 2922 2133 2991 minis,
2164 2926 2220 2977 et
2247 2922 2505 2977 biberitis
2528 2923 2650 2991 ejus
2667 2920 3009 2995 sanguinem
3041 2921 3238 2989 (Joan.
3275 2934 3350 2984 v1,
3386 2917 3493 2988 54),
3529 2924 3637 2973 etc.

2604 3061 2832 3117 CAPUT
2874 3061 2964 3115 III.

2009 3182 2037 3253 ἓ
2072 3181 2116 3236 Ι.
2149 3180 2237 3236 Ab
2256 3180 2474 3236 altaris
2511 3182 2874 3235 sacramento
2918 3181 3162 3234 manant
3195 3180 3398 3232 caetera
3432 3192 3640 3231 sacra-

1931 3275 2143 3325 menta.
2190 3300 2261 3310 —
2291 3268 2439 3336 Quia
2470 3270 2651 3340 igitur
2688 3269 2757 3324 de
2803 3267 3068 3339 bipertito
3114 3281 3348 3336 corpore
3387 3265 3634 3332 Domini,

1931 3373 2071 3418 vero
2128 3358 2385 3414 videlicet
2438 3358 2615 3429 (quod
2667 3359 2937 3427 superius
2993 3356 3308 3426 principale
3357 3354 3635 3421 diximus,

1933 3435 2089 3504 unde
2138 3448 2260 3503 haec
2288 3447 2593 3518 sequentia
2638 3455 2999 3502 sacramenta
3039 3443 3372 3513 manarunt)
3414 3457 3480 3498 ac
3522 3457 3639 3512 my-

1933 3538 2095 3603 stico,
2125 3535 2282 3607 quod
2316 3535 2631 3605 figuratum
2660 3549 2840 3604 supra
2870 3533 3309 3604 appellavimus,
3332 3546 3449 3602 quo
3480 3530 3639 3587 omni

1935 3623 2065 3680 luce
2097 3623 2296 3694 purior
2328 3624 2552 3681 Veritas
2578 3623 2688 3679 sub
2728 3622 2896 3693 panis
2924 3636 2991 3677 ac
3018 3622 3138 3677 vini
3174 3621 3379 3677 umbra
3402 3618 3638 3675 conﬁci-

1934 3722 2051 3777 tur,
2084 3712 2244 3783 loqui
2268 3712 2569 3782 coepimus,
2614 3720 2930 3781 antequam
2959 3710 3028 3765 de
3065 3710 3257 3775 dente,
3291 3716 3347 3763 et
3376 3707 3639 3778 reliquiis

1932 3800 2244 3855 Salvaturis
2302 3799 2579 3855 disserere
2645 3798 3000 3864 adoriamur,
3062 3797 3410 3867 quaestiones
3503 3808 3638 3866 quae

1931 3888 2142 3944 exinde
2171 3888 2291 3944 tieri
2334 3888 2518 3943 solent
2553 3887 2663 3943 sub
2705 3886 3014 3957 praemissis
3057 3882 3398 3941 testimoniis
3446 3881 3635 3937 venti-

1932 3976 2051 4033 lare
2096 3977 2330 4047 quidem
2378 3977 2681 4046 volumus;
2731 3976 2919 4031 nescio
2950 3981 3142 4030 tamen
3184 3972 3230 4027 si
3266 3971 3506 4027 definire
3539 3984 3636 4039 po-

1932 4066 2194 4123 terimus.
2722 4122 2733 4127 μ

2004 4152 2299 4219 Quaeritur
2345 4159 2567 4209 utrum-
2586 4164 2796 4221 corpus
2828 4150 2991 4215 illud,
3026 4149 3181 4219 quod
3212 4148 3285 4204 ab
3329 4146 3498 4202 altari
3531 4160 3637 4202 su-

1933 4241 2132 4309 mitur,
2178 4242 2424 4312 speciem
2482 4240 2729 4296 viventis
2775 4239 3003 4296 Domini
3044 4246 3146 4293 aut
3190 4236 3404 4293 mortui
3453 4242 3634 4306 gerat.

1934 4329 2236 4388 Vivontem
2266 4339 2457 4385 autem
2489 4342 2624 4385 eum
2654 4328 2888 4395 scimus,
2941 4340 3169 4397 semper
3212 4323 3637 4381 cohabitantem

1932 4417 1992 4472 in
2023 4431 2083 4474 se
2113 4417 2384 4473 habuisse
2432 4415 2808 4486 personaliter
2863 4416 3073 4481 Deum;
3122 4427 3328 4469 nomen
3368 4425 3505 4467 vero
3541 4408 3637 4466 Dei

1931 4506 2081 4575 Filii,
2113 4515 2333 4563 etcum
2380 4505 2611 4561 nomine
2660 4504 2843 4575 ipsam
2889 4518 3009 4559 rem
3046 4517 3159 4559 non
3205 4501 3483 4565 amisisse,
3536 4513 3635 4554 ne-

1932 4596 2167 4666 quidem
2203 4604 2514 4651 mortuum.
2564 4594 2709 4650 Cum
2758 4607 2897 4664 ergo
2948 4606 3008 4647 se
3052 4592 3255 4647 asserit
3284 4590 3638 4646 manducan-

1930 4684 2094 4752 dum,
2124 4684 2420 4741 ostendere
2450 4683 2629 4755 plane
2677 4681 2907 4738 videtur
2935 4695 3055 4736 suae
3086 4678 3510 4749 personalitatis
3541 4676 3637 4732 in-

1929 4772 1969 4830 d
1998 4773 2261 4829 viduum.
2318 4771 2700 4828 Personaliter
2751 4778 2943 4827 autem
2995 4769 3147 4824 Deus
3179 4781 3246 4823 ac
3293 4767 3465 4821 homo
3508 4772 3632 4832 est;

1931 4861 2113 4918 Deum
2158 4876 2296 4933 ergo
2333 4870 2388 4917 et
2433 4861 2723 4916 hominem
2768 4856 3140 4914 mandibilem
3190 4855 3307 4911 fieri
3353 4869 3484 4925 quae
3508 4867 3635 4923 per-

1928 4945 2115 5002 mittet
2165 4944 2351 5000 ratio?
2400 4945 2466 4999 In
2513 4958 2578 4999 eo
2627 4944 2780 5000 enim
2850 4942 3025 4998 verbo
3073 4955 3192 5011 quo
3237 4938 3449 4995 dicitur
3481 4952 3494 4992 :
3526 4932 3638 5002 Qui

1924 5033 2240 5089 manducat
2269 5048 2361 5087 me
2404 5033 2601 5103 (Joan.
2641 5046 2719 5096 v1,
2763 5032 2877 5099 58),
2928 5030 3010 5087 sic
3040 5027 3358 5085 necessario
3390 5024 3636 5097 intelligi

1926 5122 2131 5177 debere
2195 5121 2441 5177 videtur.
2515 5119 2952 5189 Temperantius
3020 5126 3215 5174 autem
3294 5116 3450 5174 illic:
3522 5114 3636 5187 Qui

1926 5209 2240 5264 manducat
2275 5225 2512 5263 carnem
2557 5225 2765 5275 meam,
2797 5211 2853 5262 et
2881 5206 3019 5263 bibit
3046 5205 3387 5279 sanguinem
3413 5220 3628 5274 meum,

1925 5297 1987 5352 in
2018 5314 2108 5351 me
2132 5302 2327 5351 manet
2358 5296 2543 5368 (ibid.,
2592 5300 2697 5364 57).
2746 5296 2884 5364 Quae
2936 5297 3131 5367 itaque
3160 5295 3454 5351 altercatio
3486 5295 3635 5351 inter

1926 5386 2053 5441 sani
2074 5385 2277 5455 capitis
2313 5386 2569 5441 homines
2598 5399 2671 5441 ex
2704 5385 2809 5441 hoc
2842 5385 3059 5440 versari
3090 5383 3296 5440 debet?
3322 5382 3377 5439 Si
3421 5381 3632 5439 Christi

1925 5474 2122 5529 anima
2188 5474 2370 5530 Deum
2434 5474 2544 5530 sibi
2603 5473 2808 5530 habuit
2864 5474 3221 5538 insessorem,
3292 5470 3629 5541 mysterium

1926 5562 2068 5618 illud
2130 5561 2406 5632 simplicis
2463 5570 2764 5629 creatnrze,
2816 5562 2970 5633 quod
3026 5576 3170 5633 pure
3202 5560 3380 5617 sacris
3428 5558 3633 5616 officiis

1922 5650 2248 5719 adhibetur,
2275 5650 2426 5722 ,quis
2468 5650 2704 5707 audebit
2760 5650 2948 5707 dicere
2997 5649 3141 5721 quin
3195 5651 3376 5706 Deum
3423 5647 3634 5703 habeat
