3936 6426
314 327 420 381 635

1257 323 1318 376 V.
1361 321 1687 378 GUIBERTI
1725 321 2014 376 ABBATIS
2052 320 2111 376 S.
2151 321 2392 376 ΜΑΒῙᾸΞ
2432 321 2521 375 DE
2558 319 2954 377 NOVIGENTO

3721 320 3836 372 636

314 449 771 506 vivificatorem?
800 449 907 516 Qui
949 450 1102 505 enim
1133 450 1202 505 de
1239 459 1435 506 sancto
1481 451 1690 520 Spiritu
1729 455 1784 506 et
1827 450 2011 520 virgi-
2047 452 2093 503 Α
2118 451 2460 520 cipientibus
2490 451 2683 518 datur,
2726 451 2770 506 si
2803 451 2874 506 ad
2917 449 3193 521 gehenna
3224 449 3554 505 incendium
3603 448 3835 505 irrecu-

313 554 420 596 neo
484 539 768 609 sanguine
815 546 1026 605 cretus,
1077 538 1437 594 individuam
1496 539 1588 594 Dei
1641 553 1708 594 ac
1763 539 2012 594 hominis

317 639 622 696 personam
651 625 936 693 exhibuit,
967 625 1129 695 panis
1157 639 1224 680 ac
1269 626 1386 681 vini
1426 627 1761 683 substantia
1807 628 1875 682 ad
1920 628 2009 683 sui

314 714 480 770 nobis
507 714 1068 783 reprasentationem
1118 714 1623 771 afﬁuentissimum
1671 716 1842 772 totius
1870 716 2013 772 divi-

315 803 513 858 nitatis
537 802 803 872 illapsum
837 802 1183 858 inviscerare
1215 818 1328 858 non
1357 803 1598 860 debuit?

386 891 821 945 Sacramenlum
837 890 985 946 illud
1007 890 1201 945 omnia
1215 891 1366 944 delet
1383 895 1642 962 peccata.
1672 922 1740 932 —
1769 892 1823 949 Si
1857 906 2014 963 aqua

316 979 675 1049 baptismatis
731 993 846 1034 non
906 979 1074 1034 modo
1130 978 1361 1034 vivifica
1413 993 1513 1048 per
1559 979 1860 1048 Spiritum,
1914 981 2010 1036 sed

314 1067 617 1124 viviﬁcans
643 1067 983 1136 appellatur,
1037 1066 1115 1122 illi
1165 1074 1409 1134 natura,
1463 1081 1596 1136 qua
1647 1067 1703 1121 in
1746 1067 2010 1122 divinum

317 1157 590 1211 universa
637 1163 918 1218 mutatur,
963 1168 998 1209 a
1043 1168 1295 1224 superna
1329 1155 1652 1224 praesentia,
1688 1169 1720 1210 a
1766 1156 2013 1225 perfecta

318 1242 413 1297 Dei
446 1241 858 1298 inhabitatione
886 1242 1216 1298 exanimata
1248 1242 1550 1298 credetur?
1575 1243 1680 1298 Illa
1722 1258 1825 1314 per
1866 1243 2012 1300 cloa-

319 1343 414 1385 cas
460 1331 711 1396 ruitura,
759 1330 973 1400 Spiritu
1016 1331 1379 1397 fecundante,
1424 1331 1832 1388 diluendorum
1879 1340 2012 1388 tem-

318 1418 591 1488 poralem,
644 1418 757 1474 imo
800 1419 1087 1474 horariam
1137 1419 1344 1488 accipit
1388 1419 1696 1490 potentiam
1748 1429 2010 1490 peccato-

318 1520 470 1573 rum,
500 1506 620 1561 hac
650 1507 853 1571 hostia,
902 1507 1022 1562 sive
1066 1507 1138 1562 ad
1185 1507 1430 1562 salutem
1474 1508 1723 1563 hostium
1757 1517 2008 1579 sumpta,

315 1593 436 1649 sive
465 1607 499 1648 a
526 1595 923 1664 peccatoribus
952 1603 1007 1650 et
1059 1595 1312 1666 indignis
1342 1604 1712 1666 prasumpta,
1747 1597 1819 1652 ad
1851 1598 2011 1653 thro-

315 1695 458 1737 num
495 1682 689 1751 gloria
719 1696 946 1752 semper
977 1683 1240 1751 refertur,
1276 1698 1578 1752 nunquam
1603 1685 1860 1740 desitura
1889 1700 2010 1754 pro-

314 1767 567 1834 vehitur,
611 1773 760 1822 849
825 1768 1064 1824 ﬁdenter
1101 1769 1246 1835 dico,
1298 1769 1355 1824 in
1394 1769 1522 1840 ejus
1559 1784 1796 1840 corpore
1828 1784 1862 1825 a
1890 1785 2008 1842 quo

314 1855 545 1925 prodiit,
595 1856 787 1912 nullas
839 1871 1102 1928 unquam
1147 1857 1536 1929 indignitates,
1585 1873 1699 1914 non
1739 1859 2007 1930 indignas

314 1944 666 2000 humilitates
701 1959 950 2016 usquam
1000 1947 1073 2002 ab
1109 1945 1381 2016 improbis
1426 1947 1719 2016 perlatura
1758 1949 2004 2017 suscipi-

313 2039 430 2089 tur.
463 2031 518 2088 Si
550 2033 703 2088 enim
732 2047 767 2088 a
795 2033 1050 2104 quolibet
1078 2034 1251 2104 digne
1282 2035 1650 2104 percipietur,
1676 2036 1817 2106 quid
1849 2037 2007 2092 aliud

313 2135 492 2192 quam
519 2136 745 2177 summo
777 2122 855 2178 illi
901 2123 1083 2192 Capiti
1123 2123 1537 2179 coharentium
1569 2137 1668 2192 per
1705 2124 1795 2180 sui
1827 2125 2010 2194 ipsius

314 2224 491 2280 quam
533 2210 772 2280 suscipit
808 2225 1041 2266 carnem
1092 2211 1242 2267 illico
1280 2212 1683 2267 commembris
1724 2212 2008 2268 efﬁcitur?

311 2297 435 2364 Quo
485 2312 740 2368 namque
785 2299 970 2367 magis
1014 2299 1181 2354 modo
1225 2299 1286 2354 in
1332 2314 1544 2369 corpus
1577 2301 1709 2356 Jesu
1759 2301 2010 2371 quisque

313 2385 619 2456 trajicitur,
653 2401 830 2456 quam
859 2387 906 2442 si
935 2386 1415 2442 communicando
1443 2387 1578 2444 huic
1605 2388 1765 2444 carni
1783 2403 1851 2445 ac
1869 2403 2010 2446 san-

314 2474 478 2544 guini
505 2475 840 2530 intimetur?

381 2561 470 2616 Ab
488 2561 746 2634 indignis
1056 2563 1206 2619 tibus
1217 2563 1306 2618 nil
1326 2564 1571 2620 lasionis
1581 2565 1794 2636 accipit
1840 2567 2010 2622 Chri-

311 2652 451 2704 stus.
495 2679 567 2692 —
612 2651 785 2707 Porro
837 2651 884 2706 si
935 2651 1232 2722 improbus
1281 2653 1418 2709 illud
1473 2669 1690 2716 sumas,
1738 2655 2004 2725 teipsum,

313 2739 453 2809 quia
495 2753 659 2794 sacra
715 2740 988 2810 sacrilege
1045 2742 1308 2811 suscipis,
1345 2743 1591 2812 profecto
1638 2744 2004 2811 condemnas,

310 2835 364 2882 et
393 2827 452 2882 in
497 2842 564 2883 eo
595 2829 748 2898 quod
791 2843 1000 2898 corpus
1043 2830 1263 2885 Domini
1305 2845 1677 2900 nequaquam
1725 2830 2009 2900 dijudicas

311 2915 371 2983 (ι
397 2914 526 2970 Cor.
558 2931 637 2982 χι,
669 2916 783 2984 29),
829 2917 1078 2988 idipsum
1124 2919 1379 2988 quidem,
1417 2927 1703 2988 quantum
1745 2919 1844 2974 tibi
1876 2920 2010 2974 atti-

2118 541 2444 610 perabiliter
2466 539 2862 612 praparatur?

2190 629 2243 684 Si
2279 629 2441 685 bona
2473 629 2602 685 ﬁdei
2631 629 3079 684 catechumenus
3121 627 3224 698 qui
3272 627 3530 682 nondum
3563 625 3836 696 baptiza-

2116 723 2212 772 tus
2246 725 2347 783 est,
2397 717 2610 773 divinis
2653 717 2949 772 sacrificiis
2993 717 3231 788 jubetur
3275 717 3570 781 absistere,
3613 715 3664 770 ei
3719 715 3832 784 qui

2118 807 2424 864 inﬁdeliter
2448 816 2550 864 aut
2593 809 2954 878 impudenter
3004 807 3219 862 accedit
3258 807 3327 861 ad
3372 807 3496 870 ista,
3531 803 3834 874 quomodo

2119 898 2322 967 poterit
2355 897 2637 967 prodesse,
2674 899 2785 952 imo
2830 911 2944 951 non
2984 896 3052 950 ad
3098 894 3401 950 cumulum
3431 891 3836 949 damnationis

2117 984 2352 1040 obesse?
2406 985 2550 1040 Cum
2599 985 3125 1054 evangelizantibus
3181 983 3470 1038 diceretur
3515 990 3580 1037 ut
3633 980 3837 1050 hospi-

2118 1074 2292 1129 taturi
2324 1073 2577 1129 dicerent
2608 1089 2621 1128 :
2660 1075 2782 1128 Pan:
2819 1072 2950 1127 huic
2977 1071 3189 1138 domui,
3223 1070 3566 1141 adjungitur
3597 1084 3610 1124 :
3646 1070 3714 1126 Si
3743 1067 3836 1122 ibi

2115 1161 2294 1222 fuerit
2309 1161 2474 1230 ﬁlius
2500 1161 2666 1233 pacis
2689 1162 3009 1233 requiesce!
3039 1178 3214 1232 super
3250 1160 3418 1214 illum
3450 1175 3570 1230 pars
3601 1161 3828 1212 vestra.

2115 1249 2221 1305 Sin
2249 1254 2467 1316 autem,
2493 1251 2570 1305 ad
2588 1268 2686 1305 vos
2707 1254 3022 1306 revertetur
3043 1251 3198 1318 (Luc.
3231 1264 3290 1316 x,
3327 1251 3378 1316 5,
3411 1249 3485 1319 6).
3519 1247 3572 1303 Si
3607 1247 3830 1318 pradi-

2115 1339 2325 1395 catoris
2364 1340 2731 1406 beneficium,
2766 1340 3024 1410 reprobis
3073 1339 3426 1395 infructuose
3457 1337 3832 1408 dilargitum,

2117 1427 2188 1483 ad
2222 1427 2406 1497 ipsum
2440 1427 2832 1496 reciprocatur
2856 1427 3028 1498 cujus
3064 1434 3147 1481 est
3179 1426 3469 1494 meritum,
3491 1423 3549 1479 in
3581 1438 3831 1494 corpore

2119 1516 2306 1585 inepte
2353 1516 2942 1586 irrationabiliterque
2998 1513 3364 1584 suscipientis
3408 1521 3463 1568 et
3517 1513 3573 1568 in
3623 1513 3834 1568 anima

2115 1604 2342 1659 sordide
2390 1606 2708 1671 tractantis,
2759 1613 2926 1675 putas
2963 1612 3188 1660 tantum
3230 1617 3445 1659 munus
3498 1609 3614 1658 tam
3673 1601 3831 1657 foedo

2115 1705 2340 1748 carcere
2383 1693 2707 1758 claudetur,
2757 1693 3158 1763 squalentibus
3206 1691 3348 1746 adeo
3407 1690 3542 1746 locis
3598 1689 3828 1746 indebi-

2117 1781 2283 1838 tum?
2328 1782 2380 1838 Si
2425 1783 2671 1852 Spiritus
2707 1790 2942 1838 sanctus
2989 1781 3305 1852 disciplina
3349 1779 3552 1850 effugit
3596 1779 3824 1846 ﬁctum,

2117 1885 2221 1926 nec
2250 1871 2472 1928 habitat
2522 1872 2580 1927 in
2627 1886 2862 1941 corpore
2903 1871 3133 1927 subdito
3177 1870 3442 1940 peccatis,
3496 1868 3609 1924 imo
3645 1867 3828 1924 corri-

2113 1958 2272 2028 pitur
2313 1973 2347 2014 a
2389 1959 2836 2028 superveniente
2884 1959 3186 2028 iniquitate
3220 1957 3376 2028 (Sap.
3408 1973 3446 2024 ι,
3499 1956 3573 2026 5),
3617 1955 3826 2010 divina

2116 2047 2223 2102 ista
2253 2048 2597 2113 substantia,
2652 2063 2785 2118 qua
2818 2047 2941 2103 Filii
3000 2046 3099 2102 Dei
3129 2060 3360 2116 corpus,
3413 2058 3512 2115 per
3557 2044 3821 2115 ejusdem

2116 2135 2362 2205 Spiritus
2405 2136 2819 2206 plenitudinem
2860 2143 2916 2192 et
2964 2135 3090 2191 Filii
3123 2149 3379 2205 persona
3410 2133 3823 2189 identiﬁcatio-

2117 2238 2268 2291 nem,
2305 2224 2580 2304 efﬁcitur;
2642 2225 2716 2280 illi
2766 2225 3138 2294 spurcissimo
3187 2221 3345 2278 cordi
3408 2236 3467 2276 se
3523 2219 3817 2292 quomodo

2119 2312 2338 2378 inferet,
2371 2314 2541 2384 cujus
2568 2313 2914 2368 sanctusille
2951 2313 3200 2382 Spiritus
3233 2309 3604 2366 habitationis
3635 2309 3822 2378 impa-

2118 2402 2264 2458 tiens
2289 2403 2484 2458 sordes
2515 2402 2658 2458 ferre
2690 2416 2802 2456 non
2838 2399 3152 2471 pravalet?

2189 2491 2218 2563 §
2252 2493 2343 2547 IIl.
2375 2492 2626 2561 Objectio
2653 2495 2705 2546 2.
2730 2522 2798 2531 —
2829 2491 2933 2548 Sed
2963 2490 3099 2545 dicit
3121 2488 3411 2560 quispiam
3436 2502 3448 2542 :
3478 2487 3630 2557 Ergo
3660 2485 3705 2541 si
3724 2499 3819 2541 sa-

2117 2589 2477 2637 cramentum
2548 2595 2661 2636 non
2724 2590 2826 2647 est,
2902 2595 3006 2635 nec
3074 2593 3192 2634 rem
3251 2577 3592 2633 sacramenti
3645 2575 3822 2630 habet

2118 2669 2385 2739 quisquis
2409 2677 2493 2725 est
2523 2670 2622 2740 qui
2658 2668 2767 2724 tale
2797 2668 2938 2736 quid
2969 2665 3229 2735 suscipit,
3254 2679 3434 2734 quare
3461 2662 3819 2718 damnationi

2116 2757 2412 2826 subjacet?
2437 2757 2521 2812 Ad
2572 2757 2728 2827 quod
2758 2771 2864 2825 ego
2897 2755 3135 2810 inferam
3172 2767 3184 2806 :
3242 2752 3298 2806 Si
3345 2751 3508 2820 panis
3551 2749 3640 2803 ille
3671 2746 3816 2801 nihil

2118 2841 2175 2896 in
2207 2858 2266 2898 se
2297 2857 2524 2899 sacrum
2558 2852 2764 2912 prater
2787 2857 2961 2912 quam
2993 2841 3158 2910 panis
3186 2841 3510 2895 communis
3558 2836 3813 2898 haberet,

2117 2930 2210 2986 ille
2258 2938 2448 2986 tamen
2498 2931 2600 3000 qui
2658 2931 2712 2985 id
2765 2930 2942 2986 sumit
3007 2943 3215 2998 corpus
3268 2941 3390 2982 esse
3447 2925 3816 2980 Dominicum

311 3011 428 3068 net,
471 3002 778 3074 vilipendis
819 3012 994 3075 atque
1039 3005 1367 3071 dedecoras,
1415 3006 1510 3060 sed
1546 3019 1580 3061 a
1628 3006 1742 3061 tuis
1780 3006 2009 3075 injuriis

2184 3019 2442 3083 itimaret,
2491 3026 2546 3074 et
2603 3019 2674 3073 ad
2729 3018 2783 3072 id
2835 3017 3199 3086 impudenter
3249 3013 3646 3084 accipiendum
3694 3025 3815 3067 sese

309 3105 595 3147 summam
639 3093 795 3148 illam
841 3091 1242 3149 excellentiam
1292 3093 1741 3164 impenetrabilis
1783 3109 2004 3164 usque-

309 3192 543 3250 quaque
570 3187 764 3236 tuetur
793 3181 1180 3252 immunitas,

378 3267 488 3338 §II.
515 3269 770 3338 Objeclio
793 3273 842 3323 l.
864 3270 1162 3325 Christum
1177 3271 1248 3324 ab
1267 3269 1474 3324 iisdem
1490 3285 1603 3324 non
1613 3269 1833 3340 suscipi
1852 3271 2008 3332 falso

304 3357 572 3412 nonnulli
595 3358 880 3430 putabant
909 3375 1088 3430 :quos
1111 3357 1274 3426 infra
1301 3357 1560 3427 confidat
1587 3357 1912 3414 Guiberlus.
1936 3386 2006 3400 --

308 3446 414 3503 Sed
479 3461 647 3502 nemo
713 3461 866 3516 agre
935 3449 1098 3510 ferat.
1154 3447 1199 3500 si
1262 3461 1334 3501 ex
1398 3460 1636 3516 persona
1700 3447 2005 3518 cujusdam

309 3533 475 3590 aliter
523 3535 820 3590 sentientis
855 3534 1024 3604 paulo
1055 3533 1284 3604 longius
1313 3535 1512 3588 videar
1545 3534 1858 3603 disputare.
1899 3536 2006 3591 Pro

307 3622 438 3688 ﬁde,
491 3621 755 3692 inquam,
811 3631 914 3678 aut
968 3622 1202 3692 perfidia
1250 3622 1684 3690 suscipientium
1741 3631 2006 3678 constare

307 3716 569 3780 putatur,
609 3717 712 3766 aut
749 3709 916 3779 quasi
953 3711 1192 3766 deficere
1237 3718 1684 3774 sacramentum,
1720 3710 1822 3781 qui
1869 3711 2004 3766 inﬁ-

307 3797 526 3863 deliter,
562 3806 664 3854 aut
690 3798 1040 3868 contemptui
1065 3798 1282 3854 ducens
1313 3798 1450 3854 illud
1491 3799 1686 3866 sumit,
1723 3798 1779 3853 in
1807 3813 2002 3869 quan-

307 3891 431 3942 tum
477 3900 591 3941 non
639 3895 951 3951 reveretur,
1001 3901 1105 3943 nec
1155 3887 1510 3946 honorificat.
1569 3887 1615 3942 si
1657 3886 1838 3942 ﬁdelis
1895 3895 1998 3954 est,

307 3975 366 4030 in
398 3983 682 4046 quantum
717 3975 1005 4040 discredit,
1056 3976 1104 4031 si
1143 3977 1215 4032 sit
1252 3975 1514 4039 infidelis,
1543 3985 1596 4032 et
1628 3985 1815 4032 mente
1847 3976 2000 4032 refu-

305 4070 390 4119 tat
414 4077 624 4133 corpus
665 4065 904 4120 Domini.
937 4066 1088 4135 Ergo
1113 4079 1287 4120 sensu
1331 4080 1452 4120 meo
1501 4079 1611 4120 non
1652 4065 1815 4120 video
1847 4080 2000 4136 quo-

305 4150 476 4206 modo
503 4151 810 4206 animabus
849 4159 947 4206 aut
977 4152 1316 4220 corporibus
1345 4151 1544 4208 talium
1587 4151 1760 4222 possit
1790 4153 1996 4223 aptari.

306 4237 361 4294 Si
411 4237 561 4294 enim
619 4238 678 4293 in
723 4239 1009 4294 sacrativo
1066 4253 1282 4294 canone
1338 4253 1439 4309 pro
1493 4240 1561 4294 iis
1601 4241 1787 4296 solum
1817 4243 1999 4298 oratio

305 4325 701 4394 pratenditur,
724 4325 827 4395 qui
858 4326 1185 4388 orthodoxi.
1215 4328 1312 4398 qui
1340 4307 1594 4383 cultores
1639 4329 1766 4383 fidei
1796 4329 1999 4384 catho-
2037 4307 2081 4361 D

306 4413 430 4469 lica
451 4421 605 4480 sunt,
638 4421 694 4470 et
725 4415 976 4470 maxime
1005 4415 1106 4485 qui
1139 4416 1338 4471 famuli
1363 4430 1431 4472 ac
1453 4416 1681 4472 famula
1711 4417 1808 4472 Dei
1838 4422 1997 4484 sunt,

307 4501 459 4572 quod
495 4502 762 4559 meritum
793 4504 1022 4560 obtendi
1066 4505 1371 4572 sufﬁceret,
1421 4505 1630 4561 nedum
1663 4519 1795 4560 cum
1845 4504 2003 4559 addi-

309 4591 734 4659 tur:0uorum,
777 4592 986 4663 inquit,
1034 4593 1138 4647 (ibi
1172 4595 1315 4657 ﬁdes
1349 4597 1436 4647 est
1473 4593 1724 4662 cognita,
1771 4594 1828 4646 et
1863 4595 2002 4646 ποία

302 4679 542 4746 devolio,
573 4681 674 4750 qui
727 4681 819 4738 hic
859 4683 1028 4737 habet
1064 4681 1329 4748 inﬁdelis,
1363 4682 1505 4753 quid
1537 4682 1814 4752 reprobus
1842 4680 2004 4736 Chri-

304 4767 564 4825 stianus?
594 4769 648 4825 Si
702 4784 802 4839 pro
859 4771 1040 4834 vobis,
1093 4785 1126 4824 ο
1164 4771 1424 4840 apostoli,
1481 4778 1536 4825 et
1583 4769 1767 4825 caleri
1819 4768 2002 4824 sancti

304 4856 592 4926 discipuli,
625 4865 680 4912 et
710 4873 812 4928 pro
845 4858 1042 4914 multis
1071 4857 1393 4914 effunditur
1423 4857 1663 4929 sanguis
1701 4857 1795 4912 ille
1821 4858 1876 4911 in
1907 4871 2003 4912 re-

305 4943 629 4999 missionem
677 4955 1067 5015 peccatorum,
1116 4947 1310 5001 multis
1365 4946 1648 5010 videlicet,
1707 4955 1826 5000 non
1874 4945 2003 5000 aliis

307 5044 484 5100 quam
519 5031 732 5096 electis,
759 5033 974 5089 habent
1003 5047 1436 5104 quamcunque,
1468 5034 1576 5089 sibi
1608 5041 1798 5088 tamen
1836 5031 2004 5102 pessi-

310 5129 460 5174 mam
511 5119 677 5189 pravi
731 5121 972 5190 quilibet
1033 5121 1356 5178 facultatem
1408 5122 1663 5178 exterius
1715 5123 2004 5190 suscipere

309 5216 754 5272 sacramentum,
790 5209 884 5263 sed
927 5223 1046 5264 rem
1085 5211 1426 5266 sacramenti
1471 5225 1586 5266 non
1626 5210 1854 5266 habent.
1889 5209 2004 5266 Su-

309 5295 559 5365 scipiunt
588 5295 822 5366 quidem
849 5297 1001 5366 quod
1039 5297 1262 5354 visibile
1291 5300 1475 5355 solum
1499 5307 1600 5365 est,
1635 5299 1732 5354 sed
1763 5298 1904 5370 quia
1930 5298 2004 5354 ad

310 5384 488 5439 vitam
520 5397 888 5454 nequaquam
921 5387 1267 5443 nutriuntur
1292 5402 1364 5443 ex
1389 5402 1455 5444 eo
1503 5396 1856 5457 perpetuam,
1893 5386 2006 5442 illis

311 5469 648 5528 exinanitur
677 5473 828 5542 quod
883 5473 1170 5530 invisibile
1213 5484 1264 5530 et
1307 5476 1444 5532 utile
1469 5483 1572 5530 est.
1618 5476 1687 5530 Et
1717 5474 2004 5545 quomodo

315 5560 392 5616 illi
417 5567 575 5616 tanta
610 5575 698 5616 res
724 5561 1056 5632 adaptatur,
1110 5577 1242 5634 qua
1277 5564 1334 5618 in
1380 5565 1556 5619 vitam
1583 5571 1856 5618 aternam
1887 5575 2006 5630 per-

2117 3107 2421 3175 ingereret,
2454 3121 2570 3160 non
2605 3106 2810 3161 minori
2863 3105 3058 3175 procul
3093 3103 3268 3159 dubio
3294 3101 3512 3172 judicio
3542 3113 3810 3155 succum-

2119 3193 2273 3250 beret
2311 3209 2486 3265 quam
2539 3196 2584 3251 si
2616 3196 2753 3251 Jesu
2802 3193 3168 3249 verissimum
3213 3204 3424 3260 corpus
3452 3196 3616 3244 esset.
3642 3187 3816 3242 Vide—

2113 3288 2214 3337 tur
2237 3296 2374 3352 ergo
2406 3284 2542 3338 mihi
2586 3283 2796 3338 sentire
2847 3281 3174 3351 profanum,
3230 3287 3291 3334 ut
3340 3285 3498 3332 tanta
3540 3276 3812 3346 dignitas,

2114 3383 2246 3438 qua
2279 3371 2398 3424 loco
2445 3369 2695 3426 indebito
2725 3369 2865 3425 nihil
2910 3369 3192 3432 utilitatis,
3249 3369 3358 3422 imo
3402 3365 3632 3422 nefaria
3676 3364 3814 3418 huic

2114 3459 2420 3529 proditioni
2513 3473 2718 3514 causas
2789 3457 2960 3514 totius
3038 3455 3450 3512 maledictionis
3520 3454 3808 3522 importat,

2113 3547 2208 3602 tali
2264 3546 2582 3603 intrusione
2622 3548 2951 3602 damnetur.
2998 3546 3082 3601 Ad
3115 3544 3285 3614 cujus
3330 3544 3600 3598 honorem
3651 3539 3811 3594 nullo

2112 3635 2278 3690 modo
2323 3635 2583 3705 pertinet,
2631 3635 2676 3689 si
2706 3634 2894 3705 gratia
2947 3634 3087 3700 hac,
3135 3646 3266 3702 qua
3301 3631 3473 3686 totius
3513 3627 3811 3684 munditia

2110 3725 2310 3779 nutrix
2343 3731 2444 3788 est,
2480 3723 2666 3792 turpis
2700 3722 3058 3779 conscientia
3109 3719 3388 3790 contagiis
3419 3718 3721 3782 obruatur,
3755 3723 3810 3772 et

2110 3813 2284 3868 miser
2315 3812 2480 3867 homo
2509 3813 2616 3866 sub
2651 3811 2755 3866 hac
2784 3810 3226 3880 prasumptione
3259 3807 3582 3863 mulctetur.

2181 3898 2210 3970 §
2239 3899 2332 3954 IV.
2363 3897 2615 3968 Objeclio
2633 3901 2684 3953 3.
2709 3929 2780 3938 —
2811 3898 3054 3953 Putasne
3079 3897 3254 3968 quod,
3285 3896 3328 3950 si
3355 3893 3642 3966 quispiam
3668 3891 3806 3946 inﬁ-

2109 3987 2250 4043 delis
2279 3987 2332 4041 id
2381 3994 2653 4050 sumeret,
2697 3997 2903 4054 corpus
2935 3984 3161 4039 Domini
3207 3982 3394 4038 esset?
3427 3981 3495 4036 Et
3521 3978 3808 4049 quomodo

2107 4075 2360 4132 irrisorie
2405 4084 2507 4130 aut
2528 4073 2863 4143 ignoranter
2905 4071 3152 4128 sumenti
3193 4083 3402 4140 corpus
3432 4065 3656 4124 Domini
3695 4073 3802 4129 est,

2106 4164 2203 4218 cui
2233 4176 2408 4232 super
2437 4162 2560 4231 ipso
2590 4161 2858 4232 mysterio
2893 4160 3052 4215 nulla
3093 4158 3230 4214 fides
3267 4158 3398 4214 est?
3445 4156 3560 4212 Etsi
3601 4169 3636 4209 a
3672 4168 3807 4223 pue-

2108 4249 2236 4304 rulo
2267 4256 2366 4303 aut
2392 4247 2647 4318 quolibet
2681 4247 2984 4312 insensato,
3018 4246 3116 4315 qui
3149 4253 3344 4300 utrum
3376 4242 3446 4298 sit
3475 4254 3806 4297 sacramen-

2111 4347 2232 4395 tum
2285 4337 2608 4393 discernere
2663 4336 2898 4401 nesciat,
2955 4341 3364 4405 prasumatur,
3422 4331 3632 4387 huicne
3680 4328 3800 4394 tali,

2110 4425 2266 4497 quod
2311 4437 2524 4494 corpus
2571 4423 2797 4479 Domini
2849 4423 3154 4478 insolenter
3194 4420 3523 4490 susceperit,
3556 4416 3806 4486 imputa-

2109 4512 2252 4568 tur?
2292 4511 2627 4566 nullatenus
2665 4510 2960 4566 assentior.
3002 4511 3217 4568 Dicam.
3252 4509 3346 4564 sed
3377 4508 3497 4563 sine
3544 4505 3808 4576 prajudi-

2109 4599 2197 4655 cio
2247 4597 2493 4652 melioris
2537 4599 2853 4664 sententia,
2901 4598 3044 4652 nulli
3096 4597 3366 4666 imputari
3415 4595 3619 4650 debere
3668 4594 3805 4648 bene

2109 4695 2406 4754 sumptum
2442 4693 2543 4740 aut
2579 4685 2724 4739 male
2757 4684 2862 4740 hoc
2892 4699 3118 4754 corpus,
3149 4684 3256 4738 nisi
3290 4683 3390 4753 qui
3429 4695 3676 4752 primum
3707 4695 3802 4752 po-

2111 4774 2287 4830 tuerit
2317 4771 2404 4828 vel
2437 4787 2509 4828 ex
2546 4780 2706 4842 parte
2732 4786 3041 4842 agnoscere
3075 4772 3238 4826 fidem
3271 4773 3415 4839 ejus.
3448 4770 3610 4826 Certe
3640 4777 3805 4824 natu-

2111 4859 2308 4916 raliter
2359 4858 2554 4925 fatuis,
2607 4867 2662 4916 et
2727 4860 3036 4914 amentiam
3097 4857 3528 4913 incurrentibus
3580 4864 3806 4925 peccata

2109 4946 2278 5001 etiam
2331 4945 2693 5016 gravissima,
2743 4959 2874 5015 qua
2921 4943 3209 4999 dementia
3235 4950 3290 4998 et
3336 4941 3598 4998 fatuitate
3643 4954 3803 4996 com-

2112 5034 2368 5100 mittunt,
2423 5033 2494 5089 ad
2545 5032 2972 5089 damnationem
3028 5033 3315 5101 imputare
3363 5029 3560 5086 nullus
3611 5028 3800 5095 audet,

2111 5136 2216 5178 nec
2259 5137 2392 5178 eum
2441 5122 2703 5178 addicere
2756 5129 2980 5192 peccato
3030 5122 3164 5191 quis
3193 5120 3376 5188 debet,
3423 5119 3525 5190 qui
3569 5119 3802 5187 malum,

2109 5209 2452 5265 conscientia
2481 5209 2858 5273 discernente,
2891 5222 3005 5264 non
3035 5215 3336 5278 perpetret.

2184 5299 2357 5353 Plane
2406 5297 2711 5354 indubium
2757 5305 2812 5352 et
2862 5297 3198 5352 innumeros
3242 5294 3578 5366 episcopalis
3631 5303 3687 5350 et
3716 5308 3804 5351 se-

2112 5387 2288 5443 cundi
2317 5387 2536 5444 ordinis
2567 5387 2852 5442 exstitisse
2882 5387 3054 5453 viros,
3078 5385 3180 5456 qui
3217 5393 3272 5442 et
3306 5389 3454 5439 848
3496 5385 3614 5440 hac
3645 5398 3804 5440 sacra

2114 5474 2340 5544 populis
2385 5475 2757 5538 celebrarent,
2817 5481 2871 5530 et
2929 5474 3097 5530 ﬁdem
3143 5474 3400 5530 veritatis
3439 5473 3679 5528 interna
3718 5487 3801 5530 sa-

2114 5575 2346 5617 crorum
2375 5563 2710 5617 earumdem
2740 5562 3074 5618 nullatenus
3119 5561 3414 5617 haberent.
3467 5560 3642 5617 Putas
3675 5575 3804 5633 ergo
