3936 6410
53 320 164 373 637

1145 318 1238 389 DE
1281 316 1692 374 PIGNORIBUS
1730 317 2178 375 SANCTORUM.
2209 350 2278 358 —
2310 318 2442 372 LIB.
2486 319 2554 374 II.

3476 326 3586 380 638

50 468 184 510 cum
218 456 331 511 ista
361 462 648 527 gererent,
682 468 787 511 nec
810 454 1058 525 pretium
1087 468 1289 511 eorum
1319 470 1451 526 quae
1492 455 1750 510 exterius
1785 456 1835 509 Α
1861 467 1896 509 a
1921 454 2136 524 quibus
2162 454 2467 511 Simoniaci
2493 454 2854 523 nesciuntur,
2885 469 3124 512 sacrum
3147 456 3444 527 quidpiam
3472 434 3578 527 per

54 543 419 599 videbantur
453 544 690 599 actitare
739 550 1019 609 tenerent,
1063 543 1238 612 quod,
1288 551 1574 613 quantum
1608 543 1677 597 ad
1709 556 1767 598 se

58 632 409 701 pertinebat,
466 631 688 702 aliquid
748 630 971 687 cmleste
1022 632 1407 687 conﬁcerent?
1453 632 1687 687 Minime
1749 646 1761 685 :

51 735 159 776 nec
188 720 366 791 panis
399 734 469 776 ac
493 721 613 776 vini
640 733 813 789 penes
856 719 1004 789 ipsos
1031 720 1355 775 substantia
1404 719 1761 788 mutabatur,

57 809 202 880 quia
234 809 673 865 Dominicorum
694 808 1027 875 verborum,
1061 822 1161 878 per
1183 823 1315 878 quae
1346 809 1616 878 mysteria
1638 823 1767 863 con-

57 905 457 964 summantur,
492 905 685 953 actum
711 910 913 952 eorum
944 897 1281 953 exteriorem
1314 897 1453 952 ﬁdes
1485 895 1765 952 mentium

57 986 229 1040 nulla
280 986 678 1055 consequitur,
740 999 872 1055 qua:
902 984 1219 1055 spiritualis
1252 983 1769 1041 transformationis

60 1087 349 1129 arcanum
374 1073 495 1128 sola
520 1072 839 1143 specialiter
862 1080 1239 1142 promeretur.

135 1168 161 1224 §
191 1161 263 1216 V.
297 1160 558 1230 Obiectio
583 1161 633 1215 4.
665 1189 737 1201 -
770 1160 875 1216 Sed
907 1160 978 1215 ad
1020 1160 1161 1227 haec,
1195 1160 1254 1215 in
1295 1174 1412 1230 quo
1444 1159 1533 1216 vel
1565 1160 1767 1230 praeci-

62 1265 180 1320 pue
213 1249 419 1305 divina
466 1251 656 1305 virtus
686 1249 918 1315 eminet,
950 1249 1138 1320 gratia
1167 1248 1292 1316 ista,
1327 1263 1457 1319 quae
1489 1249 1647 1305 ﬁctos
1685 1262 1771 1303 sa-

64 1338 331 1394 cerdotes
349 1337 571 1409 effugit,
602 1338 795 1393 ﬁdeles
851 1338 1111 1407 pupulos,
1162 1339 1379 1407 quibus
1413 1338 1519 1394 ista
1551 1352 1770 1409 gerun-

64 1429 187 1487 tur,
216 1438 331 1478 non
365 1424 591 1492 deserit,
649 1425 787 1481 dum
846 1440 1057 1496 corpus
1113 1426 1281 1489 idem,
1316 1428 1470 1497 quod
1520 1443 1634 1482 non
1687 1435 1770 1483 est

65 1524 284 1581 corpus
338 1513 495 1582 apud
535 1513 660 1569 illos
703 1514 806 1584 qui
839 1514 893 1569 id
946 1517 1141 1584 ipsum
1175 1515 1485 1571 inﬁdeliter
1516 1515 1769 1570 admini-

61 1606 272 1668 strant,
314 1601 387 1657 sit
433 1610 858 1658 sacramentum
912 1611 968 1659 et
1024 1617 1115 1658 res
1152 1604 1498 1658 sacramenti
1550 1603 1618 1658 iis
1646 1604 1767 1674 qui,

62 1686 195 1743 licet
228 1688 469 1757 inﬁdeli,
528 1690 765 1746 ﬁdeliter
797 1700 984 1746 tamen
1032 1700 1243 1758 astant,
1278 1693 1438 1748 verbi
1484 1693 1690 1761 gratia,
1725 1693 1769 1748 si

62 1776 424 1847 baptismum
467 1780 670 1835 subeat
727 1780 965 1835 Judzeus
996 1781 1304 1851 quispiam,
1356 1781 1511 1851 quod
1569 1781 1771 1836 crebro

58 1866 352 1936 contingit
379 1876 565 1923 mente
596 1868 829 1938 perﬁda,
857 1869 1000 1924 lucri
1033 1883 1228 1936 causa,
1267 1869 1535 1939 nunquid
1565 1869 1771 1926 immu-

58 1956 304 2011 nitatem
359 1965 720 2026 peccatorum
781 1957 1150 2028 assequitur?
1208 1960 1276 2013 Et
1318 1957 1421 2028 qui
1452 1958 1522 2013 ad
1550 1965 1769 2013 tantam

61 2051 378 2113 puritatem
416 2043 583 2101 ﬁctus
625 2046 1062 2116 malevolusque
1095 2047 1365 2116 procedit,
1406 2047 1451 2102 is
1499 2047 1613 2116 ipse
1645 2046 1769 2116 Spi-

63 2132 213 2187 ritus
233 2140 494 2200 sanctus,
525 2134 695 2205 cujus
729 2135 994 2204 potentiae
1047 2135 1155 2191 fuit
1187 2135 1548 2191 sanctiﬁcare
1579 2136 1770 2205 bapti-

61 2234 278 2289 smum,
345 2221 506 2278 nullo
538 2223 703 2279 modo
766 2224 1070 2293 pravaluit
1126 2224 1429 2294 indulgere
1470 2233 1770 2293 peccatum

61 2310 495 2382 qualecunque,
540 2312 630 2367 vel
664 2311 1179 2382 minimum;quod
1215 2313 1450 2383 quidem
1478 2314 1521 2367 si
1556 2313 1771 2382 potuis-

64 2406 167 2466 set,
215 2413 339 2455 non
401 2400 650 2469 potentia
700 2399 970 2470 profecto,
1006 2402 1104 2456 sed
1160 2402 1518 2471 impotentia,
1568 2409 1623 2457 et
1651 2402 1774 2458 haec

66 2488 287 2558 injusta
325 2489 542 2544 fuisset.
585 2490 733 2545 Sane
765 2489 989 2545 vecordi
1033 2498 1088 2545 et
1136 2490 1510 2559 impienitenti
1554 2491 1772 2547 condo-

67 2557 208 2633 nare
237 2584 489 2641 reatum,
524 2576 665 2633 nihil
696 2576 856 2633 aliud
907 2585 1011 2639 est.
1049 2587 1109 2634 ut
1137 2557 1273 2634 mihi
1319 2578 1564 2647 videtur,
1594 2594 1770 2648 quam
1800 2557 1817 2577 ’

67 2666 399 2722 criminosis
427 2673 604 2735 atque
630 2665 898 2735 superbis
929 2665 1183 2721 favorem
1237 2667 1591 2730 indulgendo
1622 2682 1771 2736 pne-

68 2761 217 2811 stare
247 2754 597 2826 malignum.
644 2754 713 2810 Et
759 2755 1046 2825 quomodo
1107 2755 1256 2811 Deus
1308 2755 1435 2818 erit,
1469 2756 1516 2811 si
1558 2756 1772 2811 scelera

69 2856 170 2898 sua
204 2842 718 2912 perseverantibus
760 2842 819 2897 in
861 2843 945 2899 eis
983 2843 1220 2913 impune
1268 2843 1548 2898 remittit?
1602 2843 1769 2899 fictus

67 2939 219 2987 certe
258 2930 550 3001 baptisma
571 2931 766 2998 subiit,
800 2939 854 2986 et
905 2930 1049 2987 illud
1092 2946 1293 3000 nempe
1342 2933 1495 3002 quod
1538 2941 1773 2999 sanctus

1871 557 2072 598 eorum
2128 558 2338 600 manus
2398 544 2820 613 impositionem
2877 545 3174 614 accipitur,
3233 560 3333 614 per
3403 545 3572 602 ﬁdem

1873 630 2257 700 suscipientis,
2284 639 2337 687 et
2368 639 2581 702 pestem
2618 632 2772 687 illam
2810 634 3146 703 ignorantis,
3192 634 3356 688 virus
3396 635 3572 690 totius

1875 718 2031 774 illius
2061 720 2336 776 hmreseos
2366 729 2667 788 vacuetur,
2690 722 2992 777 intantum
3017 729 3078 777 ut
3100 722 3256 791 quod
3292 721 3571 778 Simonia-

1875 822 1979 863 cus
2009 808 2123 876 ipse
2156 823 2269 864 non
2310 809 2499 876 habet,
2532 824 2665 866 cum
2692 810 2986 865 videbitur
3013 810 3183 866 etiam
3230 825 3343 865 non
3378 811 3572 867 habita

1877 896 2226 966 praestitisse,
2266 905 2458 952 ratum
2490 912 2559 953 ex
2612 898 2734 954 sola
2784 897 3116 968 accipientis
3169 899 3278 953 ﬁde
3332 907 3569 955 constet.

1876 983 2167 1039 Ponamus
2196 999 2429 1055 quoque
2458 1000 2489 1040 e
2518 986 2749 1056 regione
2792 994 3057 1042 sanctum
3112 987 3366 1057 aliquem
3402 987 3576 1041 totius

1877 1071 2213 1128 Simonaciae
2244 1072 2423 1129 cladis
2454 1082 2766 1144 expertem,
2798 1075 2969 1145 cujus
2995 1076 3345 1142 secundarii,
3379 1074 3575 1131 archi-

1879 1160 2101 1216 diaconi
2156 1162 2389 1225 scilicet,
2438 1171 2538 1217 aut
2586 1163 2786 1218 decani
2819 1163 3134 1219 Simoniace
3184 1163 3450 1219 conducti
3503 1162 3576 1218 ad

1876 1263 2009 1304 eum
2054 1250 2405 1305 ordinandos
2462 1250 2760 1316 inducant,
2823 1265 2857 1305 a
2907 1259 3105 1306 sancto
3164 1252 3398 1321 quidem
3454 1251 3573 1317 illo,

1880 1339 2309 1409 quantumlibet
2351 1346 2616 1395 sanctum
2672 1340 3113 1409 legitimumque
3160 1340 3232 1395 sit
3262 1340 3417 1409 quod
3456 1339 3573 1407 dat,

1878 1427 2023 1483 nihil
2093 1427 2404 1497 accipiunt,
2456 1428 2554 1483 sed
2603 1436 2884 1498 tanquam
2943 1428 3238 1484 exanimes
3283 1416 3353 1483 ad
3398 1427 3574 1483 solem

1880 1530 1985 1570 nec
2006 1516 2222 1577 vident,
2255 1530 2358 1571 nec
2388 1516 2668 1571 sentiunt.

1953 1603 2007 1658 Si
2043 1604 2161 1658 haec
2208 1603 2278 1658 ad
2329 1603 2596 1659 sacriﬁcii
2658 1604 2844 1659 divini
2903 1605 3389 1674 comparationem
3442 1618 3579 1674 per-

1882 1692 2123 1747 minima
2150 1692 2223 1746 ob
2255 1692 2432 1747 unius
2462 1691 2675 1761 peccati
2720 1693 3133 1748 immanitatem
3177 1701 3231 1748 et
3262 1693 3579 1748 detrahun-

1812 1753 1853 1807 Β
1883 1788 1979 1836 tur
2021 1788 2077 1836 et
2106 1781 2341 1848 dantur,
2389 1788 2445 1836 et
2465 1753 2694 1836 .divinae
2740 1795 2842 1851 pro
2894 1783 3081 1851 gratia
3138 1782 3578 1852 suscipientium

1880 1883 2142 1925 censura:
2199 1876 2525 1933 mutantur,
2559 1868 2618 1924 in
2680 1869 2774 1924 illo
2802 1868 3180 1935 Tsacrosancto
3229 1870 3498 1939 mysterio
3545 1883 3581 1925 a

1881 1958 2167 2013 damnatis
2209 1957 2404 2028 justus
2455 1972 2571 2013 non
2610 1957 2998 2013 discernitur?
3054 1958 3179 2014 Scio
3232 1972 3338 2015 nec
3388 1958 3447 2013 in
3506 1957 3577 2014 iis

1882 2047 2048 2102 beato
2078 2046 2336 2117 gentium
2386 2047 2609 2101 Doctori
2664 2061 2752 2101 me
2788 2047 3023 2102 obvium
3060 2047 3285 2117 praebeo
3317 2046 3526 2102 dicenti
3562 2060 3575 2100 :

1888 2158 1909 2184 ι
1933 2134 2040 2202 Qui
2074 2136 2387 2190 manducat
2416 2142 2470 2190 et
2488 2134 2631 2191 bibit
2662 2135 2919 2205 indigne,
2951 2135 3235 2205 judicium
3269 2135 3376 2191 sibi
3409 2148 3579 2190 man-

1883 2226 2056 2281 ducat
2076 2232 2131 2280 et
2173 2225 2317 2280 bibit
2347 2226 2404 2295 (I
2438 2226 2562 2281 Cor.
2612 2240 2672 2292 ii,
2703 2226 2815 2294 29),
2855 2246 2876 2271 ι
2923 2224 3065 2294 quia
3110 2226 3209 2295 qui
3256 2225 3324 2280 de
3382 2223 3581 2279 Domi-

1883 2315 1996 2369 nici
2069 2315 2321 2383 corporis
2386 2316 2626 2369 veritate
2698 2328 2813 2367 nou
2861 2313 3106 2380 dubitat,
3164 2321 3220 2369 et
3279 2314 3333 2368 id
3390 2314 3580 2383 ipsum

1883 2403 2092 2459 atrocis
2117 2410 2218 2458 aut
2249 2402 2517 2472 ﬂagitiosi
2553 2401 2729 2456 animi
2763 2401 3147 2469 improbitate,
3183 2408 3245 2457 ut
3276 2400 3357 2456 sic
3390 2400 3579 2455 dicam

1881 2490 2261 2546 ecclesiastico
2315 2489 2509 2556 verbo,
2548 2490 2958 2553 communicat,
2992 2488 3050 2543 in
3083 2502 3199 2557 quo
3241 2496 3415 2543 tanta;
3447 2501 3579 2556 per-

1883 2579 2167 2633 sonalitati
2201 2592 2314 2632 non
2342 2577 2538 2640 defert,
2574 2590 2738 2631 nosse
2793 2576 2959 2631 velim
3010 2576 3151 2646 quid
3213 2577 3382 2642 sacri,
3436 2574 3578 2644 quid

1886 2668 2041 2723 utilis
2074 2667 2146 2721 ab
2179 2666 2347 2721 altari
2381 2664 2586 2721 refert?
2617 2666 2751 2720 Esto
2787 2680 2798 2718 :
2832 2665 2972 2719 Ecce
3010 2665 3097 2718 vel
3131 2673 3578 2731 sacramentum,

1882 2758 1986 2812 etsi
2017 2756 2323 2810 insolenter
2353 2763 2408 2809 et
2447 2754 2665 2819 stolide,
2714 2768 2830 2808 non
2887 2763 3001 2808 tam
3054 2761 3352 2822 sumptum
3403 2766 3581 2821 quam

1885 2852 2322 2914 praesumptum.
2374 2843 2489 2896 Etsi
2532 2842 2638 2896 hoc
2686 2849 2836 2897 certe
2887 2843 3237 2907 conceditur,
3293 2841 3582 2911 quomodo

1886 2942 2072 2988 tamen
2130 2946 2242 2987 rem
2277 2930 2622 2987 sacramenti
2680 2930 2813 2985 inde
2870 2929 3100 2991 referat,
3137 2944 3251 2985 non
3306 2930 3579 2985 videtur:

68 3018 322 3088 Spiritus
360 3018 431 3073 ad
493 3018 966 3088 imprecationem
1021 3018 1427 3089 cujuscunque
1458 3021 1770 3075 sacerdotis
1812 3040 1853 3095 ρ
1885 3023 2036 3092 quod
2092 3021 2138 3076 si
2202 3036 2289 3076 res
2323 3019 2667 3075 sacramenti
2722 3017 2892 3077 deest.
2925 3026 3352 3074 sacramentum
3408 3032 3575 3073 sum-

6 3158 9 3169 ,
67 3106 305 3164 indubie
362 3106 568 3163 imbuit
607 3114 663 3162 et
715 3105 922 3161 efﬁcax
982 3106 1131 3173 fecit,
1165 3114 1234 3173 .et
1264 3116 1453 3163 tamen
1503 3108 1773 3163 inefﬁcax

66 3196 299 3265 reperit,
331 3195 434 3266 qui
468 3196 635 3251 ﬁctus
667 3195 923 3251 accessit.

137 3285 286 3341 Ecce
332 3285 464 3341 luce
493 3282 711 3340 clarius
767 3282 829 3338 ﬁt
854 3282 1092 3339 evidens
1118 3284 1275 3354 quod
1307 3283 1407 3339 ubi
1466 3284 1604 3339 ﬁdes
1655 3299 1768 3339 non

63 3381 164 3439 est,
197 3379 632 3430 sacramentum
664 3371 838 3427 etiam
873 3371 935 3426 ﬁt
966 3372 1266 3441 impotens.
1299 3371 1414 3427 Nec.
1463 3372 1603 3427 mihi
1637 3373 1773 3443 quis

65 3461 301 3532 obiiciat
332 3460 492 3532 quod
528 3460 702 3517 etiam
750 3460 1017 3517 ethnicus
1047 3460 1473 3530 haereticusque
1504 3461 1769 3531 baptizat,

64 3550 202 3620 quia
230 3550 349 3606 alia
385 3551 697 3606 auctoritas
724 3556 809 3605 est
858 3549 916 3605 in
960 3548 1150 3604 dando
1177 3562 1354 3619 quam
1400 3549 1773 3605 confessionis

63 3638 247 3693 divini
278 3637 534 3694 nominis
586 3637 642 3693 in
673 3636 1060 3708 suscipiendo.
1117 3637 1204 3693 Ad
1248 3638 1481 3693 dantem
1514 3639 1667 3693 enim
1717 3647 1773 3694 et

65 3724 486 3780 sacrificantem
556 3724 939 3781 ministerium
1011 3725 1269 3781 exterius
1344 3724 1610 3793 refertur,
1699 3727 1771 3781 ad

5 3864 9 3882 λ
68 3813 366 3869 Christum
388 3827 525 3870 vero
551 3812 855 3870 efﬁcientia
887 3821 1235 3884 reportatur,
1271 3816 1385 3881 cui,
1430 3816 1592 3871 sicut
1638 3816 1773 3871 dici-

68 3909 164 3958 tur
196 3917 210 3958 :
250 3925 271 3951 ι
310 3902 417 3958 Hic
438 3909 523 3957 est
550 3901 652 3973 qui
701 3902 951 3972 baptizat
976 3904 1175 3971 (Joan.
1203 3918 1239 3969 i,
1290 3904 1401 3970 33).
1440 3924 1467 3952 »
1502 3905 1767 3973 perhibe-

70 3999 168 4048 tur
193 3992 391 4057 etiam,
447 3990 587 4062 quia
639 3991 795 4048 solus
824 3991 1129 4047 sacriﬁcat.
1192 3990 1247 4047 Si
1297 4006 1434 4062 ergo
1462 3994 1680 4059 dantes,
1717 3993 1771 4049 id

68 4087 150 4136 est
202 4079 516 4147 ministros,
563 4079 898 4151 singularis,
959 4081 1101 4151 quia
1157 4094 1283 4136 eam
1335 4080 1443 4137 sibi
1506 4082 1765 4150 retinuit,

72 4168 279 4225 Christi
313 4169 678 4225 commendat
725 4169 1060 4236 auctoritas,
1094 4170 1152 4224 in
1181 4169 1608 4226 confessoribus
1652 4173 1767 4227 uti-

71 4271 185 4328 que
237 4258 647 4323 discernendis,
692 4258 832 4314 dum
892 4259 951 4313 iu
1028 4258 1135 4314 hoc
1192 4272 1498 4315 versamur
1529 4260 1763 4327 saeculo,

1885 3114 2058 3181 psisse
2080 3109 2219 3179 quid
2256 3109 2479 3179 prodest
2500 3106 2528 3159 ?

1951 3200 2386 3254 Sacramenfum
2406 3195 2721 3251 trifariam
2749 3198 3084 3267 usurpalur.
3115 3224 3187 3236 —
3234 3196 3580 3251 Sacramen-

1878 3296 2002 3346 tnm
2062 3296 2250 3343 autem
2295 3285 2572 3341 trifariam
2633 3285 2935 3340 dividitur.
3018 3284 3125 3340 Pro
3193 3284 3578 3356 jurejurando

1880 3391 2133 3447 namque
2166 3375 2419 3445 ponitur.
2460 3382 2515 3428 et
2549 3387 2646 3443 pro
2679 3388 2738 3429 re
2759 3387 2993 3443 quoque
3022 3382 3245 3429 sacrata
3275 3374 3384 3429 dici
3413 3372 3574 3438 solet,

1878 3481 1983 3537 pro
2044 3464 2309 3533 mysterio
2349 3464 2519 3520 etiam
2562 3462 2856 3532 accipitur.
2914 3464 2995 3519 Sit
3049 3476 3187 3534 ergo
3243 3477 3334 3518 res
3392 3475 3573 3529 sacra,

1878 3558 2070 3626 sitque
2131 3556 2491 3624 mysterium,
2532 3553 2637 3608 hoc
2695 3560 2875 3607 totum
2910 3552 2971 3607 ﬁt
3024 3553 3251 3608 sublata
3282 3566 3341 3606 re
3385 3565 3576 3606 sacra-
3607 3582 3627 3595 ι

1880 3646 2074 3711 menti,
2142 3643 2377 3713 indigno
2419 3643 2786 3711 supplicium.
2844 3642 3109 3697 Dicemus
3157 3642 3352 3710 itaque
3421 3639 3576 3710 quod

1878 3734 2056 3804 hujus
2083 3732 2225 3788 tanti
2277 3732 2533 3786 muneris
2567 3731 2709 3785 cmlo
2756 3744 2824 3785 ac
2855 3740 3020 3785 terrze
3059 3730 3353 3785 adoranda
3396 3729 3578 3800 maje-

1879 3830 1996 3878 stas
2050 3821 2449 3890 putentissinio
2500 3818 2708 3887 pectori
2768 3819 2980 3874 scelesti
3014 3819 3338 3889 cujuspiam
3398 3831 3457 3873 se
3506 3816 3577 3872 li-

1880 3912 2080 3967 benter
2123 3910 2444 3978 iinmergat,
2508 3908 2580 3963 ob
2634 3908 2740 3963 hoc
2787 3907 3000 3962 scilicet
3049 3908 3257 3969 solum,
3293 3914 3356 3962 ut
3408 3907 3579 3961 dam-

1880 3998 2057 4054 nandi
2090 3996 2338 4053 hominis
2388 3996 2662 4051 miserum
2696 4000 2843 4049 aru
2872 4010 2970 4050 cor
2994 3994 3245 4050 exurat?
3277 3995 3439 4050 Absit
3474 3994 3580 4050 hoc

1879 4103 1914 4144 a
1946 4088 2196 4158 piissima
2248 4084 2482 4155 benigni
2530 4086 2660 4140 Jesu
2709 4083 2943 4139 animal
2979 4085 3159 4140 Corde
3185 4084 3354 4138 credo
3387 4097 3453 4137 ac
3481 4097 3580 4139 ore

1878 4178 2151 4234 conﬁteor
2190 4175 2344 4245 quod
2389 4174 2457 4228 ad
2512 4174 2633 4230 haec
2664 4182 2863 4229 sancta
2896 4176 3248 4242 praesumpta
3303 4172 3579 4227 accedens

1878 4264 2213 4335 dignissime
2266 4262 2567 4332 puniatur,
2620 4263 2714 4316 sed
2775 4262 3109 4317 nullatenus
3165 4259 3418 4330 proﬁteri
3464 4272 3579 4314 au-

70 4352 289 4402 constat
346 4346 530 4403 multa
584 4346 867 4403 dubietas.
924 4347 1081 4402 Unde
1115 4347 1416 4417 psalmus:
1456 4370 1478 4397 «
1536 4349 1762 4414 Statuit.
1802 4339 1846 4393 Ι)
1878 4355 2040 4409 deam
2078 4352 2233 4422 quod
2263 4359 2437 4407 tanta:
2470 4350 2729 4405 veritatis
2780 4350 3035 4420 dignitas
3078 4348 3213 4404 locis
3263 4346 3579 4403 infamibus

6 4476 9 4489 .
73 4433 281 4505 inquit,
313 4447 499 4505 aquas
528 4436 695 4505 quasi
740 4434 801 4490 in
838 4443 966 4491 utre
1003 4435 1193 4505 (Paul.
1230 4450 1441 4501 Lxxvn,
1480 4439 1586 4505 i3).
1648 4459 1675 4486 »
1711 4436 1766 4493 Si

72 4534 239 4593 aquae
263 4523 589 4594 spiritualia
621 4524 776 4580 dona
804 4531 960 4592 sunt,
990 4524 1060 4580 de
1091 4525 1309 4594 quibus
1338 4525 1474 4580 alibi
1508 4526 1724 4581 dicitur
1752 4541 1765 4581 :

78 4631 99 4656 ι
135 4609 377 4667 Flumen
399 4611 500 4667 Dei
527 4611 809 4682 repletum
838 4621 923 4668 est
952 4613 1126 4683 aquis
1169 4613 1355 4684 (Paul.
1389 4628 1539 4681 wa,
1575 4614 1686 4682 10),
1738 4636 1764 4661 ιε

72 4698 159 4755 vel
191 4700 366 4756 etiam
400 4701 516 4770 ipse
546 4700 886 4771 baptismus,
938 4701 1059 4757 haec
1090 4701 1182 4757 cui
1216 4703 1340 4756 vult
1372 4703 1523 4757 Deus
1569 4702 1766 4758 infun-

71 4786 170 4853 dit,
201 4788 440 4845 cuivult
468 4788 713 4855 obserat,
755 4804 857 4860 pro
880 4789 1193 4846 intentione
1228 4790 1498 4846 videlicet
1538 4804 1605 4846 ac
1649 4805 1765 4846 me-

70 4875 177 4932 rito
207 4875 546 4942 accedentia,
569 4886 624 4932 et
654 4878 900 4945 cohibet,
934 4886 989 4933 et
1010 4879 1127 4933 dat.

136 4965 164 5031 §
192 4964 284 5022 VI.
320 4963 576 5035 Dejectio
613 4968 663 5020 5.
697 4996 767 5005 —
790 4966 889 5021 His
930 4966 1101 5021 etiam
1134 4965 1374 5037 aliquid,
1403 4982 1516 5023 non
1573 4967 1768 5024 minus

69 5066 244 5122 quam
311 5054 631 5124 superiora,
668 5055 873 5125 poterit
924 5055 1117 5111 valere
1163 5056 1508 5126 subjectum.
1543 5056 1767 5113 Scimus

70 5148 124 5196 et
150 5155 222 5197 ex
262 5142 567 5212 multiplici
609 5157 828 5200 canone
856 5151 1117 5199 tenemus
1166 5142 1483 5201 Simoniace
1528 5147 1768 5201 ordina—

72 5236 154 5285 tos
182 5230 301 5287 sive
336 5231 612 5301 praesules
642 5234 762 5288 sive
786 5232 1165 5302 presbyteros,
1199 5233 1344 5288 nihil
1375 5247 1408 5287 a
1465 5248 1571 5289 suo
1606 5233 1764 5290 ordi-

72 5324 265 5374 natore
311 5318 589 5389 recipere,
621 5319 718 5374 sed
761 5328 817 5376 et
861 5334 994 5376 cum
1025 5320 1166 5375 alios
1200 5321 1322 5377 ideo
1345 5323 1763 5389 ordinaverint,

75 5412 171 5460 aut
198 5405 674 5473 sacriﬁcaverint,
722 5407 876 5477 quod
909 5421 943 5463 a
998 5409 1229 5464 nemine
1271 5411 1612 5480 acceperint,
1662 5424 1765 5466 seu

74 5494 273 5562 facere,
323 5509 426 5550 seu
455 5495 596 5551 dare
626 5509 742 5549 non
772 5508 952 5563 posse.
989 5496 1138 5552 Huic
1185 5505 1378 5552 tamen
1438 5507 1552 5554 tam
1585 5514 1764 5569 nego-

72 5582 209 5637 tioso
232 5582 490 5653 periculo
519 5581 770 5638 conditio
794 5582 993 5638 divina
1019 5597 1079 5640 se
1112 5585 1341 5655 ingerit,
1364 5592 1427 5642 ut
1456 5586 1503 5641 si
1533 5586 1606 5642 ab
1630 5587 1760 5655 illis,

1877 4449 2159 4497 teneatur.
2219 4462 2239 4488 ι
2278 4437 2387 4492 Etsi
2421 4437 2710 4502 novimus,
2755 4438 2836 4492 ait
2879 4436 3208 4506 Apostolus,
3240 4436 3432 4491 Iesum
3484 4449 3580 4490 se-

1876 4528 2133 4583 cundum
2164 4538 2418 4592 carnem,
2454 4526 2549 4580 sed
2584 4526 2876 4595 nuncjam
2902 4540 3015 4579 non
3043 4525 3315 4579 novimus
3339 4525 3435 4591 (II
3457 4523 3576 4579 Cor.

1878 4632 1932 4682 v,
1970 4616 2080 4686 l6).
2123 4636 2143 4663 ι
2206 4615 2329 4671 Jani
2378 4628 2516 4685 ergo
2549 4614 2605 4668 in
2639 4622 2890 4683 paterna:
2939 4612 3352 4683 coaaqualilatis
3384 4625 3580 4681 prove-

1875 4713 2003 4761 ctus
2053 4717 2302 4767 assessu,
2354 4702 2425 4757 ad
2476 4702 2853 4757 contumelias
2876 4701 3202 4755 tolerandas
3235 4702 3440 4755 iterum
3483 4714 3579 4755 re-

1876 4794 2127 4864 digetur,
2162 4800 2226 4847 ut
2258 4790 2479 4855 vitioso,
2514 4791 2617 4860 qui
2641 4789 2935 4861 quondam
2968 4802 3085 4859 quo
3112 4798 3286 4857 caput
3343 4787 3579 4843 reclina-

1875 4890 1961 4938 ret
2010 4896 2124 4936 non
2182 4880 2387 4935 habuit
2443 4879 2601 4950 (Luc.
2659 4893 2739 4945 ix,
2803 4877 2916 4945 58),
2992 4877 3345 4932 obsolescere
3406 4875 3577 4931 modo

1874 4979 2117 5041 cogatur
2151 4968 2439 5038 hospitio?
2492 4969 2688 5024 Audeo
2720 4975 2773 5023 et
2821 4966 3027 5022 bonam
3080 4966 3246 5020 ﬁdem
3291 4965 3358 5019 ad
3395 4964 3576 5020 Deum

1876 5060 2079 5114 habeo.
2112 5057 2274 5114 Unde
2305 5064 2358 5111 et
2388 5057 2569 5111 tutius
2593 5055 2718 5111 dico
2756 5055 2950 5111 Iesum
3002 5053 3309 5108 Dominum
3342 5066 3576 5108 crucem

1877 5146 2124 5218 potuisse
2168 5151 2394 5215 portare
2442 5144 2664 5200 facilius
2711 5158 2889 5214 quam
2921 5143 3235 5198 humanam
3264 5155 3577 5197 conversa-

1876 5238 2086 5293 tionem
2117 5235 2359 5290 tolerare
2383 5232 2544 5288 fiedis
2569 5234 2624 5288 in
2648 5220 2921 5289 moribus.
2962 5233 3044 5288 Ad
3079 5232 3187 5287 hoc
3232 5232 3409 5302 igitur
3439 5245 3575 5286 eum

1875 5325 2222 5394 reciprocata
2254 5322 2483 5377 miseria
2534 5322 2760 5388 referat,
2799 5330 2862 5378 ut
2915 5322 2984 5376 ad
3024 5320 3343 5377 referendos
3392 5320 3575 5375 nostri

1874 5414 2101 5483 generis
2126 5425 2331 5467 rursus
2363 5424 2588 5466 errores
2634 5411 2823 5466 redire
2857 5410 3158 5467 invideat?
3198 5408 3572 5480 Impossibili-

1874 5507 2048 5554 tatem
2092 5513 2259 5554 suam
2304 5497 2445 5553 forte
2490 5496 2728 5562 fastidit,
2760 5506 2814 5552 et
2873 5498 2945 5552 ad
2987 5498 3245 5553 consueti
3277 5496 3573 5567 quondam

1870 5587 2128 5657 corporis
2159 5586 2442 5642 molestias
2470 5583 2681 5656 quietis
2717 5585 3024 5656 impatiens
3067 5585 3337 5641 decedere
3375 5583 3569 5657 gestit!
