3936 6428
366 380 469 433 639

1257 373 1314 426 V.
1356 372 1682 428 GL’IBERTI
1723 371 2012 428 ABBATIS
2048 369 2104 424 S.
2148 369 2390 426 MARLE
2432 370 2522 425 DE
2564 367 2967 426 NOVIGENTO

3773 368 3878 419 640

437 511 746 568 Addiscere
794 510 967 567 velim
1007 509 1080 565 ab
1128 508 1344 579 aliquo,
1393 507 1536 578 quid
1567 507 1676 562 sit:
1730 505 1838 573 Qui
1887 519 2059 561 man-
2096 508 2143 560 A
2173 513 2236 561 ut
2285 513 2424 561 tunc
2474 505 2746 574 temporis
2805 504 2978 560 moris
3024 503 3230 568 fuerat,
3280 501 3528 560 linteolis
3584 501 3879 558 extulisse

367 601 535 656 ducat
570 614 679 666 me,
717 599 857 655 vivit
901 608 1134 670 propter
1178 612 1266 654 me
1311 598 1508 667 (Joan.
1560 610 1638 660 vr,
1694 598 1799 659 58).
1841 618 1860 643 ι
1911 595 2056 659 Quid

367 696 451 743 est
499 687 873 752 manducare,
927 688 1066 757 quid
1105 695 1189 742 est
1233 689 1365 740 me?
1410 684 1818 754 Amphibolum
1868 692 1970 750 est,
2003 690 2058 739 et

367 777 510 832 bene
566 790 633 832 ac
688 775 832 832 male
859 775 1196 832 manducari
1231 782 1412 844 potest
1457 773 1736 828 Dominus
1773 772 2054 840 absolute,

366 865 672 934 Apostolus
699 864 1156 920 conditionaliter
1203 863 1380 932 ponit.
1433 861 1538 917 Sed
1573 861 1714 931 quid
1738 862 2055 916 manduca-

367 953 501 1008 tur‘t
532 975 548 1001 π
597 951 786 1018 Panis,
823 953 1031 1022 inquit,
1090 965 1261 1021 quem
1318 963 1423 1018 ego
1471 949 1700 1015 dedero,
1755 963 1890 1003 caro
1933 962 2058 1004 mea

367 1046 450 1094 est
476 1037 650 1108 (ibid,
688 1040 798 1104 52),
832 1063 859 1086 ιο
891 1047 946 1095 et
979 1039 1273 1109 psalmus:
1315 1060 1334 1086 ι
1371 1037 1602 1102 Panem,
1639 1036 1846 1106 inquit,
1879 1050 2056 1107 ange-

367 1128 552 1183 lorum
593 1128 968 1184 manducavit
995 1128 1164 1183 homo
1197 1125 1382 1197 (Ρεαι.
1419 1139 1638 1188 Lxxvu,
1681 1125 1792 1194 25).
1850 1145 1870 1172 ι
1903 1125 2058 1180 Man-

366 1216 577 1271 ducare
604 1215 741 1270 mihi
775 1215 916 1271 nihil
977 1215 1136 1270 aliud
1190 1214 1438 1280 videtur,
1471 1227 1651 1282 quam
1691 1213 1760 1267 ad
1802 1210 2057 1280 seipsutn

363 1305 497 1360 Jesu
552 1304 728 1360 vitam
783 1303 1228 1373 exempliticare,
1295 1309 1351 1358 et
1401 1301 1508 1357 hoc
1561 1309 1646 1356 est
1702 1299 1857 1370 quod
1919 1299 2057 1356 dicit

371 1413 392 1440 ι
427 1406 536 1460 me,
569 1415 596 1438 »
646 1405 714 1448 ac
752 1391 800 1446 si
847 1392 1103 1447 diceret:
1145 1413 1166 1440 ι
1217 1391 1304 1448 Me
1356 1413 1383 1438 ››
1426 1404 1539 1444 non
1589 1388 1920 1454 manducat,
1953 1387 2056 1457 qui

363 1494 476 1535 non
498 1494 556 1534 se
587 1479 728 1534 mihi
758 1481 1006 1535 uniendo
1027 1486 1427 1548 concorporat.
1458 1477 1592 1533 Mihi
1621 1492 1732 1531 non
1765 1477 2052 1544 credatur,

363 1567 472 1623 nisi
535 1568 713 1623 verba
792 1568 1088 1624 Dominica
1155 1568 1297 1624 meis
1356 1579 1673 1622 consonare
1719 1565 2051 1634 probentur.

363 1675 391 1702 «
422 1656 653 1724 Panem,
686 1656 785 1723 ait,
840 1666 1103 1712 nostrum
1133 1656 1535 1726 quotidianum
1592 1653 1665 1708 da
1696 1651 1860 1706 nobis
1890 1651 2056 1708 hodie

363 1745 518 1812 (Luc.
547 1758 630 1841 xi,
664 1747 748 1814 3).
791 1746 940 1841 n-Ex
971 1759 1222 1816 quorum
1256 1757 1497 1841 persona
1525 1742 1580 1797 id
1608 1741 2052 1841 loquiturZEo-
2094 1787 2135 1841 Β

361 1845 493 1887 rum
535 1831 705 1901 plane
743 1832 845 1903 qui
888 1833 1110 1898 dicunt,
1159 1839 1216 1889 et
1243 1831 1431 1887 dicere
1485 1837 1768 1900 possunt:
1807 1849 1834 1876 «
1886 1827 2054 1884 Pater

362 1923 574 1986 noster,
607 1919 707 1990 qui
741 1935 802 1976 es
822 1921 878 1976 in
897 1922 1054 1977 celis
1085 1921 1321 1988 (Matth.
1344 1935 1420 1987 vr,
1453 1922 1532 1986 9).
1577 1940 1604 1966 »
1638 1920 1916 1982 Quorum,
1953 1931 2054 1986 pu-

361 2012 467 2073 tas,
501 2008 714 2064 Pater?
751 2010 954 2080 utique
979 2010 1309 2076 electorum,
1335 2009 1437 2080 qui
1465 2008 1557 2064 Dei
1590 2006 1771 2061 Patris
1797 2006 2054 2062 moribus

359 2095 668 2152 assimilari
693 2099 1070 2154 contendunt.
1099 2120 1127 2146 «
1159 2099 1350 2153 Estote
1378 2097 1582 2161 sancti,
1615 2097 1714 2161 ait,
1747 2096 1894 2150 sicut
1923 2095 2051 2168 [al.,

359 2183 522 2253 quia]
573 2199 678 2254 ego
724 2193 960 2240 sanctus
1009 2199 1138 2240 sum
1167 2187 1323 2255 (Leu.
1353 2200 1412 2251 ιι,
1449 2185 1540 2252 44)
1567 2208 1594 2233 ››
1627 2201 1639 2240 ;
1693 2187 1781 2252 Hi,
1812 2186 2053 2254 inquam

361 2270 462 2326 filii
496 2272 750 2328 clamant
782 2288 795 2327 :
829 2295 856 2320 ‹‹
907 2273 1117 2330 Panem
1165 2281 1446 2340 nostrum,
1504 2296 1532 2321 ››
1581 2287 1648 2329 ac
1676 2274 1724 2330 si
1753 2275 2006 2330 dicerent
2036 2287 2049 2326 :

358 2358 435 2413 Te
472 2373 641 2428 opere
687 2373 755 2416 ac
799 2361 1038 2416 veritate
1083 2361 1331 2416 fatemur
1377 2361 1600 2417 Patrem
1655 2371 1938 2428 nostrum,
1980 2360 2055 2416 da

357 2445 526 2503 nobis
557 2460 783 2516 panem,
811 2462 928 2502 non
975 2456 1330 2515 exterorum,
1369 2449 1463 2504 sed
1498 2451 1726 2519 proprie
1769 2460 2050 2517 nostrum,

357 2533 539 2604 Cujus
567 2543 651 2590 est
691 2535 814 2591 hec
841 2536 1062 2592 oratio?
1092 2536 1333 2592 lndubie
1378 2537 1814 2605 salvandorum,
1854 2538 2054 2594 dicunt

356 2623 545 2680 enim:
583 2645 611 2672 ‹‹
663 2625 948 2681 Adveniat
991 2639 1237 2695 regnum
1283 2633 1446 2681 tuum
1491 2627 1724 2696 (Matth.
1761 2643 1838 2689 vr,
1878 2630 1989 2696 10),
2023 2651 2050 2676 υ

358 2710 417 2767 id
463 2718 568 2780 est,
620 2713 898 2770 coalescat
948 2723 1148 2769 sancta
1194 2714 1464 2778 Ecclesia,
1509 2730 1640 2784 que
1688 2716 1930 2784 speciale
1954 2716 2052 2771 Dei

359 2813 605 2869 regnum
643 2810 749 2868 est,
781 2801 937 2872 quod
961 2802 1104 2857 alias
1130 2802 1268 2858 dicit
1295 2817 1408 2858 non
1439 2817 1557 2858 esse
1585 2805 1655 2860 de
1687 2804 1791 2859 hoc
1814 2805 2047 2860 mundo.

357 2885 413 2942 Si
442 2886 596 2943 enim
653 2889 723 2944 de
769 2891 985 2945 mundo
1032 2899 1195 2958 esset,
1250 2892 1504 2948 mundus
1559 2907 1729 2948 suum
1789 2893 2052 2964 diligeret

359 2975 558 3046 (Joan.
605 2991 700 3044 xv,
733 2980 843 3045 f9).
897 2979 1050 3048 Ergo
1091 2980 1254 3048 panis
1295 2979 1394 3036 iste
1423 2981 1523 3050 qui
1549 2989 1605 3036 et
1633 2980 1848 3036 dicitur
1876 2996 2052 3052 ange-

2168 593 2402 649 domum
2432 601 2487 649 et
2515 593 2663 648 arcis
2705 592 2826 649 suis
2850 591 3122 648 indidisse
3151 592 3522 646 servandum.
3555 590 3676 647 Nec
3711 603 3880 646 mora

2167 696 2298 736 cum
2329 681 2384 740 id
2416 681 2763 737 sumendum
2795 680 3126 746 reviserent,
3168 681 3227 734 in
3261 679 3482 735 favillas
3529 694 3599 734 ac
3645 679 3881 733 cineres

2168 783 2428 839 reperere
2460 769 2776 825 redactum.
2809 767 3082 824 Pusiones
3122 768 3293 823 etiam
3325 766 3434 836 ipsi
3466 767 3570 838 qui
3619 765 3880 836 genitri-

2166 873 2298 913 cutn
2343 857 2495 913 ulnis
2543 857 2612 912 ad
2673 857 3094 914 Eucharistiam
3147 855 3500 920 ferebantur,
3555 864 3882 925 postquam

2165 947 2344 1016 ipsam
2392 946 2460 1001 de
2489 946 2808 1000 sacerdotis
2855 958 3033 1000 manu
3082 959 3180 1000 ore
3219 952 3614 1013 susceperant,
3685 941 3884 997 tussi-

2165 1041 2350 1091 tantes
2407 1035 2760 1104 rejiciebant,
2813 1034 2861 1089 si
2922 1041 3114 1089 tamen
3171 1041 3226 1089 et
3282 1034 3387 1102 ipsi
3442 1031 3755 1103 quidpiam
3805 1031 3882 1086 de

2165 1124 2535 1180 iminolaticio
2592 1137 2798 1178 cruore
2827 1123 3191 1179 sorbuerant.
3234 1122 3380 1189 Quid
3437 1122 3616 1193 igitur
3648 1135 3880 1189 corpus

2168 1213 2388 1268 Domini
2421 1212 2494 1267 ad
2545 1211 2848 1266 favillam?
2889 1210 3025 1278 Quae
3077 1224 3254 1266 causa
3305 1209 3356 1266 ei
3389 1210 3690 1280 proprium
3756 1222 3881 1278 pu—

2165 1299 2359 1356 niendi
2389 1314 2618 1369 corpus,
2663 1315 2795 1355 cum
2836 1315 2932 1355 eos
2962 1299 3064 1370 qui
3109 1313 3143 1354 a
3168 1313 3406 1368 corpore
3449 1313 3554 1354 suo
3597 1298 3880 1354 descive-

2165 1396 2316 1456 rant,
2355 1391 2544 1458 potius
2593 1388 2779 1444 ultum
2830 1389 2899 1444 iri
2941 1388 3258 1444 debuerat?
3295 1387 3455 1443 Certe
3483 1386 3584 1457 qui
3632 1394 3878 1442 tantum

2163 1490 2268 1532 suo
2297 1479 2520 1547 corpori
2555 1477 2997 1532 honorificentie
3027 1477 3170 1532 alias
3199 1489 3267 1532 ac
3297 1476 3566 1531 humane
3599 1474 3882 1530 tuitionis

2163 1565 2448 1632 attribuit,
2481 1578 2786 1636 nunquam
2819 1565 2867 1620 si
2895 1579 3106 1634 corpus
3152 1579 3324 1620 suum
3351 1572 3518 1632 esset,
3552 1563 3609 1619 in
3640 1563 3880 1618 cineres

2164 1653 2346 1724 redigi
2383 1653 2707 1722 permittere
2738 1653 2954 1708 debuit.

2235 1742 2335 1796 Dic
2359 1741 2522 1805 mihi,
2557 1741 2768 1811 quivis,
2803 1756 2984 1812 quare
3008 1741 3288 1796 Dominus
3303 1740 3569 1796 abiturus
3590 1753 3622 1795 e
3644 1739 3878 1795 mundo

2164 1829 2441 1886 vicarium
2471 1845 2586 1900 quo
2621 1829 2946 1886 frueremur
2977 1829 3208 1885 interim
3237 1829 3401 1885 nobis
3429 1842 3642 1898 corpus
3668 1825 3878 1883 effere-

2161 1917 2272 1974 rit?
2331 1917 2502 1973 Plane
2573 1919 2836 1981 inferam,
2904 1926 3131 1988 propter
3204 1931 3513 1974 commune
3560 1915 3872 1983 solatium,

2161 2007 2368 2076 suique
2427 2008 2778 2074 memoriam,
2839 2007 3006 2062 fidem
3061 2020 3292 2076 quoque
3347 2004 3753 2060 exercendam.
3810 2005 3871 2059 Si

2160 2107 2297 2163 ergo
2339 2095 2448 2149 tria
2497 2094 2618 2150 hec
2662 2108 2839 2150 causa
2883 2094 3169 2161 videntur,
3205 2094 3300 2150 ubi
3334 2094 3456 2150 hec
3486 2093 3608 2163 ipsa
3667 2092 3872 2149 deesse

2164 2183 2504 2251 probantur,
2548 2183 2703 2238 vices
2749 2183 2890 2239 inibi
2944 2181 3206 2238 Christus
3233 2183 3468 2238 omnino
3511 2195 3704 2237 cassas
3759 2181 3870 2236 ha-

2165 2271 2296 2327 bere
2345 2279 2604 2341 putatur,
2654 2272 2971 2341 presertim
3012 2272 3112 2328 ubi
3167 2271 3365 2328 solatio
3400 2270 3544 2327 nulli
3594 2277 3700 2337 est,
3741 2283 3868 2324 me—

2162 2359 2343 2414 moria
2371 2359 2533 2425 desit,
2583 2360 2754 2430 cujus
2801 2360 2936 2416 fides
2965 2359 3222 2416 exerceri
3251 2359 3473 2426 debeat,
3535 2357 3651 2414 imo
3697 2357 3864 2423 velit,

2159 2462 2274 2503 non
2341 2449 2603 2504 habetur.
2656 2449 2773 2503 Hoc
2845 2462 2960 2504 non
3008 2449 3174 2504 modo
3223 2447 3283 2503 in
3331 2447 3597 2513 ethnicis,
3643 2446 3744 2502 sed
3802 2446 3864 2500 in

2121 2548 2130 2560 '
2159 2537 2426 2591 aversisa
2456 2537 2569 2592 Deo
2599 2536 2934 2593 Christianis
2963 2537 3297 2606 aspicimus,
3327 2536 3482 2606 quod
3523 2533 3867 2590 infidelibus

2159 2623 2464 2680 deteriores
2511 2632 2676 2680 vocat
2726 2625 3017 2694 apostolus
3073 2624 3128 2693 (ι
3170 2623 3314 2679 Tim.
3365 2639 3420 2691 v,
3454 2626 3532 2692 8).
3581 2622 3686 2679 Ubi
3717 2636 3868 2692 ergo

2163 2713 2298 2766 fides
2336 2727 2447 2768 non
2477 2721 2558 2768 est
2608 2727 2740 2782 que
2783 2713 3114 2782 adjuvetur,
3147 2720 3202 2768 et
3244 2711 3468 2766 devotio
3494 2725 3626 2781 que
3658 2709 3711 2764 id
3743 2709 3870 2764 exi-

2160 2808 2277 2870 gat,
2305 2801 2490 2857 nescio
2521 2815 2669 2870 quas
2700 2801 2908 2856 ibidem
2939 2801 3092 2856 vices
3121 2800 3328 2856 Christi
3373 2814 3583 2870 corpus
3611 2798 3859 2854 efficiat.

2161 2889 2295 2945 Vide
2349 2889 2543 2958 itaque
2588 2889 2727 2958 quia
2779 2889 2914 2944 solis
2972 2889 3256 2954 fidelibus,
3313 2897 3368 2944 et
3423 2887 3530 2942 hoc
3586 2887 3659 2942 ad
3702 2891 3864 2940 345

2159 2985 2379 3046 partem
2410 2977 2823 3032 salvandorum
2861 2978 3284 3047 pertinentibus
3327 2976 3660 3045 mysterium
3701 2975 3866 3029 istud

355 3063 542 3120 lorum
589 3064 775 3137 (Prol.
809 3081 1015 3132 Lxxvu,
1061 3070 1174 3134 25),
1226 3068 1360 3138 quis
1403 3069 1615 3124 audeat
1657 3069 1845 3125 dicere
1894 3069 2050 3139 quod
2089 3083 2130 3139 ς,
2159 3066 2418 3121 attineat.
2457 3064 2740 3122 Ceterum
2784 3065 2888 3136 qui
2930 3066 3244 3135 procaciter
3289 3065 3342 3120 id
3395 3070 3656 3134 usurpat,
3691 3062 3864 3118 bonis

352 3151 524 3209 alicui
567 3155 846 3224 pertineat
886 3155 1309 3224 reprohorum?
1341 3156 1452 3212 Soli
1493 3157 1690 3227 itaque
1738 3157 1877 3212 sorti
1908 3171 2046 3212 con-

349 3239 574 3296 ceditur
598 3241 931 3296 electorum.
979 3263 1007 3290 «
1043 3241 1145 3308 Qui
1193 3243 1372 3313 igitur
1405 3245 1717 3299 manducat
1769 3258 1878 3311 me,
1901 3243 2048 3300 vivit

351 3335 582 3398 propter
639 3343 726 3384 me
757 3331 956 3397 (Joan.
989 3343 1068 3397 xi,
1125 3332 1215 3396 58)
1245 3346 1261 3398 ;
1300 3350 1324 3382 ι
1359 3331 1415 3386 id
1469 3339 1574 3398 est,
1607 3346 1774 3387 nemo
1807 3332 1968 3386 carni
1993 3338 2048 3388 et

236 3445 250 3460 ι
351 3416 623 3489 sanguini
684 3431 810 3473 meo
860 3417 1269 3485 communicat,
1317 3418 1427 3473 nisi
1498 3433 1673 3489 quem
1753 3419 2048 3489 inspiratio

351 3504 464 3560 mei
493 3506 721 3560 interna
753 3505 1028 3561 vivificat.

420 3593 624 3658 Pensa,
657 3593 706 3648 si
731 3593 837 3659 vis,
897 3593 1037 3662 quid
1081 3593 1250 3648 homo
1279 3593 1644 3650 damnandus
1674 3594 1767 3650 hic
1818 3595 2046 3662 habeat,

351 3694 526 3751 quem
567 3681 673 3737 sibi
705 3680 970 3736 diabolus
1000 3681 1074 3736 ad
1111 3681 1436 3752 gehennam
1467 3682 1619 3738 vitiis
1674 3683 2046 3740 innutriendo

351 3767 702 3824 mortificat?
743 3768 890 3825 Nam
935 3769 1268 3840 hujusmodi
1315 3770 1625 3839 hominem,
1659 3772 1814 3842 quod
1857 3781 2046 3828 tamen

347 3856 448 3912 Dei
475 3855 652 3913 solius
697 3856 1017 3914 discernere
1060 3860 1153 3926 sit,
1192 3873 1326 3915 cum
1373 3859 1446 3915 sit
1468 3861 1731 3929 provisus
1778 3861 1850 3916 ad
1885 3875 2046 3918 mor-

348 3947 482 4010 tem,
531 3943 820 4014 quomodo
869 3943 956 4000 vel
989 3945 1158 4001 semel
1207 3946 1264 4000 in
1308 3948 1446 4011 vita,
1502 3945 1676 4016 digne
1724 3947 1904 4003 sacris
1934 3948 2046 4004 illis

350 4030 694 4102 participare
735 4032 948 4099 valeat,
1013 4034 1344 4089 nullatenus
1401 4034 1585 4089 video.
1645 4033 1823 4102 Quem
1888 4036 2043 4092 enim

347 4119 482 4188 pani
513 4119 634 4190 (qui
662 4121 720 4176 in
741 4121 918 4176 vitam
949 4121 1123 4178 datur
1145 4133 1440 4190 eternam,
1482 4131 1536 4178 et
1567 4124 1667 4192 qui
1699 4126 1910 4195 pignus
1954 4139 2045 4180 sa-

349 4207 488 4264 lutis
515 4216 744 4264 eterne
777 4211 1038 4278 vocatur)
1091 4216 1312 4266 constat
1341 4211 1539 4280 procul
1570 4212 1746 4268 dubio
1780 4213 1901 4268 fieri
1931 4228 2046 4268 non

351 4309 513 4366 posse
559 4310 990 4366 concorporem.
1039 4305 1266 4353 tantum
1325 4312 1453 4354 reor
1498 4299 1556 4354 in
1604 4300 1711 4356 hoc
1759 4301 1968 4357 seculo
2013 4315 2048 4357 a

350 4383 471 4440 veri
518 4385 865 4441 sacramenti
921 4387 1250 4442 omnimoda
1297 4388 1654 4458 susceptione
1701 4389 2038 4458 discordem,

350 4483 638 4542 quantum
695 4472 754 4528 in
807 4473 1005 4531 futuro
1051 4475 1124 4531 ab
1181 4475 1356 4544 ipsius
1410 4491 1471 4532 re
1532 4477 1879 4534 sacramenti
1923 4493 2043 4534 esse

347 4560 633 4618 constabit
673 4571 982 4619 extorrem.
1030 4563 1166 4620 Dico
1206 4578 1478 4635 namque,
1513 4581 1618 4621 nec
1663 4580 1872 4622 sanum
1910 4567 2043 4638 quis

347 4648 578 4720 sapiens
607 4649 841 4707 diffiteri
891 4652 1116 4722 poterit,
1149 4653 1304 4722 quod
1355 4654 1456 4724 qui
1486 4655 1661 4710 semel
1701 4653 1844 4710 illud
1874 4654 2045 4726 digne

348 4739 681 4808 susceperit,
713 4740 829 4796 ullo
861 4743 1026 4796 modo
1055 4755 1254 4796 exsors
1273 4741 1347 4797 ab
1378 4749 1612 4810 eterna,
1646 4742 1816 4813 cujus
1843 4743 2044 4799 certis-

347 4828 560 4883 simum
616 4827 830 4898 pignus
884 4837 989 4893 est,
1047 4829 1232 4884 salute
1300 4843 1417 4885 non
1448 4831 1577 4886 erit.
1619 4831 1792 4887 Vides
1850 4830 2044 4900 itaque

347 4917 537 4984 cujus,
566 4928 639 4971 ex
669 4925 806 4982 toto,
841 4918 971 4973 usui
1006 4917 1282 4986 pertineat
1312 4933 1446 4974 esus
1477 4919 1598 4974 iste.

417 5003 598 5070 §Vfl.
633 5003 884 5072 Objectio
927 5008 980 5058 6.
1021 5035 1089 5045 -
1121 5005 1174 5061 Si
1227 5006 1487 5064 animum
1525 5007 1857 5064 insolentem
1911 5022 2043 5064 am-

351 5089 602 5162 biguitas
643 5091 839 5147 adhuc
882 5092 1000 5148 ulla
1047 5094 1352 5160 remordet,
1398 5094 1521 5166 lege
1566 5095 1717 5152 beati
1771 5096 2045 5167 Cypriani

351 5178 564 5234 librum
599 5179 679 5235 De
711 5179 901 5250 lapsis.
936 5179 1076 5246 illic,
1107 5181 1220 5238 nisi
1265 5181 1454 5250 fallor,
1505 5183 1765 5240 invenies
1793 5185 2042 5255 aliquos,

352 5266 453 5337 qui
519 5266 579 5322 in
649 5268 1041 5337 persecutione
1100 5271 1472 5327 conciderant
1540 5279 1596 5328 et
1644 5272 1714 5328 de
1779 5273 2047 5329 sacriﬁcii

353 5369 556 5411 cruore
593 5359 916 5424 gustarant,
956 5365 1204 5427 tempore
1254 5359 1408 5429 pacis
1437 5359 1674 5416 indulte
1705 5374 1772 5416 ac
1799 5361 1846 5417 si
1877 5361 2044 5418 inno-

353 5449 544 5500 centes
573 5443 836 5500 Ecclesiis
865 5459 924 5500 se
963 5444 1341 5502 immiscuisse
1373 5446 1646 5504 fidelium:
1680 5462 1750 5504 ac
1778 5462 1944 5518 eque
1982 5455 2048 5505 ut

350 5540 583 5587 ceteros
642 5531 792 5588 idem
851 5533 1129 5588 Dominici
1185 5536 1440 5604 corporis
1485 5537 1796 5605 suscepisse
1847 5550 2044 5593 sacra-

354 5629 632 5689 mentum,
667 5621 897 5692 aliquos
944 5621 1136 5678 nescio
1168 5635 1358 5679 mares
1403 5632 1507 5680 aut
1553 5623 1796 5680 feminas
1826 5623 2042 5690 nitidis,

2079 4378 2124 4432 Ι)
2156 4389 2326 4445 tantis
2384 4387 2685 4444 affectibus

2153 3153 2308 3209 enim
2356 3166 2424 3209 ac
2481 3154 2645 3210 malis
2723 3153 2956 3209 interim
3007 3153 3250 3210 facultas
3341 3154 3448 3208 ista
3499 3151 3858 3222 suppeditat,

2154 3241 2344 3296 nes-io
2377 3249 2647 3297 utrumne
2689 3240 2777 3297 vel
2809 3240 3000 3310 ipsum
3029 3249 3454 3296 sacramentum
3476 3247 3702 3302 sumat;
3735 3239 3861 3295 scio

2153 3337 2344 3385 tamen
2374 3329 2548 3400 quod,
2581 3343 2654 3386 ex
2695 3343 2761 3385 eo
2785 3329 2941 3400 quod
2972 3330 3217 3386 estimat
3250 3337 3676 3384 sacramentum
3703 3341 3858 3392 esse,

2153 3431 2213 3473 se
2240 3418 2494 3474 damnat.

2223 3507 2250 3572 §
2284 3505 2426 3562 VIII.
2465 3504 2716 3572 Obiectio
2745 3509 2797 3558 7.
2827 3533 2899 3546 —
2936 3503 3082 3572 Quid
3115 3504 3271 3575 quod
3307 3518 3341 3559 a
3369 3503 3653 3568 muribus,
3685 3502 3858 3558 cani-

2153 3593 2381 3663 busque
2451 3594 2825 3664 absumptum
2875 3592 3229 3656 audivimus,
3290 3591 3445 3660 quod
3499 3591 3859 3661 negligentia

2152 3682 2456 3738 custodum
2491 3689 2656 3751 putre
2673 3689 2776 3736 aut
2806 3681 3103 3736 mucidum
3144 3680 3404 3749 disperit,
3433 3681 3586 3748 quod
3619 3679 3857 3734 casibus

2150 3770 2393 3826 diversis
2423 3769 2730 3831 addicitur.
2780 3769 2936 3840 quod
2983 3769 3235 3839 denique
3261 3769 3510 3824 ﬂammis
3539 3767 3854 3823 aduritur?

2150 3858 2242 3915 An
2270 3858 2496 3927 corpori
2530 3864 2894 3914 sacrosancto
2924 3857 3079 3927 quod
3109 3871 3300 3912 mures
3324 3855 3664 3920 abroserint,
3691 3857 3856 3926 quod

2149 3959 2322 4002 canes
2371 3945 2844 4015 prolambuerint,
2894 3944 3296 4014 applicabitur,
3331 3951 3394 4000 ut
3423 3944 3576 4014 quod
3606 3944 3677 3998 ad
3721 3944 3856 3999 ani-

2151 4049 2260 4091 me
2309 4034 2500 4104 potius
2549 4047 2726 4104 quam
2777 4035 3033 4103 corporis
3088 4047 3256 4088 usum
3317 4033 3446 4088 fidei
3489 4040 3695 4088 nostre
3748 4032 3856 4088 vix

2150 4122 2602 4193 magnanimitas
2659 4130 2966 4182 emeretur.
3005 4121 3114 4177 hoc
3145 4122 3398 4192 gratuito
3451 4121 3703 4176 murium
3751 4136 3856 4176 ca-

2150 4226 2412 4281 numque
2459 4211 2730 4266 dentibus
2788 4210 3140 4280 apparetur?
3200 4211 3462 4266 Dicemus
3506 4224 3640 4279 ergo
3688 4212 3850 4278 quod

2149 4299 2355 4356 vilium
2409 4299 2778 4355 bestiolarum
2831 4299 3028 4354 dentes
3091 4297 3332 4353 fortuitu
3387 4297 3620 4362 molant,
3687 4299 3849 4366 quod

2761 4395 2958 4457 totque
3025 4402 3158 4442 cum
3218 4387 3488 4456 lacrymis
3534 4385 3845 4442 Christiani

2151 4476 2444 4547 presules,
2475 4491 2609 4532 cum
2651 4475 2755 4546 piis
2794 4476 3084 4546 gregibus,
3103 4475 3327 4530 Christo
3367 4481 3556 4530 tamen
3584 4488 3846 4544 prepon-

2149 4565 2420 4632 tificante,
2465 4563 2803 4621 immolant?
2860 4564 2996 4630 Hoc,
3049 4579 3264 4634 queso,
3313 4563 3581 4621 omnibus
3629 4564 3842 4619 sanctis

2149 4656 2383 4710 omnino
2420 4652 2782 4709 oblitteretur
2813 4666 2847 4708 a
2875 4653 3158 4709 sensibus.

2221 4742 2496 4811 Superius
2553 4748 2777 4798 constat
2835 4749 3134 4810 utcunque
3189 4739 3514 4810 probatum,
3569 4738 3641 4794 ad
3709 4737 3838 4793 fidei

2151 4844 2303 4886 vere
2345 4829 2669 4885 subsidium
2715 4829 2820 4885 hoc
2865 4829 3123 4885 muneris
3151 4842 3186 4883 a
3228 4829 3342 4883 Deo
3393 4827 3734 4898 prestitum;
3781 4835 3844 4883 et

2150 4918 2307 4990 quod
2339 4918 2516 4974 solius
2546 4917 2676 4974 fidei
2721 4917 2921 4972 merito
2950 4916 3311 4983 attribuitur,
3357 4915 3519 4970 nulla
3556 4921 3838 4970 creatura.

2152 5007 2261 5063 nisi
2321 5020 2452 5062 vere
2511 5006 2694 5062 fidelis
2741 5005 2874 5062 hinc
2927 5006 3197 5075 pascitur.
3242 5005 3476 5059 Etcum
3531 5002 3636 5058 hoc
3672 5003 3842 5060 unico

2151 5095 2278 5152 cibo
2309 5109 2444 5150 vera
2469 5109 2840 5166 quorumque
2890 5093 3028 5148 fides
3059 5093 3272 5160 alatur,
3325 5089 3658 5148 nullatenus
3697 5103 3840 5146 con-

2151 5191 2263 5240 stat
2291 5197 2410 5240 8888
2457 5190 2907 5250 sacramentum,
2958 5181 3170 5238 nedum
3200 5187 3470 5250 praestare
3501 5192 3619 5235 rem
3651 5191 3838 5234 sacra-

2153 5273 2347 5340 menti,
2419 5279 2723 5342 postquam
2773 5271 2847 5326 ad
2906 5269 3111 5340 impias
3163 5270 3389 5325 animas
3435 5275 3492 5324 et
3567 5267 3838 5324 animalia

2151 5362 2322 5418 bruta
2367 5361 2729 5432 transigitur.
2771 5358 2934 5424 Quod
2982 5359 3028 5413 si
3063 5359 3171 5414 hoc
3218 5357 3488 5427 mysterio
3519 5363 3721 5412 nostre
3753 5371 3840 5413 re-

2152 5449 2495 5518 demptionis
2551 5447 2875 5511 ascribitur,
2915 5460 3008 5502 res
3053 5454 3263 5502 nostre
3323 5444 3682 5502 credulitatis
3744 5445 3841 5503 ad-

2153 5536 2424 5592 versariis
2452 5537 2619 5592 valde
2663 5535 2906 5591 ridicula
2950 5542 3338 5605 promovetur.
3389 5533 3442 5590 Si
3475 5533 3629 5590 enim
3651 5548 3841 5591 occen-

2151 5624 2264 5682 tari
2311 5633 2550 5695 possunt
2592 5625 2694 5695 qui
2737 5637 2913 5694 super
2963 5622 3260 5679 Dominico
3311 5636 3550 5692 corpore
3603 5621 3838 5682 libenter
