3936 6420
55 397 143 451 641
1116 390 1208 445 DE
1251 389 1676 446 PIGNORIBUS
1716 389 2247 446 SANCTORUM.—
2278 391 2401 445 LIB.
2445 390 2515 445 II.

3461 390 3564 445 642

49 527 366 596 disputant,
395 531 451 579 et
484 523 539 578 id
571 522 841 593 figuram,
879 536 993 576 non
1033 521 1331 576 veritatem
1361 534 1482 576 esse
1526 519 1747 588 volunt,
1788 525 1835 576 A
1861 530 1956 577 tur
1977 521 2114 577 dum
2144 522 2298 592 quod
2323 522 2411 577 isti
2445 522 2613 592 quasi
2644 535 2748 592 pro
2769 535 2876 577 sua
2906 521 3185 592 dignitate
3207 521 3428 592 aliquid
3457 529 3561 590 est,

50 614 199 685 quod
230 613 432 669 bestiis
468 620 523 667 et
567 610 904 666 hominibus
931 622 1239 665 commune
1267 608 1339 664 sit
1378 609 1550 675 idem,
1598 608 1748 664 facili

46 701 551 774 argumentatione
610 713 716 755 nos
780 698 1074 769 subigent,
1132 705 1186 753 et
1232 711 1305 753 ex
1355 697 1474 753 solo
1536 699 1752 767 pudore

44 790 410 847 bebetudinis
447 795 658 844 nostra
709 787 1072 853 convincent,
1125 786 1264 841 dum
1314 794 1513 841 nostra
1559 800 1751 841 sacra-

45 888 235 936 menta
253 878 590 935 hominibus
620 891 688 933 ac
715 875 911 931 bestiis
941 876 1274 931 communia
1297 875 1504 931 dicent.

110 969 197 1024 Ad
272 967 444 1023 fidem
501 980 637 1037 ergo
695 965 940 1021 ubilibet
998 963 1343 1033 reperiatur,
1404 964 1751 1019 sacramenti

44 1059 256 1114 veritas
284 1057 591 1123 habeatur,
643 1054 715 1110 ad
752 1054 1065 1110 incidentes
1100 1053 1414 1109 bestiarum
1456 1067 1557 1108 seu
1600 1066 1752 1122 quo-

40 1146 317 1202 rumlibet
349 1144 600 1200 aliorum
639 1142 1042 1198 discriminum
1083 1155 1271 1207 casus,
1325 1140 1463 1210 quia
1512 1152 1623 1195 non
1671 1146 1754 1195 est

44 1234 182 1290 ﬁdes
224 1235 319 1290 cui
366 1234 605 1293 hareat.
656 1230 980 1286 substantia
1019 1243 1150 1300 qua
1197 1229 1360 1299 prius
1412 1229 1598 1284 fuerat
1650 1228 1752 1283 ha-

43 1320 268 1386 beatur,
315 1318 506 1389 potius
550 1330 730 1387 quam
795 1328 1001 1370 navus
1050 1314 1131 1369 illi
1178 1315 1365 1369 unica
1412 1314 1749 1380 sinceritati,

41 1415 217 1463 tanta
265 1405 650 1475 turpitudinis
701 1404 988 1459 inuratur.
1037 1401 1090 1457 Si
1141 1403 1316 1469 enim,
1368 1402 1507 1457 dum
1538 1403 1750 1468 uritur,

43 1495 181 1550 dum
204 1494 462 1564 putrefit,
494 1493 632 1548 dum
665 1490 907 1557 roditur,
928 1482 1354 1559 'lambiturque,
1397 1489 1592 1545 eadem
1622 1489 1753 1544 ubi-

44 1599 157 1654 que
204 1584 503 1652 majestate
546 1580 820 1651 procedit,
877 1587 1037 1634 tanta
1086 1579 1271 1650 gloria
1323 1578 1468 1634 nulli
1513 1578 1753 1633 miseriae

44 1686 158 1727 non
207 1670 473 1740 subjecta
521 1669 761 1724 decedit.
806 1668 873 1722 Et
928 1666 1055 1722 licet
1103 1667 1171 1721 iis
1211 1666 1475 1722 videatur
1528 1666 1754 1720 addicta

42 1760 343 1830 periculis,
384 1772 498 1813 non
550 1765 740 1814 tamen
772 1763 982 1811 vacant
1031 1769 1065 1810 a
1097 1755 1376 1825 gravibus
1424 1755 1755 1809 animarum

43 1863 287 1905 suarum
340 1846 554 1912 exitiis,
618 1843 722 1915 qui
771 1851 943 1900 tanta
987 1844 1066 1899 rei
1129 1844 1431 1913 prastituti
1485 1842 1758 1898 videntur

43 1952 163 1993 esse
212 1936 517 2001 custodiis,
575 1948 781 2003 corpus
841 1932 1062 1987 Domini
1122 1946 1256 1987 vere
1328 1932 1577 2001 produnt
1655 1931 1753 2001 qui

49 2027 101 2081 id
157 2025 535 2081 observantia
576 2023 752 2093 digna
792 2022 1131 2077 destituunt.
1200 2021 1358 2085 Quod
1407 2028 1597 2075 tamen
1659 2035 1757 2075 sa-

48 2123 415 2171 cramentum
448 2126 560 2168 non
591 2119 695 2173 est.
729 2111 866 2166 dum
915 2110 1119 2166 transit
1153 2110 1209 2164 in
1247 2117 1491 2165 externa
1514 2109 1754 2177 pabula;

49 2204 156 2258 illis
185 2216 326 2259 vero
356 2209 442 2257 est
490 2200 737 2271 proditio
772 2199 947 2255 totius
986 2198 1109 2254 veri
1153 2198 1409 2268 mysterii
1437 2207 1492 2253 et
1539 2197 1757 2253 crimen

48 2291 391 2347 desertionis
412 2289 713 2346 horrenda
743 2287 962 2359 quibus
1003 2287 1085 2343 rei
1113 2285 1294 2357 hujus
1322 2294 1445 2342 erat
1479 2285 1760 2342 attributa

50 2378 373 2451 diligentia.

120 2468 147 2539 §
182 2469 283 2524 IX.
308 2467 709 2536 Objectionum
736 2481 983 2521 summa.
1019 2496 1088 2505 —
1128 2464 1229 2519 His
1260 2463 1413 2520 ultra
1452 2477 1628 2534 quam
1657 2478 1761 2533 pu-

52 2565 389 2614 taveramus
417 2555 789 2623 digrediendo
838 2553 1114 2621 tractatis,
1168 2553 1288 2608 hac
1323 2553 1536 2607 nostris
1586 2565 1760 2622 super

50 2647 158 2703 hac
188 2660 251 2702 re
277 2645 645 2701 sermonibus
673 2642 935 2699 clausula
967 2652 1349 2711 supponatur,
1386 2646 1451 2696 ut
1480 2640 1624 2696 nulli
1659 2642 1762 2696 hu-

52 2749 259 2803 mana,
292 2735 411 2790 imo
440 2734 741 2801 terrigena
771 2739 1052 2787 creatura
1102 2730 1266 2785 cibus
1297 2729 1421 2795 iste,
1472 2729 1528 2783 in
1563 2742 1759 2799 quan-

53 2831 172 2880 tum
224 2820 808 2893 supersubstautialis
856 2819 1088 2884 dicitur,
1145 2820 1201 2872 in
1259 2817 1598 2873 alimentum
1652 2817 1759 2873 nisi

50 2926 179 2968 vere
238 2911 522 2977 fidelium,
556 2916 609 2965 et
657 2910 728 2964 ad
777 2908 957 2964 vitam
1002 2908 1537 2978 pradestinatornm
1589 2914 1760 2962 ater-

49 3015 182 3057 nam
240 2999 516 3057 devenire
566 3012 723 3068 posse
789 2997 1077 3053 credatur.
1119 2994 1283 3063 Quod
1331 2995 1378 3050 si
1443 2995 1756 3061 devenerit,

1865 609 1953 664 isti
1988 623 2090 679 pro
2116 610 2457 681 indignitate
2485 624 2592 665 sua
2619 609 2762 665 nihil
2794 609 2943 665 illico
2982 609 3100 675 ﬁat,
3141 617 3195 666 et
3233 616 3404 665 tanta
3443 624 3563 665 ma-

1854 697 2077 768 jestatis
2112 698 2484 754 eminentiam
2533 698 2723 754 miseri
2776 698 3182 754 bomuncionis
3231 698 3567 769 malignitas

1859 795 2088 857 repente
2118 787 2409 844 destituat.
2442 787 2538 843 [lle
2570 789 2783 857 quippe
2817 787 2945 857 qui,
2974 788 3031 842 in
3066 787 3333 857 prasenti
3363 801 3561 858 agens,

1860 891 1976 931 non
2006 875 2200 932 minus
2226 876 2386 932 Iuda
2415 877 2653 946 suisque
2693 876 3158 945 persecutoribus
3208 889 3387 945 quam
3440 876 3566 932 Ma-

1862 963 1960 1018 ria
1991 964 2229 1033 suisque
2252 963 2627 1034 complicibus
2661 978 2720 1019 se
2763 964 3119 1020 tractabilem
3155 964 3422 1034 prabuit,
3464 962 3563 1035 qui

1859 1051 2033 1107 etiam
2065 1059 2215 1107 retro
2246 1052 2505 1108 abituros
2536 1052 2740 1123 (Marc.
2773 1067 2891 1119 VIII,
2929 1054 3019 1121 33)
3062 1053 3130 1106 ad
3175 1067 3349 1108 suum
3395 1052 3563 1107 disci-

1862 1140 2122 1208 pulatum
2167 1140 2476 1212 dignanter
2530 1140 2764 1211 ascivit;
2819 1141 2918 1210 qui
2973 1141 3145 1196 etiam
3203 1155 3364 1196 nunc
3412 1140 3565 1197 Patri

1862 1242 2223 1298 conregnans
2238 1228 2414 1283 solem
2449 1243 2621 1285 suum
2648 1228 2811 1284 bonis
2837 1242 3003 1299 aque
3034 1237 3097 1284 ut
3128 1228 3296 1283 malis
3348 1229 3564 1299 imper-

1862 1317 1928 1373 tit
1958 1316 2180 1388 (Matth.
2216 1333 2271 1383 v,
2303 1318 2420 1387 45);
2457 1318 2557 1387 qui
2602 1317 2795 1385 etiam,
2834 1317 3006 1388 juxta
3038 1317 3286 1373 Danielis
3324 1317 3563 1385 librum,

1861 1407 2010 1462 sicut
2040 1405 2307 1462 fidelibus
2338 1406 2417 1461 sic
2465 1406 2699 1476 perfidis
2746 1406 3064 1477 angelicam
3112 1405 3430 1462 custodiam
3463 1405 3567 1461 de-

1862 1494 2093 1566 legavit,
2127 1495 2281 1565 quod
2316 1495 2374 1549 in
2409 1495 2684 1550 Michaele
2729 1494 3100 1549 Hebraorum
3151 1495 3428 1564 principe,
3468 1493 3562 1549 cui

1861 1584 2189 1638 Gracorum
2240 1582 2506 1652 princeps
2552 1582 2940 1649 obnitebatnr,
2990 1584 3233 1637 ostendit
3265 1583 3439 1647 (Dan.
3485 1596 3564 1648 χι,

1874 1675 2003 1740 t3):
2060 1685 2366 1741 nunquam
2423 1670 2773 1726 credendum
2815 1678 2918 1737 est,
2967 1671 3120 1739 quod
3173 1670 3230 1724 in
3278 1671 3382 1725 hoc
3425 1677 3568 1725 tem-

1869 1774 2002 1829 pore
2047 1773 2403 1830 quemquam
2450 1773 2485 1814 a
2522 1759 2643 1814 suis
2687 1759 3061 1815 sacramentis
3093 1758 3364 1828 excipiat,
3415 1772 3567 1828 pra-

1868 1850 2061 1904 sertim
2111 1863 2240 1904 cum
2301 1855 2529 1918 tempus
2585 1847 2890 1903 miserendi
2950 1848 3022 1903 sit
3084 1847 3267 1913 (Psal.
3324 1862 3397 1915 cr,
3456 1848 3568 1916 tit),

1868 1953 1985 2008 quo
2016 1938 2302 1992 neminem
2338 1951 2369 1991 a
2401 1952 2508 1992 sua
2535 1937 2837 2007 largitione
2870 1943 3209 2006 sequestrat.

1942 2025 2240 2080 Innumeri
2270 2042 2338 2080 ex
2356 2024 2432 2079 iis
2458 2041 2581 2096 qua
2600 2026 2820 2095 objecta
2836 2029 2977 2080 sunt
2998 2023 3075 2095 (si
3101 2023 3567 2092 admitterentur)

1864 2130 2088 2170 errores
2114 2117 2289 2186 atque
2307 2113 2667 2169 incommoda
2692 2116 2995 2170 scaterent.
3018 2144 3087 2152 —
3107 2113 3266 2180 Quod
3299 2112 3347 2168 si
3383 2121 3573 2169 extor-

1866 2216 1958 2260 res
1985 2218 2080 2259 eos
2110 2217 2144 2259 a
2170 2205 2317 2258 dono
2356 2203 2458 2258 isto
2490 2216 2649 2258 nunc
2693 2202 2922 2269 faceret,
2958 2202 3013 2256 in
3051 2201 3269 2272 judicio
3312 2201 3452 2272 quid
3497 2201 3567 2257 ab

1865 2292 1947 2348 eis
1976 2292 2249 2363 exigeret,
2293 2291 2509 2361 quibus
2538 2289 2682 2346 nihil
2723 2304 2897 2360 super
2946 2290 3054 2345 hac
3100 2290 3284 2359 gratia
3324 2290 3381 2344 in
3426 2303 3572 2359 pra-

1866 2380 2013 2437 senti
2065 2380 2466 2436 commisissetl
2540 2379 2658 2434 Etsi
2722 2380 2872 2448 apud
2941 2379 3232 2448 improbos
3289 2378 3571 2433 sententia

1866 2468 1977 2524 ista
1996 2476 2299 2534 constaret,
2338 2473 2487 2521 346
2530 2467 2683 2537 quod
2733 2467 2948 2523 scilicet
2990 2468 3326 2537 improbitas
3368 2479 3571 2522 eorum

1867 2563 2228 2613 sacramenta
2256 2556 2635 2621 subverteret,
2673 2554 2890 2611 frustra
2917 2569 3076 2610 mens
3106 2569 3304 2611 eorum
3354 2555 3422 2610 de
3465 2568 3573 2610 sua

1868 2645 2119 2700 fmditate
2189 2651 2488 2708 metueret,
2545 2652 2677 2714 qua
2730 2658 2941 2713 corpus
2998 2642 3215 2699 Domini
3294 2658 3394 2712 pro
3463 2656 3570 2699 sua

1868 2734 2127 2804 nequitia
2174 2733 2245 2789 ad
2321 2733 2569 2803 priorem
2617 2733 3003 2788 substantiam
3065 2732 3251 2788 redire
3299 2733 3567 2802 sentiret;

1868 2823 2023 2879 verbi
2070 2823 2279 2893 gratia,
2322 2836 2451 2877 ecce
2506 2824 2697 2877 nescio
2737 2820 3065 2892 fragilitatis
3117 2834 3255 2876 mea
3307 2822 3572 2876 conscius

1869 2919 2069 2967 utrum
2125 2910 2254 2966 odio
2308 2923 2383 2965 an
2432 2923 2626 2965 amore
2681 2909 2787 2965 sim
2839 2909 3297 2980 dignns(Eccle.
3349 2923 3427 2978 ix,
3493 2910 3570 2977 1).

1868 3013 2002 3054 cum
2046 2999 2118 3054 ad
2150 3005 2508 3053 sacramenta
2540 2996 2634 3052 illa
2689 3011 2997 3059 accessero,
3047 2998 3187 3068 quid
3235 2998 3377 3067 spei,
3429 2998 3573 3068 quid
3617 3002 3625 3010 '

46 3090 189 3146 nihil
218 3088 383 3145 aliud
441 3101 617 3158 quam
671 3100 815 3157 pure
857 3086 1020 3155 panis
1056 3098 1177 3141 esse
1219 3091 1472 3154 putetur,
1534 3098 1605 3139 ne
1655 3083 1759 3139 hoc
1799 3098 1840 3153 ο
1874 3088 2098 3143 fructus
2124 3087 2253 3143 inde
2293 3100 2383 3142 me
2436 3085 2757 3141 relaturum
2812 3086 3043 3141 credere
3092 3093 3307 3155 potero,
3360 3088 3407 3141 si
3450 3100 3574 3156 pro-

48 3186 239 3234 tamen
305 3178 528 3233 dictum
571 3183 823 3246 repetere
875 3175 1044 3245 piget,
1079 3172 1220 3243 quia
1267 3172 1313 3227 si
1364 3170 1610 3227 infidelis
1658 3177 1759 3225 aut

48 3280 289 3337 prorsus
336 3265 616 3335 indignus
667 3263 920 3329 accedat,
961 3276 1035 3318 ex
1091 3276 1157 3318 eo
1201 3262 1356 3332 quod
1399 3260 1761 3330 impudenter

48 3356 118 3411 ad
146 3369 217 3412 ea
260 3368 399 3426 qua
427 3353 536 3408 sibi
589 3366 704 3408 non
742 3357 1075 3421 competunt
1116 3365 1173 3406 se
1222 3350 1453 3421 ingerit,
1506 3362 1565 3405 se
1615 3363 1758 3405 con-

47 3452 288 3509 cremat,
335 3457 443 3497 nec
491 3449 683 3497 tamen
735 3440 886 3497 credi
929 3439 1056 3495 licet
1100 3439 1255 3509 quod
1297 3446 1455 3493 tanta
1508 3436 1760 3508 dignitas

48 3534 187 3589 adeo
246 3532 415 3588 fada
472 3529 806 3586 habitationi
867 3528 1169 3595 cohareat,
1220 3527 1315 3582 sed
1361 3527 1509 3582 sicut
1542 3525 1758 3596 'bapti-

46 3634 207 3677 smus
237 3626 480 3677 sanctus
508 3626 590 3673 est
637 3626 694 3673 et
720 3618 1023 3673 benevolos
1054 3624 1282 3671 sanctos
1312 3615 1462 3681 facit,
1514 3615 1591 3671 ita
1630 3628 1759 3670 ma-

45 3709 266 3773 levolis,
305 3717 515 3778 prater
542 3720 662 3761 sua
707 3704 930 3761 fraudis
961 3704 1199 3771 crimen,
1234 3704 1310 3758 nil
1362 3703 1519 3759 aliud
1580 3717 1758 3773 quam

45 3798 281 3868 publica
317 3795 479 3851 unda
532 3793 682 3849 facit.
726 3794 859 3850 Hac
900 3806 1001 3863 pro
1029 3806 1155 3847 meo
1195 3799 1368 3861 captu
1400 3791 1546 3852 dico.
1602 3799 1657 3846 et
1685 3793 1754 3848 ad

47 3886 237 3948 fidem,
289 3884 407 3940 Deo
450 3890 608 3950 teste,
659 3883 802 3938 dico.
856 3881 911 3937 Si
955 3883 1088 3951 quis
1129 3880 1296 3937 aliter
1342 3880 1570 3946 sentiat,
1604 3879 1759 3935 vide-

47 3976 120 4031 rit
159 3984 221 4031 ut
243 3987 458 4030 sanum
488 3971 689 4042 sapiat.

729 4059 956 4117 CAPUT
988 4058 1087 4114 IV.

119 4151 324 4223 ξι-
368 4149 581 4205 Contra
631 4148 772 4216 hac,
821 4148 1016 4203 minus
1074 4153 1458 4216 temperanter
1520 4151 1752 4213 asserta,

51 4239 323 4304 breviori,
374 4236 516 4308 quia
557 4235 962 4306 temperatiori,
1029 4235 1466 4291 ratiocinatione
1517 4247 1756 4303 respon-

51 4328 244 4384 deam.

1869 3184 1995 3247 pter
2035 3182 2264 3246 peccata
2316 3188 2443 3230 mea
2489 3181 2708 3229 tantam
2758 3188 2877 3230 rem
2927 3174 3220 3229 annullari
3271 3175 3572 3244 desperata

1869 3272 2058 3320 mente
2089 3264 2451 3335 cognovero?
2484 3264 2553 3318 Et
2593 3264 2729 3333 quis
2771 3264 2827 3318 in
2873 3276 3045 3318 carne
3088 3263 3304 3333 positus
3350 3263 3571 3333 aliquo-

1870 3356 1971 3410 ties
1999 3368 2115 3410 non
2140 3354 2209 3409 de
2248 3366 2354 3408 sua
2399 3352 2670 3409 electione
2710 3350 3245 3417 diffidat!.Quoties
3281 3364 3417 3422 ergo
3464 3350 3569 3406 mi-

1868 3443 2017 3499 seria
2038 3442 2178 3497 mihi
2205 3455 2344 3497 mea
2395 3440 2774 3496 humanitatis
2822 3439 3123 3511 ingruerit,
3174 3439 3463 3495 accedenti
3496 3439 3570 3495 ad

1868 3530 2226 3586 Dominicam
2269 3543 2524 3585 mensam
2551 3542 2761 3599 corpus
2800 3529 3027 3584 Domini
3073 3542 3179 3583 nec
3236 3541 3571 3583 sacramen-

1869 3623 2015 3685 tum,
2050 3634 2156 3676 nec
2202 3633 2295 3677 res
2341 3619 2685 3674 sacramenti
2735 3618 2875 3674 mihi
2916 3618 3061 3673 erit?
3103 3617 3432 3674 Consideret
3464 3618 3571 3673 ita-

1869 3722 1983 3778 que
2015 3708 2243 3777 sapiens
2274 3715 2508 3777 quanta
2551 3706 3023 3762 inconvenientia
3051 3720 3125 3761 ex
3156 3706 3262 3761 hac
3308 3705 3574 3774 opinione

1868 3804 2236 3868 generentur,
2279 3803 2332 3852 et
2377 3795 2702 3851 ﬁrmissime
2746 3795 2868 3849 sine
2911 3808 3090 3863 prava
3132 3794 3251 3851 ulla
3294 3794 3572 3864 interpre-

1869 3885 2084 3940 tatione
2108 3884 2336 3951 sentiat,
2367 3883 2507 3955 quia
2542 3905 2563 3932 ι
2610 3883 2718 3950 Qui
2748 3884 3080 3951 manducat,
3110 3882 3283 3952 juxta
3327 3884 3574 3952 Aposto-

1866 3971 2011 4043 lum,
2058 3987 2270 4043 corpus
2309 3974 2456 4030 idem
2494 3973 2745 4042 indigne,
2789 3971 3076 4043 judicium
3119 3971 3228 4027 sibi
3275 3985 3379 4041 pro
3419 3979 3573 4027 certo

1867 4062 2180 4119 manducat
2212 4060 2268 4134 (I
2303 4063 2438 4117 Cor.
2471 4076 2551 4127 χι,
2583 4064 2693 4127 29).
2729 4083 2755 4109 ››

1937 4151 1966 4222 ς
2002 4151 2071 4206 II.
2102 4148 2238 4218 Qui:
2264 4148 2619 4204 sacramenti
2656 4146 2912 4220 gratiam
2938 4145 3252 4219 percipiat,
3278 4146 3436 4202 solus
3462 4163 3572 4202 no-

1863 4241 1947 4294 vit
1976 4243 2139 4294 Deus.
2171 4268 2241 4279 -
2281 4239 2528 4294 Remotis
2564 4239 2741 4308 igitur
2783 4236 3039 4307 pessimis
3081 4246 3136 4293 et
3188 4252 3319 4308 qua
3364 4236 3571 4292 infiniti

1866 4328 2080 4384 erroris
2108 4340 2285 4384 causa
2313 4334 2449 4384 sunt
2478 4326 2869 4397 indaginibus,
2905 4327 3010 4382 hoc
3062 4328 3251 4383 solum
3291 4326 3576 4399 cogitetur

125 4415 507 4473 Verissimnm
537 4414 768 4484 quidem
796 4420 879 4470 est
919 4413 1074 4484 quod
1131 4411 1483 4469 encliaristia
1525 4411 1754 4482 proprie
1792 4401 1836 4455 Ῑ)
1867 4417 2022 4488 quod
2053 4423 2480 4472 sacramentum
2513 4424 2568 4471 et
2589 4429 2679 4471 res
2719 4415 3063 4471 sacramenti
3096 4415 3305 4487 dignis,
3361 4416 3484 4472 sine
3515 4429 3575 4471 re

56 4506 360 4576 proprium
396 4517 546 4559 vera
576 4502 703 4558 ﬁdei
732 4503 804 4558 sit
831 4502 1207 4557 alimentum.
1235 4500 1339 4556 Sed
1367 4508 1570 4556 contra
1611 4498 1753 4556 illud

56 4595 206 4665 quod
259 4593 534 4663 indignis,
575 4605 688 4647 non
731 4591 899 4646 modo
928 4604 1018 4646 res
1064 4589 1429 4657 sacramenti,
1485 4590 1604 4655 sed,
1643 4603 1756 4645 non

54 4698 177 4740 esse
230 4688 663 4739 sacramentum
709 4679 943 4746 dicitur,
1001 4693 1117 4735 non
1158 4678 1343 4733 solum
1393 4676 1753 4743 auctoritate,

56 4774 171 4839 sed,
232 4771 459 4828 etiamsi
527 4769 651 4840 ipsa
719 4769 951 4834 deesset,
1004 4767 1261 4839 plurima
1321 4768 1541 4823 ratione
1597 4765 1759 4822 reni-

56 4862 254 4917 timur.

126 4949 503 5019 Refelluntur
520 4944 879 5015 objectiones.
900 4945 989 5000 Ab
1011 4943 1202 5018 dignis
1218 4946 1274 4998 et
1290 4942 1589 4999 scelerati:
1610 4945 1761 4998 tota:

51 5038 366 5111 mcipitur
398 5037 684 5091 Christus.
717 5065 784 5075 -
812 5035 1000 5090 Primo
1028 5035 1073 5090 si
1105 5034 1360 5105 quidem,
1381 5033 1521 5103 quia
1563 5033 1762 5087 incon-

54 5131 296 5185 veniens
332 5126 502 5182 valde
532 5132 615 5180 est
648 5132 711 5180 nt
744 5124 1100 5180 mutabilitas
1132 5131 1187 5179 et
1234 5121 1537 5178 alternatio
1588 5122 1760 5177 tantis

58 5218 343 5288 mysteriis
392 5213 739 5280 ascribatur,
781 5220 844 5268 ut
889 5212 1045 5283 quod
1099 5215 1258 5268 Petro
1321 5218 1377 5266 et
1433 5223 1760 5266 sacramen-

58 5315 179 5363 tum
210 5314 267 5363 et
315 5318 438 5363 rem
486 5303 831 5360 sacramenti
880 5301 1247 5372 prastiterit,‘
1277 5302 1383 5357 hoc
1429 5302 1591 5357 Juda
1620 5302 1760 5357 sub-

58 5397 252 5453 eodem
292 5400 586 5451 momento
619 5398 890 5447 neutrum
924 5390 1259 5455 constiterit,
1300 5398 1366 5445 ut
1404 5389 1763 5459 baptismatis

60 5499 233 5557 aqua,
279 5497 435 5555 qua,
487 5488 612 5552 post
654 5478 995 5536 sacramenti
1045 5478 1501 5549 perfunctionem
1530 5477 1761 5533 subter-

59 5575 247 5631 raneis
266 5572 518 5629 admista
551 5569 834 5635 Iaticibus,
858 5567 940 5623 nil
954 5568 1072 5638 jam
1099 5564 1269 5623 refert
1295 5563 1546 5637 [differt.,
1568 5565 1632 5619 E.
1674 5564 1756 5637 P.J

10 5713 19 5729 ,
61 5665 130 5720 ab
159 5662 334 5734 aquis
354 5656 786 5721 communibus,
823 5657 881 5711 in
906 5655 1066 5712 nullo
1101 5652 1539 5725 praponderare
1563 5652 1761 5712 videa-

1867 4514 2057 4562 antem
2121 4504 2486 4569 sacramenti,
2549 4503 2795 4573 simplex
2855 4511 3283 4560 sacramentum
3358 4510 3575 4560 constet
3662 4568 3667 4575 _

1868 4592 2138 4665 indignis.
2196 4592 2453 4660 Qualiter
2503 4600 2697 4648 autem
2748 4599 3009 4648 versetur
3071 4592 3129 4647 in
3202 4593 3572 4663 indignorum

1866 4684 2076 4739 animis
2121 4689 2297 4753 atque
2363 4682 2728 4752 corporibus,
2777 4681 2893 4750 ipse
2945 4681 3104 4737 solus
3166 4682 3348 4747 novit,
3406 4681 3576 4751 cujus

1866 4770 2191 4828 substantia
2252 4784 2606 4840 quocunque
2649 4769 3038 4839 dispertiatur,
3093 4768 3380 4839 quidquid
3444 4769 3575 4824 inde

1867 4860 2181 4931 contingat,
2224 4874 2328 4915 nec
2377 4873 2580 4929 perire,
2624 4873 2727 4916 nec
2774 4859 2995 4928 uspiam
3038 4858 3390 4914 obsolescere
3440 4871 3574 4928 pos-

1866 4949 1957 5005 sit.
1991 4949 2095 5006 Cui
2125 4948 2263 5005 illud
2285 4948 2679 5018 parabolicum
2720 4947 3038 5004 Salomonis
3079 4961 3193 5001 non
3232 4946 3575 5002 inconcinne

1867 5044 2171 5109 coaptatur
2202 5052 2216 5091 :
2243 5058 2264 5085 ε
2291 5036 2501 5105 Sortes,
2537 5038 2745 5107 inquit,
2781 5036 3094 5093 mittuntur
3135 5037 3191 5090 in
3222 5035 3437 5098 sinum,
3477 5035 3573 5090 sed

1869 5141 1903 5183 a
1954 5126 2194 5183 Domino
2262 5133 2659 5195 temperantur
2716 5126 2910 5194 (Prov.
2992 5140 3108 5191 xw,
3170 5123 3281 5193 33).
3347 5145 3369 5172 »
3436 5122 3574 5191 Qua

1869 5223 2069 5277 sortes,
2128 5214 2208 5271 nil
2268 5214 2474 5271 melius
2523 5229 2698 5285 quam
2747 5215 2850 5270 soli
2906 5215 3020 5270 Deo
3063 5214 3327 5284 cognita,
3372 5212 3576 5269 intelli-

1871 5311 2088 5375 gantur
2137 5302 2316 5374 hujus
2377 5304 2637 5358 muneris
2687 5302 3125 5372 dispertitiones.
3181 5304 3337 5357 intra
3377 5300 3571 5357 sinum

1870 5404 2010 5462 ergo
2040 5392 2236 5454 latent.
2274 5389 2413 5461 quia
2441 5391 2653 5446 clausa
2688 5399 2897 5447 mutuo
2943 5391 3054 5447 sub
3103 5390 3316 5446 divinis
3357 5396 3574 5460 myste-

1871 5478 1973 5533 riis
2017 5493 2077 5534 se
2127 5479 2439 5535 continent.
2484 5478 2571 5534 Ex
2620 5492 2736 5547 quo
2789 5478 3100 5548 vigilanter
3149 5485 3205 5533 et
3256 5478 3496 5547 plucbre
3540 5490 3575 5532 a

1872 5566 2113 5622 Domino
2148 5566 2456 5637 temperari
2490 5567 2785 5633 dicuntur,
2842 5565 2983 5636 quia
3029 5566 3195 5622 multi
3226 5566 3349 5623 sine
3398 5580 3458 5622 re
3483 5580 3573 5621 sa-

1872 5656 2150 5711 cramenti
2182 5655 2304 5710 hac
2345 5655 2635 5725 suscipere
2658 5656 3037 5721 astimantur,
3071 5655 3196 5725 qui,
3234 5655 3345 5710 Deo
3372 5667 3571 5711 eorum
