3936 6418
375 453 482 507 643

1271 453 1334 506 ν.
1376 452 1706 508 GUIBERTI
1747 452 2025 507 ABBATIS

2224 451 2409 506 ΑΒΙᾸΞ
2447 451 2539 506 DE
2583 450 2979 507 NOVIGENTO
3758 453 3879 505 ’644

377 584 787 638 correctionem
848 583 1199 652 providente,
1253 582 1381 636 vitae
1434 581 1642 638 exinde
1683 589 1910 636 :eternae
1967 596 2074 635 nu-
2116 579 2435 637 Adixerit:
2477 602 2503 629 ‹‹
2556 581 2672 635 lloc
2721 587 2804 635 est
2845 593 3056 649 corpus
3098 592 3288 633 meum
3331 583 3482 648 quod
3544 594 3648 649 pro
3727 582 3882 636 vobis

379 671 659 738 triuntur,
682 673 820 727 dum
847 672 1002 726 aliud
1038 671 1201 741 longe
1233 671 1288 725 in
1324 670 1417 725 Dei
1447 671 1602 724 sedet
1633 669 1869 724 arbitrio
1896 683 2074 738 quam

379 759 680 815 hominum
747 761 1037 815 temeritas
1101 760 1436 823 arbitratur,
1498 772 1630 812 cum
1687 758 1864 826 proba
1915 758 2072 812 initia

381 846 492 904 fine
523 848 780 915 improbo
809 848 1201 910 demutantur,
1267 854 1367 900 aut
1415 846 1564 900 bona
1622 846 1784 899 initia
1835 853 1973 900 term
2007 863 2074 896 rm

379 935 619 1007 ignobili
644 936 1066 1004 decoquuntur.
1109 917 1407 1002 Temperat
1446 933 1624 1003 igitur
1663 948 1915 1002 superna
1959 933 2072 1003 pie-

379 1033 486 1090 tas,
518 1039 649 1094 qum
680 1024 958 1094 judicare,
1001 1022 1114 1078 imo
1147 1023 1522 1093 przejudicare
1557 1036 1672 1077 non
1711 1023 1913 1078 metuit
1966 1021 2072 1077 sibi

380 1113 485 1183 ipsi
514 1111 988 1181 incircumspecta
1009 1111 1305 1166 severitas.

449 1199 642 1254 Sortes
672 1199 866 1269 itaque
893 1198 1208 1254 mittuntur
1240 1198 1302 1252 in
1328 1197 1524 1253 sinum
1548 1197 1751 1266 (ibid.),
1788 1199 1930 1268 quia
1963 1198 2075 1253 lin—-

379 1289 461 1360 git
513 1287 845 1358 singillatim
907 1288 1080 1342 corda
1131 1289 1430 1343 hominum
1485 1287 1664 1356 (Psal.
1725 1301 1906 1354 xxxn,
1970 1290 2072 1357 l5),

379 1376 474 1432 sed
518 1377 993 1442 intellectualiter,
1063 1385 1365 1446 postquam
1422 1376 1766 1431 intrabimus
1824 1375 1881 1430 in
1941 1390 2074 1431 san-

377 1467 665 1522 ctuarium
689 1465 786 1520 Dei
816 1464 983 1532 (Psal
1039 1479 1212 1532 Lxxn,
1261 1469 1372 1532 l7),
1417 1464 1658 1520 discerni
1698 1463 1864 1519 faciet
1902 1477 2076 1534 Opera

376 1554 762 1622 singulorum.
800 1553 958 1609 Unde
991 1568 1103 1607 non
1154 1553 1320 1607 modo
1350 1552 1741 1623 diligentibus,
1783 1553 1880 1606 sed
1925 1567 2076 1621 quo-

309 1662 315 1667 ·
375 1657 609 1712 cunque
653 1641 824 1696 etiam
882 1656 1040 1696 nunc
1087 1641 1451 1696 detineantur
1505 1641 1560 1694 in
1611 1641 1871 1706 crimine,
1936 1639 2074 1695 dile-

376 1732 554 1787 cturis
603 1729 919 1800 aliquando
978 1729 1181 1793 Deum,
1243 1728 1490 1798 Spiritus
1544 1735 1778 1783 sanctus
1832 1727 1888 1782 in
1955 1726 2077 1782 suis

378 1818 753 1890 proventibus
797 1826 1136 1887 cooperatur
1179 1817 1250 1872 ad
1312 1817 1524 1872 bonum
1578 1816 1764 1884 (Rom.
1817 1831 1912 1882 vn,
1963 1819 2072 1884 28),

376 1907 548 1963 etiam
583 1907 637 1962 in
665 1905 1026 1975 suscipiendo
1058 1904 1236 1976 hujus
1263 1905 1628 1960 cucharistim
1658 1906 1894 1960 donum.

445 1995 688 2066 Objiciat
713 1995 852 2050 mihi
887 1995 988 2065 qui
1033 1995 1158 2050 vult
1195 1993 1486 2064 Cypriani,
1538 2007 1686 2064 quos
1733 1993 1872 2050 mihi
1909 2005 2078 2062 oppo«

375 2085 490 2140 suit
515 2084 910 2139 contensiosus
944 2083 1054 2149 ille,
1096 2083 1336 2148 cineres,
1366 2092 1421 2137 et
1459 2083 1612 2137 sonis
1637 2081 1813 2147 illius,
1847 2082 1916 2138 de
1959 2095 2076 2150 quo

375 2171 433 2227 in
463 2171 642 2228 Gestis
678 2173 968 2228 seniorum
1017 2171 1244 2242 legitur,
1281 2173 1542 2235 visiones,
1576 2171 1678 2240 qui
1718 2177 2076 2224 sacramento

374 2262 649 2316 redeunte
673 2261 744 2314 ad
778 2274 938 2315 aram
979 2259 1230 2330 indignis
1259 2259 1332 2314 ab
1362 2261 1568 2328 angelo
1611 2259 1838 2314 videbat
1898 2257 2078 2327 praeli-

373 2347 496 2404 bari
524 2348 818 2415 carbones,
847 2347 988 2418 quia
1029 2361 1205 2416 super
1236 2347 1341 2401 hoc
1383 2361 1508 2401 mea
1540 2359 1841 2416 nunquam
1892 2345 2075 2400 vacil-

373 2436 495 2492 lare
526 2436 728 2506 poterit
759 2435 910 2491 tides.

446 2523 595 2594 §lll.
629 2523 818 2578 Nulla
847 2521 1074 2578 lesione
1103 2525 1206 2576 aut
1227 2521 1578 2594 turpitudine
1607 2520 1870 2590 afficitur
1900 2520 2070 2576 Chri-

369 2615 514 2681 stus,
541 2630 670 2667 cum
709 2629 748 2666 a
765 2611 1064 2666 sceleratis
1093 2611 1352 2666 beati-iste
1380 2610 1776 2676 manducatur,
1821 2611 1909 2664 vel
1943 2628 2070 2682 spe-

371 2701 486 2757 cies
512 2701 866 2756 sacramenti
894 2703 1356 2772 corrumpuntur.
1389 2730 1456 2739 —
1488 2701 1660 2755 Porro
1691 2699 1740 2754 si
1777 2700 1845 2755 de
1887 2701 2072 2754 muri-

373 2791 486 2848 bus
528 2799 630 2848 aut
677 2790 868 2847 bestiis
917 2790 1132 2860 agitur,
1182 2797 1284 2845 aut
1330 2789 1398 2844 de
1443 2804 1508 2844 eo
1560 2788 1713 2858 quod
1767 2788 2074 2844 casualiter

372 2880 599 2949 uspiam
645 2880 906 2935 consumi
949 2878 1196 2944 videtur,
1242 2892 1344 2933 nos
1387 2891 1500 2932 non
1541 2877 1707 2932 aliter
1743 2892 2072 2933 asseverare

373 2969 780 3038 praesumimus
830 2965 938 3022 nisi
988 2967 1143 3036 quod
1191 2966 1574 3022 substantiam
1622 2979 1657 3020 a
1703 2966 1815 3021 Deo
1865 2966 2071 3035 speciei

378 3057 460 3112 illi
485 3057 724 3113 inditam
765 3055 942 3112 adimi
977 3055 1140 3110 nulla
1188 3055 1407 3110 ratione
1453 3056 1775 3110 credamus.
1819 3054 2067 3124 Scripse-

372 3153 512 3202 runt
559 3145 797 3216 quidam
847 3144 965 3200 falli
1011 3144 1208 3199 oculos
1257 3152 1480 3199 nostros
1536 3157 1708 3212 super
1753 3143 1897 3198 tanti
1938 3157 2068 3214 quae
2108 3173 2149 3228 ο

369 3234 599 3290 videtur
665 3234 1034 3302 corruptione
1102 3233 1376 3302 mysterii,
1436 3232 1635 3288 oculos
1692 3232 1953 3302 Cleophaa
2014 3239 2070 3287 et

369 3322 564 3380 Maria;
617 3321 968 3392 Magdalenze
1041 3335 1076 3376 a
1125 3321 1352 3375 Domini
1393 3321 1596 3376 notitia
1651 3321 2070 3390 aliquantisper

369 3411 661 3468 abstentos
705 3411 981 3466 inferunt.
1025 3408 1163 3476 Quae
1210 3418 1555 3480 argumenta
1599 3411 1787 3465 nescio
1834 3409 1880 3463 si
1930 3407 2070 3463 mihi

367 3506 426 3556 et
471 3499 737 3570 pluribus
779 3497 908 3553 aliis
967 3511 1232 3567 unquam
1281 3497 1420 3552 satis
1463 3505 1653 3552 erunt.
1707 3497 1826 3552 Hoc
1877 3503 2068 3552 tamen

368 3587 584 3643 scimus
620 3588 760 3656 quia
807 3600 880 3641 ex
930 3600 998 3640 ea
1047 3594 1226 3655 parte,
1275 3601 1406 3655 quae
1457 3585 1672 3655 species
1706 3593 1810 3651 est,
1861 3583 2066 3654 hujus-

372 3675 525 3732 modi
561 3675 728 3746 quasi
799 3673 1132 3729 infortuniis
1191 3673 1490 3744 subjacere
1561 3681 1829 3743 putatur;
1881 3687 1953 3727 ex
2002 3687 2069 3726 ea

369 3777 508 3818 vero
539 3776 658 3833 qua
699 3763 912 3817 veritas
950 3768 1052 3828 est,
1106 3775 1210 3817 suo
1259 3759 1562 3830 principali
1612 3760 1766 3830 quod
1817 3768 2068 3830 paternis

371 3851 621 3907 dexterae
651 3850 905 3906 considet
943 3850 1221 3905 insertum
1253 3849 1413 3904 nullo
1460 3847 1804 3904 detrimento
1847 3847 2072 3903 mutila-

370 3946 486 3996 tur.
529 3939 616 3994 Ex
669 3938 760 3994 his
795 3952 932 4010 ergo
976 3937 1389 4004 accidentibus,
1451 3951 1582 4006 quae
1622 3936 1778 4006 apud
1816 3935 2070 3991 inlideles

369 4027 722 4099 derogationi
755 4027 1159 4096 mysteriorum
1189 4035 1518 4082 nostrorum
1560 4032 1773 4095 patent,
1826 4039 1932 4080 nec
1963 4039 2067 4081 au-

369 4115 730 4173 ctoritatibus
759 4115 1046 4172 defensari
1075 4115 1408 4185 praevalent,
1441 4114 1592 4170 hanc
1623 4115 1726 4184 qui
1764 4128 1878 4193 non
1914 4113 2068 4168 desi-

371 4204 538 4276 piunt
566 4205 908 4260 sententiam
938 4211 1188 4268 teneant,
1221 4211 1284 4260 ut
1313 4204 1421 4259 hoc
1462 4203 1759 4259 residuum
1793 4202 1957 4273 quasi
2001 4203 2069 4258 de

370 4294 478 4350 hoc
506 4292 828 4362 specialiter
854 4293 928 4348 sit
977 4293 1214 4360 dictum,
1249 4293 1366 4364 igni
1419 4298 1730 4359 reservent,
1771 4299 1826 4346 et
1861 4305 1996 4346 eum
2033 4305 2069 4346 a

371 4381 614 4436 mortuis
644 4380 968 4437 redivivum
999 4380 1081 4437 sic
1112 4381 1382 4448 habeant,
1432 4388 1498 4436 ut
1543 4379 1828 4450 quidquid
1884 4379 1952 4434 de
2003 4393 2069 4435 eo

2187 669 2444 723 tradetur
2468 669 2522 738 (ι
2553 671 2677 724 Cor.
2705 683 2782 733 χι,
2815 668 2925 737 24).
2967 689 2988 714 ι
3019 667 3125 722 Et:
3159 688 3180 714 ι
3225 665 3329 722 Hic
3365 673 3450 722 est
3487 669 3732 739 sanguis
3784 671 3882 739 qui

2187 769 2286 825 pro
2319 757 2478 810 Vobis
2506 765 2561 812 et
2586 770 2685 825 pro
2716 756 2914 810 multis
2943 753 3275 810 eii'undetur
3299 753 3535 824 (Matth.
3575 769 3739 824 xxvi,
3785 757 3880 822 26;

2189 846 2376 911 .llarc,
2428 859 2544 912 xw,
2597 845 2705 914 24).
2750 866 2770 892 ι
2812 843 2984 909 Quasi
3031 842 3168 898 illud
3226 842 3496 908 traderet,
3532 843 3710 914 juxta
3766 853 3885 900 sta-

2185 938 2329 998 tum,
2358 947 2527 1002 quem
2569 932 2814 987 habebat
2863 940 3000 987 tunc
3045 931 3332 1000 temporis,
3381 930 3886 988 determinandum

2182 1034 2304 1075 esse
2335 1020 2589 1088 doceret;
2633 1021 2730 1076 sed
2776 1020 2879 1074 hoc
2912 1019 3118 1075 falsum
3163 1019 3425 1088 :estimet,
3479 1020 3620 1090 quia
3661 1020 3772 1091 qui
3815 1035 3886 1076 ex

2186 1109 2680 1165 unitionedeitatis
2706 1123 2930 1178 semper
2952 1108 3058 1163 fuit
3080 1107 3419 1163 immortalis
3442 1109 3705 1177 (mortem
3725 1111 3888 1164 enim

2184 1212 2296 1252 non
2342 1199 2590 1267 suscepit
2618 1211 2692 1253 ex
2731 1196 2938 1263 debito,
2978 1197 3077 1252 sed
3131 1195 3398 1252 adhibuit
3453 1209 3525 1252 ex
3571 1197 3888 1267 proposito)

2183 1286 2305 1341 hzec
2343 1287 2464 1356 ipsa
2495 1285 2728 1341 tradidit
2763 1287 2820 1340 in
2864 1293 3019 1340 statu
3059 1284 3410 1354 incorrupto,
3461 1297 3633 1355 quem
3689 1285 3886 1340 statim

2181 1377 2430 1433 ostendit
2473 1377 2529 1432 in
2566 1385 2756 1432 monte
2793 1376 2976 1443 Petro,
3025 1375 3232 1432 Joanni
3278 1383 3334 1432 et
3376 1375 3586 1432 Iacobo
3643 1376 3883 1446 (Matth.

2183 1480 2319 1532 xvn,
2353 1466 2428 1534 2).

2859 1587 3092 1644 CAPUT
3132 1585 3200 1644 V.

2253 1735 2378 1789 Nec
2406 1731 2734 1804 possibilia,
2767 1747 2870 1785 nec
2898 1729 3165 1785 mortali:
3182 1728 3350 1797 exitia
3365 1727 3743 1786 Eucharistia
3765 1731 3882 1786 Do-

2184 1821 2392 1875 minus.
2416 1849 2490 1862 —
2513 1821 2618 1876 Sed
2650 1821 2790 1890 quia
2831 1818 3140 1890 quemdam
3169 1818 3238 1874 de
3276 1817 3476 1874 amicis
3507 1819 3648 1874 meis
3676 1817 3881 1888 appri—

2187 1924 2275 1964 me
2314 1910 2628 1964 litteratum
2661 1907 2859 1963 audivi
2905 1907 3220 1976 plurimum
3273 1906 3347 1964 ab
3397 1907 3503 1961 hac
3555 1905 3886 1963 exorbitare

2185 1998 2484 2061 sententia,
2543 2004 2606 2052 ut
2661 1995 2857 2051 dicat:
2925 2017 2946 2044 «
2995 1994 3255 2064 corporis
3315 1994 3472 2052 illius
3523 1995 3883 2064 mysterium,

2185 2086 2340 2156 quod
2389 2085 2698 2140 sacerdotis
2741 2091 2797 2139 et
2863 2083 3055 2154 populi
3123 2083 3253 2150 fide,
3297 2084 3397 2140 Dei
3454 2084 3629 2141 verbo
3677 2098 3886 2156 prece-

2184 2174 2371 2241 dente,
2433 2173 2490 2228 in
2541 2171 2712 2228 altari
2759 2172 3080 2236 coniicitur,
3132 2171 3324 2229 carnis
3372 2172 3584 2229 Christi
3633 2173 3886 2243 passibi-

2184 2261 2253 2316 lis
2297 2270 2351 2316 et
2402 2259 2660 2316 mortalis
2736 2260 2944 2316 habere
3023 2260 3293 2331 figuram,
3346 2281 3368 2310 ι
3426 2260 3671 2332 dignum
3741 2260 3885 2317 mihi

2183 2349 2410 2404 videtur
2450 2356 2510 2404 ut
2559 2347 2744 2404 latiori
2780 2348 2954 2419 paulo
3005 2348 3406 2420 disquisitione
3453 2355 3786 2414 tractemus,
3829 2357 3885 2405 et

2182 2438 2375 2494 minus
2411 2436 2645 2492 omnino
2698 2451 2877 2507 quam
2924 2444 3098 2494 tanta;
3151 2437 3494 2494 eruditionis
3547 2437 3670 2494 viro
3724 2443 3881 2494 34a

2179 2535 2538 2595 competeret,
2589 2533 2974 2595 competenter
3027 2533 3081 2581 et
3145 2533 3336 2582 astute
3391 2539 3525 2582 eum
3577 2539 3755 2597 super
3818 2541 3880 2582 re

2181 2623 2342 2672 tanta
2387 2613 2596 2670 sentire
2633 2624 3036 2671 monstremus.
3086 2614 3144 2670 Si
3185 2614 3361 2682 enim,
3410 2614 3568 2687 quod
3616 2614 3884 2686 superius

2179 2703 2428 2759 breviter
2451 2703 2594 2770 dixi,
2629 2703 3041 2772 circumspecte
3084 2703 3421 2772 attenderet,
3468 2702 3636 2774 longe
3673 2703 3788 2758 alia
3813 2703 3880 2758 de

2183 2793 2404 2847 Domini
2436 2794 2612 2847 nostri
2640 2791 2804 2847 Jesus
2829 2791 3200 2860 passibilltate
3238 2799 3341 2849 aut
3379 2792 3724 2848 mortalitate
3756 2792 3880 2848 dis-

2179 2890 2403 2936 sereret.
2439 2881 2643 2936 Procul
2669 2879 2848 2935 dubio
2873 2894 3146 2950 namque,
3171 2879 3219 2935 si
3255 2879 3396 2936 illud
3446 2880 3602 2951 quod
3639 2880 3712 2936 ab
3761 2881 3884 2950 ipso

2180 2968 2475 3024 Salvatore
2503 2968 2717 3024 dicitur
2758 2983 2771 3022 2
2808 2987 2836 3018 «ι
2868 2967 3046 3024 Nemo
3086 2968 3234 3025 tollit
3261 2982 3296 3024 a
3327 2983 3416 3025 me
3449 2969 3726 3036 animam,
3785 2968 3881 3023 sed

2177 3071 2282 3127 ego
2333 3072 2480 3126 pono
2516 3071 2644 3112 eam
2706 3057 2903 3126 (Joan.
2955 3071 3014 3124 χ,
3069 3059 3180 3126 18),
3235 3077 3256 3105 ι
3321 3057 3510 3112 debita
3565 3055 3881 3113 subtilitate

2179 3145 2506 3212 discuteret,
2541 3159 2846 3215 nunquam
2875 3145 3016 3200 adeo
3049 3144 3365 3215 improvide
3399 3144 3637 3202 Domino
3684 3155 3879 3200 notam

2177 3234 2454 3302 passionis
2493 3243 2548 3290 et
2580 3243 2777 3290 mortis
2813 3237 3086 3290 inureret.
3134 3235 3307 3290 Plane
3352 3233 3424 3289 ab
3472 3233 3708 3290 homine
3753 3235 3876 3288 ani-

2178 3337 2333 3378 mam
2387 3323 2504 3378 tolli
2553 3322 2819 3392 possibile
2866 3331 3108 3387 constat,
3147 3326 3244 3379 cui
3295 3323 3353 3378 in
3396 3323 3664 3393 patiendo
3702 3330 3880 3393 atque

2177 3412 2472 3466 moriendo
2524 3411 2772 3467 casualis
2820 3411 3178 3480 experientia
3245 3411 3401 3467 horis
3469 3419 3524 3467 et
3571 3410 3876 3468 momentis

2177 3500 2448 3555 omnibus
2478 3507 2647 3556 astat.
2693 3502 2768 3556 At
2797 3513 2932 3554 vero
2969 3499 3030 3568 is,
3066 3499 3137 3555 de
3185 3515 3304 3570 quo
3342 3499 3543 3556 crebro
3573 3501 3876 3562 retexitur.

2178 3587 2318 3658 quia
2355 3589 2613 3644 nondum
2662 3596 2895 3644 venerat
2947 3589 3089 3643 hora
3116 3587 3243 3658 ejus
3292 3589 3488 3659 (Joan.
3524 3602 3584 3656 tt,
3629 3589 3705 3658 4),
3761 3587 3880 3655 (cui

2177 3675 2452 3732 nimirum
2477 3685 2720 3732 eventus
2751 3677 3028 3732 horarum
3057 3685 3112 3732 et
3145 3678 3297 3732 horae
3327 3684 3641 3732 eventuum
3664 3676 3881 3731 immu-

2181 3765 2426 3822 tabiliter
2471 3763 2740 3835 subsunt)
2767 3766 3020 3822 animam
3065 3771 3241 3834 ponit,
3292 3765 3433 3836 quia
3477 3778 3577 3834 per
3625 3778 3684 3820 se
3727 3779 3882 3820 sum-

2179 3862 2353 3923 ptam,
2386 3861 2442 3909 et
2469 3867 2504 3909 a
2533 3869 2591 3909 se
2619 3863 2869 3909 creatam
2904 3854 3138 3924 quando
3161 3853 3304 3921 vult,
3333 3861 3388 3910 et
3416 3853 3704 3925 quomodo
3753 3854 3881 3910 vult

2175 3943 2400 3998 emittit.
2458 3942 2800 3998 Hominibus
2835 3941 3046 3997 etenim
3098 3951 3502 4012 extorquetur,
3559 3943 3630 3999 ab
3675 3957 3745 4000 eo
3781 3956 3884 3998 au-

2177 4038 2309 4098 tem,
2338 4031 2438 4100 qui
2483 4030 2770 4100 quidquid
2815 4038 2898 4086 est
2943 4044 2979 4086 a
3027 4044 3086 4086 se
3113 4039 3218 4099 est,
3263 4040 3318 4088 et
3356 4031 3414 4088 in
3457 4046 3574 4102 quo
3614 4031 3761 4087 nihil
3819 4031 3885 4087 fit

2177 4119 2286 4176 nisi
2317 4119 2472 4189 quod
2522 4118 2914 4174 voluntarium
2963 4127 3066 4186 est,
3117 4127 3317 4188 sponte
3367 4129 3619 4191 sumpta,
3677 4128 3883 4190 sponte

2175 4207 2502 4263 resolvitur.
2544 4206 2682 4272 Quas
2727 4207 2882 4261 enim
2932 4206 3010 4262 illi
3051 4206 3194 4264 foret
3230 4207 3508 4264 moriendi
3554 4209 3882 4276 necessitas,

2177 4310 2350 4366 quem
2394 4295 2452 4350 in
2486 4309 2594 4350 sua
2641 4295 2893 4350 secunda
2941 4295 3240 4352 nativitate
3281 4297 3464 4352 sancti
3513 4311 3739 4379 semper
3793 4305 3884 4353 est

2176 4383 2423 4454 Spiritus
2478 4381 2538 4438 in
2602 4383 2978 4452 concipientis
3057 4392 3218 4441 utero
3280 4385 3550 4441 comitata
3608 4385 3883 4440 libertas?

371 4475 476 4534 est,
510 4482 622 4523 non
647 4468 783 4524 alibi
813 4484 990 4540 quam
1031 4471 1088 4525 in
1127 4470 1441 4542 glorilicato
1477 4469 1606 4539 ejus
1652 4481 1888 4537 corpore
1935 4482 2063 4522 sen-
2103 4468 2147 4522 D
2179 4473 2339 4530 Unde
2369 4472 2604 4528 solvisse
2639 4473 2851 4528 dicitur
2884 4487 3016 4544 qua:
3061 4489 3177 4530 non
3221 4475 3414 4544 rapuit
3447 4475 3629 4540 (Pcat.
3675 4489 3876 4543 vatu,

371 4556 537 4622 tiant,
587 4572 692 4614 nec
734 4558 918 4630 magis
975 4559 1245 4615 horreant
1308 4557 1563 4614 murium
1611 4566 1841 4612 ventres
1891 4570 2068 4626 quam

371 4646 801 4714 scelerosorum,
851 4662 982 4718 quas
1030 4649 1216 4718 magis
1259 4649 1437 4702 Deum
1495 4645 1864 4712 exacerbant,
1909 4659 2066 4699 men-

370 4741 473 4802 tes,
508 4735 646 4805 quia
671 4750 1024 4806 quocunque
1053 4735 1393 4806 trajiciatur,
1435 4733 1510 4789 ad
1550 4747 1724 4789 suum
1775 4733 2070 4789 redeundo

370 4823 735 4894 principium,
763 4825 836 4881 ab
874 4824 1032 4881 omni
1085 4823 1301 4894 injuria
1343 4829 1697 4885 contntatur,
1733 4835 1840 4877 nec
1871 4821 2070 4890 haere-

369 4911 550 4968 ticum
593 4912 706 4968 dici
735 4913 920 4980 debet,
970 4913 1019 4968 si
1050 4911 1182 4982 quis
1221 4925 1323 4980 pro
1361 4909 1688 4966 defensione
1732 4917 1907 4966 tantae
1964 4909 2066 4978 rei,

369 5014 443 5056 ne
473 5000 608 5056 locis
637 5001 851 5058 vilibus
881 5001 1208 5070 deputetur,
1243 4997 1580 5056 sententiam
1619 4998 1792 5068 paulo
1832 4997 2069 5055 liberius

369 5102 538 5158 equo
569 5089 801 5159 prabet.
1837 5135 1840 5143 λ

442 5174 470 5246 §
501 5175 597 5232 1V.
631 5175 796 5230 Idem
821 5189 1060 5248 prorsus
1077 5173 1139 5228 in
1165 5176 1551 5242 sacramento,
1591 5175 1692 5247 qui
1717 5178 1772 5233 et
1803 5175 1866 5231 in
1898 5177 2064 5233 calo.

369 5295 438 5306 -
469 5267 541 5322 At
572 5265 846 5336 quoniam
872 5263 941 5320 de
971 5263 1366 5319 conformitate
1404 5263 1584 5335 hujus
1611 5265 1764 5336 quod
1807 5265 1864 5320 in
1902 5280 2070 5322 sacra

367 5368 568 5410 mensa
608 5352 914 5408 coniicitur
969 5352 1194 5422 corpori
1236 5353 1703 5419 antelibavimus,
1757 5356 1866 5412 hoc
1917 5355 2065 5411 difﬁ-

369 5441 495 5496 nire
525 5441 820 5506 debemus,
857 5439 1015 5509 quod
1065 5441 1292 5510 corpori
1342 5441 1425 5496 illi
1472 5444 1708 5498 omnino
1762 5445 2068 5501 conveniat

368 5530 522 5600 quod
544 5529 664 5600 jam
697 5527 853 5596 apud
887 5528 1110 5585 Patrem
1145 5529 1467 5587 immortale
1513 5531 2068 5604 incorruptibileque

367 5624 702 5688 oonregnat.
734 5617 798 5672 In
851 5632 966 5688 quo
1015 5618 1155 5674 mihi
1193 5619 1388 5675 nullus
1437 5619 1672 5690 Objiciat
1719 5621 1876 5690 quod
1932 5635 2064 5677 eum

368 5705 516 5762 idem
573 5704 724 5762 Deus
785 5713 840 5763 et
894 5707 1176 5764 Dominus
1217 5708 1490 5778 mysteria
1543 5709 1743 5764 eadem
1796 5709 2064 5774 traderet,

2177 4566 2250 4628 5),
2299 4561 2401 4631 qui
2439 4575 2637 4631 pmnas
2683 4569 3045 4631 peccatorum
3088 4577 3206 4618 non
3245 4577 3280 4618 a
3330 4578 3390 4620 se
3435 4563 3875 4620 commissorum

2175 4651 2332 4706 solus
2357 4650 2503 4706 inter
2527 4659 2785 4706 mortuos
2807 4649 2950 4706 liber
2975 4651 3082 4707 luit
3111 4651 3305 4722 (Ρεαι.
3335 4667 3588 4716 Lxxxvu,
3620 4653 3693 4724 6).

2246 4737 2302 4792 Si
2333 4737 2602 4808 peccandi
2643 4737 2810 4793 nobis
2849 4751 2948 4806 per
2975 4737 3406 4808 corruptionem
3455 4748 3680 4796 naturae
3737 4754 3877 4796 con-

2175 4833 2359 4882 tracta
2387 4827 2713 4894 necessitas,
2745 4827 3024 4882 moriendi
3055 4827 3224 4883 nobis
3249 4827 3640 4884 necessitatem
3683 4841 3876 4885 conse-

2175 4923 2428 4986 quenter
2453 4915 2672 4983 indicit,
2706 4915 2772 4982 is,
2808 4915 2911 4985 qui
2943 4931 3132 4987 neque
3159 4917 3451 4988 originali,
3485 4917 3628 4988 quia
3651 4917 3721 4973 de
3755 4918 3877 4988 Spi-

2175 5005 2292 5060 ritu
2323 5013 2378 5060 et
2409 5003 2647 5074 Virgine
2695 5011 2895 5059 sancta
2926 5011 3099 5060 natus
3134 5013 3239 5070 est,
3291 5019 3482 5076 neque
3527 5019 3706 5076 quam
3751 5020 3868 5062 non

2174 5092 2471 5148 addiderat
2511 5091 2739 5148 macula
2766 5091 3024 5148 fuscatus
3059 5100 3165 5157 est,
3197 5107 3316 5164 qua
3348 5093 3470 5164 lege
3492 5093 3708 5164 peccati
3747 5094 3877 5150 titil-

2173 5179 2282 5237 lari
2305 5179 2506 5250 potuit,
2531 5193 2649 5250 qua
2667 5195 2818 5250 quoq
2831 5194 2900 5244 ue
2913 5195 3077 5250 poena
3090 5181 3161 5236 ad
3190 5181 3627 5252 persolvendum
3651 5190 3878 5240 naturae

2175 5269 2506 5340 peccatricis
2553 5268 2811 5324 debitum
2839 5269 3078 5326 adactus
3118 5270 3244 5326 est?
3292 5271 3398 5327 Ubi
3439 5285 3577 5342 ergo
3633 5271 3879 5342 originis

2175 5366 2349 5428 atque
2406 5365 2570 5412 actus
2626 5357 2796 5427 culpa
2844 5367 3050 5414 vacare
3111 5358 3486 5430 dignoscitur,
3538 5375 3670 5430 quae
3738 5375 3876 5417 exa-

2173 5445 2390 5501 ctiones
2433 5459 2588 5500 mors
2621 5455 2677 5501 et
2729 5445 3074 5514 passibilitas
3131 5447 3340 5502 habere
3391 5448 3784 5518 permittitur?
3817 5448 3874 5504 Si

2173 5533 2327 5589 enim
2360 5547 2461 5603 per
2509 5541 2807 5602 peccatum
2848 5548 3003 5590 mors
3049 5542 3257 5592 nostra:
3303 5535 3650 5592 humanitati
3695 5535 3874 5592 indu-

2173 5621 2326 5678 citur
2369 5622 2553 5692 (Rom.
2583 5637 2639 5689 v,
2693 5621 2801 5693 l2),
2854 5621 2954 5679 ubi
3001 5631 3297 5693 peccatum
3348 5637 3464 5680 non
3515 5632 3618 5692 est,
3674 5625 3872 5681 mortis

2173 5709 2480 5765 efﬁcientia
2524 5709 2820 5766 annullari
2873 5711 3172 5781 probatur,
3234 5713 3372 5782 quia
3439 5713 3640 5782 procul
3689 5712 3870 5770 dubio
