3936 6430
83 449 182 501 64νό

1152 446 1243 501 DE
1288 444 1712 502 PlGNORlBUS
1750 445 2198 501 SANCTORUM.
2226 474 2295 487 -—
2327 444 2453 499 LIB.
2498 444 2570 498 II.

3497 445 3601 500 646

82 577 336 634 sublatio
360 593 579 643 causae,
612 577 850 632 eﬂectus
892 574 1341 632 exinanitionem
1377 576 1561 632 facere
1600 576 1788 632 nullae
1828 584 1874 636 Α
1976 575 2183 630 Passus
2231 583 2316 630 est
2362 574 2559 644 itaque
2605 581 2660 629 et
2712 581 2995 638 mortuus,
3044 573 3185 643 quia
3233 572 3436 641 voluit,
3485 588 3601 628 non

85 676 252 724 tenus
281 668 618 723 dubitatur.

154 757 221 811 In
264 756 442 825 primi
496 755 743 810 hominis
789 753 976 824 primo
1017 761 1191 820 statu,
1246 753 1289 808 si
1338 752 1556 823 peccati
1596 752 1791 821 cujus-

84 842 236 913 piam
279 856 401 897 non
441 841 761 897 incessisset
798 848 1060 906 eventus,
1121 839 1318 899 nullus
1358 840 1603 908 profecto
1659 852 1793 907 pas-

85 930 259 985 sionis
314 938 423 986 aut
477 932 674 984 mortis
730 929 1079 984 intervenire
1148 930 1423 997 potuisset
1496 940 1789 991 occursus,

85 1034 187 1076 nec
233 1019 569 1075 accessisset
616 1017 676 1073 in
729 1017 1022 1088 progeniei
1070 1017 1198 1086 ejus
1238 1017 1649 1086 propagatione
1697 1030 1792 1084 ge-

84 1110 338 1164 nitorum
385 1108 812 1179 qualiscunque
885 1112 1160 1171 vetustas,
1224 1104 1323 1160 ubi
1375 1105 1793 1173 concupiscen—

84 1197 236 1253 tialis
273 1196 673 1253 inobedientim
715 1194 878 1249 nulla
911 1195 1173 1249 animum
1218 1192 1592 1248 demoliretur
1635 1200 1793 1247 atro-

86 1291 247 1343 citas.
291 1286 444 1351 Quid
475 1285 629 1339 eniin
682 1284 754 1339 ibi
801 1296 1038 1347 novum,
1080 1280 1221 1352 quid
1261 1281 1468 1346 alacre,
1513 1281 1656 1350 quid
1699 1280 1788 1334 in-

86 1385 337 1446 tegrum,
403 1374 504 1430 ubi
561 1372 708 1428 rodit
763 1371 1026 1427 anxietas
1093 1360 1451 1426 conscientiae
1514 1369 1795 1425 mordacis

88 1458 402 1516 affectum?
461 1460 517 1516 Si
573 1460 747 1525 enim,
793 1461 969 1530 juxta
1015 1458 1420 1515 Salomonem:
1475 1480 1502 1507 ‹‹
1548 1459 1794 1515 Animus

88 1549 353 1619 gaudens
394 1557 617 1604 aetatem
667 1548 928 1604 ﬂoridam
987 1547 1120 1603 facit
1173 1550 1353 1616 (Prov.
1402 1561 1545 1613 xvii,
1595 1550 1707 1615 22),
1762 1568 1789 1597 ››

86 1645 139 1691 et
194 1638 243 1691 is
292 1651 418 1692 esse
475 1636 846 1707 cognoscitur
901 1637 1225 1706 paradisus,
1289 1650 1461 1706 quem
1512 1638 1582 1691 ab
1632 1635 1793 1691 initio

84 1725 371 1780 Dominus
425 1725 769 1795 plantaverit
824 1725 989 1796 (Gen.
1051 1740 1113 1792 ιι,
1174 1727 1246 1795 8),
1308 1724 1794 1780 intellectualibus

83 1813 354 1868 videlicet
423 1814 760 1884 angelorum
826 1822 881 1869 et
961 1813 1262 1868 hominum
1331 1814 1540 1868 animis
1608 1816 1791 1883 primo

82 1901 381 1969 inseverit,
444 1881 571 1957 licet
622 1902 910 1972 plerisque
953 1901 1315 1971 angelorum,
1375 1916 1435 1956 se
1476 1881 1634 1956 omni
1681 1914 1788 1955 iia-
1831 1881 1872 1933 Β

81 1998 227 2047 tura;
261 1991 567 2046 hominum
599 1992 1002 2060 perfunctorize
1031 1990 1294 2045 stationis
1345 1990 1485 2055 loca,
1529 1992 1623 2045 scil
1659 2003 1790 2044 mox

83 2079 340 2135 desitura
374 2082 707 2150 praebuerit,
755 2089 820 2136 ut
850 2080 1127 2135 nimirum
1171 2080 1332 2135 nullo
1375 2081 1542 2135 modo
1572 2081 1642 2135 de
1672 2094 1792 2135 suae

84 2170 292 2224 mentis
344 2182 416 2224 ac
473 2172 729 2239 corporis
782 2168 1237 2238 impassibilitate
1284 2168 1559 2224 continua
1601 2179 1796 2239 gratu-

83 2257 186 2312 lari
222 2256 361 2326 quis
396 2258 600 2326 possit;
637 2256 776 2326 quid
829 2258 898 2311 de
932 2264 1119 2311 mente
1162 2264 1217 2311 et
1255 2269 1494 2325 corpore
1537 2254 1665 2310 Filii
1695 2256 1792 2311 Dei

83 2345 444 2399 censendum
499 2352 601 2410 cst,
650 2344 747 2399 ubi
791 2343 849 2397 in
894 2343 1338 2399 identiﬁcatione
1381 2357 1637 2414 personae
1678 2360 1793 2400 non

85 2433 253 2488 modo
288 2432 487 2497 homo,
514 2433 610 2487 sed
654 2440 707 2487 et
742 2431 1036 2501 plenitudo
1079 2432 1397 2488 divinitatis
1426 2434 1796 2502 corporaliter

87 2522 257 2577 insita
282 2522 413 2577 est?
458 2520 589 2588 (Col
640 2538 699 2590 ιι,
733 2522 789 2590 9)
817 2535 947 2576 cum
977 2521 1146 2576 etiam
1178 2521 1246 2575 de
1279 2535 1424 2590 puro
1459 2522 1707 2585 homine,
1741 2531 1797 2578 et

89 2611 190 2680 qui
226 2611 354 2666 sine
390 2618 619 2680 peccato
640 2610 835 2664 vivere
859 2623 972 2663 non
1004 2608 1220 2675 didicit,
1250 2610 1475 2664 dicatur
1508 2610 1648 2680 quia
1681 2612 1796 2666 vita

87 2700 213 2768 ejus
245 2699 425 2769 quasi
481 2698 768 2767 quoddam
802 2711 1045 2767 regnum
1080 2696 1199 2759 Dei,
1244 2711 1355 2764 pax
1394 2706 1479 2752 est
1507 2698 1677 2753 etiam
1736 2700 1794 2754 in

92 2788 385 2858 praesenti,
409 2794 463 2843 et
484 2788 761 2857 gaudium
786 2786 841 2841 in
866 2786 1081 2855 Spiritu
1097 2793 1311 2840 sancto.
1336 2787 1514 2850 (Rom.
1532 2800 1648 2853 xxv,
1686 2789 1792 2855 17).

157 2876 417 2942 Primus,
465 2877 728 2945 inquam,
776 2875 944 2930 homo
984 2882 1116 2929 ante
1160 2883 1480 2943 peccatum,
1522 2873 1568 2928 si
1609 2876 1795 2930 dicere

87 2966 359 3030 audeam,
414 2964 700 3033 passibilis
745 2971 800 3019 et
847 2962 1253 3033 impassabilis,
1307 2963 1565 3018 mortalis
1623 2964 1794 3019 etiam

85 3061 139 3108 et
190 3052 541 3108 immortalis
588 3051 727 3120 fuit;
789 3051 929 3121 quia
985 3051 1058 3106 ad
1101 3051 1392 3121 passiones
1440 3060 1495 3107 et
1554 3062 1795 3108 mortem

87 3156 188 3211 per
226 3148 534 3211 peccatum
587 3154 713 3208 suo,
747 3141 844 3196 sed
899 3154 1013 3195 non
1055 3139 1253 3206 libero,
1286 3139 1508 3195 abusus
1556 3141 1795 3197 arbitrio
1834 3152 1875 3205 ρ

86 3229 201 3285 labi
263 3229 476 3299 potuit,
522 3237 577 3284 et
629 3227 675 3283 si
732 3228 885 3283 intra
943 3243 1139 3283 veram
1191 3242 1249 3283 se
1306 3228 1627 3285 libertatem
1681 3244 1796 3285 non

86 3319 384 3388 peccando
440 3317 730 3372 continere
787 3316 1078 3383 voluisset,
1142 3316 1529 3386 impassabilis
1597 3317 1796 3387 procul

88 3408 267 3463 dubio
327 3420 706 3477 perseverans
762 3406 909 3461 mori
966 3406 1298 3461 nullatenus
1346 3409 1640 3476 potuisset.
1693 3406 1797 3464 Cui

88 3496 389 3553 secundus
426 3496 618 3561 homo,
656 3495 820 3551 Jesus
867 3495 1080 3551 scilicet
1129 3494 1428 3562 Dominus,
1482 3510 1625 3565 pene
1675 3496 1798 3566 pari

90 3585 524 3656 quodammodo
572 3584 757 3639 forma
815 3585 1110 3649 successit,
1172 3591 1329 3639 tanto
1370 3584 1799 3654 impassibiliori

90 3684 309 3731 natura
370 3682 591 3743 quanto
650 3673 913 3729 liberiore
982 3673 1189 3741 editus,
1240 3673 1353 3728 imo
1421 3673 1799 3730 inclfabiliore

92 3762 193 3817 Dei
236 3762 456 3832 pariter
493 3769 551 3817 et
600 3761 846 3817 hominis
889 3762 1175 3832 genitura.
1223 3762 1383 3817 Unde
1419 3762 1572 3818 enim
1614 3763 1800 3832 passi-

92 3850 222 3906 bilis
266 3849 384 3905 dici
437 3858 640 3920 posset,
688 3850 780 3907 cui
842 3850 1171 3906 omnimoda
1214 3852 1424 3920 peccati
1474 3853 1533 3907 in
1580 3852 1802 3923 origine

92 3950 148 3995 et
191 3949 329 3995 actu
379 3939 616 3995 remotio
675 3953 925 4010 pinnam,
979 3940 1135 4010 quod
1182 3947 1263 3995 est
1310 3940 1498 4009 passio
1528 3950 1582 3997 et
1626 3956 1798 4010 mors,

93 4030 366 4086 accedere
406 4029 738 4085 nullatenus
780 4028 1028 4084 sineret?
1076 4029 1131 4084 Si
1173 4029 1540 4099 impassibilis
1582 4029 1804 4099 primus

98 4118 289 4186 homo,
334 4132 437 4188 per
484 4118 696 4188 peccati
741 4116 1172 4184 continentiam,
1209 4125 1265 4172 et
1304 4118 1643 4174 immortalis
1683 4134 1803 4174 esse

92 4207 335 4273 valeret,
401 4206 495 4262 Dei
553 4207 733 4262 Filius
791 4207 1010 4262 unitam
1065 4206 1171 4262 sibi
1221 4214 1431 4262 nostra:
1479 4207 1805 4277 fragilitatis

95 4295 484 4351 substantiam
533 4294 714 4350 multo
746 4294 1265 4363 impassibiliorem,
1310 4303 1386 4360 et,
1419 4303 1481 4352 ut
1524 4295 1606 4351 sic
1634 4296 1803 4352 dixe-

96 4384 230 4448 rim,
293 4382 766 4438 immortaliorem
833 4382 1068 4437 reddere
1155 4397 1272 4437 non
1336 4382 1601 4439 deberet?
1670 4384 1803 4440 Sine

1902 665 2055 733 quod
2088 677 2158 718 ex
2197 664 2379 719 Adam
2422 663 2544 733 lege
2585 662 2867 718 debuerit.
2919 661 3099 728 Quam
3149 676 3285 733 ergo
3332 661 3601 717 similitu-

1902 752 2094 807 dinem
2141 752 2348 807 Christi
2414 750 2696 821 passnbilis
2752 758 2807 806 et
2856 750 3111 805 mortalis
3162 750 3437 805 sacrificio
3494 750 3601 805 Do-

1906 839 2097 895 minici
2151 841 2407 911 corporis
2456 849 2511 896 et
2567 840 2871 911 sanguinis
2923 839 3163 909 irrogas,
3213 854 3387 909 quem
3432 838 3602 894 certis

1902 945 1976 986 ex
2013 929 2101 985 sui
2136 930 2320 999 ipsius
2365 944 2462 985 ore
2502 929 2799 984 sententiis
2850 929 3229 983 immortalem
3279 927 3602 997 impassibi-

1900 1019 2131 1090 lemque
2183 1020 2327 1074 scire
2356 1019 2682 1074 debueras?
2733 1039 2754 1065 «
2798 1017 3026 1084 Nullus,
3086 1015 3296 1087 inquit,
3349 1016 3604 1071 ascendit

1902 1108 1960 1164 in
1991 1108 2221 1174 caelum,
2254 1107 2363 1162 nisi
2395 1107 2574 1163 Filius
2619 1106 2869 1161 hominis
2899 1106 2999 1176 qui
3030 1114 3113 1161 est
3144 1104 3202 1159 in
3235 1104 3375 1160 coelo
3405 1104 3599 1168 (Joan.

1900 1213 1978 1262 ιιι,
2032 1199 2139 1263 l3),
2195 1204 2249 1252 et
2298 1196 2481 1251 alibi:
2522 1217 2540 1242 ι
2597 1197 2716 1265 Ego
2764 1195 2820 1250 in
2867 1195 3034 1250 Patre
3081 1202 3136 1248 et
3186 1193 3352 1249 Pater
3403 1197 3461 1248 in
3512 1207 3603 1249 me

1899 1294 1983 1341 est
2038 1284 2235 1354 (Joan.
2303 1299 2420 1352 xxv,
2498 1285 2606 1353 lO),
2662 1306 2688 1332 ιι
2754 1291 2810 1339 et
2870 1282 3054 1338 multa
3120 1282 3326 1337 horum
3392 1280 3604 1337 similia

1900 1382 2214 1444 antequam
2273 1388 2347 1428 ex
2406 1374 2509 1428 boc
2555 1373 2773 1428 mundo
2838 1371 3107 1426 transiret
3178 1371 3247 1426 de
3300 1383 3409 1425 sua
3467 1383 3601 1426 cum

1903 1463 2066 1518 Patre
2109 1462 2702 1518 consubstantialitate
2748 1459 3204 1516 commendans»
3230 1457 3286 1514 Si
3322 1457 3473 1514 lilius
3499 1459 3601 1515 ho-

1901 1550 2073 1606 minis
2106 1550 2161 1605 in
2211 1553 2354 1606 coelo
2386 1559 2490 1615 est,
2524 1558 2579 1604 et
2613 1549 2690 1604 ibi
2724 1563 2906 1604 unum
2939 1562 3070 1604 cum
3124 1549 3288 1603 Patre
3317 1556 3420 1602 est.
3455 1548 3602 1604 Dicit

1900 1640 2054 1695 enim
2108 1640 2293 1696 alias:
2331 1662 2351 1689 ι
2408 1641 2546 1709 Ego,
2600 1638 2809 1707 inquit,
2859 1638 2929 1692 de
2972 1636 3240 1705 supernis
3276 1642 3420 1690 348
3457 1651 3586 1691 sum

1901 1732 2098 1799 (Joan.
2149 1744 2264 1791 vni.
2319 1728 2439 1798 23);
2470 1728 2626 1798 quod
2689 1741 2807 1781 non
2855 1735 2939 1781 est
2996 1725 3154 1780 aliud
3210 1740 3389 1795 quam
3433 1725 3480 1780 si
3509 1725 3598 1781 di-

1901 1825 2094 1873 ceret:
2145 1818 2265 1888 Ego
2318 1816 2373 1871 in
2428 1816 2646 1885 Spiritu
2698 1813 3023 1885 principali,
3083 1814 3236 1884 quod
3279 1826 3364 1870 est
3418 1823 3598 1884 pater,

1901 1920 2048 1961 sum.
2108 1905 2290 1972 Quam
2328 1904 2779 1975 passibilitatem.
2815 1918 2991 1973 quam
3021 1917 3255 1973 quoque
3286 1903 3602 1958 mortalita-

1902 2001 2013 2048 tem
2046 1993 2125 2048 illi
2160 1995 2367 2049 inferre
2387 1995 2632 2060 conaris,
2667 1992 2769 2062 qui
2801 1991 2987 2047 sicubi
3010 1992 3437 2060 Scripturarum
3470 2005 3600 2062 pas-

1902 2082 2105 2149 sibilis,
2132 2090 2188 2139 et
2211 2084 2467 2139 mortalis
2491 2081 2769 2152 appellari
2806 2080 3117 2148 invenitur,
3151 2080 3223 2135 ob
3261 2081 3368 2136 hoc
3403 2080 3601 2150 procul

1902 2168 2080 2225 dubio
2132 2171 2316 2225 solum
2358 2170 2589 2235 dicitur,
2634 2168 2790 2239 quod
2841 2181 2943 2237 pro
2990 2167 3306 2223 voluntatis
3360 2167 3601 2224 arbitrio

1903 2258 2071 2313 morti
2102 2272 2160 2314 se
2183 2259 2471 2329 exposuit,
2505 2272 2619 2312 non
2651 2257 2851 2326 aliqua
2895 2255 3224 2311 necessitate
3256 2254 3602 2311 succubuit?

1973 2347 2096 2402 Non
2138 2358 2223 2403 est
2278 2348 2456 2417 igitur
2523 2346 2791 2416 passibile
2843 2354 2899 2401 et
2954 2345 3191 2400 mortale
3258 2345 3317 2400 in
3375 2345 3601 2401 Christo

1901 2434 2223 2506 quippiam,
2277 2435 2431 2504 quod
2491 2434 2734 2489 vivilicis
2788 2434 2897 2488 illis
2940 2433 3315 2488 sacramentis
3364 2446 3601 2503 compa—

1899 2536 2031 2580 rare
2059 2525 2296 2593 debeas;
2331 2525 2493 2590 dum,
2538 2523 2583 2578 si
2618 2522 2768 2578 lideli
2809 2530 2864 2577 et
2906 2536 3021 2578 non
3077 2522 3359 2591 pervicaci
3410 2523 3603 2577 inten-

1901 2611 2055 2667 tiJne
2112 2612 2447 2682 perpendas,
2504 2609 2647 2666 nihil
2705 2611 2941 2665 omnino
2998 2611 3103 2665 nisi
3170 2610 3605 2679 incorruptibile

1901 2707 1958 2755 et
1990 2700 2332 2767 immortale,
2380 2699 2491 2755 nisi
2524 2700 2678 2768 quod
2718 2705 2917 2768 sponte
2955 2699 3100 2754 mori
3142 2699 3344 2762 voluit,
3385 2699 3446 2754 in
3487 2699 3604 2770 ipso

1903 2792 2178 2859 reperias.
2213 2789 2386 2845 Aliud
2432 2796 2517 2844 est
2542 2788 2695 2844 enim
2747 2789 2904 2858 quod
2951 2802 3023 2842 ex
3076 2787 3234 2843 libito
3275 2798 3329 2843 et
3363 2796 3605 2859 gratan-

1907 2889 1991 2938 ter
2033 2880 2296 2946 facimus,
2335 2877 2493 2933 aliud
2533 2876 2689 2946 quod
2738 2876 3048 2945 angariati,
3101 2884 3157 2931 et
3205 2877 3373 2947 quasi
3402 2877 3607 2933 debitis

1904 2967 2250 3038 urgentibus
2299 2964 2607 3034 adimplere
2659 2964 3077 3034 compellimur.
3132 2963 3239 3021 Sed
3286 2979 3461 3035 super
3497 2964 3607 3022 hoc

1903 3058 2121 3115 dictum
2152 3054 2395 3125 sapienti
2426 3062 2514 3110 sat
2543 3056 2633 3109 sit.

2565 3141 2798 3199 CAPUT
2837 3140 2934 3197 VI.

1978 3232 2006 3304 §
2037 3233 2080 3288 Ι.
2115 3262 2184 3272 -
2214 3230 2527 3302 ()uemdam
2555 3231 2811 3303 confutat
2829 3233 3031 3285 auctor
3044 3233 3397 3286 deserentem
3415 3232 3602 3304 quoli-

1903 3322 1998 3377 die
2023 3322 2085 3377 in
2120 3320 2303 3376 altari
2330 3320 2616 3378 Christum
2642 3319 2922 3395 cruci/igi.
2950 3349 3023 3361 —
3066 3320 3331 3377 Relatum
3369 3335 3604 3393 quoque

1907 3411 2049 3468 mihi
2096 3425 2130 3466 a
2177 3410 2528 3481 quibusdam
2566 3410 2821 3481 ejusdem
2862 3408 3029 3464 amici
3079 3410 3186 3465 mei
3249 3412 3601 3478 necessariis,

1907 3499 2065 3572 quod
2104 3514 2219 3555 non
2273 3499 2437 3555 modo
2477 3498 2848 3566 consulendo,
2908 3498 2996 3553 vel
3044 3512 3177 3554 cum
3226 3498 3607 3555 familiaribus

1906 3588 2190 3649 litteratis.
2218 3596 2283 3644 ut
2313 3587 2538 3649 assolet.
2588 3586 2951 3653 conferendo,
2992 3587 3089 3642 scd
3122 3586 3333 3657 palam,
3371 3587 3428 3642 in
3481 3601 3607 3643 me-

1907 3678 2018 3735 diis
2063 3677 2321 3733 videlicet
2377 3676 2716 3747 frequentiis
2751 3676 2984 3731 omnino
3016 3676 3359 3747 ignavorum
3405 3684 3462 3732 et
3502 3689 3611 3733 ru-

1909 3767 2097 3833 dium,
2127 3765 2477 3835 disputando
2516 3766 2691 3821 soleat
2725 3765 2913 3821 dicere
2956 3765 3111 3834 quod
3158 3765 3215 3819 in
3259 3764 3611 3820 confectione

1908 3855 2105 3910 hostia;
2133 3853 2405 3910 salutaris
2435 3854 2598 3909 Iesus
2637 3852 2916 3908 Dominus
2946 3851 3203 3922 quotidie
3234 3852 3615 3922 crucifigatur

1910 3944 1970 4000 in
2025 3943 2215 3999 altari.
2287 3942 2450 4007 Quod
2504 3956 2611 3997 nos
2666 3940 2977 3996 catholicos
3020 3949 3075 3995 et
3131 3955 3330 3995 omnes
3379 3941 3467 4009 pie
3515 3953 3613 3994 sa-

1911 4035 2126 4103 pientes
2192 4039 2354 4088 tanta
2419 4029 2915 4086 animadversione
2964 4030 3234 4085 convenit
3300 4028 3612 4095 exsecrari,

1912 4130 2136 4193 quanta
2196 4120 2463 4178 eumdem
2548 4121 2858 4175 Dominum
2944 4126 3205 4173 nostrum
3276 4117 3616 4173 auctoritate

1911 4213 2136 4280 oportet
2189 4210 2259 4267 de
2314 4223 2541 4265 summa
2596 4207 2932 4277 impotentia
2982 4207 3071 4262 vel
3119 4214 3335 4261 aeterna
3383 4204 3617 4260 miseria

1910 4299 2155 4369 expiari.
2210 4297 2359 4365 Quid
2388 4297 2542 4353 enim
2586 4298 2654 4352 de
2696 4298 2806 4351 Deo
2856 4294 3153 4366 indignius
3187 4301 3273 4349 est
3317 4291 3614 4349 miserabi-

1913 4388 2146 4458 liusque
2175 4385 2385 4442 sentire
2416 4399 2594 4456 quam
2635 4385 2791 4454 quod
2832 4385 2984 4439 Deus
3025 4383 3122 4438 fiat
3165 4383 3336 4438 miser
3364 4391 3616 4437 aeternus

96 4472 561 4542 concupiscentia
627 4485 764 4542 ergo
820 4484 893 4526 ex
945 4472 1062 4526 solo
1110 4480 1307 4526 sancto
1372 4470 1588 4541 Spiritu
1650 4473 1803 4528 intra
1841 4454 1884 4508 Β
1916 4491 2019 4547 pro
2046 4454 2243 4532 nostra
2285 4454 2682 4530 beatitudine?
2721 4471 2868 4538 Quid
2918 4485 3053 4527 vero
3098 4471 3471 4542 impotentius
3503 4471 3617 4526 Deo

98 4562 445 4633 virginalem
493 4568 798 4616 concretus
844 4569 1096 4627 uterum,
1147 4560 1492 4617 naturaliter
1538 4561 1802 4632 impassi-

100 4649 230 4705 bilis
257 4656 313 4704 et
335 4647 676 4704 immortalis
709 4646 766 4702 in
795 4648 1011 4704 mundo
1040 4656 1210 4704 natus
1238 4656 1340 4704 est.

169 4737 274 4805 Ita,
320 4737 582 4806 inquam,
622 4735 993 4805 impassibilis
1038 4744 1094 4792 et
1138 4736 1497 4803 immortalis,
1546 4744 1611 4794 ut
1656 4739 1806 4794 sicut

100 4826 194 4883 ille
224 4825 450 4896 primus
483 4839 582 4894 per
619 4824 1064 4881 inobedientiam
1109 4825 1179 4880 ad
1224 4826 1516 4895 passiones
1554 4834 1609 4882 et
1647 4842 1805 4884 mor-

101 4923 212 4970 tem
239 4930 297 4970 se
323 4922 523 4983 sponte
561 4912 806 4980 demisit,
860 4912 939 4968 ita
982 4922 1037 4969 et
1086 4913 1189 4969 iste
1238 4914 1530 4970 secundus
1566 4914 1643 4970 ob
1684 4930 1806 4971 res-

100 5003 426 5059 titutionem
475 5001 715 5071 justitize
759 5001 832 5057 ad
875 5001 1097 5057 dolores
1140 5002 1406 5058 ferendos
1448 5012 1504 5059 et
1543 5012 1802 5073 mortem,

100 5106 356 5163 quorum
389 5091 446 5145 in
497 5090 656 5146 nullo
695 5098 819 5146 erat
859 5090 1099 5154 debitor,
1140 5104 1262 5147 sese
1293 5092 1444 5147 ultro
1474 5091 1801 5161 deponeret.

98 5179 217 5234 Nisi
244 5178 400 5234 enim
445 5177 493 5233 is
525 5192 626 5247 pro
678 5177 1013 5235 hominibus
1063 5192 1283 5248 pinnas,
1335 5192 1483 5249 quas
1522 5194 1638 5235 non
1683 5195 1806 5235 me-

99 5275 319 5333 ruerat,
367 5265 570 5331 lueret,
609 5280 707 5323 eos
736 5264 839 5335 qui
870 5266 1243 5323 merebantur
1280 5275 1334 5322 et
1373 5267 1670 5337 suppliciis
1699 5268 1807 5324 ob-

100 5354 260 5411 noxii
312 5362 500 5421 erant,
538 5354 872 5411 nullatenus
940 5355 1229 5412 liberaret.
1291 5356 1623 5421 Passibflcm
1671 5372 1807 5428 ergo

101 5443 229 5500 volo
278 5444 481 5500 credas
530 5450 585 5499 et
630 5444 926 5500 mortalem
972 5444 1045 5501 ob
1095 5445 1200 5501 hoc
1239 5444 1448 5512 solum,
1499 5445 1638 5515 quia
1690 5446 1808 5516 pati

105 5542 283 5604 atque
328 5533 475 5590 mori
526 5545 626 5602 pro
679 5533 941 5589 humana
989 5535 1381 5604 redemptione
1434 5534 1639 5603 voluit,
1692 5548 1809 5590 non

101 5622 242 5693 quia
273 5621 508 5695 aliquod
542 5628 764 5677 natura;
793 5621 1051 5678 debitum
1092 5621 1148 5677 in
1181 5620 1448 5691 patiendo
1478 5628 1654 5692 atque
1685 5635 1805 5677 mo-

99 5709 301 5767 riendo
328 5723 406 5767 ex
438 5708 678 5765 traduce
706 5710 877 5779 primi
911 5709 1166 5778 parentis
1197 5709 1520 5765 attraxerit.

1912 4565 2199 4635 imputare
2252 4562 2565 4633 poterimus
2619 4575 2798 4632 quam
2857 4560 3013 4630 quod
3074 4559 3431 4629 quotidianis
3489 4559 3617 4630 ejus

1912 4652 2211 4723 suppliciis
2257 4651 2330 4707 ad
2368 4659 2578 4706 nostra:
2622 4648 3001 4720 reparationis
3042 4646 3464 4703 adminiculum
3521 4646 3617 4702 in-

1912 4739 2181 4795 desinens
2209 4739 2522 4809 egeamus?

1986 4828 2165 4893 Certe,
2217 4827 2267 4884 si
2324 4828 2407 4883 sic
2456 4842 2516 4883 se
2572 4841 2662 4884 res
2702 4825 2958 4886 haberet.
3007 4832 3071 4880 ut
3123 4824 3256 4879 vitae
3306 4824 3617 4880 Auctorem

1914 4915 2239 4987 quotidiani
2285 4914 2581 4985 suspendii
2633 4914 2903 4970 atrocitas
2955 4911 3291 4978 trucidaret,
3347 4910 3495 4967 nihil
3557 4910 3617 4965 in

1914 5005 2123 5061 caelesti
2184 5003 2423 5075 praemio
2482 5005 2624 5059 adeo
2676 5003 2834 5069 felix,
2897 5001 3038 5057 adeo
3082 5000 3396 5071 gloriosum
3447 5006 3613 5061 esset,

1915 5094 2072 5165 quod
2105 5108 2221 5149 non
2253 5101 2369 5150 tam
2418 5092 2714 5149 diuturnae
2757 5089 3100 5147 calamitatis
3138 5088 3616 5159 contemplatione

1919 5184 1975 5239 in
2032 5182 2214 5253 ipsius
2264 5180 2751 5239 remunerationis
2798 5180 3023 5236 Christo
3068 5192 3340 5248 sponsore
3374 5177 3617 5233 vilesce-

1915 5280 2019 5328 ret.
2071 5271 2136 5327 Et
2183 5270 2317 5341 quis
2357 5285 2473 5325 non
2529 5276 2769 5325 mortem
2811 5269 2966 5324 illam
3019 5281 3244 5337 magnae
3289 5264 3618 5321 inutilitatis

1915 5366 2203 5430 argueret,
2233 5372 2412 5429 quam
2442 5372 2556 5413 non
2603 5357 2771 5412 modo
2817 5356 3157 5421 numerosis,
3211 5355 3309 5410 sed
3360 5352 3619 5409 ineffabi-

1917 5446 2048 5502 liter
2110 5447 2349 5503 infinitis
2400 5446 2458 5501 in
2511 5445 2631 5500 dies
2684 5444 2906 5499 vicibus
2964 5444 3138 5513 repeti
3187 5441 3521 5498 constaret?
3563 5446 3620 5497 et

1919 5534 2060 5605 quid
2092 5536 2248 5605 quod
2288 5536 2349 5591 in
2396 5533 2643 5605 singulis
2681 5531 2941 5602 quotidie
2972 5532 3244 5594 ecclesiis,
3272 5531 3415 5601 quin
3442 5529 3619 5585 etiam

1918 5622 2201 5679 altaribus
2253 5623 2421 5693 plura
2458 5621 2739 5678 sacriiicia
2792 5620 3162 5676 delibantur?
3200 5620 3354 5689 Ergo
3403 5625 3482 5674 tot
3518 5631 3619 5688 pa-

1918 5709 2114 5766 tibulis
2148 5712 2663 5780 impotentissimus
2710 5710 2823 5776 ille,
2854 5709 2902 5764 si
2952 5709 3030 5763 ita
3068 5715 3173 5773 est,
3223 5708 3487 5763 Salvator
3527 5705 3619 5762 di-
