3936 6422
321 371 425 427 647

1212 366 1274 418 V.
1317 363 1648 421 GUIBERTI
1687 361 1980 418 ABBATIS
2016 361 2071 416 S.
2114 362 2356 418 MARIE
2395 361 2485 416 DE
2521 359 2923 418 NOVIGENTO

3724 361 3828 416 648

321 513 482 562 cetur
510 503 689 576 affigi,
724 510 864 574 quot
896 502 1097 558 missas
1137 501 1354 570 ubique
1397 499 1666 554 altarium
1698 497 2013 552 constiterit
2053 501 2092 552 A
2125 497 2440 563 existimas,
2507 497 2648 566 quid
2710 496 3105 552 auctoritatem
3183 495 3380 550 mortis
3442 495 3648 551 Christi
3724 511 3822 564 per

321 593 617 650 celebrari.

389 682 552 739 Certe
600 681 647 737 si
692 680 855 736 nulla
911 685 1277 749 suppeterent
1333 676 1763 745 Scripturarum
1815 672 2020 728 suifra-

319 770 433 841 gia,
484 777 660 825 totam
705 776 897 824 tamen
983 767 1130 821 hanc
1174 764 1496 820 vecordiam
1549 762 1696 818 ratio
1747 762 2013 816 obrueret

318 859 610 914 universa.
665 856 778 912 Etsi
824 857 976 911 enim
1030 856 1144 924 ipse
1192 853 1587 908 ecclesiasticae
1640 851 2018 906 institutioins

318 954 501 1014 actus,
535 945 638 1016 qui
671 945 731 1000 ﬁt
761 945 908 1000 inter
939 941 1399 1004 sacriﬁcandum,
1450 939 1882 994 similitudinem
1919 939 2020 992 Do-

319 1034 542 1090 minicze
595 1033 874 1103 passionis
923 1031 1162 1085 innuere
1208 1043 1321 1084 non
1361 1028 1682 1094 dubitetur,
1719 1035 1775 1082 et
1817 1026 1875 1081 in
1907 1027 2015 1081 Do-

317 1121 462 1176 mini
510 1121 686 1176 nostri
744 1119 860 1175 ﬁeri
914 1116 1452 1174 commemoratione
1507 1115 1800 1179 credatur,
1859 1113 2018 1169 nefas

317 1213 508 1261 tamen
538 1213 620 1260 est
646 1211 710 1260 ut
756 1205 827 1259 ob
872 1204 977 1258 hoc
1018 1203 1208 1270 ipsum
1255 1199 1716 1270 quotiescunque
1759 1199 1839 1265 ﬁt,
1881 1212 2015 1253 cru-

317 1292 468 1364 ciﬁgi
518 1293 762 1348 dicatur.
807 1290 1082 1356 Quamvis
1129 1303 1383 1358 namque
1422 1287 1811 1357 signiﬁcantia
1850 1300 2018 1356 quae-

315 1379 453 1437 libet
483 1381 820 1451 signiﬁcatis
849 1377 1153 1449 aliquoties
1196 1384 1626 1447 praeponantur,
1670 1390 1783 1430 non
1827 1382 2017 1430 tamen

315 1469 516 1526 eadem
569 1477 706 1525 sunt
735 1457 895 1539 'quae
945 1465 1263 1524 umbratice
1311 1466 1725 1535 praenuntiant,
1777 1471 1832 1518 et
1886 1477 2018 1532 quae

315 1559 592 1614 veraciter
617 1557 1090 1626 subsequuntur;
1127 1554 1283 1610 verbi
1336 1553 1542 1623 gratia,
1590 1552 1646 1606 iu
1679 1552 2018 1621 baptismate

315 1647 470 1702 trina
517 1647 724 1702 mersio
769 1645 1102 1700 triduanam
1145 1642 1371 1698 Domini
1424 1641 1712 1712 signiﬁcat
1757 1640 2015 1710 sepultu-

313 1749 462 1803 ram,
511 1749 616 1790 nec
663 1741 855 1788 tamen
903 1731 1151 1788 dicimus
1200 1730 1354 1801 quod
1399 1730 1861 1799 quotiescunque
1907 1728 2018 1783 ali-

315 1823 451 1880 cubi
485 1823 825 1892 baptizatur,
857 1820 1020 1876 toties
1054 1819 1292 1876 ubilibet
1326 1817 1590 1873 Christus
1617 1816 1944 1886 sepeliatur.

387 1908 541 1964 Licet
575 1907 742 1978 plane
791 1906 974 1961 hostia
1021 1904 1120 1960 illa
1159 1903 1494 1959 memoriam
1537 1912 1791 1958 nostram
1835 1901 2021 1972 quoti-

316 1995 504 2052 dianis
543 1995 866 2051 accessibus
903 1993 962 2048 in
1006 1992 1093 2048 sui
1135 1992 1362 2048 refricet
1403 1992 1659 2057 veritate,
1703 1990 1784 2044 nil
1828 1998 2018 2045 tamen

317 2083 531 2140 iteratae
563 2084 790 2153 injuriae
823 2083 934 2137 Deo
967 2081 1156 2147 infert,
1202 2094 1515 2149 nunquam
1541 2080 1807 2148 deinceps
1838 2078 2020 2134 mori-

315 2180 447 2229 turo
487 2186 587 2242 pro
629 2172 907 2242 passionis
948 2169 1220 2239 imagine.
1273 2190 1294 2217 ι
1335 2168 1598 2224 Christus
1640 2180 1777 2222 sane
1818 2180 2020 2222 resur-

319 2275 460 2332 gens
501 2274 574 2316 ex
619 2259 862 2316 mortuis
904 2258 1026 2328 jam
1068 2271 1183 2312 non
1234 2257 1510 2322 moritur;
1559 2269 1711 2310 mors
1740 2254 1819 2309 illi
1867 2254 2020 2310 ultra

317 2362 435 2403 non
466 2347 882 2402 dominabitur.
925 2345 1087 2409 Quod
1136 2345 1288 2398 enim
1323 2353 1588 2398 mortuus
1633 2351 1718 2397 est
1766 2351 2016 2410 peccato,

317 2442 584 2490 mortuus
639 2440 724 2489 est
779 2433 981 2497 semel;
1049 2433 1202 2502 quod
1254 2438 1447 2486 autem
1495 2430 1656 2496 vivit,
1717 2429 1860 2484 vivit
1905 2430 2019 2486 Deo

318 2524 512 2595 (Rom.
538 2539 614 2588 Vl,
647 2523 698 2586 9,
738 2523 838 2578 iOl.
878 2542 898 2570 ι
939 2521 1101 2584 Quod
1157 2519 1202 2574 si
1245 2533 1550 2588 resurgens
1590 2533 1702 2574 non
1751 2519 2015 2586 moritur,

319 2619 375 2668 et
399 2621 591 2668 tamen
621 2611 776 2666 omni
811 2609 900 2664 die
928 2622 1026 2678 per
1069 2623 1266 2663 omnes
1296 2621 1444 2669 aras,
1473 2609 1645 2677 juxta
1677 2616 1834 2662 tuam
1882 2620 2018 2662 sen-

320 2702 584 2766 tentiam,
629 2698 1012 2769 cruciﬁgitur,
1057 2697 1196 2752 illud
1245 2696 1617 2764 apostolicum
1658 2695 1838 2750 semel
1872 2696 2018 2750 scire

319 2789 495 2844 velim
543 2787 894 2858 quomodoa
945 2794 1044 2842 tua
1116 2785 1422 2855 prudentia
1480 2784 1841 2854 intelligitur,
1902 2797 2018 2854 quo

322 2884 640 2948 peccatum,
692 2875 748 2930 id
807 2884 892 2931 est
943 2875 1125 2930 hostia
1181 2889 1284 2944 pro
1331 2881 1556 2942 peccato
1615 2873 1818 2939 factus,
1873 2871 2015 2927 mori

320 2966 552 3022 dicitur.
586 2965 655 3020 Et
681 2963 968 3034 quomodo
1000 2961 1112 3017 Deo
1162 2963 1328 3029 vivit,
1370 2961 1472 3031 qui
1520 2961 1724 3016 millies
1768 2961 2017 3030 repetitis

321 3054 539 3124 ubique
571 3060 850 3108 terrarum
885 3050 1338 3121 appensionibus
1371 3049 1453 3104 sic
1485 3049 1768 3105 vexatur?

391 3142 470 3210 Si,
517 3143 690 3212 juxta
735 3141 968 3196 Petrum
1018 3139 1336 3208 apostolum
1380 3139 1434 3192 in
1487 3138 1606 3193 haec
1657 3138 1777 3206 ipsa
1842 3137 2018 3193 verba

323 3237 698 3286 tractantem:
753 3248 774 3276 ε
825 3227 1088 3284 Christus
1141 3225 1310 3281 semel
1365 3238 1466 3294 pro
1507 3225 1753 3294 peccatis
1807 3228 2018 3280 nostris

319 3325 588 3374 mortuus
627 3325 732 3383 est,
785 3324 849 3371 ut
893 3329 995 3370 nos
1041 3315 1152 3370 Deo
1194 3313 1398 3369 offerat
1441 3314 1502 3382 (Ι
1543 3314 1696 3367 Petr.
1736 3329 1814 3380 nt,
1850 3315 1950 3380 18),
1985 3334 2014 3361 »

321 3406 424 3475 qui
467 3413 548 3461 tot
595 3418 900 3474 ptenarum
959 3403 1188 3457 casibus
1231 3402 1497 3457 addictus
1548 3411 1652 3466 est,
1705 3403 1778 3456 ad
1833 3402 2017 3458 Deum

321 3492 610 3550 offerendo
643 3494 930 3563 quomodo
958 3504 1314 3560 quemquam
1345 3490 1542 3546 levat?
1589 3490 1642 3546 Si
1677 3477 1845 3545 s'emel
1898 3505 2016 3544 mo-

321 3583 490 3648 ritur,
538 3589 594 3636 et
637 3579 810 3636 saluti
851 3587 1080 3634 aeternae
1110 3592 1181 3633 ex
1233 3593 1298 3632 eo
1347 3592 1449 3633 nos
1488 3586 1735 3648 reparat,
1773 3579 2016 3648 dignum

319 3677 404 3726 est
439 3669 642 3739 utique
681 3675 738 3724 et
781 3675 1110 3737 competens
1159 3665 1444 3722 divinitati
1484 3668 1820 3737 mysterium
1863 3667 2017 3736 quod

320 3757 588 3814 celebrat.
634 3757 689 3812 Si
737 3765 928 3812 autem
981 3764 1242 3812 mortuus
1291 3763 1590 3826 postquam
1635 3755 2018 3811 resurrexerit

323 3855 600 3918 perpetua
639 3860 758 3901 sese
802 3853 864 3901 ut
894 3844 976 3900 sic
1022 3844 1267 3900 dixerim
1311 3858 1552 3900 crucum
1602 3843 1852 3899 illatione
1885 3856 2018 3898 car-

319 3936 538 4002 niﬁcat,
590 3935 762 3990 miser
801 3934 986 3990 factus
1026 3933 1439 3989 beatitudinem
1484 3946 1663 4003 quam
1705 3945 1821 3987 non
1848 3931 2018 3987 habet

323 4025 538 4080 nemini
572 4024 740 4094 plane
769 4023 1112 4092 suppeditat.

394 4135 416 4162 ι
448 4113 572 4169 Non
613 4111 790 4178 enim,
825 4112 906 4166 ait
932 4111 1256 4180 Apostolus,
1301 4110 1360 4164 in
1401 4108 1750 4165 manufactis
1797 4107 2019 4164 Sanctis

321 4199 474 4274 [al..]
515 4199 843 4256 manufacta
889 4195 1121 4269 Sancta]
1151 4199 1314 4253 Jesus
1343 4197 1620 4263 introivit,
1667 4195 2020 4266 exemplaria

317 4302 614 4352 verorum,
670 4287 768 4342 sed
815 4287 871 4342 in
923 4287 1108 4354 ipsum
1157 4287 1386 4350 caelum,
1443 4292 1504 4340 ut
1538 4293 1811 4354 appareat
1863 4297 2020 4340 nunc

319 4376 510 4434 vultui
546 4375 638 4431 Dei
671 4389 773 4444 pro
806 4374 970 4430 nobis
1002 4389 1015 4428 :
1059 4389 1248 4444 neque
1298 4382 1360 4429 ut
1401 4387 1552 4443 saepe
1589 4371 1789 4428 offerat
1820 4379 2020 4428 semet-

321 4463 532 4533 ipsum,
585 4461 1074 4532 quemadmodum
1151 4461 1405 4532 pontifex
1455 4460 1630 4516 intrat
1699 4461 1755 4514 in
1811 4459 2019 4514 Sancta

318 4565 419 4622 per
475 4550 732 4620 singulos
787 4563 971 4606 annos
1038 4552 1095 4605 in
1140 4549 1425 4620 sanguine
1485 4547 1692 4612 alieno,
1757 4547 2018 4618 alioquin

319 4640 613 4711 Oportebat
661 4652 795 4694 eum
838 4638 1174 4709 frequenter
1223 4637 1337 4707 pati
1381 4637 1456 4692 ab
1501 4637 1724 4706 origine
1777 4636 2014 4704 mundi;

318 4743 479 4785 nunc
517 4735 712 4785 autem
753 4727 811 4782 in
859 4726 1354 4783 consummatione
1401 4724 1768 4790 saeculorum,
1806 4724 1874 4778 ad
1920 4725 2015 4778 de-

317 4818 672 4874 stitutionem
704 4815 940 4886 peccati,
976 4828 1074 4885 per
1114 4813 1361 4869 hostiam
1395 4825 1559 4868 suam
1605 4812 1894 4882 apparuit.
1947 4813 2017 4870 Et

319 4906 809 4976 quemadmodum
835 4910 1116 4960 statutum
1156 4909 1240 4957 est
1273 4899 1604 4956 hominibus
1648 4900 1818 4955 semel
1849 4901 2013 4968 mori,

320 5003 445 5065 post
499 4995 606 5050 hoc
666 5000 858 5048 autem
909 4989 1220 5062 judicium,
1272 4989 1355 5044 sic
1409 4995 1466 5044 et
1529 4987 1789 5045 Christus
1843 4988 2017 5044 semel

318 5083 548 5138 oblatus
574 5089 657 5137 est
683 5081 752 5136 ad
791 5080 1103 5136 multorum
1125 5075 1521 5133 exhaurienda
1551 5085 1780 5146 peccata
1809 5076 2012 5147 (Hebr.

319 5182 401 5234 ιχ,
426 5169 638 5239 24-28).
677 5187 705 5220 ι)
738 5167 881 5224 Ecce
913 5165 1071 5226 vides
1099 5165 1170 5219 ad
1201 5161 1482 5231 lucidum,
1528 5165 1635 5218 nisi
1668 5171 1780 5220 tua
1813 5171 2018 5220 ments

319 5255 626 5311 czecutiens
667 5267 736 5310 ex
785 5257 1016 5322 peccato
1065 5248 1390 5319 reperiatur
1427 5248 1687 5315 obtutus,
1727 5251 2016 5320 quomodo

323 5343 436 5400 tuis
492 5343 738 5399 verbum
797 5336 1172 5408 apostolicum
1237 5344 1489 5394 occentet
1538 5337 1848 5395 erroribus.
1909 5339 2016 5394 Sed

320 5431 571 5504 rogitare
617 5439 667 5486 te
709 5427 879 5484 velim
937 5433 1132 5482 utrum
1178 5425 1422 5489 Novum,
1469 5426 1680 5492 Veteri,
1722 5440 1796 5483 an
1839 5427 2017 5483 Vetus

317 5519 477 5576 Novo
511 5517 668 5589 apud
697 5524 750 5572 te
783 5513 1175 5585 praeponderet
1204 5514 1576 5572 Testamento.
1607 5514 1730 5572 Non
1784 5515 2016 5586 ambigo

321 5608 465 5678 quin
531 5606 690 5663 dicas
743 5602 992 5660 Novum.
1056 5602 1217 5671 Quod
1247 5603 1297 5659 si
1352 5602 1580 5660 Novum
1647 5607 2016 5674 praeeminere

2127 586 2495 656 quotidiauas
2555 585 2683 655 ejus
2723 583 3126 640 cruciﬁxiones
3171 583 3230 638 in
3281 591 3510 639 tantum
3559 596 3828 638 evacuas.

2129 682 2193 729 ut
2251 673 2430 728 multo
2485 675 2670 742 magis
2725 671 3094 729 authenticus
3149 671 3432 741 pontiﬁcis
3498 672 3558 726 in
3615 670 3826 727 Sancta

2129 762 2442 829 quotannis
2513 762 2584 816 ob
2645 763 2735 817 sui
2796 761 3133 816 charitatem
3209 760 3477 815 videatur
3533 758 3825 821 introitus.

2129 863 2306 918 quam
2365 849 2691 905 iudesinens
2732 849 2889 905 omni
2937 849 3028 903 dei
3070 847 3246 904 nostri
3289 847 3602 903 Salvatoris
3640 848 3823 902 inter-

2144 937 2298 992 itus?
2342 941 2491 991 840
2565 938 2618 993 Si
2676 937 2851 1003 enim,
2912 937 3229 992 secundum
3280 935 3625 1006 Scripturas,
3687 949 3827 1004 pas-

2126 1025 2302 1080 sionis
2331 1025 2457 1094 ejus
2488 1027 2686 1095 prima:
2716 1025 2920 1080 efﬁcax
2953 1024 3302 1094 supplicium
3347 1023 3624 1091 crederes,
3681 1039 3832 1080 nun-

2125 1127 2301 1184 quam
2371 1115 2498 1183 ejus
2554 1113 2988 1184 improperium,
3041 1111 3196 1182 quod
3245 1125 3348 1182 pro
3403 1120 3458 1168 te
3509 1113 3556 1168 si
3615 1125 3831 1168 sanum

2126 1201 2316 1270 sapias
2380 1202 2630 1271 pertulit,
2692 1200 2748 1256 in
2813 1200 3124 1271 suspendia
3170 1202 3344 1256 etiam
3382 1200 3591 1257 saeculo
3631 1214 3831 1256 coaava

2125 1289 2496 1345 distenderes.

2195 1376 2356 1442 Quod
2403 1385 2598 1432 autem
2652 1375 2799 1432 idem
2845 1375 3193 1432 sacriﬁcium
3241 1375 3598 1446 quotidianis
3650 1377 3826 1431 itera-

2127 1462 2377 1519 tionibus
2434 1463 2850 1534 frequentatur,
2909 1477 3022 1518 non
3062 1464 3189 1534 ejus
3239 1463 3538 1534 poenaliter
3583 1461 3826 1518 crucifi-

2123 1551 2285 1607 xioni
2327 1554 2381 1608 in
2427 1552 2550 1608 dies
2595 1551 2916 1622 repetendae
2963 1551 3230 1618 refertur,
3269 1551 3368 1607 sed
3415 1549 3569 1622 quod
3608 1550 3828 1606 diurna

2123 1655 2466 1696 excessuum
2523 1642 2798 1696 varietate
2855 1639 3074 1696 malitia
3135 1639 3474 1710 quotidiana
3497 1639 3641 1695 tanti
3699 1653 3826 1708 my-

2127 1729 2282 1785 sterii
2331 1729 2815 1798 representatione
2863 1729 3128 1783 diluitur.
3177 1728 3301 1784 Non
3350 1727 3504 1783 enim
3552 1741 3690 1784 eum
3726 1727 3828 1797 qui

2128 1818 2234 1872 hoc
2263 1819 2433 1872 semel
2465 1831 2611 1886 opus
2639 1816 2918 1886 explicuit
2941 1817 3138 1872 eadem
3182 1830 3408 1886 semper
3449 1815 3828 1885 resculpendo

2124 1919 2428 1967 vexamus.
2483 1907 2579 1960 sed
2625 1905 2863 1961 fluidam
2912 1905 3244 1960 memoriam
3291 1905 3362 1960 ad
3406 1918 3608 1961 eorum
3648 1904 3830 1960 menti

2125 1997 2405 2066 originem
2467 1995 2856 2050 innovaudam
2919 2009 3278 2061 revocamus,
3329 2009 3460 2064 qua:
3535 1995 3658 2050 sine
3713 1993 3831 2050 ulla

2125 2083 2376 2139 iterandi
2425 2082 2759 2139 necessitate
2807 2083 3069 2139 omnium
3121 2081 3294 2140 saluti
3353 2082 3646 2154 quondam
3703 2087 3831 2137 acta

2130 2170 2536 2242 comperimus.

2197 2259 2327 2330 §II.
2379 2259 2862 2330 lnterrogandum
2913 2258 3088 2315 etiam
3130 2273 3332 2316 censeo
3372 2265 3573 2316 utrum
3615 2272 3829 2328 corpus

2125 2347 2290 2414 illud,
2337 2348 2489 2418 quod
2534 2361 2777 2416 semper,
2833 2356 2894 2404 ut
2940 2347 3100 2414 dicis,
3156 2348 3537 2418 cruciﬁgitur,
3580 2347 3826 2417 idipsum

2123 2435 2197 2492 sit
2224 2437 2380 2505 quod
2403 2436 2471 2490 de
2505 2435 2739 2506 Virgine
2770 2443 2972 2492 natum
3003 2443 3226 2491 constat
3271 2443 3327 2491 et
3362 2435 3517 2506 quod
3569 2435 3628 2490 in
3657 2448 3828 2491 cruce

2129 2524 2482 2594 pependerit.
2519 2523 2642 2579 Scio
2694 2525 2848 2594 quod
2890 2524 3261 2594 respondebis
3298 2523 3568 2594 idipsum.
3599 2525 3754 2595 Ergo
3782 2524 3826 2579 si

2127 2611 2378 2682 idipsum
2437 2613 2730 2678 creditur;
2778 2619 2834 2667 et
2874 2611 3010 2667 huic
3053 2611 3309 2681 passibili
3355 2619 3410 2667 et
3459 2611 3712 2677 mortali,
3766 2617 3828 2666 ut

2127 2700 2315 2764 doces,
2365 2699 2712 2756 conformari
2765 2699 2968 2756 debere
3021 2700 3276 2756 creditur
3321 2700 3478 2770 quod
3538 2702 3597 2756 in
3657 2699 3828 2756 altari

2125 2785 2449 2854 conﬁcitur,
2493 2787 2680 2842 doceri
2729 2787 2898 2842 velim
2939 2795 3138 2843 utrum
3180 2786 3329 2842 idem
3371 2801 3580 2857 corpus
3619 2788 3720 2854 sit,
3754 2800 3826 2842 an

2127 2874 2306 2941 aliud,
2363 2873 2517 2944 quod
2570 2875 2836 2944 passibile
2881 2882 2938 2931 et
2995 2875 3233 2931 mortale
3291 2889 3326 2931 a
3367 2884 3419 2932 te
3461 2875 3738 2943 traditur,
3770 2883 3822 2930 et

2125 2962 2270 3018 illud
2303 2963 2458 3032 quod
2493 2972 2744 3032 paternae
2790 2963 2910 3034 jam
2945 2963 3194 3020 dexterae
3234 2963 3583 3034 impassihile
3622 2973 3684 3020 et
3722 2965 3826 3019 im-

2055 3071 2096 3126 C
2129 3052 2366 3106 mortale
2425 3052 2748 3107 consedisse
2786 3052 3165 3122 dignoscitur.
3211 3051 3264 3108 Si
3309 3052 3469 3108 dicas
3511 3053 3664 3110 idem
3718 3067 3827 3108 non

2123 3153 2263 3202 esse,
2312 3144 2462 3195 certe
2512 3139 2626 3195 duo
2685 3154 2925 3210 corpora
2971 3140 3106 3196 Jesu
3158 3139 3401 3196 Domino
3442 3141 3824 3198 inducuntur.

2122 3227 2295 3284 Aliud
2353 3228 2506 3283 enim
2555 3228 2664 3284 erit
2711 3229 2864 3299 quod
2917 3228 3167 3299 passioni
3213 3237 3269 3284 et
3320 3230 3488 3286 morti
3537 3229 3826 3286 constabit

2125 3316 2463 3382 obnoxium,
2513 3315 2671 3371 aliud
2719 3315 2886 3386 plane
2911 3317 3068 3387 quod
3112 3318 3183 3373 ad
3228 3318 3684 3388 incorruptionis
3708 3319 3825 3390 jam

2127 3405 2359 3474 pertigit
2414 3404 2864 3460 firmamentum.
2924 3409 3070 3462 Cum
3127 3419 3263 3477 ergo
3339 3406 3489 3462 sacri
3560 3409 3729 3477 panis
3777 3413 3829 3461 et

2124 3493 2316 3548 calicis
2355 3492 2692 3562 mysterium
2722 3493 3112 3563 corruptibilis
3160 3494 3222 3550 ﬁt
3257 3494 3452 3551 carnis
3483 3495 3825 3560 indiculum,

2125 3581 2184 3635 in
2217 3593 2542 3650 perversam
2597 3581 2932 3637 dualitatem
2964 3583 3282 3638 secernitur
3330 3582 3643 3639 Salvatoris
3691 3583 3825 3639 sub-

2125 3667 2350 3723 stantia;
2395 3667 2781 3724 individuum.
2829 3669 3000 3725 Porro
3030 3671 3076 3726 si
3120 3671 3228 3726 hoc
3273 3679 3324 3727 te
3357 3671 3545 3729 dicere
3591 3673 3822 3742 pudeat,

2123 3765 2178 3810 et
2235 3769 2417 3811 unum
2463 3770 2582 3812 esse
2633 3755 2828 3812 fateris
2885 3772 3116 3828 corpus,
3173 3759 3440 3829 passibile
3495 3761 3714 3818 scilicet
3767 3761 3822 3816 in

2127 3845 2316 3908 altari,
2368 3852 2422 3900 et
2476 3845 2630 3914 quod
2686 3845 2838 3902 Patri
2893 3847 2949 3902 in
3008 3846 3192 3919 gloria
3247 3847 3457 3905 caelesti
3509 3850 3822 3906 consideat.

2127 3932 2289 3999 Vide,
2319 3932 2639 3989 secundum
2679 3934 2982 4003 praefatum
3022 3937 3379 4006 Apostolum,
3433 3951 3505 3994 ne
3532 3937 3824 3995 Christum

2125 4019 2341 4077 factum
2383 4021 2900 4092 incorruptibilem,
2951 4031 3126 4094 atque
3167 4025 3567 4094 immortalem,
3614 4026 3824 4084 iterum

2125 4109 2452 4179 cruciﬁgas,
2506 4117 2562 4165 et
2604 4113 2856 4168 ostentui
2907 4113 3121 4170 habeas
3173 4113 3382 4184 (Hebr.
3431 4129 3508 4182 vi,
3568 4115 3648 4185 6),
3713 4117 3820 4171 imo

2127 4197 2280 4268 quod
2347 4197 2576 4253 veritati
2640 4199 3077 4256 convenientius
3121 4215 3241 4258 esse
3297 4204 3686 4274 cognoscitur,
3741 4212 3824 4259 te-

2126 4286 2315 4356 ipsum
2345 4285 2630 4342 universis
2657 4287 2725 4342 de
2757 4289 2866 4343 Deo
2892 4288 3071 4360 digna
3098 4291 3477 4348 sentientibus
3515 4291 3821 4350 ridiculum

2057 4368 2100 4421 Ι)
2125 4375 2420 4432 exhibeas.

2197 4464 2330 4519 Haec
2370 4463 2488 4530 tibi,
2541 4471 2605 4520 ut
2651 4465 2876 4536 opinor,
2934 4474 3178 4524 tractata
3225 4467 3542 4535 sufficiunt,
3593 4468 3638 4526 si
3692 4467 3820 4524 ani-

2124 4566 2285 4608 mum
2334 4553 2672 4609 correctioni
2711 4555 3047 4622 admoveas;
3087 4557 3134 4612 si
3169 4570 3310 4614 vero
3347 4557 3626 4616 obdurari
3667 4557 3819 4614 dele-

2129 4654 2298 4712 geris,
2336 4642 2454 4696 haec
2499 4641 2735 4698 forsitan
2768 4658 2884 4699 non
2933 4644 3314 4714 improbanda
3358 4646 3624 4704 fidelibus
3674 4645 3819 4702 ride—

2123 4725 2231 4796 bis,
2280 4735 2344 4784 ut
2376 4728 2618 4785 fabulas.
2668 4731 2954 4788 Desistant
3002 4747 3140 4804 ergo
3185 4749 3450 4804 quaerere
3495 4735 3817 4792 Dominicov

2124 4828 2256 4872 rum
2307 4818 2682 4874 trutinatores
2732 4828 3011 4888 statuum,
3063 4831 3261 4879 utrum
3301 4823 3426 4890 hoc,
3467 4825 3622 4896 quod
3681 4823 3820 4879 inter

2125 4915 2230 4958 nos
2260 4903 2322 4958 ﬁt
2350 4914 2798 4971 sacramentum,
2840 4908 3144 4964 conveniat
3193 4910 3448 4980 passibili
3483 4924 3560 4966 an
3627 4911 3820 4980 impas

2124 4989 2296 5057 sibili,
2332 4989 2558 5046 Christo
2586 5002 2812 5048 mortuo
2841 5007 2916 5048 an
2953 4993 3186 5050 viventi.

2197 5077 2353 5148 §III.
2409 5077 2548 5132 Tale
2597 5079 2818 5135 Chriin
2861 5097 3070 5152 corpus
3113 5081 3180 5138 in
3225 5087 3613 5152 sacramento,
3657 5082 3818 5156 quale

2118 5168 2251 5238 post
2296 5166 2792 5224 resurrectionem.
2827 5197 2894 5208 —
2937 5169 3112 5226 Aliter
3141 5171 3295 5226 enim
3350 5172 3690 5244 neutiquam
3743 5171 3814 5225 in-

2124 5253 2300 5324 telligi
2360 5254 2564 5310 debere
2616 5257 3001 5326 perpendunt,
3049 5259 3157 5314 nisi
3206 5267 3267 5315 ut
3311 5259 3370 5316 in
3419 5275 3488 5316 ea
3548 5261 3817 5332 qualitate

2124 5343 2308 5413 accipi
2337 5343 2557 5411 debeat,
2583 5344 2642 5399 in
2673 5359 2810 5414 qua,
2859 5361 2994 5402 cum
3035 5362 3246 5418 corpus
3277 5349 3424 5405 idem
3468 5351 3815 5407 manducan-

2125 5428 2266 5484 dum
2297 5429 2594 5498 discipulis
2625 5442 2978 5501 proponerct,
3021 5444 3163 5491 erat.
3209 5435 3263 5492 Si
3311 5439 3484 5504 enim,
3531 5437 3814 5508 inquiunt,

2125 5515 2186 5572 in
2225 5517 2506 5573 convuviis
2550 5533 2681 5588 qua:
2735 5528 2857 5588 post
2889 5524 3371 5581 resurrectionem
3400 5529 3660 5582 exercuit
3691 5535 3814 5581 cum

2123 5603 2227 5672 eis,
2272 5605 2392 5660 haec
2431 5604 2554 5676 ipsa
2599 5609 2924 5666 mandasset
2972 5618 3026 5668 et
3072 5612 3179 5669 hoc
3235 5627 3443 5683 corpus
3487 5627 3659 5671 suum
3702 5624 3813 5669 esse
