3936 6410
109 298 228 348 649

1174 297 1267 351 DE
1312 295 1734 352 PIGNORIBUS
1775 293 2216 350 SANCTORUM.
2249 325 2316 332 —
2348 295 2473 348 LIB.
2521 295 2613 346 III.

3552 296 3658 346 650

105 426 388 491 dixisset,
435 439 604 480 nemo
650 439 860 495 corpus
919 426 1074 481 aliud
1134 426 1237 481 rite
1293 426 1663 481 intellexisset
1723 426 1828 481 nisi
1871 430 1916 482 Α
1947 439 2100 480 xero.
2155 426 2485 480 Paracletus
2529 439 2666 494 ergo
2720 437 2834 478 non
2883 424 3041 479 venit
3067 423 3176 478 nisi
3223 423 3328 478 ista
3359 423 3658 479 subtrahi-

109 513 304 584 quale
333 521 478 568 tunc
517 514 703 568 fuerat
751 528 883 568 cum
942 514 1049 569 ista
1098 513 1354 579 dixisset,
1404 514 1516 569 imo
1570 515 1717 569 inter
1745 530 1847 570 coe-

109 601 402 656 nandum
435 600 647 656 dixisse
695 602 987 670 recolitur,
1023 616 1138 656 non
1187 616 1245 657 se
1275 602 1344 658 de
1379 603 1667 674 genimine
1713 602 1846 658 vitis

114 689 462 746 bibiturum
501 691 680 745 donec
713 690 851 746 illud
888 691 943 745 in
985 705 1166 761 regno
1197 705 1302 746 suo
1340 705 1471 746 cum
1508 691 1721 746 eisdem
1756 691 1847 746 bi-

115 779 269 835 bere
309 779 608 835 videretur
654 781 859 848 (Marc.
913 794 1031 846 xw,
1065 781 1178 848 25),
1236 780 1389 849 quod
1435 794 1680 850 regnum
1731 794 1848 834 non

118 867 297 924 aliud
331 882 510 938 quam
559 869 705 938 passi
741 868 861 939 jam
903 869 1160 938 corporis
1190 868 1522 924 clariticatio
1551 876 1654 924 est.
1690 869 1849 926 Unde

113 964 259 1012 est:
329 980 351 1007 ς
403 956 649 1026 Spiritus
697 957 955 1012 nondum
1012 956 1198 1012 fuerat
1255 956 1443 1024 datus,
1495 957 1634 1027 quia
1684 957 1848 1013 Jesus

122 1045 403 1101 nondum
450 1045 634 1101 fuerat
677 1045 1026 1100 clarificatus
1078 1047 1268 1112 (Joan.
1301 1061 1398 1113 vn,
1449 1045 1561 1116 39.)
1598 1067 1618 1094 ι
1653 1045 1850 1114 Qualis

119 1149 276 1204 ergo
310 1142 450 1190 tunc
479 1141 602 1190 erat
638 1149 770 1189 cum
820 1134 954 1189 talia
992 1133 1238 1189 ediceret
1269 1149 1281 1188 :
1321 1157 1342 1183 ι
1380 1135 1484 1198 Qui
1539 1133 1848 1190 manducat

123 1236 374 1278 carnem
435 1236 642 1286 meam,
703 1230 758 1277 et
808 1223 949 1278 bibit
1004 1223 1348 1292 sanguinem
1405 1237 1598 1278 meum
1653 1222 1710 1277 in
1762 1236 1850 1279 me

121 1319 336 1367 manet
386 1313 584 1379 (Joan.
638 1326 715 1378 v1,
744 1311 852 1381 57),
908 1332 934 1360 »
989 1318 1089 1366 et:
1147 1333 1167 1359 ι
1203 1309 1310 1376 Qui
1370 1311 1684 1367 manducat
1736 1326 1844 1379 me,

122 1400 285 1456 vivit
337 1409 564 1470 propter
622 1414 711 1455 me
759 1398 962 1469 (Ibid.,
1018 1397 1127 1467 58),
1157 1420 1177 1446 ι
1237 1399 1348 1454 tale
1397 1399 1728 1456 existimant
1770 1400 1851 1470 ip—

125 1503 295 1555 sum,
341 1489 497 1560 quod
528 1489 759 1544 vitalem
794 1503 866 1544 ex
899 1488 1068 1543 altari
1097 1502 1258 1543 esum
1291 1489 1525 1557 praebet.

203 1577 319 1633 Sed
380 1592 542 1633 cassa
591 1577 658 1632 de
706 1578 840 1633 Jesu
902 1578 1115 1632 mortui
1175 1577 1552 1632 similitudine
1610 1577 1850 1647 quaestio

121 1675 235 1732 est,
269 1666 414 1736 quia
445 1667 545 1737 qui
578 1674 844 1722 mortuus
887 1674 991 1734 est,
1035 1667 1092 1720 in
1135 1680 1241 1721 sua
1291 1666 1471 1735 ipsius
1509 1674 1689 1721 morte
1735 1680 1847 1720 non

123 1755 299 1810 aliud
335 1769 510 1826 quam
551 1755 644 1810 Dei
689 1754 866 1810 Filius
895 1763 995 1810 est.
1022 1754 1131 1819 Qui
1151 1756 1304 1809 enim
1337 1754 1408 1810 ab
1439 1754 1662 1825 origine
1679 1769 1849 1810 mun-

125 1845 211 1911 di,
265 1853 586 1915 antequam
637 1844 1024 1914 temporaliter
1082 1851 1435 1910 nasceretur,
1489 1843 1711 1899 occisus
1764 1843 1850 1899 di-

126 1931 316 1998 citur,
360 1939 415 1986 et
447 1946 578 2001 quae
605 1946 739 1987 cum
787 1932 1052 2002 patribus
1087 1939 1214 1986 acta
1259 1939 1396 1986 sunt
1423 1931 1605 2002 egisse
1635 1931 1851 2001 legitur

132 2019 350 2090 (Apoc.
383 2034 501 2087 xm,
535 2020 611 2085 8i,
639 2020 806 2087 sicut,
861 2028 924 2075 ut
957 2021 1033 2075 ita
1071 2019 1297 2090 loquar,
1332 2028 1643 2091 antequam
1685 2028 1849 2087 esset,

131 2108 249 2164 fuit
296 2109 380 2163 ita
431 2117 697 2164 mortuus
737 2123 961 2178 semper
1004 2108 1252 2178 idipsum
1301 2109 1455 2178 quod
1500 2109 1673 2164 vivus
1723 2109 1848 2174 fuit,

133 2197 300 2253 unde
355 2196 436 2253 nil
489 2197 636 2252 inter
679 2199 968 2253 viventem
1015 2205 1070 2253 et
1115 2205 1412 2253 mortuum
1454 2197 1697 2253 discerni
1749 2198 1852 2252 de-

134 2286 290 2342 buit.
333 2287 454 2355 Ipse
488 2286 644 2355 apud
674 2286 883 2342 Judam
916 2286 1235 2356 apostolum
1272 2286 1524 2342 secundo
1571 2287 1852 2356 populum

131 2374 204 2430 de
231 2374 492 2444 Egypto
523 2374 717 2430 eduxit
766 2374 911 2442 (Iud.
961 2374 1041 2445 ν).
1078 2374 1143 2430 Et
1183 2375 1400 2430 Paulus
1433 2374 1740 2436 Christum
1792 2373 1852 2428 in

135 2464 370 2518 deserto
424 2463 497 2518 ab
542 2463 814 2518 Israelitis
861 2471 1141 2520 tentatum
1193 2463 1330 2519 dicit
1377 2463 1438 2533 (Ι
1493 2465 1617 2520 Cor.
1669 2477 1726 2526 Χ,
1776 2462 1850 2532 9).

131 2552 414 2622 Mysteria
463 2561 655 2608 autem
704 2554 902 2608 eadem
951 2567 1052 2623 per
1102 2553 1491 2608 omnimodam
1540 2551 1855 2607 divinitatis

137 2640 513 2696 afﬂuentiam
568 2639 870 2708 vivificari,
923 2640 1012 2695 sin
1065 2640 1211 2696 alias
1269 2641 1471 2696 saltem
1534 2639 1855 2696 sacrativus

138 2728 261 2799 ipse
291 2743 486 2784 canon
515 2730 808 2785 evidenter
839 2729 1104 2785 ostendit.
1159 2751 1178 2777 ι
1219 2728 1555 2785 Sanctiﬁcas
1581 2771 1596 2795 ,
1637 2728 1850 2798 inquit,

135 2818 433 2885 vivificas,
460 2817 749 2874 henedicis
776 2827 830 2874 et
851 2825 1086 2887 prmstas
1113 2818 1298 2874 nobis.
1328 2840 1348 2866 ι
1374 2819 1478 2874 Per
1499 2831 1630 2888 quae
1661 2816 1854 2872 omni-

138 2913 440 2977 potentem
477 2906 730 2962 eflicacia
760 2906 962 2962 reddit.

1957 521 2071 580 tur,
2103 515 2272 586 quasi
2301 515 2410 569 nisi
2452 512 2739 583 quidquid
2781 527 3122 582 corporeum
3165 513 3339 581 ipsius
3369 521 3452 568 est
3484 527 3518 567 a
3551 527 3662 567 me-

1956 603 2138 658 moria
2200 603 2527 673 abrogetur,
2592 602 2662 656 ad
2713 601 3136 670 contemplandi
3199 601 3429 656 animus
3491 600 3659 654 fidem

1956 691 2292 748 nullatenus
2319 692 2676 748 sublevatur.
2707 690 2984 760 Superius
3021 689 3238 745 dictum
3263 698 3366 756 est,
3402 689 3552 759 quod
3588 689 3659 744 ad

1956 781 2424 836 exercitationem
2469 780 2595 835 fidei
2641 788 2868 846 nostrze,
2910 793 2944 834 a
2974 777 3281 850 principali
3321 792 3559 847 corpore
3589 778 3662 833 ad

1957 870 2261 938 mysticum
2313 869 2594 926 Dominus
2637 877 2829 925 noster
2874 883 2979 924 nos
3029 867 3211 924 voluit
3244 867 3565 932 traducere,
3608 874 3664 922 et

1955 958 2165 1014 exinde
2215 959 2383 1030 quasi
2421 957 2769 1029 quibusdam
2807 957 3087 1029 gradibus
3125 957 3197 1013 ad
3229 955 3440 1013 divina:
3470 955 3661 1012 subti-

1956 1046 2132 1103 litatis
2160 1047 2593 1119 intelligentiam
2623 1047 2874 1103 erudire.

2027 1135 2201 1203 Quasi
2232 1150 2370 1207 ergo
2404 1136 2473 1192 de
2515 1136 2854 1191 extrinsecze
2880 1133 3118 1190 visionis
3160 1132 3540 1190 crassitudine
3590 1132 3664 1188 ad

1959 1225 2390 1294 imaginationis
2434 1224 2752 1280 tenuiorem
2824 1222 3166 1288 contuitum,
3219 1237 3287 1278 ac
3327 1223 3371 1277 si
3422 1222 3490 1278 de
3535 1236 3665 1276 can-

1955 1312 2107 1368 nabo
2135 1313 2416 1368 subduxit
2446 1313 2518 1368 ad
2564 1313 2771 1379 linum,
2815 1312 2955 1366 dum
2994 1312 3063 1366 de
3112 1313 3298 1381 specie
3329 1324 3435 1366 sua
3466 1325 3662 1380 corpo-

1957 1400 2064 1457 rali
2108 1402 2179 1458 ad
2223 1403 2575 1472 agnitionem
2625 1401 2803 1470 hujus
2849 1405 3000 1454 350
3054 1399 3307 1469 mysterii
3377 1413 3478 1453 nos
3528 1412 3662 1467 pro-

1960 1491 2161 1559 movit,
2211 1500 2273 1546 ut
2327 1491 2395 1546 de
2441 1491 2726 1546 tractabili
2783 1489 3148 1545 carnulentia
3197 1488 3667 1558 resipiscentibus

1959 1580 2205 1635 alterum
2263 1580 2542 1650 quiddam
2591 1579 2883 1648 pollicens,
2933 1577 3047 1632 imo
3079 1578 3398 1644 continens,
3450 1577 3668 1646 species

1959 1668 2338 1740 eflingeretur
2367 1669 2568 1723 altera.
2621 1668 2768 1722 Dum
2820 1667 2977 1721 enim
3019 1667 3203 1732 rudis,
3245 1674 3300 1721 et
3342 1666 3664 1721 formarum

1961 1757 2400 1827 allegoricarum
2454 1757 2672 1811 inscius
2712 1755 3002 1826 quispiam
3037 1754 3161 1809 'duo
3200 1754 3297 1808 illa
3328 1753 3665 1820 materialia,

1961 1860 2168 1916 panetn
2208 1860 2275 1902 ac
2305 1846 2508 1902 vinum
2534 1844 2764 1910 scilicet,
2801 1843 2858 1898 in
2892 1844 3060 1898 altari
3101 1841 3390 1912 proposita
3422 1850 3669 1896 contem-

1960 1934 2174 2003 platur,
2206 1940 2260 1989 et
2306 1933 2364 1988 in
2416 1933 2486 1987 iis
2536 1945 2750 2001 corpus
2789 1933 2923 1986 Jesu
2963 1944 3030 1985 ac
3078 1930 3422 2000 sanguinem
3456 1928 3667 1984 sentire

1960 2023 2214 2088 docetur,
2246 2023 2316 2077 ad
2358 2029 2642 2092 quantam
2691 2029 2964 2091 putamus
2993 2032 3280 2074 summam
3311 2018 3534 2090 ,divina:
3565 2033 3666 2074 cu-

1961 2111 2228 2168 rialitatis
2257 2111 2566 2166 educitur?

2033 2199 2193 2266 Quod
2233 2200 2280 2255 si
2331 2199 2438 2254 hoc
2483 2207 2594 2253 tam
2626 2211 2927 2266 operosum
2977 2195 3097 2251 fieri
3145 2194 3442 2250 mandavit
3485 2194 3658 2260 Deus,

1961 2289 2042 2345 sic
2075 2297 2267 2344 tamen
2309 2295 2372 2343 ut
2405 2286 2573 2356 primi
2608 2294 2768 2355 parte
2799 2285 3053 2354 corporis
3095 2299 3209 2339 non
3241 2291 3460 2338 careret
3489 2296 3667 2338 mun-

1963 2378 2090 2439 dus,
2147 2391 2288 2448 ergo
2347 2376 2458 2430 tria
2514 2387 2756 2443 corpora
2805 2373 2975 2428 habet
3025 2373 3196 2427 Deus.
3265 2371 3389 2426 Erit
3449 2371 3664 2440 itaque,

1964 2467 2170 2538 primo,
2237 2472 2577 2534 conceptum
2639 2477 2849 2532 corpus
2910 2477 2984 2517 ex
3050 2461 3309 2532 Virgine;
3392 2460 3666 2526 secundo,

1964 2555 2106 2612 illud
2129 2555 2282 2626 quod
2312 2554 2420 2610 sub
2450 2553 2639 2624 ﬁgura
2668 2552 2864 2623 agitur
2893 2551 2948 2606 in
2985 2565 3130 2620 pane
3151 2557 3205 2605 et
3231 2549 3442 2614 calice;
3478 2549 3664 2615 tertio,

1963 2644 2116 2716 quod
2160 2641 2524 2712 impassibile,
2583 2641 2694 2696 imo
2738 2640 3122 2711 glorificatum
3165 2639 3286 2708 jam
3319 2637 3529 2692 assidet
3561 2650 3668 2707 pa-

1965 2741 2140 2789 ternae
2177 2733 2444 2786 dexterae.
2509 2730 2614 2784 Cui
2665 2729 2979 2793 sententize,
3033 2728 3080 2782 si
3132 2727 3267 2782 velit
3301 2725 3540 2796 quilibet
3592 2740 3674 2781 re-

1964 2821 2202 2892 fragari,
2236 2819 2430 2876 dicens
2467 2818 2618 2874 idem
2656 2832 2776 2874 esse
2798 2817 2865 2872 de
2901 2816 3135 2886 Virgine
3167 2823 3371 2871 natum
3396 2815 3672 2884 crocique

1965 2923 2304 2980 appensum,
2357 2916 2414 2964 et
2458 2907 2622 2964 illum
2654 2905 3150 2975 incorruptibilem
3184 2905 3240 2959 in
3272 2913 3508 2973 paterna
3536 2917 3673 2973 pro-

212 2995 241 3066 §
279 2995 380 3052 IV.
414 2994 526 3050 Nil
552 2994 937 3066 reliquiarum
965 3012 1204 3051 suarum
1235 2995 1298 3050 in
1329 2995 1540 3050 mundo
1567 2996 1854 3052 Christum
1895 3009 1937 3065 ο
1964 3006 2216 3062 vectum,
2276 2994 2518 3062 fallitur,
2581 2995 2720 3065 quia
2777 2995 2880 3049 etsi
2937 2994 3120 3048 eidem
3173 2993 3366 3048 existit
3420 3005 3673 3061 personae

136 3084 457 3156 reliquisse
484 3084 776 3140 contendit
817 3084 1147 3140 Guibertm.
1191 3115 1261 3124 —
1304 3086 1434 3140 Haec
1463 3084 1659 3155 itaque
1696 3099 1855 3154 sepo-

141 3187 384 3241 namus,
417 3180 474 3229 et
510 3187 578 3229 ea
613 3188 745 3244 quae
788 3174 857 3230 de
897 3174 1064 3230 dente
1112 3181 1168 3231 et
1222 3174 1494 3231 umbilico
1546 3173 1857 3230 Salvatoris

141 3264 362 3319 omissa
394 3261 646 3331 fuerant,
677 3271 1026 3332 repetamus.
1061 3264 1126 3319 In
1159 3279 1274 3334 quo
1302 3263 1554 3333 primum
1603 3263 1743 3319 illud
1774 3269 1858 3319 est

145 3351 594 3420 attendendum,
615 3352 778 3423 .quod
819 3352 968 3409 sicut
999 3353 1067 3408 de
1116 3361 1314 3408 sancto
1361 3353 1578 3422 Spiritu
1607 3352 1854 3408 dicitur:

147 3459 177 3492 α
211 3439 488 3512 Expedit,
523 3441 729 3511 inquit,
764 3441 946 3507 vobis,
977 3448 1042 3496 ut
1079 3455 1184 3512 ego
1214 3441 1453 3510 vadam;
1479 3441 1524 3496 si
1556 3441 1707 3496 enim
1739 3455 1856 3496 non

149 3528 374 3592 abiero,
419 3528 751 3584 Paracletus
781 3544 894 3584 non
927 3529 1450 3599 venietJoan.xv1,
1483 3529 1559 3596 7),
1591 3551 1618 3579 ››
1658 3531 1736 3586 ita
1757 3528 1858 3600 qui

150 3617 561 3688 hujuscemodi
591 3617 868 3688 reliquias
897 3619 1004 3674 sibi
1052 3628 1348 3691 arrogant,
1380 3620 1579 3684 verba,
1613 3626 1677 3676 ut
1718 3617 1859 3676 mihi

147 3707 405 3773 videtur,
459 3707 720 3763 veritatis
769 3707 1087 3764 inﬁrmant.
1139 3708 1285 3775 Quid
1329 3717 1414 3765 est
1455 3709 1608 3765 enim
1651 3707 1707 3762 si
1742 3724 1860 3765 non

149 3794 388 3850 abiero?
435 3795 609 3852 Plane
651 3796 760 3852 nisi
807 3797 1169 3866 praesentiam
1223 3799 1578 3868 corporalem
1627 3798 1857 3854 subtra-

1965 3086 2303 3158 proprietas,
2360 3085 2529 3155 longe
2577 3082 2867 3139 dissimilis
2936 3089 3124 3138 tamen
3185 3081 3242 3135 in
3294 3079 3675 3150 qualitatibus

1964 3183 2312 3232 naturarum
2383 3172 2679 3229 invenitur
2742 3171 3006 3227 essentia.
3075 3169 3404 3226 Glorilicato
3462 3167 3671 3223 etenim

1967 3263 2131 3320 nulla
2159 3263 2427 3332 deinceps
2469 3260 2667 3317 mortis
2720 3260 2922 3329 poterit
2954 3257 3309 3328 passionisve
3347 3270 3467 3312 suae
3499 3255 3676 3311 domi-

1967 3354 2094 3410 nari
2129 3353 2400 3423 potentia.
2431 3351 2535 3407 Sed
2568 3351 2726 3406 hunc
2753 3348 3010 3404 libellum
3037 3346 3381 3417 congruenti
3412 3345 3532 3416 jam
3557 3352 3665 3399 ter-

1966 3443 2126 3499 mino
2157 3440 2578 3506 succludentes,
2613 3438 2770 3494 aliud
2820 3436 3050 3492 initium
3076 3434 3430 3498 adoriamur,
3461 3441 3516 3488 et
3548 3433 3672 3488 haec

1971 3531 2095 3602 ipsa
2120 3546 2249 3602 quae
2277 3531 2333 3585 in
2365 3529 2803 3600 praesentiarum
2835 3526 3135 3591 mittimus,
3170 3533 3223 3580 et
3255 3523 3369 3578 alia
3393 3537 3525 3593 quae
3557 3521 3670 3576 Deo

1968 3621 2305 3691 inspirante,
2365 3633 2466 3674 nos
2520 3618 2848 3687 adjecturos
2899 3615 3208 3682 credimus,
3291 3619 3668 3678 resumentes,

1967 3718 2170 3767 contra
2211 3723 2410 3765 eorum
2466 3721 2578 3763 non
2613 3706 2908 3776 reliquias,
2941 3704 3038 3761 sed
3082 3703 3465 3774 blasphemias
3494 3700 3676 3758 accin-

1971 3813 2190 3872 gimur.

1440 4094 1794 4179 LIBER
1885 4090 2394 4180 TERTIUS.

161 4251 489 4321 CONTRA
529 4251 1491 4331 SANCTI-MEDARDENSES,
1544 4253 1679 4330 QUI
1730 4253 2064 4317 DENTEM
2113 4249 2625 4318 SALVATORIS
2674 4247 3000 4314 HABERE
3059 4246 3155 4314 SE
3215 4241 3672 4313 ASSERUNT.

715 4549 944 4606 CAPUT
985 4548 1289 4605 PRIMUM.

235 4637 338 4706 §I.
373 4639 513 4696 Cum
545 4637 720 4707 falsa
757 4641 862 4693 Deo
909 4640 1012 4691 aut
1049 4636 1270 4691 sauciis
1318 4634 1614 4703 adscribit,
1669 4634 1870 4690 honori

164 4724 355 4782 divino
375 4729 617 4800 derogat
636 4726 874 4782 devotio.
899 4728 1084 4781 Error
1098 4726 1196 4780 ubi
1214 4725 1420 4798 religio
1440 4725 1695 4779 creditur
1715 4723 1870 4794 difﬂ-

167 4813 386 4872 cillime
411 4816 734 4890 corrigitur.
768 4847 836 4856 ——
869 4817 1046 4872 Penes
1068 4816 1249 4872 Deum
1274 4829 1341 4871 ac
1360 4823 1587 4871 sanctos
1612 4814 1738 4885 ejus
1756 4828 1873 4869 om-

168 4901 415 4962 nimodis
449 4915 532 4962 est
564 4906 942 4976 approbanda
988 4905 1233 4972 devotio,
1286 4904 1402 4967 sed,
1436 4918 1569 4959 cum
1610 4903 1719 4959 sibi
1749 4910 1874 4958 tan-

172 4996 289 5046 tum
321 4995 547 5051 devotio
594 5003 825 5066 arrogat
866 5002 1153 5064 quantum
1205 4993 1542 5049 nullatenus
1580 4991 1873 5063 religionis

171 5083 316 5137 ratio
347 5083 768 5150 subministrat,
805 5084 957 5139 unde
982 5085 1111 5152 pius
1137 5083 1381 5153 quilibet
1403 5081 1732 5137 divinorum
1756 5080 1875 5134 cul-

172 5175 260 5224 tor
292 5172 594 5240 praemium
626 5173 874 5242 opperiri
908 5180 1193 5243 potuerat,
1229 5171 1288 5226 fit
1321 5171 1646 5226 miserabile
1694 5168 1871 5238 quid-

176 5255 304 5313 dam
359 5269 424 5317 ut
473 5261 605 5316 inde
654 5275 888 5334 poenam
939 5259 1281 5330 nequissimi
1333 5260 1546 5315 erroris
1596 5259 1873 5313 insumat.

175 5343 315 5403 Cum
361 5350 515 5406 enim
564 5351 634 5406 de
685 5351 799 5405 Deo
853 5359 954 5407 aut
999 5350 1209 5406 colitur
1248 5356 1350 5404 aut
1386 5348 1600 5404 dicitur
1629 5345 1872 5415 aliquid,

179 5437 328 5503 quod
387 5439 571 5508 ipsius
622 5438 881 5494 veritatis
934 5437 1275 5494 testimoniis
1331 5437 1567 5492 indubie
1629 5435 1880 5491 oblucte-

179 5527 292 5592 tur,
327 5528 603 5583 nimirum
636 5528 842 5583 accidit
874 5534 937 5584 ut
969 5535 1132 5584 tanto
1160 5526 1415 5582 deterius
1443 5532 1663 5595 quanto
1692 5523 1879 5578 incor-

182 5610 466 5683 rigibilius
507 5630 672 5673 mens
698 5629 941 5672 exorare
971 5615 1270 5686 probetur,
1319 5614 1460 5673 dum
1502 5613 1611 5670 sub
1654 5610 1882 5680 pietatis

537 5707 816 5772 PATROL.
868 5707 1072 5772 CLVI.

1906 4547 1948 4601 D
1981 4545 2167 4603 colore
2210 4552 2496 4616 peccrtur.
2541 4543 2631 4600 Nil
2674 4543 2826 4600 enim
2878 4543 3044 4614 pejus
3084 4557 3262 4613 quam
3305 4542 3459 4598 mala
3487 4556 3678 4613 agere,

1976 4642 2031 4691 et
2062 4636 2182 4691 hzec
2213 4635 2334 4705 ipsa
2376 4649 2509 4705 quae
2549 4632 2871 4689 inconsulte
2925 4639 3231 4702 geruntur,
3283 4644 3382 4700 pro
3409 4631 3681 4688 exercitio

1979 4724 2118 4780 boni
2156 4724 2347 4793 operis
2395 4723 2698 4778 aestimare.
2755 4720 2914 4778 Unde
2959 4734 3096 4790 ergo
3145 4727 3200 4774 et
3252 4719 3485 4789 quando
3520 4733 3684 4774 error

1981 4812 2083 4867 iste
2111 4811 2452 4883 corrigetur,
2483 4812 2584 4880 qui
2627 4823 2739 4865 non
2790 4808 2975 4864 solum
3025 4820 3186 4863 error
3241 4820 3354 4862 non
3404 4807 3680 4873 creditur,

1981 4902 2078 4957 sed
2138 4902 2309 4957 etiam
2370 4901 2583 4956 divina:
2651 4898 3007 4969 dignationis
3067 4894 3452 4966 praerogativa
3526 4903 3687 4965 puta-

1983 4990 2118 5048 tur?

2051 5078 2247 5134 Omnis
2299 5079 2514 5148 peccati
2583 5076 2992 5133 correctionem
3045 5074 3241 5130 animo
3291 5072 3688 5144 delinquentis

1985 5167 2202 5223 inducit
2259 5175 2359 5222 aut
2412 5167 2603 5234 timor,
2647 5174 2749 5221 aut
2801 5165 3004 5234 pudor.
3053 5163 3268 5231 Timor,
3329 5169 3432 5217 aut
3464 5162 3685 5217 divina)

1984 5257 2317 5320 aversionis,
2379 5263 2480 5311 aut
2532 5262 2804 5310 extremze
2863 5251 3419 5319 animadversionis;
3476 5251 3687 5320 pudor,

1984 5353 2086 5401 aut
2137 5344 2420 5401 mordacis
2452 5343 2604 5398 intra
2646 5341 3050 5398 conscientiam
3096 5347 3308 5407 reatus,
3363 5347 3462 5394 aut
3509 5338 3691 5394 timidi

1993 5435 2064 5490 ob
2097 5434 2257 5505 vulgi
2290 5433 2545 5488 fabulam
2577 5432 2649 5487 ad
2697 5430 2956 5487 homines
3005 5429 3222 5485 vultus.
3269 5428 3376 5485 Ubi
3413 5442 3551 5498 ergo
3588 5441 3694 5482 nec

1993 5524 2404 5594 cogitationum
2454 5521 2686 5576 animus
2728 5519 2971 5589 ambage
3024 5517 3316 5584 turbatur,
3374 5531 3478 5572 nec
3527 5515 3698 5571 facies

1991 5626 2066 5668 ex
2105 5611 2429 5682 cuiuspiam
2474 5611 2693 5666 visione
2733 5607 3112 5674 suffunditur,
3154 5603 3522 5676 resipiscendi
3567 5618 3698 5673 pro-
