3936 6434
278 325 373 377 651
1165 318 1225 372 ν.
1265 316 1597 374 GUIBERTI
1634 317 1928 374 ABBATIS
1964 319 2027 375 S.
2071 318 2311 375 MARUE
2352 320 2441 376 DE
2482 319 2872 378 NOVIGENTO

3668 329 3781 382 652

277 456 418 511 fecto
473 451 734 509 materies
766 450 926 507 nulla
950 449 1303 521 suggeritur.
1337 448 1631 520 Quidquid
1661 450 1955 519 vitupera-
1994 455 2039 508 A
2072 452 2297 508 minum
2322 451 2515 508 Iesum
2568 452 2846 509 mendacii
2892 452 3078 509 velitis
3119 467 3428 512 accersere.
3463 454 3520 512 Si
3565 469 3601 512 a
3640 456 3782 513 Pro-

277 544 409 611 bile,
456 550 512 600 et
561 542 733 598 etiam
783 539 1145 595 alienationis
1178 553 1212 593 a
1241 539 1354 594 Deo
1387 538 1641 608 plenum,
1682 547 1739 595 et
1768 538 1969 596 Eccle-

276 632 517 690 siasticis
552 628 993 686 auctoritatibus
1034 626 1269 683 omnino
1307 627 1566 694 obvium,
1610 627 1750 684 dum
1800 627 1968 698 quasi

278 719 634 792 pradicabile
656 718 976 789 jactitatur,
1001 724 1056 772 et
1086 715 1386 787 privilegio
1417 715 1718 786 cujusdam
1760 717 1968 786 singu-

275 809 515 865 laritatis
544 806 871 868 ascribitur,
905 817 1209 875 nunquam
1243 804 1313 859 ad
1346 804 1606 875 regulam
1639 805 1759 860 veri
1793 804 1969 861 studii

274 898 391 954 ullo
421 895 589 951 modo
619 896 953 964 castigatur.
1007 894 1069 947 ln
1101 906 1217 962 quo
1260 906 1513 962 namque
1553 892 1803 963 alicujus
1835 892 1962 963 pia-

272 986 387 1043 culi
441 981 800 1040 conscientia
847 980 1163 1051 penetralia
1212 988 1398 1036 metus
1446 991 1633 1051 urget,
1682 994 1811 1050 spes
1840 994 1967 1037 cor-

271 1073 535 1131 rectionis
563 1072 814 1142 plurima
855 1076 1205 1136 commovet;
1239 1069 1338 1124 ubi
1386 1082 1520 1125 vero
1555 1068 1787 1125 cultura
1829 1083 1963 1125 san-

270 1160 480 1218 ctitatis
511 1157 861 1225 obtenditur,
905 1157 962 1212 in
1011 1171 1131 1229 quo
1167 1164 1357 1212 tamen
1408 1156 1613 1212 mentis
1652 1156 1892 1213 intentio
1931 1171 1966 1212 a

265 1251 437 1321 justa
479 1247 831 1305 crudelitatis
872 1246 1145 1318 aquitate
1185 1245 1496 1314 diducitur,
1541 1259 1848 1316 nunquam
1890 1245 1963 1302 ad

269 1340 477 1396 lineam
502 1336 914 1393 emendationis
944 1336 1289 1405 assurgitur.

341 1427 369 1498 §
398 1427 467 1481 lI.
503 1427 740 1481 Dentem
769 1421 1077 1478 salvatoris
1112 1422 1320 1477 habere
1364 1438 1428 1476 se
1466 1421 1815 1476 contendunt
1848 1437 1964 1476 mo-

267 1514 441 1571 nachi
471 1515 528 1571 S.
574 1511 844 1568 Medardt'
888 1510 1328 1568 Suessionensis.
1368 1541 1438 1550 -—
1469 1511 1606 1566 Inde
1653 1519 1758 1580 est,
1806 1509 1962 1581 quod

270 1603 497 1660 finitimi
526 1601 703 1657 nostri
744 1600 1368 1656 Sancti-Medardenses
1409 1599 1673 1655 monachi
1719 1600 1962 1671 antiquo

269 1705 441 1761 penes
488 1691 662 1747 corda
705 1690 972 1745 hebetum
1024 1689 1289 1745 coaluere
1336 1689 1652 1755 mendacio,
1710 1688 1849 1744 dum
1896 1701 1963 1743 ea

267 1781 373 1836 sibi
422 1793 598 1850 super
660 1778 828 1833 dente
890 1777 1217 1844 Salvatoris,
1275 1790 1447 1847 quem
1515 1776 1799 1832 novennis
1857 1790 1961 1846 pro

267 1878 478 1923 natura
508 1866 767 1933 ediderit,
811 1865 1170 1932 attribuunt;
1221 1865 1276 1919 in
1307 1864 1524 1934 quibus
1556 1864 1676 1934 spei
1717 1864 1962 1920 univer-

265 1956 401 2012 salis
428 1956 693 2011 columen
723 1961 897 2024 atque
923 1953 1220 2024 fastigium
1264 1954 1431 2023 quasi
1471 1952 1765 2022 phalarico
1798 1952 1961 2023 jactu
1986 1998 2001 2014 .

265 2045 605 2110 destituunt,
639 2050 693 2098 et
725 2044 863 2098 dum
894 2057 953 2097 se
982 2042 1272 2097 celebrare
1299 2049 1598 2111 appetunt,
1642 2040 1771 2096 ﬁdei
1803 2055 1957 2096 com-

264 2134 460 2189 munis
501 2134 792 2202 pracipua
830 2131 1189 2186 munimenta
1237 2130 1602 2200 provolvunt.
1655 2130 1759 2185 Cui
1804 2129 1957 2185 enim

266 2228 392 2288 post
423 2219 549 2275 ﬁdei
582 2219 930 2288 agnitionem
962 2218 1080 2287 spei
1117 2218 1286 2287 vigor
1320 2217 1607 2283 obruitur,
1661 2216 1764 2286 qui
1799 2216 1958 2272 aliud

262 2320 440 2377 quam
488 2307 657 2362 radix
711 2306 882 2362 totius
930 2305 1063 2360 boni
1106 2306 1392 2374 appetitus
1435 2312 1489 2360 et
1535 2304 1960 2361 exercitationis

261 2394 585 2451 exciditur?
634 2392 690 2449 Si
729 2408 966 2450 succum
1013 2394 1249 2463 integra
1278 2393 1632 2449 credulitatis
1681 2394 1954 2461 habuero,

261 2491 315 2539 et
350 2491 683 2539 sanctorum
723 2486 958 2538 actuum
991 2482 1379 2552 undecunque
1422 2484 1647 2553 thyrsos
1696 2484 1953 2551 emisero,

262 2571 518 2628 arefacta
564 2570 684 2641 spei
720 2570 930 2638 radice,
984 2584 1103 2640 qua
1147 2584 1371 2626 cauuex
1421 2578 1594 2640 atque
1641 2570 1957 2627 ramusculi

263 2660 689 2726 humectantur,

261 2749 416 2819 quod
473 2747 708 2804 delectet
770 2754 871 2803 aut
934 2747 1203 2816 expediat
1270 2748 1634 2817 exspectabo.
1698 2747 1755 2803 Si
1814 2748 1957 2803 bene

258 2839 421 2904 seris,
461 2839 507 2892 si
552 2838 694 2893 bene
739 2836 1086 2907 proveniunt
1134 2836 1487 2892 incrementa
1530 2837 1817 2904 sementis,
1870 2845 1954 2892 to-

256 2934 495 2997 tamque
523 2926 744 2997 grando
774 2924 1047 2994 dilapidet
1076 2924 1215 2979 dum
1250 2922 1454 2979 falcem
1487 2923 1681 2992 mittis,
1715 2923 1857 2993 quid
1882 2937 1956 2981 ex

257 3016 364 3071 hoc
391 3012 763 3071 emolumenti
799 3012 1194 3083 prosequeris?

328 3103 540 3158 Probat
571 3103 879 3158 Guibertus
897 3101 1125 3156 dentem
1151 3117 1436 3172 nusquam
1462 3099 1525 3155 in
1555 3099 1726 3156 terris
1781 3098 1951 3154 Chri-

254 3195 406 3248 stum
429 3189 753 3263 reliquisse.
788 3221 858 3230 —
889 3190 1072 3246 Velim
1103 3203 1136 3244 a
1168 3190 1330 3245 vobis
1350 3203 1659 3260 agnoscere
1684 3202 1952 3258 quanam

256 3283 325 3338 de
370 3283 787 3338 resurrectione
828 3280 1068 3335 sentitis.
1123 3278 1194 3335 Ut
1242 3279 1300 3333 in
1353 3278 1465 3333 ﬁne
1512 3277 1709 3333 saculi
1768 3277 1956 3333 tienda

254 3372 545 3437 reticeam,
588 3370 897 3425 Dominum
940 3367 1153 3437 ipsum,
1199 3366 1370 3436 cujus
1408 3366 1634 3422 dentem
1668 3379 1784 3436 pra
1825 3379 1955 3421 ma-

255 3459 429 3515 nibus
477 3459 686 3514 habere
721 3472 819 3513 vos
858 3457 1100 3522 traditis,
1148 3468 1520 3524 nequaquam
1570 3454 1955 3511 resurrexisse

256 3547 496 3618 negatis.
531 3546 585 3601 Si
622 3546 955 3607 resurrexit,
996 3543 1443 3613 particulariter,
1492 3558 1707 3613 quaso,
1752 3558 1953 3599 resur-

256 3638 406 3692 rexit
434 3650 508 3690 an
548 3635 734 3690 totus?
766 3633 821 3688 Si
854 3640 1037 3687 totum
1072 3630 1453 3686 resurrexisse
1504 3631 1810 3699 testamini,
1851 3631 1952 3688 ubi

256 3739 405 3796 quas
439 3724 600 3780 vobis
628 3721 921 3778 assumitis
961 3727 1150 3790 partes
1188 3720 1399 3775 erunt?
1444 3719 1501 3775 Si
1544 3722 1772 3790 partim,
1821 3735 1953 3791 qua

256 3814 326 3869 de
358 3814 521 3869 nobis
552 3810 963 3867 resurrecturis
999 3809 1259 3865 edixerat
1298 3808 1577 3878 promissa
1619 3810 1763 3879 quid
1814 3823 1954 3880 pro-

256 3903 509 3959 derunt?
562 3902 736 3957 Plane
792 3902 837 3955 si
887 3899 1118 3970 probari
1182 3899 1428 3969 potuerit
1484 3899 1544 3955 in
1587 3899 1772 3969 seipso
1820 3913 1953 3970 qua

256 3992 420 4047 nobis
444 3991 513 4047 de
557 3990 720 4045 nobis
753 3988 1131 4058 spoponderat
1169 4001 1284 4043 non
1331 3986 1613 4056 implesse,
1657 3987 1953 4057 ambigui-

258 4088 429 4137 tatem
461 4094 575 4135 non
605 4079 904 4133 minimam
932 4078 1142 4132 nostris
1172 4074 1467 4131 videbitur
1487 4076 1695 4145 spebus
1717 4075 1948 4132 inferre.

254 4168 624 4224 Inferendum
653 4166 805 4221 cnim
841 4180 908 4219 ac
945 4164 992 4219 si
1044 4164 1326 4234 proposito
1352 4164 1564 4235 aliquis
1610 4173 1951 4235 argumento

255 4256 524 4327 putabit:
579 4255 746 4321 Quid,
798 4252 1085 4323 inquiens,
1135 4254 1352 4309 cateris
1400 4254 1798 4324 sequentibus,
1847 4253 1950 4324 qui

762 2664 901 2714 85!
964 2658 1044 2714 nil
1102 2659 1159 2714 in
1211 2658 1369 2715 omni
1416 2659 1639 2715 arboris
1686 2659 1989 2729 machina,

2080 540 2249 611 pheta
2297 539 2552 596 dicitur:
2592 563 2613 589 ι
2657 540 2782 597 Non
2827 541 2990 598 dabis
3037 551 3302 599 sanctum
3354 551 3523 600 tuum
3581 544 3782 601 videre

2077 627 2497 698 corruptionem
2532 629 2715 697 (Psal.
2769 644 2862 696 xv,
2921 633 3027 698 10),
3080 630 3329 701 profecto
3369 631 3653 703 Propheta
3703 634 3781 689 is-

2077 716 2205 773 dem
2262 730 2375 772 non
2437 716 2718 772 immerito
2766 717 3023 773 falsitatis
3066 720 3356 789 arguitur,
3416 720 3555 790 quia
3606 720 3779 793 [Deus

2077 804 2195 875 ipse
2228 805 2351 860 sine
2402 804 2578 860 dubio
2621 813 2905 875 perpetua
2951 807 3306 876 corruptioni
3344 808 3650 865 addicitur.
3704 810 3778 865 Et

2077 893 2217 964 quid
2259 893 2440 965 magis
2476 896 2814 963 corruptela
2857 895 2979 950 sine
3016 910 3115 965 spe
3169 897 3618 966 recuperationis
3664 912 3777 954 ex-

2076 982 2323 1052 positum
2365 996 2541 1053 quam
2588 983 2736 1038 Deus
2773 981 2865 1039 ille
2902 990 3004 1051 est,
3040 998 3213 1054 quem
3252 998 3287 1039 a
3336 986 3778 1042 resurrectionis

2075 1070 2262 1143 gloria
2286 1079 2339 1127 et
2364 1071 2792 1141 incorruptione
2821 1080 3041 1127 constat
3070 1080 3379 1129 extrusum
3395 1073 3424 1128 7
3808 1062 3813 1067 ”

2143 1160 2295 1215 Deus
2323 1174 2505 1226 meus,
2538 1159 2678 1230 quid
2708 1159 3011 1215 infortunii
3052 1160 3258 1217 accidit
3287 1160 3444 1217 denti
3478 1161 3581 1231 illi,
3615 1177 3775 1219 nun-

2074 1262 2252 1319 quam
2282 1262 2387 1319 ego
2415 1262 2549 1304 eum
2579 1247 2798 1304 fatebor
2817 1262 2949 1304 cum
2993 1249 3215 1318 reliquo
3262 1263 3499 1320 corpore
3536 1250 3605 1306 de
3633 1264 3773 1306 san-

2073 1344 2162 1393 cto
2194 1336 2411 1406 Spiritu
2435 1337 2491 1391 in
2523 1336 2653 1391 alvo
2686 1336 2946 1407 virginea
2978 1346 3369 1407 procreatum,
3407 1338 3503 1394 sed
3534 1339 3774 1395 aliunde

2026 1416 2031 1425 ’
2072 1426 2477 1482 adventantem
2504 1424 2813 1481 Dominicis
2874 1426 3103 1481 hasisse
3150 1425 3437 1493 faucibus,
3491 1441 3557 1481 ac
3604 1427 3650 1482 si
3700 1427 3774 1482 de

2071 1522 2323 1570 externa
2386 1514 2620 1569 surculo
2687 1512 2910 1569 arboris
2980 1514 3295 1570 insitivum.
3362 1515 3773 1587 Corrumpitur

2070 1616 2209 1673 ergo
2238 1601 2378 1657 dens
2410 1601 2519 1668 ille,
2556 1601 2714 1671 quia,
2751 1610 2813 1657 ut
2856 1602 3096 1657 verbum
3142 1603 3325 1672 ipsum
3359 1617 3431 1658 ex
3476 1603 3627 1673 seipo
3670 1616 3770 1659 re-

2071 1692 2308 1756 solvam,
2343 1690 2483 1745 dum
2512 1704 2547 1744 a
2584 1704 2688 1745 suo
2718 1704 2955 1759 corpore
2995 1691 3365 1761 abrumpitur
3392 1700 3446 1747 et
3493 1706 3557 1748 eo
3589 1692 3769 1747 clari-

2002 1756 2042 1809 B
2071 1780 2237 1835 iicato
2273 1778 2330 1833 in
2389 1787 2542 1834 terra
2595 1756 2965 1848 relinquitur,
3016 1788 3071 1834 et
3118 1756 3474 1849 sempiterna
3520 1780 3767 1835 miseria

2068 1868 2471 1935 addemnatur,
2501 1868 2661 1933 dum,
2692 1868 2780 1921 sin
2812 1867 2975 1934 alias,
3012 1867 3099 1921 vel
3140 1866 3197 1920 in
3239 1866 3350 1921 ﬁne
3393 1865 3589 1921 saculi
3627 1880 3767 1921 cum

2068 1955 2208 2012 calo
2261 1964 2531 2025 terraque
2587 1955 2957 2011 cremabitur.
3018 1956 3205 2025 Igitur
3242 1963 3341 2010 aut
3396 1955 3763 2025 arrogantia,

2069 2053 2170 2102 aut
2199 2045 2482 2101 mendacii
2509 2045 2857 2115 arguemiui,
2901 2052 2955 2100 et
2993 2059 3109 2099 non
3143 2045 3567 2113 qualiscunque
3598 2057 3764 2097 men-

2068 2133 2237 2200 dacii,
2290 2134 2387 2188 sed
2439 2133 2583 2203 ejus,
2628 2133 2784 2202 quod
2833 2132 2893 2187 in
2940 2132 3138 2187 divina
3181 2130 3562 2199 blasphemos,
3611 2139 3666 2186 et
3714 2131 3763 2184 si

2067 2222 2411 2279 obstinatius
2476 2222 2828 2292 repugnetis,
2889 2221 3041 2276 circa
3105 2220 3443 2277 catholicam
3499 2234 3603 2276 vos
3669 2219 3767 2276 do-

2065 2310 2308 2366 ctrinam
2341 2310 2575 2366 reddam
2611 2310 2922 2364 haereticos.

2137 2398 2319 2467 Major
2369 2398 2563 2467 itaque
2602 2397 2766 2451 nobis
2820 2394 3154 2466 suggeritur
3201 2409 3345 2465 spes,
3393 2409 3570 2464 quam
3615 2394 3761 2464 parti

2064 2492 2121 2541 et
2149 2486 2369 2541 auctori
2403 2486 2518 2554 spei
2551 2494 2758 2540 nostra
2787 2484 2921 2539 Jesu
2966 2483 3226 2551 Domino,
3258 2485 3397 2539 dum
3443 2499 3543 2554 per
3571 2485 3763 2554 ipsum

2066 2573 2255 2645 colligi
2285 2588 2319 2629 a
2339 2588 2642 2643 corporum
2676 2580 3001 2629 nostrorum
3040 2572 3420 2642 dispersiones
3448 2588 3549 2628 nos
3578 2571 3761 2627 credi-

2066 2676 2216 2730 mus,
2249 2662 2305 2716 in
2335 2677 2450 2733 quo
2481 2662 2668 2730 ipsum
2718 2660 3049 2716 labefactari
3078 2660 3492 2731 conspicimus!
3535 2661 3605 2717 Et
3631 2674 3761 2717 ecce

2065 2752 2238 2807 vestri
2282 2750 2467 2820 gratia
2506 2764 2612 2804 nos
2672 2748 2801 2818 plus
2840 2764 3018 2820 quam
3060 2752 3222 2805 Jesus
3262 2751 3372 2805 hic.
3414 2750 3528 2806 Nos
3580 2751 3760 2821 igitur

2065 2839 2394 2897 omnimoda
2439 2838 2791 2908 regeneratio
2839 2847 3060 2907 manet;
3105 2840 3238 2894 Jesu
3291 2847 3483 2895 autem
3538 2839 3596 2894 in
3639 2846 3761 2895 tan-

2062 2934 2186 2984 tum
2226 2927 2591 2997 particularis
2620 2925 2897 2993 estfacta,
2932 2935 2995 2982 ut
3041 2935 3142 2982 aut
3173 2942 3478 2997 nunquam
3520 2929 3579 2983 in
3608 2942 3756 2983 sem-

2069 3018 2371 3087 piternum,
2400 3015 2499 3070 sed
2542 3028 2725 3084 usque
2774 3015 2846 3070 ad
2884 3029 3245 3071 communem
3283 3017 3759 3072 resurrectionem

2062 3104 2258 3175 perﬁci
2312 3111 2500 3159 restet.
2558 3103 2723 3158 Tunc
2778 3102 3011 3159 forsuan
3076 3112 3323 3159 venturo
3380 3105 3546 3160 Iesus
3598 3105 3758 3161 denti

2062 3193 2250 3249 locum
2282 3193 2517 3260 aperiet,
2560 3200 2662 3247 aut
2693 3191 2889 3247 hiulca
2931 3192 3121 3248 adhuc
3151 3192 3315 3248 fauce
3358 3194 3585 3248 dentem
3619 3201 3759 3249 tunc

2059 3281 2480 3352 vagabundum
2540 3280 2843 3350 hucusque
2893 3280 3152 3350 recipiet;
3209 3280 3406 3351 sicque
3458 3282 3644 3337 dentis
3690 3296 3760 3338 ac

2057 3366 2336 3430 umbilici.
2394 3374 2450 3423 et
2504 3368 2553 3424 si
2603 3381 2721 3438 qua
2769 3375 2905 3423 sunt
2962 3368 3095 3435 alia,
3156 3367 3359 3424 iterata
3401 3368 3754 3437 clariﬁcatio,

2059 3458 2208 3514 sicut
2238 3457 2343 3512 fuit
2375 3457 2511 3513 olim
2538 3458 2790 3512 secunda
2820 3457 3199 3522 circumcisio,
3234 3458 3347 3513 ﬁet.

2131 3544 2159 3615 ἓ
2192 3547 2283 3599 Ill.
2329 3543 2979 3600 Sancti-Medardenses
3022 3546 3380 3600 vehementer
3417 3544 3754 3601 insectatur.

2060 3665 2129 3674 —
2153 3634 2459 3698 Attendite,
2495 3634 2732 3701 falsarii,
2764 3648 2941 3704 quam
2992 3648 3209 3705 parvus
3237 3635 3391 3705 ignis
3431 3635 3523 3690 hic
3570 3642 3760 3690 vester

2059 3711 2346 3794 quantum
2378 3722 2627 3778 virorem
2659 3724 2916 3778 veritatis
2968 3723 3305 3779 Christiana
3344 3732 3662 3779 consumat.
3699 3722 3754 3778 Si

2058 3810 2242 3879 nulla,
2277 3820 2485 3881 prater
2524 3811 2922 3881 propheticum
2957 3812 3111 3882 quod
3156 3812 3557 3882 praemisimus,
3609 3824 3756 3881 sup-

2060 3908 2315 3971 peterent
2344 3900 2686 3967 testimonia,
2741 3900 3053 3969 praesertim
3094 3915 3227 3956 cum
3268 3901 3512 3970 idipsum
3545 3900 3755 3955 beatis-

2059 3988 2243 4043 simus
2268 3990 2468 4043 Petrus
2497 3998 2697 4044 contra
2732 3989 2960 4044 Judaos
3005 4003 3177 4058 super
3225 3989 3531 4045 Dominica
3564 4003 3757 4045 resur-

2058 4075 2326 4131 rectionis
2375 4076 2687 4132 assertione
2730 4076 3028 4145 protulerit
3074 4077 3219 4145 (Act.
3272 4091 3332 4144 ll,
3363 4076 3477 4146 27),
3508 4078 3613 4132 sub
3647 4076 3754 4132 hoc

2058 4171 2214 4219 arcto
2262 4164 2461 4233 positis
2506 4165 2667 4220 vobis
2712 4164 2910 4220 saltem
2951 4179 3123 4234 super
3161 4165 3267 4220 isto
3317 4166 3570 4235 capitulo
3609 4164 3755 4221 mul-

2058 4260 2182 4308 tum
2207 4260 2353 4309 esset
2383 4253 2724 4322 respondere
2752 4253 3117 4309 conveniens.
3169 4254 3512 4324 Prophetam
3541 4258 3749 4311 etenim

258 4347 318 4401 in
347 4346 530 4414 seipso
562 4345 730 4399 tidem
780 4342 1064 4399 dictorum
1106 4355 1347 4399 suorum
1395 4356 1509 4397 non
1545 4342 1815 4412 explicat,
1858 4342 1949 4397 fa-
1987 4330 2031 4384 Ῑ)
2059 4341 2199 4397 adeo
2222 4342 2542 4413 egregium,
2580 4349 2636 4398 et
2667 4342 2809 4397 tanti
2841 4342 3198 4413 principatus
3235 4344 3556 4414 apostolum
3588 4344 3753 4400 refel-

256 4435 402 4490 ciet?
437 4431 531 4503 ("j
561 4432 846 4501 Capillum
894 4431 963 4487 de
1001 4431 1182 4501 capite
1231 4439 1424 4487 nostro
1464 4446 1580 4486 non
1628 4432 1950 4500 periturum

257 4523 483 4579 dixerat
531 4520 691 4591 (Luc.
739 4522 1005 4591 xx1,18),
1056 4527 1113 4575 et
1161 4520 1297 4590 ipse,
1348 4521 1573 4590 corpori
1620 4534 1726 4576 suo
1782 4520 1951 4590 quasi

256 4610 614 4667 subcisivum
644 4610 917 4676 efﬁciens,
952 4609 1266 4679 particulas
1316 4616 1478 4665 terra
1520 4610 1775 4673 mandat,
1804 4611 1951 4665 resi—

255 4702 439 4757 duum
468 4699 608 4755 coelo
646 4688 896 4754 inferens
923 4711 983 4753 se
1021 4696 1401 4753 resurrexisse
1430 4697 1803 4765 pronuntiat?
1826 4696 1950 4767 [Qui

256 4789 378 4845 istis
437 4786 739 4858 implendis
792 4786 900 4842 sibi
955 4792 1174 4842 constat
1239 4784 1614 4853 insufﬁciens,
1683 4785 1785 4855 qui
1843 4800 1952 4841 sua

254 4878 436 4946 ipsius
497 4876 766 4947 colligere
818 4876 880 4931 tit
929 4875 1229 4944 impotens,
1291 4882 1487 4928 nostra
1536 4874 1794 4930 membra
1848 4888 1951 4943 per

256 4967 570 5022 humanam
606 4964 891 5021 incuriam
923 4964 1031 5019 hac
1070 4963 1318 5033 illacque
1365 4961 1623 5032 dispersa
1660 4962 1949 5033 quomodo

254 5053 517 5124 colliget?

324 5143 475 5198 Dum
513 5140 805 5197 ecclesiam
854 5147 1105 5197 vestram
1150 5138 1469 5209 peregrinis
1515 5138 1721 5208 opibus
1773 5137 1950 5195 vultis

254 5231 528 5297 attollere,
570 5238 626 5286 et
663 5229 734 5286 de
780 5236 967 5285 vestro
1003 5236 1160 5284 statu
1214 5228 1384 5298 longe
1431 5227 1735 5295 nobiliora,
1779 5227 1948 5298 longe

253 5321 327 5376 ab
356 5319 482 5375 aliis
507 5318 911 5374 excellentiora
930 5316 1168 5387 jactare,
1204 5316 1278 5371 ad
1310 5315 1366 5371 id
1391 5324 1663 5372 extrema
1702 5316 1948 5372 vesania

252 5409 324 5465 ad
354 5408 528 5463 vestri
561 5420 766 5462 sensus
793 5404 1021 5474 reprobi
1064 5404 1364 5461 cumulum
1404 5404 1696 5474 erupistis,
1739 5412 1802 5460 ut
1831 5419 1948 5461 non

251 5496 460 5563 solum,
492 5494 652 5566 quod
688 5494 848 5550 dictu
884 5493 1169 5550 nefarium
1208 5492 1549 5559 astimatur,
1606 5492 1717 5548 dici
1755 5500 1947 5550 tamen

250 5599 420 5657 opere
449 5586 697 5657 pretium
719 5591 825 5653 est,
871 5581 1202 5655 prophetica
1251 5581 1425 5650 dicta,
1461 5580 1559 5639 sed
1599 5581 1793 5652 ipsum
1837 5582 1944 5638 Do-

2060 4428 2176 4485 lere
2206 4443 2367 4491 tcum
2415 4430 2764 4485 vehementis
2812 4430 3049 4486 insania
3098 4432 3191 4498 sit,
3245 4431 3422 4487 miror
3464 4432 3753 4502 quomodo

2060 4517 2249 4572 dicere
2279 4517 2648 4586 praesumitis,
2690 4518 2843 4574 unde
2880 4518 3306 4576 evidentissime
3342 4520 3516 4577 tantis
3555 4528 3753 4577 aucto-

2061 4605 2223 4662 ribus
2266 4606 2579 4662 contraitis.
2621 4608 2783 4663 Certe
2829 4606 2878 4662 si
2922 4608 3272 4665 multimoda
3302 4610 3465 4665 vobis
3505 4610 3754 4666 rationes

2058 4693 2183 4750 alia
2213 4702 2642 4760 concurrerent,
2672 4709 2804 4764 qua
2836 4711 3072 4765 quoquo
3103 4698 3269 4752 modo
3295 4697 3383 4753 vel
3413 4698 3485 4753 ad
3512 4712 3757 4754 momen-

2059 4792 2181 4838 tum
2214 4783 2321 4839 hoc
2349 4796 2676 4839 asseverare
2725 4783 3001 4850 valerent,
3045 4799 3394 4855 magnopere
3423 4794 3614 4843 tamen
3645 4786 3754 4843 hoc

2056 4871 2293 4942 aggredi
2342 4872 2706 4927 conscientia
2747 4879 2947 4929 vestra
2989 4872 3219 4930 horrere
3277 4873 3566 4942 deberent,
3620 4889 3753 4945 qua

2055 4968 2256 5016 contra
2284 4959 2431 5016 ullos
2452 4959 2622 5031 longe
2655 4960 2940 5016 inferioris
2982 4961 3178 5033 gloria
3217 4963 3392 5032 viros,
3437 4977 3612 5034 super
3646 4963 3755 5020 hac

2055 5063 2117 5105 re
2144 5048 2485 5120 neutiquam
2517 5048 2715 5105 merito
2747 5050 2837 5105 vel
2862 5050 3156 5119 mutirent.

2125 5136 2288 5201 Quod
2310 5138 2358 5192 si
2400 5138 2586 5194 dicitis
2634 5140 3060 5208 corruptionem
3099 5152 3214 5197 non
3253 5155 3396 5207 esse,
3437 5149 3522 5198 est
3561 5140 3748 5212 plane,

2054 5226 2160 5282 etsi
2226 5226 2484 5282 nondum
2543 5235 2853 5297 corruptus
2887 5236 2991 5295 est,
3055 5230 3349 5300 corrumpi
3384 5244 3628 5286 necesse.
3680 5232 3750 5287 Et

2055 5314 2159 5386 qui
2208 5314 2394 5373 valeat
2448 5316 2724 5372 deteriore
2760 5317 2928 5373 modo
2975 5320 3266 5388 corrumpi
3297 5333 3475 5390 quam
3532 5318 3749 5375 clariﬁ—

2058 5412 2184 5460 cato
2212 5419 2450 5474 corpore
2482 5404 2752 5461 universo
2797 5413 3086 5476 perpetua
3127 5406 3537 5478 deSperationis
3572 5422 3747 5479 squa-

2054 5491 2161 5549 lori
2200 5492 2448 5550 dimitti?
2484 5494 2557 5551 Et
2585 5494 2873 5564 quomodo
2909 5495 3135 5551 audetis
3169 5509 3291 5552 rem
3320 5497 3461 5554 adeo
3494 5497 3746 5568 ineptam

2052 5595 2326 5652 asserere,
2359 5596 2496 5639 cum
2526 5597 2661 5639 eum
2694 5597 2811 5640 non
2841 5583 3058 5656 negetis
3092 5586 3436 5657 surrexisse,
3461 5587 3745 5657 quomodo
