3936 6422
116 401 216 455 653

1174 401 1264 455 DE
1303 401 1715 458 PIGNORIBUS
1752 404 2200 461 SANCTORUM.
2243 435 2301 443 --
2343 406 2472 460 LIB.
2514 405 2614 460 ΙΙΙ.

3547 411 3652 465 654

116 529 356 600 contigit
405 530 642 586 dentem
686 530 982 601 proprium
1024 529 1224 600 aliqua
1265 530 1552 587 oblivione
1591 540 1822 601 prater-
1863 550 1909 602 Α
1939 534 2094 604 quod
2128 549 2263 590 cum
2297 535 2417 592 hac
2452 535 2508 591 in
2539 536 2829 592 evidentia
2856 539 3117 593 omnium
3156 539 3360 596 docere
3397 540 3646 607 soleatis,

117 617 380 674 misisse?
413 618 581 685 Quod
612 619 658 675 si
693 634 727 673 a
757 618 1028 674 memoria
1053 618 1286 686 excidit,
1338 627 1439 674 aut
1468 634 1599 676 eum
1633 629 1833 690 sponte

117 707 356 774 remisit,
405 707 468 762 in
511 707 934 764 resurrectione
977 707 1118 777 quid
1160 707 1345 774 faciet,
1397 721 1530 763 cum
1583 708 1832 765 aliorum

117 796 377 851 membra
446 796 786 852 coadunans
863 797 981 864 ipse
1047 796 1107 851 in
1174 796 1266 852 sui
1325 805 1484 866 parte
1545 798 1830 866 perditum

121 883 260 939 ibit?

186 972 422 1027 Eadem
451 972 608 1028 ratio
637 972 706 1026 de
727 970 1004 1027 umbilico
1041 973 1347 1026 accedente
1387 970 1730 1028 Saluatoris.
1761 1002 1831 1014 —

120 1061 410 1118 Ponamus
451 1063 648 1132 itaque
693 1061 860 1131 quasi
904 1075 1063 1131 posse
1103 1062 1223 1117 ﬁeri
1258 1076 1356 1117 vos
1392 1069 1551 1118 tanto
1593 1076 1831 1118 munere

119 1149 453 1219 locupletes.
491 1149 675 1206 Velim
704 1163 840 1220 ergo
874 1149 1216 1219 respondere
1235 1149 1554 1220 dignemini
1587 1167 1600 1204 :
1639 1151 1695 1205 in
1723 1165 1832 1206 cu—

115 1238 209 1308 jus
237 1239 502 1308 corporis
533 1238 633 1308 jus
677 1238 734 1292 in
776 1238 1192 1294 resurrectione
1237 1252 1539 1295 cessurum
1580 1239 1829 1306 dentem,

119 1334 170 1381 et
199 1337 409 1382 catcra
440 1340 692 1397 quaque
721 1326 938 1394 putatis
962 1325 1094 1396 (1’)?
1140 1326 1266 1382 Non
1291 1325 1485 1382 minus
1513 1327 1722 1382 etenim
1761 1327 1831 1382 de

123 1415 396 1470 umbilico
445 1425 502 1470 et
541 1416 760 1470 cateris
809 1429 940 1484 qua
982 1415 1051 1470 de
1105 1413 1228 1484 ipso
1278 1415 1490 1471 habere
1532 1416 1828 1484 dicuntur,

119 1517 288 1571 quem
320 1503 391 1558 de
432 1505 604 1558 dente
633 1503 788 1571 apud
823 1517 923 1557 nos
968 1503 1181 1573 agitur.
1225 1504 1383 1567 Quod
1422 1504 1590 1573 plane
1615 1505 1683 1560 de
1715 1519 1832 1561 uno

119 1597 262 1646 35%
319 1592 563 1658 dicitur,
641 1591 926 1647 redundat
985 1592 1056 1646 ad
1113 1601 1334 1646 catera.
1384 1593 1490 1648 Ubi
1541 1593 1718 1661 igitur
1772 1607 1832 1649 se

123 1681 415 1736 conferent
446 1694 581 1750 qua
611 1680 681 1735 de
714 1679 955 1735 Domino
1004 1680 1302 1736 Salvatore
1341 1691 1668 1749 servantur,
1698 1695 1832 1736 cum

124 1769 364 1826 ultimus
405 1770 532 1825 dies
563 1769 654 1824 ille
682 1769 1007 1839 ingruerit?
1042 1770 1097 1826 Si
1127 1771 1198 1825 ad
1235 1771 1542 1840 pristinum
1574 1771 1834 1829 reditura.

1939 637 2247 693 nunquam
2280 631 2490 686 tamen.
2518 639 2650 680 cum
2686 626 2850 696 quasi
2895 627 3128 697 signum
3160 629 3251 683 cui
3300 629 3648 684 contradici-

1939 718 2038 767 tur
2079 712 2170 780 sit,
2223 714 2317 768 cui
2381 713 2725 784 generaliter
2783 729 2816 769 a
2871 715 3346 784 prudentioribus
3415 716 3471 771 in
3527 717 3649 772 dies

1939 798 2133 855 obsisti
2167 801 2436 867 audiatis,
2473 817 2799 872 nunquam,
2833 803 3095 873 inquam,
3141 804 3412 874 exagium
3450 805 3646 860 melio-

1939 887 2019 942 ris
2048 890 2342 944 sententia
2376 889 2754 960 perquisistis,
2789 905 2892 946 nec
2924 906 3100 962 quam
3139 900 3284 948 esset
3319 907 3353 947 a
3392 893 3648 963 Scriptu-

1940 975 2020 1029 ris
2048 975 2329 1032 absonum
2381 979 2720 1035 attendistis.
2757 980 2812 1036 Si
2851 981 3005 1036 enim
3064 980 3151 1036 vel
3201 981 3454 1037 tenuiter
3496 982 3648 1051 ipsas

1939 1062 2008 1118 de
2071 1079 2192 1120 sua
2258 1080 2325 1121 ac
2367 1075 2575 1123 nostra
2627 1076 2782 1125 statu
2839 1069 3273 1125 resurrectionis
3329 1070 3646 1126 sententias

1940 1153 2281 1219 tentassetis,
2335 1169 2440 1210 nec
2499 1171 2659 1211 mora
2709 1157 2875 1226 plane
2933 1157 3183 1213 scintilla
3232 1157 3410 1228 hujus
3462 1173 3642 1228 quam

1939 1239 2184 1296 dicimus
2213 1242 2285 1296 ad
2314 1242 2599 1312 liquidum
2625 1244 2901 1301 eluxisset
2929 1245 3206 1300 veritatis.
3265 1247 3333 1301 Et
3376 1245 3517 1315 quid
3559 1253 3644 1301 (st

1939 1327 2213 1385 furiosius
2245 1345 2421 1400 quam
2453 1333 2526 1388 ad
2561 1346 2733 1389 aures
2761 1333 3028 1388 Ecclesia
3067 1334 3455 1404 promulgare,
3488 1335 3648 1404 quod

1940 1433 2056 1473 non
2099 1421 2276 1488 possit
2320 1421 2494 1477 ullius
2534 1421 2938 1491 disputationis
2983 1423 3296 1478 assertione
3345 1422 3648 1479 constare?

1941 1506 2157 1562 Paulus
2186 1509 2440 1565 ascendit
2485 1511 2919 1580 Jerosolymam,
2950 1519 3004 1565 et
3049 1512 3267 1566 confert
3311 1527 3443 1566 cum
3481 1512 3646 1568 Petro

1939 1604 1993 1650 et
2021 1596 2240 1651 caloris
2273 1597 2655 1666 Evangeliutn
2691 1613 2760 1653 ne
2810 1598 2949 1653 forte
2991 1599 3047 1652 in
3085 1613 3332 1654 vacuum
3364 1608 3640 1666 curreret,

1940 1691 2042 1738 aut
2091 1685 2417 1740 cucurrerit
2467 1685 2623 1755 (Gal.
2682 1702 2740 1754 li,
2806 1691 2852 1753 l,
2889 1687 2966 1756 2),
3013 1696 3067 1742 et
3115 1696 3302 1742 vestra
3334 1688 3644 1756 prudentia

1945 1770 2004 1825 in
2047 1772 2266 1841 quibus
2310 1772 2534 1828 hasitat
2565 1774 2854 1829 addiscere
2885 1775 3222 1830 erubescit?
3268 1775 3352 1830 Ad
3389 1776 3645 1832 Horatia-

117 1866 250 1912 sunt
279 1873 519 1928 corpus,
558 1873 674 1928 quo
719 1873 779 1914 se
818 1859 1114 1927 recipient,
1145 1874 1276 1928 qua
1318 1859 1440 1914 loca
1480 1874 1600 1914 sese
1640 1859 1708 1914 iis
1750 1875 1836 1915 re-
1874 1843 1916 1897 Β
1949 1873 2091 1915 num
2127 1860 2269 1915 illud
2301 1861 2578 1918 advertite
2606 1871 2848 1918 mentem
2882 1878 2894 1917 :

117 1946 396 2015 cipiendis
427 1947 728 2016 aperient?
761 1948 851 2002 An
895 1947 1201 2002 edcntulus
1251 1946 1520 2001 Salvator
1557 1947 1838 2002 clariﬁca-

121 2042 211 2090 tus
243 2035 559 2106 hucusque
608 2037 838 2103 mansit,
884 2043 948 2091 ut
989 2036 1178 2091 locum
1207 2036 1364 2091 denti
1394 2046 1838 2106 superventura

118 2123 414 2179 servaret?
444 2126 520 2180 Et
559 2135 710 2180 certe
740 2125 895 2180 denti
943 2125 1162 2180 tantillo
1196 2124 1353 2180 locus
1400 2125 1746 2181 conveniens
1777 2126 1834 2182 in

120 2212 267 2267 virili
302 2214 463 2282 quod
495 2220 580 2269 est
615 2213 912 2269 Dominica
942 2212 1106 2268 fauce
1141 2227 1517 2283 nequaquam
1545 2222 1836 2283 compete-

120 2309 219 2356 ret.
271 2303 432 2358 Esto.
479 2303 604 2368 Quo
648 2318 706 2358 se
737 2303 1068 2370 umbilicus,
1113 2317 1332 2373 quaso,
1364 2305 1633 2372 reponet?
1664 2305 1834 2360 Nun-

118 2389 257 2459 quid
295 2391 430 2446 dua
461 2391 900 2448 clarificationes
930 2392 988 2446 in
1030 2392 1229 2446 eodem
1259 2404 1495 2461 corpore
1523 2391 1828 2447 celebran-

123 2480 252 2533 tur?
276 2479 386 2535 Bes
419 2488 508 2536 est
537 2495 668 2550 qua
701 2494 992 2550 nusquam
1040 2479 1272 2549 legitur,
1301 2494 1432 2550 qua
1481 2480 1655 2536 nullis
1684 2481 1834 2536 testi-

125 2568 330 2624 moniis
378 2569 760 2638 approbatur.
821 2568 969 2634 Quid
1013 2581 1149 2636 ergo
1199 2567 1439 2633 infertis,
1493 2569 1594 2638 qui
1638 2568 1832 2624 omnia

127 2657 423 2712 sententia
455 2666 660 2712 vestra
692 2656 1131 2712 circumstantia
1174 2655 1456 2711 inﬁrmari
1493 2664 1548 2712 et
1588 2655 1833 2712 ridicula

130 2743 248 2799 ﬁeri
276 2745 646 2815 perspicitis?

197 2831 354 2901 ειν.
409 2836 590 2889 Porro
642 2833 745 2902 ipsi
797 2831 1061 2900 Domino,
1115 2838 1178 2886 ut
1227 2831 1519 2901 prophetis
1567 2845 1828 2902 superse-

129 2921 316 2989 deam,
366 2936 478 2978 cur
527 2936 760 2976 navum
819 2930 989 2976 tanta
1051 2920 1397 2975 inﬁdelitatis
1446 2920 1717 2976 inuritis?
1774 2921 1827 2977 Si

129 3010 317 3078 ipsum
351 3012 410 3065 in
447 3011 887 3080 prasentiarum
924 3009 1211 3065 haberetis
1245 3025 1257 3063 :
1291 3008 1427 3074 Quis
1456 3026 1524 3064 ea:
1558 3009 1713 3064 vobis
1739 3027 1831 3064 ar-

1947 1949 2088 2018 Cur,
2124 1948 2332 2021 inquit,
2381 1949 2623 2017 nescire,
2678 1952 2905 2023 pudens
2951 1966 3151 2022 prave,
3204 1966 3382 2022 quam
3427 1949 3650 2006 discere

3294 2037 3506 2108 [malo?

2872 2126 3086 2181 Honn.
3115 2125 3208 2180 Ad
3238 2125 3387 2194 Pisa,
3419 2130 3507 2181 88.

2013 2214 2129 2270 Nec
2157 2221 2331 2270 tanta
2361 2222 2549 2270 tamen
2600 2214 2970 2270 hebetudinis
3010 2229 3109 2284 per
3140 2230 3240 2270 vos
3274 2217 3432 2290 estis,
3472 2223 3533 2271 ut
3577 2216 3650 2271 ad

1944 2303 2198 2372 plenum
2233 2316 2435 2372 capere
2475 2317 2589 2357 non
2633 2302 2874 2372 possitis,
2909 2304 3062 2372 quod
3099 2303 3170 2357 ad
3225 2311 3530 2372 paternum
3573 2317 3653 2358 so.

1941 2389 2084 2444 lium
2146 2405 2276 2460 pars
2331 2404 2449 2446 una
2497 2391 2852 2459 commigret,
2926 2392 3106 2445 altera
3171 2391 3641 2459 corruptionibus

1943 2479 2266 2534 addicenda
2297 2493 2331 2534 a
2367 2487 2520 2535 tanto
2558 2479 2723 2534 exsul
2756 2493 2990 2548 corpore
3040 2479 3278 2534 substet.
3317 2478 3455 2544 Qua
3495 2481 3642 2534 ratio

1942 2567 2214 2637 patiatur,
2273 2576 2336 2624 ut
2403 2576 2615 2636 partem
2672 2575 2830 2623 tanta
2886 2568 3067 2638 gloria
3117 2576 3365 2634 maneat,
3422 2575 3641 2636 partem

1941 2655 2243 2711 infelicitas
2273 2664 2489 2711 aterna
2512 2655 2800 2711 subducat
2819 2656 2847 2711 7

2011 2744 2067 2800 Si
2101 2745 2263 2801 nulla
2293 2759 2456 2814 opem
2485 2745 2672 2800 verbis
2713 2745 2922 2801 nostris
2963 2745 3354 2815 suppeditaret
3395 2746 3648 2802 auctori-

1939 2840 2043 2900 tas,
2085 2833 2346 2890 sufticere
2382 2833 2594 2890 valeret
2626 2833 2766 2889 adeo
2800 2835 3046 2904 partium
3079 2849 3319 2890 suarum
3345 2834 3650 2904 impatiens

1941 2921 1997 2977 in
2035 2931 2150 2978 tam
2191 2923 2541 2978 sacrosancti
2588 2922 2842 2990 corporis
2890 2921 3184 2992 tnajestate
3223 2923 3547 2979 diversitas.
3590 2924 3646 2979 Si

1935 3012 2086 3066 enim
2135 3012 2192 3066 in
2242 3011 2449 3068 nostris
2493 3025 2772 3080 purorum
2827 3011 3128 3065 hominum
3189 3012 3532 3081 corporibus
3584 3014 3640 3068 in

125 3099 256 3165 guet
296 3097 367 3150 de
414 3100 652 3168 peccato
707 3100 899 3167 (Joan.
952 3112 1072 3164 Vill,
1119 3096 1249 3166 46)?
1295 3097 1456 3163 Quod
1516 3096 1824 3166 infirmius,
1868 3137 1909 3192 Ο
1942 3100 2380 3167 resurrectione,
2464 3099 2701 3169 quando
2767 3099 3230 3165 immutabimur,
3300 3108 3460 3156 tanta
3535 3101 3644 3156 erit

131 3189 402 3258 quodque
434 3187 826 3243 insensibilius
871 3187 930 3241 in
961 3187 1192 3242 homine
1221 3194 1427 3253 exstat,
1463 3200 1579 3241 non
1610 3187 1832 3255 peritu—

131 3287 260 3331 rum
289 3277 345 3332 in
377 3276 546 3332 nobis
574 3277 883 3346 perhibuit,
914 3285 969 3331 et
999 3276 1072 3331 ad
1100 3277 1189 3332 sui
1214 3275 1395 3346 ipsius
1417 3275 1827 3340 confusionem,

132 3373 184 3420 et
234 3375 494 3422 nostram
544 3367 807 3422 omnium
846 3366 1247 3432 difﬁdentiam,
1290 3372 1482 3421 vestra
1527 3363 1834 3435 prudentia

135 3461 354 3510 tantum
385 3455 497 3511 sibi
527 3455 848 3522 residuum,
894 3469 1010 3510 non
1049 3455 1118 3510 de
1163 3453 1409 3524 capillis,
1449 3455 1547 3510 sed
1589 3454 1659 3509 de
1707 3455 1833 3523 ejus

137 3554 304 3598 carne
351 3552 408 3600 et
459 3544 687 3599 ossibus
724 3542 976 3598 astruit?
1023 3543 1086 3598 In
1127 3556 1244 3612 qua
1279 3542 1596 3598 diffidentia
1641 3549 1836 3596 tamen

136 3643 383 3701 nequam
413 3632 657 3703 emergit
706 3632 1013 3701 utrobique
1052 3638 1365 3700 respectus,
1409 3631 1548 3700 quia
1587 3630 1668 3686 sic
1706 3644 1836 3685 sen-

141 3719 262 3787 tire,
293 3721 374 3776 sic
402 3722 594 3777 dicere
623 3729 678 3777 et
718 3721 1054 3776 divinorum
1087 3720 1371 3775 dictorum
1407 3719 1576 3775 ﬁdem
1629 3728 1832 3788 paten-

141 3814 223 3863 ter
248 3809 570 3882 impugnat,
603 3824 670 3866 ac
715 3809 959 3865 inﬁrma
997 3809 1324 3879 cujuspiam
1367 3807 1838 3864 considerationis

140 3898 366 3954 oculum
397 3915 516 3956 non
538 3913 716 3970 parvo
745 3898 1158 3969 cogitationum
1191 3897 1420 3954 turbine
1446 3897 1666 3964 densat,
1696 3897 1837 3952 dum

142 3983 198 4040 in
246 4001 305 4043 se
355 3989 458 4046 Dei
505 3987 937 4059 promissionem
986 4001 1101 4042 non
1148 3986 1366 4056 expleri
1412 3999 1572 4055 posse
1615 3985 1839 4055 quique

141 4083 423 4144 metuunt,
458 4092 635 4149 quam
669 4082 726 4132 in
766 4077 1068 4146 semetipso
1098 4088 1471 4144 nequaquam
1501 4073 1838 4142 pramisisse

143 4165 514 4224 subaudiunt.
557 4167 614 4222 Si
645 4167 796 4223 enim
828 4165 1064 4222 cuilibet
1103 4163 1404 4234 promittas
1433 4163 1672 4232 copiam,
1704 4176 1838 4218 cum

144 4258 299 4310 tuam
342 4264 405 4314 tu
452 4258 570 4326 ipse
618 4255 886 4325 supplere
925 4268 1040 4310 non
1083 4252 1262 4324 possis
1300 4251 1575 4322 inopiam,
1617 4260 1839 4307 certum

145 4349 225 4397 est
263 4343 386 4412 ejus
433 4344 529 4400 cui
571 4343 947 4414 spoponderis
991 4357 1163 4413 penes
1222 4349 1274 4398 te
1321 4341 1649 4398 labefactari
1699 4340 1842 4396 fidu-

146 4430 311 4488 ciam.

213 4518 342 4576 Dico
392 4521 550 4592 quod
593 4520 836 4577 inﬁrmis
883 4527 985 4576 aut
1044 4519 1444 4590 versipellibus
1487 4519 1696 4575 animis
1729 4518 1840 4574 ali-

149 4609 372 4674 quando
432 4617 606 4680 queat
651 4609 898 4672 ofﬁcere,
953 4608 1049 4664 sed
1109 4607 1250 4679 quia
1300 4608 1399 4664 Dei
1449 4607 1839 4663 misericordia

150 4695 357 4754 nullius
406 4700 561 4754 circa
599 4713 701 4753 nos
737 4711 913 4767 super
963 4697 1056 4753 tali
1097 4696 1362 4752 contuitu
1401 4695 1685 4762 videmus,
1720 4708 1838 4750 non

151 4780 267 4840 dico
308 4788 462 4854 acui,
503 4787 599 4842 sed
642 4786 830 4856 potius
868 4785 1135 4842 cacutire
1185 4784 1520 4851 versutiam,
1578 4785 1684 4839 hoc
1723 4797 1838 4838 non

152 4884 343 4934 vestra
370 4877 611 4934 cautela
643 4876 1045 4947 imputabitur,
1071 4890 1203 4946 qua
1220 4877 1394 4947 juxta
1415 4875 1555 4947 legis
1573 4875 1835 4940 vetitum,

152 4967 262 5019 tam
307 4967 456 5024 male
494 4965 900 5037 profunditatis
944 4965 1253 5021 cisternam
1291 4963 1533 5021 effodere
1571 4978 1687 5019 non
1735 4977 1840 5018 ve-

153 5059 304 5110 retur
328 5055 536 5128 (Exod.
571 5069 692 5122 xxi,
735 5054 846 5124 33),
886 5053 942 5109 in
981 5066 1100 5123 qua
1133 5053 1440 5109 brutorum
1487 5065 1841 5122 quocunque

153 5146 481 5202 animalium
539 5142 924 5214 praecipitium
970 5142 1242 5212 aperitur.
1304 5141 1466 5198 Certe
1519 5141 1624 5197 etsi
1673 5155 1841 5196 nemo

155 5227 228 5285 ibi
257 5231 398 5303 ladi,
431 5235 545 5290 Deo
578 5239 835 5298 auctore,
875 5238 931 5288 et
969 5230 1180 5288 saculo
1225 5239 1420 5286 nostro
1457 5231 1652 5286 minus
1694 5230 1842 5285 hanc

155 5316 460 5380 doctrinam
519 5321 892 5391 appretiante,
941 5319 1311 5389 permittitur,
1357 5332 1474 5374 non
1521 5317 1710 5374 minor
1761 5324 1843 5372 ta-

159 5419 276 5464 men
317 5411 684 5483 impudentta
733 5416 938 5465 vestra
986 5415 1180 5464 reatus
1234 5407 1573 5475 intenditur,
1623 5405 1763 5476 quia
1808 5419 1844 5460 a

159 5497 308 5556 vobis
355 5501 686 5558 indesinens
733 5498 1212 5554 subministratur
1255 5495 1494 5564 occasio,
1551 5507 1672 5566 qua
1711 5492 1844 5564 quis

158 5580 504 5656 improvidus
535 5588 905 5660 periclitetur.

225 5673 338 5744 ἓν.
386 5679 456 5736 In
500 5690 617 5747 quo
670 5673 813 5731 illud
869 5671 1036 5730 vobis
1089 5669 1445 5743 permaxime
1496 5667 1838 5738 objectatur,

1945 3189 2328 3255 uniformitas,
2360 3197 2442 3256 ut,
2481 3187 2798 3259 gloriﬁcata
2835 3187 3207 3243 universitate
3234 3189 3650 3257 membrorum,

1942 3291 2015 3332 ne
2047 3277 2276 3347 quidem
2310 3285 2595 3346 quantum
2636 3276 2788 3345 capit
2818 3284 3046 3331 atomus
3076 3275 3136 3330 in
3169 3275 3366 3346 aliquo
3412 3277 3654 3333 resideat

1941 3365 2063 3422 ulla
2110 3365 2179 3420 de
2231 3365 2471 3434 pristina
2510 3365 2728 3420 vilitate
2764 3365 3102 3436 indignitas,
3143 3365 3200 3421 in
3243 3366 3337 3421 illo
3378 3381 3509 3436 qua
3560 3367 3653 3421 de-

1942 3454 2157 3509 mentia
2184 3453 2468 3509 astimare
2498 3469 2601 3509 nos
2652 3453 2818 3509 faciet
2877 3453 3289 3510 inconcinnum
3322 3455 3644 3524 quidpiam,

1943 3542 2045 3613 qui
2075 3541 2449 3612 personaliter
2477 3551 2531 3598 et
2566 3543 2713 3598 Deus
2756 3551 2810 3598 et
2860 3543 3158 3610 homoest,
3204 3551 3265 3599 ut
3317 3543 3540 3613 aliquid
3587 3544 3646 3600 in

1941 3629 2036 3686 illo
2067 3631 2427 3703 sitdignum,
2479 3631 2701 3702 aliquid
2747 3631 3082 3688 secludatur
3126 3646 3161 3686 a
3200 3631 3415 3703 digno?
3461 3631 3519 3688 Si
3549 3647 3646 3688 ore

1945 3720 2199 3776 Doctoris
2241 3722 2522 3790 gentium,
2570 3721 2625 3775 in
2674 3735 2789 3791 quo
2841 3720 3102 3790 loquitur
3152 3719 3434 3788 Christus,
3487 3721 3652 3777 nobis

1946 3807 2299 3876 promittitur
2355 3808 2511 3878 quod
2544 3808 2660 3878 ipse
2715 3807 3138 3864 reformaturus
3166 3808 3238 3864 sit
3268 3822 3478 3878 corpus
3537 3809 3648 3864 hu-

1942 3894 2200 3950 militatis
2269 3903 2495 3962 nostra,
2583 3896 3010 3966 conﬁguratum
3085 3897 3308 3966 corpori
3371 3896 3651 3953 claritatis

1946 3996 2065 4038 sua
2097 3983 2275 4053 (Phil.
2307 3999 2388 4050 ill,
2425 3985 2537 4054 2t),
2569 3984 2667 4054 qui
2718 3993 2937 4054 partem
2962 3987 3218 4055 corporis
3267 3984 3358 4041 sui
3389 3986 3498 4041 sub
3530 3985 3656 4041 inu-

1949 4073 2030 4128 tili
2082 4073 2424 4141 humilitate,
2477 4075 2600 4130 sine
2650 4074 2770 4129 ulla
2803 4074 3128 4129 rationabili
3167 4075 3464 4130 occasione
3493 4074 3654 4129 dimi-

1949 4162 2040 4228 sit,
2077 4163 2364 4233 quomodo
2394 4163 2779 4233 corruptionis
2819 4162 3090 4219 humana
3120 4162 3650 4232 despicabilitatem,

1949 4249 2022 4304 ad
2055 4264 2174 4305 sua
2203 4249 2480 4306 claritatis
2511 4251 2784 4320 provehet
2842 4251 3316 4318 conformitatem,
3354 4250 3456 4322 qui
3485 4250 3654 4322 quasi

1952 4338 2225 4409 impotem
2275 4353 2334 4394 se
2384 4340 2633 4409 prabuit
2671 4340 2743 4395 ad
2795 4340 2848 4396 id
2894 4340 3306 4397 resumendum
3355 4341 3510 4410 quod
3558 4341 3650 4397 sui

1879 4425 1924 4478 D
1957 4428 2106 4484 fuit?

2017 4517 2213 4574 Videte
2239 4531 2377 4588 ergo
2409 4532 2480 4573 ne
2511 4517 2651 4573 dum
2683 4517 2942 4574 membra
2972 4517 3071 4574 Dei
3102 4517 3268 4588 quasi
3305 4532 3404 4588 pro
3433 4517 3654 4574 honore

1943 4612 2000 4662 et
2055 4606 2241 4676 genio,
2289 4620 2359 4661 ac
2406 4605 2636 4676 speciali
2692 4605 3080 4678 prarogativa
3135 4606 3388 4662 ecclesia
3446 4614 3652 4662 vestra

1944 4695 2108 4750 vobis
2133 4694 2439 4765 arrogatis,
2487 4709 2560 4750 ex
2601 4709 2667 4750 eo
2705 4694 2862 4765 quod
2907 4695 2963 4749 in
2995 4695 3104 4750 hac
3133 4693 3416 4750 sententia
3464 4701 3654 4749 vestro

1944 4796 2048 4840 vos
2101 4783 2305 4838 honori
2357 4782 2735 4839 commilitare
2787 4782 3023 4851 putatis,
3093 4782 3274 4837 Deum
3337 4795 3526 4851 usque
3581 4780 3656 4836 ad

1949 4878 2180 4939 terram,
2231 4878 2296 4926 ut
2351 4870 2433 4926 sic
2487 4871 2756 4937 dixerim,
2805 4869 3140 4935 humilietis,
3193 4869 3262 4924 de
3322 4868 3494 4939 cujus
3556 4883 3658 4925 vos

1947 4959 2120 5016 dente
2162 4960 2410 5031 jactatis.
2461 4959 2516 5014 Si
2566 4959 2842 5015 honorem
2871 4972 2944 5014 ex
2995 4959 3110 5015 Deo
3161 4958 3440 5029 quaritis,
3482 4972 3655 5029 quem

1951 5049 2152 5116 Deum,
2185 5062 2401 5119 quaso,
2433 5062 2566 5105 eum
2600 5056 2803 5118 putare
2851 5048 3129 5118 poteritis,
3187 5061 3360 5118 quem
3416 5047 3657 5117 apertis-

1947 5137 2089 5193 sime
2141 5135 2417 5192 videmini
2466 5149 2712 5207 arguere
2783 5135 3064 5192 falsitatis.
3117 5136 3175 5192 Si
3240 5143 3424 5193 vester
3473 5137 3658 5192 honor

1949 5225 2023 5281 ad
2051 5225 2198 5295 ejus,
2221 5239 2295 5281 ex
2325 5239 2442 5295 quo
2461 5225 2730 5280 honorari
2761 5226 2992 5296 cupitis,
3018 5225 3305 5281 redundat
3338 5225 3655 5291 infamiam,

1951 5329 2129 5386 quam
2167 5323 2405 5385 excepto
2455 5319 2604 5368 353
2635 5314 2837 5370 honori
2888 5313 3201 5370 redhibetis
3250 5313 3539 5385 gratiam?
3587 5314 3660 5370 Et

1953 5404 2241 5473 quomodo
2275 5409 2360 5458 est
2400 5409 2657 5458 vestrum
2702 5401 3047 5458 rationabile
3097 5403 3464 5473 obsequium,
3515 5401 3560 5456 si
3599 5401 3656 5457 id

1952 5492 2160 5558 colitis,
2219 5499 2276 5548 et
2341 5491 2469 5547 aliis
2524 5491 2830 5547 colendum
2889 5492 3167 5562 ingeritis,
3224 5492 3379 5562 quod
3441 5489 3661 5546 nullius

1954 5580 2183 5649 prafert
2215 5579 2342 5634 ﬁdei
2372 5577 2828 5649 argumentum?
2865 5579 3223 5649 Obsequium
3270 5579 3437 5648 plane
3482 5579 3660 5634 ratio-

1951 5667 2162 5736 nabile,
2188 5667 2322 5724 dicit
2352 5667 2654 5738 Apostolus
2680 5666 2868 5735 (Rom.
2900 5681 3002 5736 xu,
3044 5667 3114 5738 l),
3152 5667 3209 5722 in
3241 5681 3357 5738 quo
3392 5680 3506 5722 non
3536 5667 3659 5722 sine
