3936 6422
264 403 370 457 655

1158 402 1218 456 ν.
1260 400 1596 459 GUIBERTI
1635 400 1926 457 ABBATIS
1963 401 2020 457 S.
2063 401 2306 459 ΜΑΒῙᾸΞ
2345 402 2434 456 DE
2474 402 2865 459 NOVIGENTO

3672 408 3779 461 656

268 532 566 590 verissima
593 533 911 589 redditione
958 546 1269 589 causarum
1303 534 1477 589 libere
1506 541 1809 589 exercetur
1838 534 1960 588 ani-
2000 535 2046 587 Δ
2077 533 2397 590 dixerimus
2446 543 2893 601 sacramentum,
2941 537 3084 606 quia
3125 544 3180 592 et
3223 537 3338 606 ipse
3370 537 3516 593 idem
3567 552 3778 607 panem

266 637 412 679 mus.
474 623 618 679 Nam
683 636 816 678 cum
883 622 1148 692 quemvis
1214 623 1498 692 quispiam
1542 630 1851 677 veneratur
1909 629 1965 679 et

266 712 556 783 praedicat,
590 718 646 767 et
680 712 1069 767 venerationis
1108 725 1176 766 ac
1220 711 1794 781 prmdicamentorum
1836 724 1966 767 cau-

266 814 359 855 sas
388 801 633 871 ignorat,
680 799 864 855 multa
908 797 1178 856 facilitate
1216 799 1616 867 labefactatur,
1658 807 1759 856 aut
1796 800 1965 857 clau-

268 889 441 945 dicat.

336 978 405 1033 Et
434 984 583 1032 certe
613 989 746 1033 cum
778 976 934 1046 apud
964 990 1163 1032 omnes
1183 975 1479 1047 jactantiae
1520 974 1699 1045 hujus
1729 987 1962 1044 percre-

264 1065 487 1122 brescat
522 1065 733 1134 opinio,
778 1064 1070 1119 rarissime
1110 1072 1299 1120 tamen
1348 1062 1657 1119 credulitas
1688 1076 1964 1132 quorum-

262 1153 398 1209 libet
426 1154 752 1223 sapientum
780 1152 1031 1222 suppetit
1078 1152 1167 1208 isti
1217 1152 1411 1207 verbo.
1448 1152 1588 1207 Cum
1631 1151 1786 1207 enim
1817 1151 1962 1206 ratio

264 1255 435 1311 super
457 1242 564 1297 hac
593 1255 654 1297 re
681 1248 874 1296 vestra
911 1241 1300 1311 undecunque
1344 1240 1570 1306 titubet,
1616 1240 1715 1295 vix
1743 1239 1962 1308 reperi-

262 1339 360 1387 tur
388 1331 497 1385 nisi
526 1330 688 1386 rudis
718 1337 773 1385 et
802 1329 1037 1396 inscius,
1075 1344 1249 1400 quem
1279 1329 1351 1384 ad
1385 1328 1735 1385 credendum
1782 1328 1961 1383 infor-

261 1427 393 1487 met,
420 1426 475 1474 et
510 1419 607 1474 ubi
637 1418 823 1473 omnis
872 1419 1065 1488 arguti
1105 1418 1284 1473 animi
1317 1417 1637 1473 diffidentia
1684 1418 1956 1484 occurrit,

261 1507 392 1579 quis
419 1507 492 1562 ad
523 1514 800 1562 tractatus
831 1505 1241 1576 hujuscemodi
1286 1505 1803 1575 promulgationem
1850 1503 1961 1560 nisi

259 1596 565 1667 impudens
610 1604 665 1652 et
708 1608 1011 1664 perversus
1038 1593 1334 1663 erumpit?
1384 1593 1548 1649 Solus
1596 1594 1745 1649 hanc
1776 1593 1963 1663 pudor

259 1684 655 1756 garrulitatem
707 1683 1034 1738 cohibuisse
1080 1681 1379 1748 debuerat,
1429 1697 1502 1737 ne
1548 1683 1959 1738 documentum

259 1774 412 1845 quod
445 1772 599 1827 sanis
628 1778 849 1827 constat
881 1770 1172 1840 probabile
1210 1784 1323 1826 non
1367 1784 1485 1826 esse
1526 1770 1833 1840 capitibus,
1868 1771 1963 1826 he-

2073 624 2331 679 nominat
2358 623 2761 695 quotidianum
2792 627 2947 693 (Luc.
2980 640 3038 691 ιι,
3072 627 3173 695 3.),
3219 625 3579 683 solummodo
3608 628 3770 684 vide-

2074 709 2200 765 licet
2222 711 2507 781 quandiu,
2544 713 2716 782 juxta
2748 713 3103 782 Apostolum,
3135 714 3580 785 cognominatur
3610 715 3780 770 hodie

2073 798 2277 869 (Hebr.
2311 815 2389 867 lli,
2430 803 2536 868 l3),
2567 802 2973 857 necessarium.
3019 804 3137 858 Hoc
3187 802 3381 873 itaque
3422 804 3503 859 sic
3545 804 3614 859 ad
3645 804 3779 874 ejus

2072 887 2404 942 memoriam
2435 888 2707 943 celebrari
2740 888 2971 954 dicitur,
3006 897 3068 944 ut
3102 889 3344 945 istorum
3372 890 3775 946 habendorum

2071 988 2444 1044 nequaquam
2491 976 2637 1031 ratio
2693 976 3030 1047 denegetur,
3063 978 3203 1047 quia
3249 977 3350 1033 etsi
3380 978 3662 1049 generalis
3690 987 3779 1035 est

2072 1063 2291 1119 utilitas
2348 1077 2448 1133 per
2505 1073 2932 1121 sacramentum
2994 1066 3205 1121 Christi
3258 1066 3479 1136 corpori
3521 1068 3775 1135 couniri,

2070 1166 2186 1207 non
2218 1151 2382 1208 debet
2412 1160 2601 1208 tamen
2633 1153 2991 1223 privatorum
3044 1154 3227 1225 gloria
3262 1168 3502 1211 suorum
3546 1156 3779 1226 privile-

2071 1240 2298 1311 giorum
2333 1241 2628 1311 majestate
2658 1242 2895 1311 privari.
2930 1242 3089 1298 Sicut
3129 1243 3285 1298 enim
3320 1243 3623 1315 privilegia
3650 1244 3778 1300 siu-

2071 1330 2340 1399 gulorum
2370 1329 2549 1400 legem
2582 1344 2695 1385 non
2745 1338 2984 1399 possunt
3022 1330 3204 1386 facere
3246 1345 3637 1402 communem;
3690 1332 3776 1387 ita

2069 1416 2391 1473 communis
2416 1417 2678 1488 gloriatio
2707 1432 2869 1474 suam
2902 1418 3126 1488 privato
3147 1418 3381 1475 cuilibet
3413 1419 3570 1475 nullo
3602 1420 3776 1476 modo

2070 1506 2320 1561 detrahit
2348 1506 2690 1561 claritatem.

2141 1590 2169 1661 §
2200 1592 2298 1647 Ill.
2333 1592 2585 1661 Objectio
2613 1596 2665 1648 3.
2728 1624 2789 1634 -—
2837 1594 2889 1650 Si
2934 1595 3225 1651 Christum
3255 1609 3357 1665 pro
3394 1595 3602 1652 seculo
3642 1610 3776 1666 pas-

2068 1693 2197 1735 sum
2232 1680 2473 1749 visibilis
2504 1689 2755 1751 reportat
2793 1683 3073 1738 memoria
3104 1685 3466 1751 sacramenti,
3501 1698 3633 1755 qum
3678 1688 3771 1740 ta-

2069 1781 2200 1823 men
2254 1769 2441 1839 ﬁgura
2472 1771 2575 1824 soli
2610 1771 2842 1826 cuilibet
2891 1772 3191 1842 perspicua
3237 1780 3321 1827 est
3359 1774 3617 1842 sapienti,
3660 1788 3774 1829 cur

259 1830 517 1918 betudini
557 1862 807 1931 quisque
852 1830 1102 1915 disertus
1157 1860 1421 1915 ascribat.
1479 1830 1637 1924 Quod
1681 1859 1727 1915 si
1769 1860 1959 1930 quali-
1999 1830 2040 1884 Β
2071 1855 2223 1910 Deus
2251 1830 2324 1911 ad
2350 1871 2549 1913 eorum
2575 1830 3043 1926 consolationem,
3078 1874 3180 1929 pro
3208 1830 3556 1929 quibus-ista
3579 1830 3773 1916 s'usce-
3848 1915 3866 1929 ,

258 1951 603 2019 buscunque
632 1948 1017 2004 intellectibus
1042 1949 1290 2004 rationes
1332 1962 1705 2019 nequaquam
1756 1949 1960 2004 oblatae

260 2038 576 2105 sufficiunt,
623 2051 750 2093 ecce
813 2050 915 2106 pro
975 2037 1233 2106 partibus
1292 2037 1497 2093 vestris
1543 2045 1779 2107 paratus
1830 2051 1957 2092 sum

260 2126 645 2195 mihimetipsi.
706 2139 839 2195 quae
892 2134 1082 2181 vestro
1160 2125 1379 2195 possint
1449 2124 1705 2196 dogmati
1771 2125 1961 2181 muni-

258 2221 450 2270 menta
514 2214 712 2280 adniti,
772 2213 1036 2283 objicere.
1108 2220 1163 2268 et
1223 2214 1584 2282 postmodum
1653 2215 1775 2270 sine
1839 2212 1960 2269 ulla

260 2302 627 2358 simulatione
705 2301 942 2371 objecta,
1039 2308 1156 2357 tota
1232 2302 1404 2357 etiam
1468 2304 1718 2372 puritate
1800 2301 1960 2357 refel-

264 2391 397 2447 lere.

952 2477 1180 2533 CAPUT
1220 2478 1284 2533 II.

329 2566 358 2639 §
390 2568 432 2623 Ι.
486 2565 1116 2621 San-Medardcmium
1171 2565 1411 2635 objecfio
1436 2567 1491 2620 ‘l.
1525 2597 1594 2607 --
1624 2566 1711 2623 Sic
1762 2568 1957 2639 itaque

255 2666 447 2713 vestra
477 2656 784 2726 procedere
834 2663 1074 2725 putatur
1119 2657 1331 2725 opinio,
1378 2655 1493 2711 imo
1533 2656 1745 2712 talibus
1773 2671 1954 2712 emer-

258 2761 390 2819 gere
420 2746 777 2815 argumentis
806 2752 996 2800 vestra
1046 2745 1313 2800 videatur
1342 2744 1599 2811 assertio,
1634 2760 1749 2800 non
1799 2746 1954 2815 quod

256 2835 368 2891 tale
419 2833 521 2904 qui
568 2846 827 2903 unquam
876 2833 1329 2888 ratiocinationis
1362 2847 1397 2887 a
1428 2833 1594 2889 vobis
1647 2833 1950 2901 audierim,

252 2923 349 2979 sed
407 2922 561 2993 quod
612 2921 721 2977 tale
784 2921 1005 2991 aliquid
1059 2935 1159 2991 per
1200 2921 1378 2977 animi
1426 2924 1787 2992 conjecturas
1842 2922 1953 2979 mei

256 3012 532 3066 adversus
589 3010 739 3065 hanc
813 3024 997 3065 meam
1064 3010 1621 3080 disputatiunculam
1652 3010 1779 3078 dici,
1839 3011 1952 3066 imo

254 3098 528 3155 oblatrari
555 3112 589 3153 a
618 3097 875 3169 quolibet
915 3112 1074 3167 posse
1117 3100 1473 3168 putaverim;
1524 3099 1666 3154 nihil
1712 3099 1864 3155 enim
1918 3114 1952 3156 a
1991 3125 2032 3183 ο

253 3188 416 3243 vobis
444 3187 686 3257 dignum
721 3185 880 3256 probi
932 3186 1180 3256 alicujus
1228 3186 1522 3242 auditione
1553 3188 1795 3257 percepi,
1844 3188 1952 3244 hoc

252 3290 354 3332 vos
405 3283 706 3332 consuetos
756 3275 1253 3344 interrogantibus
1303 3275 1647 3344 respondere
1685 3277 1949 3347 cognovi.

250 3362 525 3433 Nunquid
581 3376 697 3417 non
729 3362 1049 3417 secundum
1081 3362 1329 3417 aetatulae
1362 3376 1577 3417 morem
1610 3363 1952 3419 naturaliter

252 3453 446 3508 dentes
476 3450 758 3506 novennis
784 3449 1010 3506 emisit?
1058 3449 1298 3516 Quibus,
1334 3451 1594 3520 inquam,
1645 3452 1950 3520 assentior;

251 3541 346 3595 sed
393 3539 588 3595 multae
653 3538 780 3593 aliae
835 3538 1083 3593 rationes
1139 3551 1197 3593 se
1244 3539 1538 3607 ingerunt,
1598 3552 1730 3607 quae
1784 3539 1950 3609 longe

250 3628 566 3683 diversiora
587 3639 764 3696 quam
811 3624 1071 3681 referatis
1120 3625 1333 3681 ferunt.
1371 3627 1502 3681 Haec
1537 3626 1752 3692 dicens,
1788 3641 1949 3696 quae-

249 3716 450 3772 stionis
471 3715 707 3785 pelagus
729 3721 944 3770 motare
963 3714 1223 3781 verebar,
1250 3714 1389 3769 illud
1416 3714 1750 3770 Boetianum
1772 3715 1945 3771 menti

248 3803 606 3874 sulijiciens:
648 3824 669 3851 ι
713 3802 863 3872 jure,
914 3802 1012 3870 ait,
1057 3803 1295 3857 insanus
1328 3802 1640 3872 judicarer,
1673 3803 1719 3858 si
1746 3812 1946 3860 contra

246 3891 478 3948 insanos
530 3889 690 3961 loqui
742 3890 1115 3946 intenderem.
1179 3912 1209 3940 ››
1249 3891 1314 3946 In
1367 3905 1433 3946 eo
1490 3905 1741 3962 namque
1791 3893 1945 3964 quod

243 3983 531 4051 cujusque
585 3978 760 4035 menti
819 3994 920 4050 pro
976 3979 1273 4035 voluntate
1338 3981 1761 4049 praeponderat,
1826 3997 1942 4038 non

244 4070 492 4125 multum
541 4069 650 4124 sibi
697 4068 951 4137 providet
995 4083 1112 4139 qua
1155 4069 1375 4124 ratione
1416 4070 1786 4139 respondeat;
1838 4071 1945 4127 hoc

242 4158 427 4213 solum
458 4157 692 4213 incubat
721 4156 899 4222 cordi,
932 4163 1223 4226 quatenus
1273 4156 1513 4213 diversa
1546 4160 1724 4227 partis
1756 4159 1940 4215 intui-

242 4255 366 4302 tum
416 4245 717 4301 obstinatis
775 4245 1123 4300 clamoribns
1168 4245 1415 4316 subigat.
1484 4245 1731 4302 Probum
1785 4246 1940 4301 enim

243 4335 472 4390 videtur
502 4334 777 4403 improbis
804 4341 1095 4402 tantopere
1122 4333 1236 4388 alia
1258 4349 1358 4404 pro
1381 4334 1507 4390 aliis
1530 4335 1940 4391 absurdissime

2068 1945 2234 2013 perit,
2278 1946 2398 2001 haec
2427 1960 2461 2001 a
2489 1960 2594 2001 sua
2621 1962 2793 2003 carne
2823 1949 3084 2015 decidua,
3111 1956 3166 2004 et
3196 1951 3363 2019 quasi
3393 1949 3482 2004 sui
3512 1948 3772 2019 corporis

2066 2043 2431 2090 excrementa
2462 2036 2660 2091 haberi
2690 2050 2804 2091 non
2838 2036 3195 2105 permiserit?
3222 2037 3276 2092 Si
3311 2038 3463 2093 illius
3494 2039 3551 2092 in
3596 2052 3770 2094 cruce

2067 2121 2136 2176 de
2184 2122 2357 2178 latere
2385 2125 2623 2195 sanguis
2646 2131 2701 2180 et
2733 2138 2886 2194 aqua
2920 2125 3227 2194 profluens,
3272 2126 3506 2181 forsitan
3547 2134 3762 2182 terram

2066 2219 2168 2266 aut
2196 2224 2403 2267 saxum
2434 2213 2640 2283 attigit,
2670 2214 2717 2268 si
2749 2216 3079 2283 absorptum
3109 2221 3209 2270 aut
3228 2216 3490 2270 attritum
3522 2229 3766 2285 quoquo

2068 2306 2232 2369 pacto
2276 2300 2491 2355 aboleri
2531 2302 2787 2372 contigit,
2832 2301 3117 2371 quomodo
3157 2310 3327 2372 putas
3367 2317 3455 2369 ea,
3497 2318 3628 2373 quae
3677 2318 3772 2359 vo-

2064 2386 2205 2439 casti
2236 2386 2503 2453 superius
2533 2386 2841 2451 subcisiva,
2888 2400 2954 2441 ac
2997 2385 3044 2440 si
3095 2394 3301 2442 nostrae
3342 2387 3469 2441 fidei
3501 2387 3770 2443 refrican-

2065 2472 2152 2527 die
2184 2473 2378 2539 vades,
2430 2473 2538 2529 sub
2567 2474 2771 2543 potiori
2807 2474 3046 2529 colenda
3095 2474 3309 2530 honore
3352 2490 3465 2531 non
3514 2476 3769 2546 potuisse

2064 2560 2313 2615 dimitti?
2359 2560 2726 2617 Sacramenta
2775 2562 2953 2632 igitur
3008 2562 3107 2617 illa
3152 2563 3257 2617 rite
3307 2563 3473 2618 nobis
3514 2564 3583 2619 ad
3634 2565 3767 2634 ejus

2063 2649 2398 2704 memoriam
2439 2657 2699 2719 prosunt,
2736 2650 2873 2719 quia
2914 2650 3078 2705 nobis
3106 2650 3276 2706 etiam
3306 2652 3575 2707 unionem
3623 2666 3760 2708 cum

2062 2737 2195 2791 Jesu
2222 2737 2462 2792 Domino
2488 2738 2852 2807 suscipiendo
2881 2739 3143 2809 pariunt;
3178 2740 3298 2795 haec
3325 2750 3518 2796 autem
3554 2743 3763 2797 animis

2063 2825 2259 2880 minus
2281 2826 2763 2882 intellectualibus
2790 2827 2939 2895 fidei,
2971 2835 3034 2882 ut
3061 2828 3140 2883 sic
3170 2828 3389 2884 dictum
3416 2830 3506 2897 sit,
3556 2837 3761 2886 tracta-

2063 2911 2193 2967 bilis
2216 2912 2527 2967 invisibilia
2557 2913 2883 2970 rudimenta
2903 2915 3224 2971 conferunt.

2134 2998 2162 3069 §
2191 2999 2285 3055 iV.
2319 2999 2571 3069 Obice/io
2599 3001 2650 3054 4.
2675 3029 2745 3042 -
2775 3001 2920 3056 Sunt
2943 3015 3081 3071 ergo
3110 3002 3345 3072 quidam
3371 3002 3549 3072 hujus
3573 3018 3758 3076 agno-

2062 3089 2286 3143 scendzc
2319 3090 2576 3144 veritatis
2616 3090 2851 3160 gradus,
2886 3096 2950 3145 ut
3003 3091 3143 3145 deus
3188 3104 3255 3146 ac
3297 3093 3602 3149 umbilicus
3654 3094 3753 3150 ille

2061 3175 2303 3231 visibilis
2334 3175 2766 3246 tractabilisque
2792 3174 3076 3246 simplices
3104 3177 3349 3244 erudiat,
3394 3179 3547 3248 quod
3602 3179 3665 3236 fit
3696 3182 3755 3237 in

2061 3263 2228 3319 altari
2260 3264 2595 3333 mysterium
2619 3264 2775 3334 (-29'),
2813 3264 3055 3334 imagi...
3111 3266 3290 3320 tiones
3338 3265 3437 3335 [f.,
3480 3266 3757 3337 imagina-

2060 3351 2261 3421 tiones]
2293 3360 2573 3419 exerceat,
2614 3352 2735 3422 jam
2770 3351 2937 3422 quasi
2977 3352 3045 3407 ad
3088 3352 3322 3408 tertium
3351 3353 3557 3409 coelum
3611 3369 3755 3410 con-

2056 3440 2350 3510 templatio
2398 3441 2469 3496 ad
2514 3454 2670 3508 eum,
2721 3440 2822 3510 qui
2874 3448 3126 3509 paterna:
3180 3440 3430 3496 dextera:
3474 3442 3751 3510 considet,

2056 3540 2176 3582 sese
2206 3534 2469 3583 exacuat.
2503 3526 2651 3593 Quia
2677 3540 2815 3597 ergo
2854 3526 2981 3581 esui
3018 3529 3312 3583 communi
3358 3542 3494 3584 caro
3534 3538 3589 3584 et
3628 3543 3756 3585 san-

2058 3616 2187 3686 guis
2216 3616 2523 3671 convenire
2554 3629 2667 3670 non
2692 3623 2924 3685 poterat,
2962 3620 3110 3670 854
3161 3625 3424 3672 mutatur
3446 3632 3482 3673 a
3508 3618 3752 3675 Domino

2056 3704 2115 3759 in
2141 3704 2348 3760 usibus
2377 3703 3299 3760 humanishabilesacramentum.
3317 3705 3754 3765 Sacrameutum

2055 3793 2250 3862 itaque
2283 3792 2471 3862 ipsum
2502 3792 2661 3847 aliud
2693 3791 2969 3861 quiddam
3001 3792 3273 3849 exhibere
3312 3796 3544 3851 videtur
3574 3811 3755 3866 quam

2053 3894 2187 3936 caro
2220 3889 2321 3937 aut
2348 3882 2507 3947 dens,
2537 3881 2635 3951 qui
2668 3893 2703 3935 a
2735 3882 3070 3936 resuscitato
3092 3883 3360 3939 residuus
3392 3884 3749 3954 perhibetur,

2052 3969 2306 4026 Residua
2333 3970 2487 4025 enim
2519 3970 2644 4039 ipsa
2670 3970 2861 4025 carnis
2902 3971 3200 4039 quondam
3235 3971 3506 4029 exhibita:
3550 3974 3755 4031 verita-

2050 4059 2520 4130 temlinsinuant,
2566 4060 2758 4114 carnis
2795 4068 2984 4115 autem
3028 4060 3364 4129 significatm
3410 4065 3750 4131 mysterium

2047 4164 2246 4206 eorum
2280 4149 2340 4204 fit
2361 4148 2587 4215 efficax,
2617 4148 2832 4217 quibus
2857 4162 2954 4218 per
2983 4148 3109 4218 ejus
3134 4163 3303 4205 usum
3335 4150 3497 4206 carni
3537 4151 3752 4209 divinm

2050 4240 2490 4308 incorporentur
2535 4244 2591 4292 et
2617 4238 2835 4303 vivant,
2882 4238 2980 4293 Est
3020 4251 3155 4308 ergo
3202 4238 3344 4294 dens
3393 4254 3460 4295 ac
3506 4241 3749 4297 umbili-

2048 4341 2151 4382 cus
2181 4325 2475 4395 probabile
2499 4326 2607 4381 sub
2639 4333 2961 4395 temporum
3008 4335 3336 4383 nostrorum
3386 4330 3750 4386 extremitate

240 4425 518 4488 intonare,
544 4430 607 4478 ut
633 4423 785 4492 quod
817 4422 1208 4478 ratiocinando
1240 4438 1352 4478 non
1378 4424 1695 4493 prevalent,
1730 4423 1931 4479 saltem
1970 4422 2014 4475 D
2042 4427 2324 4485 suscepta:
2351 4415 2485 4471 olim
2507 4414 2947 4484 dispensationis
2979 4415 3276 4482 indicium,
3303 4424 3357 4471 et
3402 4417 3749 4487 generaliter

240 4510 470 4566 valeant
497 4510 826 4580 strepitibus
868 4509 1180 4567 obtinuisse
1225 4512 1532 4579 continuis,
1576 4511 1743 4581 quasi
1790 4511 1937 4567 vici-

240 4601 404 4656 niora
434 4600 707 4655 victoriae.
762 4600 885 4669 Age
913 4613 1071 4671 ergo,
1104 4608 1158 4657 et
1189 4615 1291 4671 pro
1339 4600 1501 4656 vobis
1540 4609 1734 4656 nostra
1775 4614 1936 4656 exer-

239 4698 438 4745 ceatur
465 4688 667 4745 oratio.

305 4776 334 4848 §
374 4779 445 4834 II.
477 4777 731 4848 Objectio
755 4780 805 4830 2.
843 4807 911 4817 —
941 4776 994 4832 Si
1028 4777 1207 4834 Deum
1240 4784 1296 4834 et
1322 4776 1629 4833 Dominum
1670 4783 1931 4832 nostrum

231 4866 375 4922 dicis
403 4867 473 4923 ob
502 4867 592 4922 sui
627 4865 980 4933 memoriam,
1020 4874 1074 4921 et
1116 4865 1235 4922 suis
1287 4879 1355 4921 ac
1392 4880 1633 4921 suorum
1666 4865 1931 4935 sequaci-

233 4954 363 5014 bus.
398 4955 553 5024 quod
584 4954 642 5009 in
679 4967 874 5009 mensa
912 4968 1021 5010 sua
1048 4954 1108 5010 iit
1140 4954 1444 5024 reliquisse
1473 4952 1830 5023 mysterium,
1867 4959 1931 5008 ut

230 5042 695 5109 consolationem,
724 5055 900 5112 quam
948 5042 1069 5098 suis
1098 5055 1218 5098 suae
1269 5042 1584 5112 praesentiae
1629 5042 1929 5097 cohabita-

229 5130 385 5185 tione
418 5130 746 5199 praestabat,
775 5131 982 5187 absens
1017 5132 1230 5187 vicario
1286 5146 1525 5188 munere
1554 5137 1922 5201 praepararet,

226 5232 332 5273 nos
367 5218 445 5273 ita
476 5232 589 5273 non
618 5220 902 5288 capimus,
937 5226 1001 5275 ut
1026 5233 1129 5289 pro
1161 5219 1547 5288 perfunctoria
1593 5218 1925 5289 przebitione

227 5306 502 5376 mysterii,
545 5307 615 5362 ad
652 5307 847 5378 gaudii
897 5306 1241 5363 universalis
1287 5308 1589 5362 cumulum
1614 5308 1763 5362 datae
1810 5321 1926 5363 cor-

225 5394 381 5464 poris
410 5394 583 5461 illius,
616 5403 680 5451 ut
732 5396 814 5451 sic
841 5396 1121 5463 dicamus,
1172 5394 1476 5464 superfluae
1523 5397 1810 5466 portiones
1842 5395 1925 5451 id-

220 5482 373 5538 circo
412 5483 653 5540 debeant
697 5483 1010 5551 absentari,
1062 5482 1514 5554 perfunctorium
1570 5483 1740 5554 plane
1796 5484 1921 5540 ideo

292 5657 401 5732 (29)
433 5660 537 5717 Hic
564 5659 784 5731 aliquid
818 5659 995 5715 deest.

2045 4505 2373 4561 animarum
2405 4503 2577 4558 saluti
2602 4503 2936 4559 commilitat
2965 4511 3410 4561 sacramentum.

2115 4592 2143 4663 §
2176 4592 2243 4651 V.
2286 4590 2538 4661 Objeclio
2577 4594 2626 4645 5.
2662 4620 2730 4631 —
2768 4590 2929 4655 Quod
2976 4591 3023 4646 si
3064 4592 3454 4647 controversia
3502 4599 3746 4662 putatur

2042 4690 2166 4752 post
2193 4680 2667 4737 resurrectionem
2701 4679 2844 4735 illud
2893 4693 3013 4736 esse
3044 4679 3364 4747 residuum,
3402 4688 3743 4737 controver-

2040 4772 2139 4826 siae
2189 4769 2384 4826 itidem
2440 4769 2752 4824 ascribitur
2795 4768 3117 4838 baptismus
3175 4776 3300 4838 post
3358 4769 3736 4839 baptismum.

2040 4859 2366 4928 Baptismus
2387 4872 2589 4927 nempe
2620 4870 2789 4927 quem
2813 4856 3073 4913 Christus
3095 4858 3404 4927 exceperit,
3440 4858 3742 4929 gloriosior

2038 4949 2219 5007 videri
2249 4950 2436 5018 potuit
2466 4961 2642 5018 quam
2671 4962 2937 5018 sequens,
2980 4962 3112 5004 cum
3156 4949 3275 5017 ipse
3325 4950 3492 5021 longe
3538 4950 3740 5007 melior

2036 5037 2387 5109 praecedente
2415 5036 2767 5093 successerit.
2815 5035 2905 5092 Sic
2952 5044 3007 5092 et
3043 5036 3307 5093 Christus
3352 5052 3484 5094 cum
3534 5052 3737 5094 resur-

2034 5128 2203 5194 rexit,
2254 5124 2302 5181 si
2338 5126 2410 5181 ad
2463 5132 2671 5180 nostra:
2719 5124 3015 5181 mutabilis
3067 5126 3276 5181 mentis
3312 5126 3735 5184 monimentum

2032 5216 2230 5286 aliqua
2269 5223 2394 5284 post
2444 5229 2503 5269 se
2543 5213 2650 5269 sibi
2694 5213 2999 5269 attinentia
3038 5214 3271 5282 dimisit,
3318 5214 3555 5271 futurus
3601 5225 3732 5285 post

2024 5306 2311 5377 judicium
2354 5305 2653 5375 gloriosior
2703 5305 2825 5359 haec
2864 5304 3063 5360 eadem
3112 5306 3430 5375 glorificata
3477 5307 3730 5365 inserere

2029 5395 2140 5451 sibi
2170 5409 2286 5450 non
2319 5392 2562 5464 poterit?
2600 5394 2857 5448 Dicimus
2884 5394 3036 5449 enim
3069 5394 3209 5464 quia
3236 5396 3339 5451 etsi
3387 5396 3729 5467 resurrexit,

2026 5497 2144 5539 non
2174 5489 2365 5540 tamen
2398 5482 2804 5539 resuscitatum
2833 5496 3062 5554 corpus,
3111 5483 3183 5539 ad
3220 5497 3349 5540 eam
3388 5498 3564 5556 quam
3598 5494 3730 5556 post
