3936 6382
191 355 295 410 659

1084 351 1144 405 V.
1184 349 1520 409 GUIBERTI
1558 350 1853 407 ABBA'I‘lS
1888 351 1943 407 S.
1987 352 2229 407 ΜΑΒῙᾹΞ
2269 352 2359 408 ΒΕ
2400 350 2796 410 NOVIGENTO

3605 355 3731 410 660

186 503 293 562 par
318 488 610 548 universis
638 486 960 545 reverentia
1002 486 1299 552 debeatur,
1350 486 1575 543 obrutis
1622 485 1883 557 reliquis,
1922 486 1970 540 A
2000 486 2152 542 intra
2191 486 2383 544 natale
2424 486 2602 544 latere
2642 486 2849 556 solum,
2905 488 3006 544 vix
3059 488 3254 546 vivere
3296 496 3439 547 tunc
3489 465 3732 547 liceret.

187 588 250 637 tu
282 578 492 636 unicus
520 577 761 634 unicum
792 577 950 632 hunc
978 575 1189 631 habere
1212 582 1263 630 te
1286 575 1534 646 jactitas.

257 667 312 723 Si
334 667 515 736 igitur
544 664 755 735 capilli,
790 663 1004 728 dentes,
1037 676 1205 733 aquae
1233 661 1450 728 ﬂuxus,
1485 669 1540 717 et
1582 659 1884 732 sanguinis

187 753 499 825 quadriﬁdi
539 751 800 808 vulneris
852 764 1044 819 cruor,
1096 750 1197 821 qui
1256 750 1495 806 indubie
1551 749 1625 805 ad
1675 757 1885 805 terram

186 855 374 911 usque
424 840 701 896 distillare
754 838 1020 909 potuerit,
1086 838 1145 893 in
1187 839 1428 893 terrenis
1476 837 1784 893 ruderibus
1826 836 1888 891 in

187 931 361 986 ﬁnem
414 927 841 998 corrumpenda
891 926 1230 993 desederint,
1281 925 1718 981 resurrectionis
1777 925 1886 981 hu-

106 1006 109 1015 ’
186 1031 376 1074 manas
420 1024 626 1082 status,
658 1028 727 1071 ac
771 1022 980 1071 nostrae
1011 1013 1309 1085 promissio
1334 1028 1408 1069 ex
1455 1028 1554 1070 ore
1596 1012 1889 1069 Dominico

186 1106 259 1162 ad
289 1105 382 1162 sui
414 1103 851 1161 similitudinem
882 1102 1318 1167 conformitatis,
1362 1116 1479 1157 non
1528 1102 1695 1158 video
1744 1116 1889 1172 quo-

189 1194 356 1249 modo
384 1199 645 1248 constare
673 1190 795 1246 sine
824 1190 1047 1246 enormi
1092 1190 1315 1245 fallacia
1359 1189 1593 1259 possint.
1631 1191 1698 1246 Et
1741 1197 1891 1246 certe

192 1283 374 1340 multo
407 1280 580 1336 tutior
611 1292 790 1351 quam
830 1278 1060 1335 stultior
1106 1278 1251 1344 dico,
1304 1278 1461 1349 quia,
1507 1278 1554 1333 si
1606 1278 1662 1332 in
1694 1278 1893 1348 aliqua

193 1370 606 1442 promissorum
637 1367 772 1438 quis
817 1380 1058 1422 suorum
1110 1366 1366 1435 portione
1395 1366 1661 1434 declinat,
1703 1367 1893 1423 ambi-

192 1471 374 1531 guum
394 1456 629 1513 omnino
670 1454 918 1510 efficitur
944 1454 1100 1525 quod
1143 1453 1212 1509 de
1247 1461 1450 1509 caetero
1493 1453 1892 1508 rectitudinem

191 1544 616 1618 pollicitationis
658 1542 987 1613 adimpleat.
1022 1543 1091 1598 Et
1124 1542 1171 1597 si
1214 1548 1437 1598 tantum
1476 1541 1546 1597 de
1584 1540 1709 1611 ejus
1762 1552 1894 1597 cor-

193 1648 348 1705 pore,
405 1632 509 1703 qui
556 1638 759 1687 auctor
811 1637 895 1686 est
955 1629 1365 1700 promissionis,
1430 1636 1765 1699 corruptum
1827 1628 1892 1684 iri

192 1721 543 1787 conceditur,
571 1718 726 1776 facili
777 1717 1273 1788 disputatiuncula
1323 1717 1614 1773 annullari
1666 1717 1890 1787 poterit,

194 1808 482 1881 quidquid
512 1808 570 1863 in
596 1821 663 1863 eo
687 1806 901 1862 factum
925 1806 1012 1861 vel
1052 1806 1122 1861 de
1164 1805 1331 1861 nobis
1368 1804 1622 1861 ﬁendum
1682 1805 1894 1876 praedi-

194 1906 382 1955 catur.
406 1896 461 1952 Si
485 1895 638 1951 enim
665 1909 738 1950 ex
767 1895 1123 1965 perceptione
1163 1897 1533 1964 praesentium
1587 1908 1895 1950 munerum

197 1985 364 2041 ﬁrma
383 1991 467 2039 est
486 1982 830 2052 exspectatio
869 1981 1221 2048 futurorum,
1249 1987 1305 2037 et
1334 1981 1437 2052 qui
1470 1981 1528 2036 in
1558 1996 1680 2038 suae
1713 1996 1895 2051 prote-

195 2074 313 2129 mio
358 2070 662 2127 locutionis
718 2068 956 2137 fallitur,
1014 2076 1178 2125 textu
1238 2068 1514 2124 orationis
1561 2070 1899 2139 procedente

196 2160 481 2232 neglectui
511 2158 762 2223 ducitur,
799 2157 1269 2228 perpendendum
1299 2157 1497 2227 procul
1528 2158 1703 2214 dubio
1760 2173 1895 2215 con-

197 2256 325 2312 stat,
374 2247 515 2318 quia
566 2247 610 2301 si
661 2253 990 2302 constanter
1036 2245 1095 2300 in
1151 2246 1239 2301 sui
1298 2245 1477 2315 ipsius
1543 2246 1901 2302 restitutione

198 2335 354 2407 quod
380 2334 684 2405 spopondit
725 2333 1010 2401 exhibuit,
1066 2346 1265 2389 omnes
1311 2347 1406 2389 eos
1450 2333 1668 2403 quibus
1727 2347 1901 2403 spon-

199 2437 383 2481 sorem
431 2436 490 2478 se
529 2421 794 2492 praebuit,
851 2420 979 2476 ﬁdei
1031 2420 1319 2476 dictorum
1367 2434 1609 2477 suorum
1662 2420 1902 2477 indubi-

200 2518 391 2567 tanter
440 2509 740 2565 adnexuit.
796 2508 959 2576 Quod
999 2511 1046 2566 si
1106 2510 1163 2565 in
1204 2510 1616 2580 promissorum
1663 2509 1902 2566 veritate

199 2596 1135 2668 titubaredignoscitur.quidquid
1149 2596 1208 2651 in
1221 2596 1533 2652 verborum
1545 2596 1904 2666 ejusstatura

204 2685 558 2756 praeminet,
603 2691 787 2740 totum
829 2683 1242 2740 incontinentia
1286 2683 1546 2739 ﬂuitante
1590 2684 1898 2754 subigitur.

276 2771 304 2842 §
337 2772 431 2826 ΙΠ.
469 2769 783 2841 Respondet
810 2768 1112 2840 objectioni
1140 2772 1191 2825 3.
1224 2769 1486 2839 Infantis
1534 2770 1757 2825 Christi
1799 2769 1905 2824 de-

193 2860 443 2929 ﬂuentia
474 2858 732 2930 corporis
757 2857 856 2930 qui
882 2857 1182 2930 colligeret
1228 2874 1416 2914 nemo.
1450 2859 1657 2924 Quare.
1686 2888 1755 2898 —-
1798 2857 1902 2913 Sed

207 2948 357 3004 illud
406 2946 763 3017 potissimum
805 2947 1039 3003 obtendi
1107 2947 1415 3013 sufﬁceret,
1479 2947 1651 3002 etiam
1698 2946 1744 3002 si
1821 2946 1903 3002 nil

1994 576 2065 631 Et
2090 576 2222 646 quis
2241 583 2413 632 tanta:
2450 578 2797 647 arrogantiae
2838 576 2929 632 vel
2965 577 3198 647 signum
3254 577 3314 633 in
3348 578 3476 649 ejus
3517 577 3725 634 bene-

1994 664 2160 720 dictis
2191 665 2466 731 moribus,
2500 664 2557 719 in
2610 664 2788 734 ipsius
2816 666 3108 721 adorando
3160 666 3363 722 habitu
3423 672 3577 721 alio
3624 681 3728 722 re-

1995 754 2177 822 perire
2206 752 2469 822 potuerit,
2504 751 2563 807 in
2595 753 2766 822 cujus
2793 765 2890 807 ore
2923 751 3002 806 nil
3039 751 3148 806 nisi
3181 753 3473 809 ancillaris
3501 754 3731 809 humi-

1994 840 2124 896 litas
2154 853 2417 910 unquam
2447 839 2679 895 sonuit?
2705 838 2843 905 Quae
2883 853 2973 894 res
3017 853 3253 909 quoque
3296 849 3454 897 tanto
3507 842 3725 898 minus

1995 933 2233 996 poterat,
2287 940 2403 980 non
2457 925 2584 980 dico
2625 926 2678 979 ii
2735 925 3010 992 plurimas
3051 934 3268 990 aetates,
3326 928 3423 983 sed
3477 943 3584 984 nec
3655 928 3729 984 in

1996 1012 2215 1083 aliquot
2268 1027 2450 1069 annos
2507 1012 2616 1069 sub
2672 1014 2791 1069 ulla
2840 1021 3101 1070 constare
3144 1015 3425 1082 custodia,
3478 1023 3723 1086 quanto

1998 1101 2184 1171 magis
2219 1101 2369 1157 idem
2414 1102 2725 1173 coagulum
2773 1117 2996 1173 semper
3041 1102 3383 1175 decoquitur
3450 1104 3725 1161 naturali

1999 1187 2408 1245 inconstantia.

2073 1276 2209 1332 Esto
2230 1284 2442 1333 autem.
2479 1278 2547 1333 Et
2578 1291 2709 1348 qua“:
2755 1277 3057 1335 vetustatis
3092 1278 3355 1349 exempla
3401 1279 3479 1335 illi
3511 1286 3720 1335 matu-

2001 1364 2259 1431 rissimaa,
2294 1379 2361 1421 ac
2398 1366 2619 1422 nullius
2662 1366 2849 1422 laudis
2875 1379 3067 1423 avarae
3113 1368 3290 1421 menti
3322 1367 3727 1437 suppetebant

2002 1452 2063 1508 in
2105 1452 2304 1509 talium
2332 1454 2700 1510 observantia
2736 1455 3068 1525 pignorum,
3101 1461 3165 1510 ut
3196 1455 3352 1525 quod
3401 1468 3723 1525 nunquam

2005 1541 2124 1596 ﬁeri
2187 1542 2430 1608 viderat,
2477 1557 2582 1597 nec
2623 1551 2862 1598 eatenus
2913 1542 3129 1598 factum
3187 1542 3465 1610 audierat,
3521 1543 3727 1612 prima

2004 1628 2172 1699 quasi
2196 1629 2504 1700 imaginem
2536 1631 2842 1701 cujusdam
2872 1630 3226 1686 ventositatis
3268 1629 3579 1701 inciperet?
3649 1633 3728 1685 Et

2004 1716 2051 1773 si
2098 1732 2198 1787 per
2234 1718 2498 1773 eumdem
2547 1718 2846 1788 Spiritum,
2895 1733 2969 1774 ex
3013 1733 3130 1788 quo
3176 1725 3528 1788 conceperat,
3592 1730 3723 1772 non

2009 1823 2174 1864 nosse
2206 1823 2319 1864 non
2346 1816 2584 1879 poterat,
2613 1810 2767 1880 quod
2796 1810 2860 1877 is,
2893 1824 3065 1879 quem
3098 1818 3375 1879 genuerat
3400 1824 3498 1879 per
3516 1809 3721 1876 ﬁdem,

2007 1906 2129 1948 suae
2148 1894 2587 1963 dispensationis
2619 1898 2899 1953 mundum
2924 1912 3151 1952 omnem
3186 1896 3528 1966 impleturus
3561 1903 3718 1962 erat,

2009 1982 2149 2051 quid
2200 1983 2489 2051 dentulus,
2536 1986 2677 2055 quid
2722 1986 3028 2042 umbilicus
3085 1985 3199 2053 ille,
3250 1986 3392 2055 quid
3459 1985 3722 2055 denique

2009 2077 2216 2125 czetera
2265 2072 2540 2128 custodiri
2589 2073 2927 2140 debuerant,
2974 2088 3106 2143 quae
3147 2073 3203 2128 in
3245 2080 3405 2128 tanta
3451 2072 3578 2127 Filii
3622 2072 3719 2128 sui

2010 2157 2268 2214 claritate
2296 2174 2408 2214 non
2460 2161 2728 2231 amplius,
2761 2162 2806 2217 si
2853 2176 2925 2217 ex
2959 2161 3158 2231 aliqua
3187 2162 3363 2216 veteri
3411 2168 3723 2216 consuetu-

2012 2244 2144 2300 dine
2174 2245 2394 2300 servari
2430 2255 2676 2316 possent,
2712 2247 2960 2302 valitura
2999 2247 3258 2316 putabat,
3299 2259 3476 2317 quam
3535 2246 3721 2301 meri-

2012 2330 2183 2386 diano
2212 2331 2365 2387 valet
2398 2333 2633 2388 lucerna
2663 2334 2771 2389 sub
2802 2333 2957 2389 sole?

2082 2420 2245 2476 Certo
2290 2421 2484 2492 itaque
2527 2423 2740 2479 certius
2783 2423 3127 2479 saeculorum
3178 2420 3479 2478 Dominam
3528 2434 3718 2477 nove-

2013 2508 2195 2564 rimus
2223 2524 2525 2581 nunquam
2557 2512 2761 2567 naeniis
2795 2511 3005 2567 talibus
3041 2511 3297 2567 studium
3344 2508 3714 2580 impendisse.

2011 2596 2224 2652 Naeuiaa
2254 2598 2421 2668 plane
2461 2606 2666 2665 essent,
2707 2599 2754 2654 si
2791 2599 2855 2665 is,
2900 2599 3001 2669 qui
3031 2612 3089 2653 se
3117 2599 3297 2654 Deum
3321 2607 3377 2654 et
3418 2596 3717 2653 hominem

2013 2684 2221 2740 saeculo
2283 2685 2464 2755 plenis
2510 2687 2619 2742 ﬁde
2671 2686 2943 2757 prodigiis
3009 2685 3356 2755 publicaret,
3406 2683 3719 2755 segmentis

2013 2780 2188 2843 atque
2211 2775 2466 2830 minutiis
2496 2775 2825 2845 hnjusmodi
2872 2775 2944 2830 ad
2991 2775 3133 2829 nihil
3179 2774 3412 2829 omnino
3476 2772 3718 2828 utilibus

2013 2862 2286 2917 celebrari
2339 2870 2644 2933 appeteret.
2697 2864 2855 2928 Quod
2914 2863 2962 2919 si
3033 2864 3156 2932 ipsa
3206 2877 3320 2917 non
3362 2861 3510 2927 fecit,
3583 2859 3718 2930 quis

2013 2964 2149 3021 ergo
2198 2951 2396 3007 fecisse
2444 2953 2712 3022 potuerit,
2753 2966 2885 3007 cum
2931 2951 2985 3006 id
3036 2951 3304 3020 temporis
3349 2950 3569 3021 nullus,
3612 2948 3717 3018 qui

212 3034 369 3105 quod
420 3034 492 3089 ad
537 3034 659 3089 hac
708 3041 893 3104 posset
952 3033 1283 3103 responderi
1347 3039 1697 3102 suppeteret,
1749 3046 1872 3101 quoi

2095 3055 2122 3095 c
2151 3041 2590 3110 appretiaretur,
2621 3041 2837 3097 nedum
2859 3040 3057 3111 aliqua
3074 3039 3439 3096 charitudine
3459 3044 3720 3109 appecto—

209 3123 433 3180 Domini
466 3124 599 3179 lesu
637 3123 898 3193 pueritiae
936 3129 1187 3193 tempore
1231 3122 1480 3192 profecto
1528 3122 1727 3177 nullus
1760 3128 1906 3178 esset

209 3217 311 3288 qui
337 3215 619 3287 ejusmodi
650 3215 962 3273 deﬂuentia
991 3228 1063 3272 ex
1100 3215 1226 3286 ejus
1264 3214 1513 3285 capitulo
1543 3223 1907 3271 sacrosancto

209 3305 476 3376 colligere
550 3303 861 3366 ati‘ectaret,
927 3303 1245 3374 praesertim
1299 3317 1430 3358 cum
1491 3302 1561 3358 de
1617 3317 1685 3358 eo
1740 3316 1908 3358 nemo

210 3393 401 3464 majus
431 3393 729 3464 quidpiam
777 3400 917 3450 tunc
955 3392 1227 3462 temporis
1265 3391 1589 3457 aestimaret,
1624 3404 1802 3460 quam
1841 3390 1910 3445 de

212 3495 470 3553 aequaevo
497 3482 693 3552 aliquo
736 3482 839 3551 qui
874 3489 1015 3537 tunc
1038 3488 1204 3536 esset.
1246 3480 1316 3534 Et
1362 3479 1495 3549 quis
1542 3479 1611 3534 de
1669 3478 1909 3533 humani

214 3568 440 3638 generis
485 3568 576 3638 [f.,
628 3566 907 3639 corporis]
954 3566 1215 3636 reliquiis
1262 3574 1402 3621 tunc
1447 3568 1739 3632 tractaret,
1778 3579 1911 3621 cum

214 3665 342 3729 post
373 3667 608 3714 mortem
640 3658 890 3729 alicujus
918 3655 1139 3726 aliquid
1170 3655 1240 3711 de
1284 3655 1411 3726 ejus
1440 3668 1677 3724 corpore
1731 3668 1911 3711 reser-

215 3758 383 3801 vasse
414 3746 568 3816 apud
612 3746 839 3802 Iudaeos
881 3742 1347 3815 profanissimum
1392 3742 1576 3798 esset?
1638 3743 1708 3798 Et
1771 3742 1913 3813 quid

219 3833 375 3902 apud
395 3847 491 3889 eos
529 3832 804 3903 pullutius
841 3845 1019 3902 quam
1063 3830 1271 3887 mortui
1305 3829 1555 3885 hominis
1595 3842 1723 3885 ossa
1771 3843 1916 3884 con-

220 3921 460 3991 tingere,
484 3934 615 3977 cum
643 3920 715 3976 ad
743 3919 1003 3992 singulos
1023 3933 1284 3990 quosque
1300 3925 1599 3973 contactus
1624 3918 1916 3974 excubare

220 4007 563 4077 aliquandiu
586 4021 689 4078 pro
709 4006 929 4072 castris,
951 4014 1004 4062 et
1025 4019 1209 4076 aquas
1227 4006 1545 4077 jubeantur
1572 4006 1917 4075 expiationis

222 4096 513 4153 adhibere.
542 4096 753 4152 Prmter
782 4095 1008 4152 tabulas
1029 4094 1391 4159 Testamenti,
1423 4108 1659 4149 auream
1683 4106 1915 4160 urnam,

223 4184 535 4254 Aaronque
584 4184 834 4255 virgam,
879 4185 960 4240 nil
992 4185 1148 4255 quod
1182 4198 1217 4239 a
1251 4183 1541 4239 veteribus
1572 4182 1918 4251 accepissent

221 4270 558 4326 monimenti
615 4284 865 4342 usquam
922 4270 1204 4327 exstitisse
1248 4271 1625 4342 dignoscitur.
1681 4272 1746 4326 Et
1788 4270 1919 4341 quis

224 4370 312 4425 ea,
344 4372 477 4429 qua:
513 4357 595 4413 illi
635 4330 815 4428 puero
858 4357 1196 4425 attinebant,
1243 4330 1530 4414 servanda
1568 4330 1823 4424 duceret,
1863 4356 1920 4411 in
1959 4330 2003 4384 Ῑ)

226 4464 343 4521 quo
369 4450 450 4506 nil
482 4464 518 4506 a
544 4452 835 4507 communi
867 4459 1125 4522 respectu
1151 4452 1387 4524 dignius
1410 4450 1782 4507 autumaret?

297 4537 325 4608 ἓ
354 4536 451 4595 IV.
473 4538 542 4592 Β.
579 4538 755 4612 Virgo
773 4538 1009 4594 minime
1026 4538 1089 4593 id
1106 4539 1391 4611 prastitit.
1414 4539 1609 4611 Ipsius
1622 4540 1718 4596 lac
1732 4553 1920 4594 asser-

223 4626 357 4682 vari
382 4626 596 4681 dicitur
629 4625 692 4681 in
721 4627 962 4684 ecclesia
1004 4628 1390 4685 Laudunensi.
1441 4632 1596 4696 Quod
1633 4626 1923 4698 improbat

229 4713 551 4770 Guibertus.
605 4745 678 4758 —
723 4716 886 4781 Quod
935 4717 981 4773 si
1024 4717 1299 4788 objicitur
1352 4718 1579 4773 beatam
1625 4715 1923 4786 Virginem

228 4803 467 4861 Matrem
516 4805 572 4861 id
608 4806 859 4877 potuisse
905 4820 1154 4874 servare,
1205 4814 1260 4863 et
1302 4806 1470 4876 quasi
1531 4804 1925 4875 superstitiosa

227 4890 408 4961 ipsius
482 4900 841 4962 posterorum
908 4893 1092 4951 cultui
1158 4893 1407 4950 voluisse
1465 4893 1784 4961 traducere,
1846 4892 1925 4948 ita

227 4978 593 5048 suscipietur,
630 4980 715 5052 (³³)
757 4981 908 5038 sicut
950 4982 1216 5038 Lauduni
1260 4981 1417 5052 apud
1466 4995 1568 5049 nos
1616 4980 1706 5036 lac
1745 4979 1925 5050 ipsius

230 5066 543 5123 benedictae
570 5067 629 5122 in
676 5069 945 5125 columba
993 5069 1306 5126 cristallina
1352 5069 1657 5139 hucusque
1693 5066 1924 5123 retineri

230 5153 456 5210 dicitur.
505 5153 667 5221 Quod
717 5163 1067 5227 quantuma
1112 5171 1265 5225 vero,
1314 5155 1487 5212 etiam
1544 5168 1579 5210 a
1627 5154 1924 5211 verisimili

228 5238 529 5308 exorbitet,
551 5239 705 5297 facili
737 5250 1079 5314 argumento
1128 5243 1328 5314 liquet,
1373 5243 1514 5315 quia
1563 5256 1753 5313 neque
1802 5242 1924 5312 ipsa

164 5390 175 5398 ο
230 5327 561 5394 asservarit,
592 5329 907 5398 praesertim
938 5330 1032 5387 cui
1063 5345 1369 5402 nunquam
1399 5331 1457 5387 in
1495 5330 1631 5387 Iesu
1679 5329 1924 5386 infantia

231 5420 459 5470 tantum
501 5414 620 5483 otii,
680 5423 1024 5488 tantumque
1062 5418 1386 5475 securitatis
1429 5418 1666 5483 exstitit,
1720 5424 1785 5474 ut
1831 5418 1922 5474 sui

233 5500 566 5557 memoriam
629 5504 774 5560 tanti
836 5505 1124 5575 penderet,
1205 5514 1496 5575 quatenus
1564 5505 1635 5561 de
1705 5505 1797 5561 sui
1862 5506 1923 5560 in

229 5583 430 5644 futura
487 5589 700 5646 saecula
748 5590 909 5648 lactis
962 5593 1336 5664 productione
1380 5597 1630 5658 curaret,
1683 5589 1777 5646 cui
1822 5588 1921 5645 vix

2014 3136 2188 3196 raret,
2223 3128 2541 3185 exstiterit?

2682 3216 2911 3273 CAPUT
2951 3215 3046 3273 IV.

2088 3301 2116 3373 §
2142 3304 2185 3358 Ι.
2218 3304 2546 3375 Respondet
2568 3304 2875 3374 objectioni
2912 3307 2966 3360 4.
3006 3306 3240 3376 Integra
3270 3302 3484 3358 Christi
3512 3318 3719 3374 corpus

2014 3390 2079 3446 in
2125 3391 2545 3448 resurrectione
2583 3393 2703 3460 fuit
2736 3392 3140 3466 glori/iculum,
3191 3391 3325 3446 licet
3382 3407 3497 3446 non
3545 3390 3720 3445 aliter

2016 3496 2192 3550 quam
2217 3483 2391 3535 antea
2435 3484 2771 3552 appareret.
2815 3511 2881 3521 —
2914 3480 3019 3537 Sed
3056 3481 3124 3535 iis
3158 3480 3450 3550 paulisper
3492 3479 3713 3545 amotis,

2019 3568 2090 3624 ad
2140 3568 2495 3638 propositum
2554 3570 2875 3625 redeamus.
2922 3568 2974 3625 Si
3012 3582 3149 3639 ergo
3196 3581 3409 3637 corpus
3458 3566 3717 3623 Domini-

2019 3669 2152 3711 cum
2189 3660 2311 3725 post
2336 3658 2809 3713 resurrectionem
2843 3656 3030 3712 dicitis
3079 3655 3327 3711 necdum
3363 3654 3582 3726 integre
3613 3654 3715 3709 im-

2021 3751 2332 3813 mutatum,
2386 3745 2633 3801 necdum
2689 3745 2853 3816 plene
2923 3744 3324 3811 clariﬁcatum,
3398 3743 3539 3813 quia
3602 3755 3717 3799 non

2021 3832 2327 3889 obduxerit
2387 3832 2671 3889 foramina
2722 3834 3075 3897 cicatricum,
3141 3830 3456 3893 ostenditis,
3521 3830 3712 3898 fateor,

2022 3920 2081 3975 in
2128 3920 2235 3975 hoc
2274 3921 2396 3989 ipso
2438 3920 2840 3977 hebetudinem
2882 3919 3120 3975 indubie
3176 3932 3453 3975 sensuum
3504 3926 3713 3975 vestro-

2020 4021 2172 4064 rum.
2208 4008 2261 4064 Si
2293 4008 2473 4079 igitur
2499 4008 2850 4064 clariﬁcatus
2882 4010 3102 4078 integre
3146 4021 3261 4062 non
3292 4014 3396 4074 est,
3442 4008 3583 4079 quia
3621 4021 3716 4063 eas

2022 4109 2138 4151 non
2192 4096 2454 4161 obduxit,
2504 4109 2643 4166 ergo
2683 4109 2798 4151 non
2843 4095 3025 4151 dicam
3078 4094 3322 4165 integre,
3363 4095 3460 4151 sed
3522 4108 3592 4151 ne
3642 4094 3714 4150 ad

2024 4183 2312 4239 modicum
2379 4183 2613 4253 quidem
2661 4183 2752 4239 vel
2806 4182 3147 4239 immutatus
3211 4181 3301 4237 vel
3369 4180 3715 4252 gloriﬁcatus

2027 4279 2131 4336 est,
2166 4272 2271 4342 qui
2320 4271 2482 4327 nulla
2539 4270 2628 4326 vel
2681 4270 3099 4328 immutationis
3148 4269 3234 4325 vel
3296 4269 3718 4340 glorificationis

2029 4372 2151 4414 suae
2211 4358 2378 4429 signa
2421 4365 2555 4428 post
2589 4358 3062 4413 resurrectionem
3110 4357 3409 4425 discipulis
3455 4356 3712 4412 ostendit.

2031 4446 2097 4502 In
2151 4445 2309 4501 nullo
2355 4447 2511 4501 enim
2558 4445 2632 4501 ab
2683 4458 2750 4501 ea
2795 4445 2980 4515 specie
3034 4459 3213 4516 quam
3261 4444 3452 4499 videre
3507 4442 3714 4513 pridem

2032 4534 2261 4590 fuerant
2314 4532 2483 4600 soliti,
2523 4532 2802 4588 alteratus
2856 4532 2994 4601 ipsis
3042 4532 3332 4602 apparuit.
3387 4532 3534 4602 Ergo
3587 4530 3718 4600 quia

2030 4621 2177 4677 nihil
2210 4620 2292 4676 eis
2337 4634 2502 4677 novae
2545 4620 2822 4675 claritatis
2876 4619 3250 4676 resuscitatus
3292 4618 3569 4686 obtendit,
3611 4617 3716 4673 dici

2031 4707 2105 4765 ab
2125 4707 2321 4778 aliquo
2351 4714 2533 4778 potest
2556 4706 2697 4777 quia
2726 4706 2870 4763 nihil
2901 4708 3093 4778 majus
3120 4722 3155 4763 a
3192 4707 3359 4763 Patre
3397 4719 3714 4778 resurgens,

2032 4808 2211 4866 quam
2235 4801 2546 4864 antequam
2576 4800 2888 4864 pateretur,
2915 4794 3178 4850 emeruit.
3692 4806 3703 4825 κ

2103 4883 2266 4940 Certe
2319 4896 2426 4938 nec
2479 4882 2601 4952 ipsa
2651 4895 2770 4952 qua
2818 4882 2874 4937 in
2941 4882 3148 4939 caelum
3201 4881 3531 4938 conscendit
3587 4881 3718 4937 hora

2032 4970 2333 5042 quidpiam
2358 4968 2613 5025 novioris
2640 4975 2905 5037 aspectus
2945 4968 3170 5039 objecit,
3216 4975 3279 5024 ut
3310 4969 3368 5023 in
3396 4968 3516 5037 ipsa
3542 4967 3717 5024 decla-

2031 5058 2251 5115 ratione
2290 5057 2722 5114 resurrectionis
2752 5071 2869 5112 non
2899 5057 3081 5113 alium
3122 5057 3373 5126 seipsum
3412 5055 3717 5111 ostenderet

2033 5162 2211 5219 quam
2259 5147 2409 5203 idem
2451 5146 2573 5217 ipse
2621 5146 2808 5202 fuerat
2859 5153 3175 5221 antequam
3225 5145 3426 5201 obiret.
3466 5143 3521 5201 Si
3575 5142 3717 5200 enim

2033 5236 2329 5293 insolitum
2374 5234 2597 5305 aliquid
2657 5233 3104 5303 splendescendo
3161 5240 3525 5303 proponeret,
3570 5246 3715 5288 nun-

2033 5338 2211 5396 quam
2249 5323 2404 5394 quod
2424 5337 2558 5379 caro
2587 5322 2849 5378 rediviva
2894 5322 3056 5388 foret,
3090 5321 3437 5388 crederetur,
3480 5320 3575 5377 sed
3618 5334 3716 5390 po-

2033 5414 2150 5469 tius
2187 5418 2252 5468 ut
2280 5410 2556 5480 suspicati
2593 5417 2750 5475 sunt,
2783 5410 2939 5480 quod
2974 5409 3141 5477 alter,
3176 5417 3278 5465 aut
3306 5408 3545 5479 spiritus
3566 5415 3714 5464 esset.

1973 5506 1979 5512 '
2034 5499 2198 5556 Unde
2226 5505 2347 5554 est:
2383 5519 2404 5546 ι
2446 5498 2569 5569 Ego
2599 5511 2747 5563 sum,
2782 5496 2965 5553 Nolite
2993 5497 3192 5553 timere
3217 5498 3418 5566 (Joan.
3455 5511 3530 5559 vx,
3560 5496 3656 5563 20;.
3690 5518 3711 5545 ι

2035 5588 2149 5643 Et:
2187 5607 2209 5635 ι
2245 5584 2494 5655 Spiritus
2519 5598 2753 5640 carnem
2794 5592 2851 5640 et
2887 5599 3015 5640 ossa
3064 5599 3180 5641 non
3221 5585 3410 5653 habet,
3460 5584 3604 5640 sicut
3636 5598 3716 5641 me
