3936 6410
116 392 208 443 66l
1176 388 1270 443 DE
1314 386 1722 443 PIGNORIBUS
1761 386 2199 443 SANCTORUM.
2233 417 2301 426 —
2326 387 2454 442 LIB.
2498 388 2597 442 IlI.

3535 393 3638 444 662

119 524 322 579 videtis
354 524 575 581 habere
605 524 761 595 (Luc.
800 537 956 591 xxxv,
996 523 1105 594 39).
1141 542 1169 573 ιο
1207 523 1455 592 Dignum
1489 521 1681 592 itaque
1709 522 1817 578 fuit
1853 526 1900 578 Α
1922 523 2243 592 ostendam,
2278 538 2392 579 non
2432 524 2588 580 enim
2631 525 2976 594 competenti
3018 524 3306 582 intellectu
3347 527 3630 596 caperetis

120 622 180 670 ut
233 613 583 683 simpliciter
627 614 683 668 in
739 627 806 668 ea
849 627 1028 683 quam
1078 611 1287 667 assueti
1351 611 1579 667 fuerant
1627 612 1828 680 specie,

119 703 310 758 adhuc
369 702 590 758 eisdem
640 701 887 756 rudibus
942 708 1262 770 appareret,
1311 715 1381 755 ne
1438 700 1506 755 de
1559 701 1832 755 inusitata

119 791 380 846 clariiate
417 792 491 846 ad
534 798 787 846 externae
831 789 1120 858 opinionis
1161 803 1413 844 errorem
1458 789 1680 843 animos
1723 788 1831 843 mi-

122 895 232 936 nus
258 879 566 949 capacium
597 878 906 934 derivaret.

192 970 387 1035 Quare
445 967 714 1023 Dominus
766 967 1068 1022 vulnerum
1112 964 1413 1020 cicatrices
1456 963 1832 1018 resuscitatus

121 1056 403 1128 apostolis
431 1055 699 1110 ostendit.
727 1085 797 1096 —
825 1055 934 1122 Qui
971 1055 1164 1124 itaque
1197 1055 1252 1108 in
1277 1053 1636 1108 subobscura
1668 1051 1830 1108 habi-

125 1145 322 1200 tudine
353 1145 525 1215 quasi
566 1145 827 1214 spontive
859 1150 1141 1212 suscepta,
1169 1142 1287 1212 jam
1335 1141 1519 1212 gloria
1553 1140 1828 1196 imminu-

125 1242 234 1301 tus,
278 1233 580 1304 apparuit,
629 1233 770 1304 quid
825 1231 1036 1288 mirum
1079 1231 1122 1286 si
1174 1230 1484 1285 inobducta
1530 1230 1827 1285 clavorum

124 1322 244 1378 loca
294 1323 378 1378 eis
429 1321 738 1378 exhibuit?
778 1321 1000 1387 Quibus
1041 1319 1268 1374 tamen?
1323 1317 1602 1388 Apostolis
1663 1318 1830 1387 plane

126 1411 403 1481 primum.
463 1417 518 1467 et
575 1410 939 1481 postmodum
995 1409 1246 1472 Thomas,
1303 1416 1356 1462 et
1415 1407 1520 1461 hoc
1569 1406 1830 1476 utrisque

128 1499 550 1567 haesitantibus,
587 1499 692 1554 hoc
719 1507 774 1552 et
802 1496 996 1552 semel.
1032 1496 1172 1552 Vide
1209 1498 1253 1550 si
1296 1495 1523 1550 duobus
1553 1494 1829 1549 Emmaus

126 1588 521 1658 pergentibus,
557 1587 688 1642 vide
716 1587 761 1640 si
791 1585 850 1640 in
883 1585 1246 1642 creberrimis
1276 1598 1376 1653 per
1413 1584 1533 1638 dies
1574 1583 1826 1652 quadra-

124 1675 286 1746 ginta
326 1691 432 1745 pro
474 1682 816 1747 argumento
850 1671 1130 1729 conviviis
1161 1671 1383 1742 aliquid
1419 1670 1827 1726 obducendum

126 1765 408 1835 prodidit;
444 1765 572 1820 vide
600 1765 646 1819 si
698 1762 1038 1819 mulieribus
1083 1761 1254 1830 pedes
1291 1759 1420 1831 ejus
1479 1759 1823 1825 tenentibus,

1939 626 2088 680 eam,
2139 613 2288 668 hanc
2338 614 2508 669 modo
2558 613 2720 669 vobis
2761 621 3049 683 superstes
3102 628 3350 684 expono,
3405 623 3468 670 ut
3513 630 3638 670 eam

1941 703 2290 772 perpendere
2321 716 2386 758 ac
2423 703 2671 758 recolere
2707 703 3031 770 addiscatis,
3066 718 3199 758 cum
3233 712 3456 760 naturae
3507 704 3636 774 glo-

1940 791 2174 846 rilicatze
2207 793 2604 848 excellentiam
2650 792 2850 848 habitu
2891 793 3216 860 humiliore,
3255 793 3392 863 quia
3433 793 3638 850 obscu-

1940 879 2109 946 riore,
2136 889 2461 936 contexero.

2013 967 2040 1038 ἓ
2090 969 2158 1022 ΙΙ.
2209 969 2536 1040 Respondet
2571 968 2874 1037 objectioni
2921 971 2972 1023 6.
3030 967 3306 1040 Explicat
3353 969 3635 1040 quomodo

1940 1055 2206 1111 Christus
2228 1057 2287 1111 in
2300 1057 2527 1126 judicio
2554 1061 2808 1112 extremo
2823 1058 3082 1124 formam
3112 1057 3261 1112 servi
3287 1057 3636 1112 immutabit.

1937 1175 2010 1186 —
2038 1147 2210 1201 Porro
2244 1147 2312 1202 de
2361 1147 2736 1202 translatione
2783 1146 2931 1202 servi
2977 1145 3173 1201 formze
3221 1147 3278 1200 in
3320 1147 3638 1203 divinitatis

1939 1235 2200 1301 formam,
2253 1236 2297 1290 si
2326 1236 2407 1291 sic
2438 1236 2722 1306 intelligas
2763 1243 2822 1291 ut
2863 1235 2922 1290 in
2967 1235 3202 1290 alteram
3235 1236 3479 1304 speciem
3533 1237 3637 1291 de-

1939 1329 2218 1390 mutetur,
2266 1331 2320 1378 et
2365 1331 2504 1379 tunc
2549 1339 2680 1379 cum
2722 1323 3066 1379 obductione
3113 1323 3449 1377 cicatricum
3495 1321 3638 1376 deus

1937 1420 1992 1466 et
2023 1412 2335 1467 umbilicus
2366 1412 2478 1478 ille,
2529 1420 2584 1467 et
2627 1411 2673 1466 si
2706 1412 2844 1482 quid
2889 1418 2972 1466 est
2997 1410 3156 1466 aliud
3198 1409 3430 1476 residui,
3469 1409 3637 1479 quasi

1937 1501 2115 1555 veteri
2147 1508 2353 1556 trunco
2384 1501 2654 1555 insitivus
2701 1500 2974 1555 surculus
3003 1507 3348 1568 apponatur,
3391 1498 3637 1553 dicimus

1939 1589 2106 1658 plane
2135 1590 2292 1658 quia,
2323 1589 2368 1643 si
2421 1590 2502 1644 sic
2540 1603 2599 1643 se
2647 1603 2735 1644 res
2778 1589 2964 1654 habet,
3012 1589 3141 1643 duae
3191 1587 3636 1643 resurrectiones

1938 1677 2148 1732 Christi
2198 1685 2388 1739 erunt,
2445 1685 2499 1731 et
2536 1677 2622 1731 bis
2658 1676 3080 1732 immutabitur.
3134 1675 3185 1730 Si
3242 1683 3438 1731 tantus
3474 1689 3636 1730 error

1937 1766 2199 1822 coalescit
2234 1768 2290 1822 in
2336 1766 2542 1835 capite,
2583 1765 2724 1835 quid
2760 1765 2962 1835 poterit
3007 1765 3074 1819 de
3117 1765 3504 1820 membrorum
3537 1778 3634 1819 re-

122 1855 167 1908 si
190 1853 450 1922 cuipiam
476 1854 620 1908 alias
639 1866 770 1906 cum
793 1858 1013 1906 ostento
1036 1849 1314 1919 passionis
1352 1855 1641 1918 ειρρειτωῐ.
1676 1847 1821 1913 Ουίᾱ
1862 1872 1903 1925 Β
1936 1853 2287 1909 surrectione
2318 1855 2452 1925 quis
2482 1853 2749 1908 credere?
2787 1853 3117 1908 Transitum
3152 1853 3312 1908 illum
3343 1853 3412 1907 de
3451 1852 3635 1907 forma

121 1955 256 2011 ergo
291 1941 402 1996 fuit
443 1940 635 1996 dubiis
663 1939 996 1995 cicatricum
1045 1946 1214 1994 antra
1251 1936 1656 1993 contrectanda
1688 1949 1824 2004 por-

122 2030 327 2102 rigere,
382 2030 494 2084 nisi
551 2029 905 2084 identitatem
951 2027 1194 2097 propriae
1226 2040 1481 2096 persona:
1527 2040 1641 2079 non
1680 2039 1825 2080 con-

123 2118 432 2174 suetudine
463 2117 647 2182 faciei,
683 2116 779 2172 sed
823 2115 1239 2170 recentioribus
1268 2115 1466 2170 mortis
1499 2129 1620 2170 suae
1647 2112 1828 2184 signis

124 2206 461 2261 ostendere?
529 2204 622 2275 (τι)
681 2203 828 2270 Quid
883 2211 1004 2272 post
1061 2205 1535 2258 resurrectionem
1585 2202 1828 2258 vulnera

123 2295 216 2349 illa
269 2302 569 2350 reservata
617 2291 1042 2363 portenderent,
1086 2291 1134 2346 si
1168 2291 1340 2347 etiam
1373 2292 1676 2362 hucusque
1705 2305 1826 2346 ma-

123 2382 368 2438 nerent?
402 2385 491 2438 An
536 2390 597 2437 ut
639 2382 861 2436 Patrem
900 2393 967 2435 ac
1005 2379 1050 2434 si
1109 2380 1300 2434 virum
1345 2380 1688 2436 obliviosum
1731 2393 1830 2450 per

121 2472 318 2528 eadem
353 2469 799 2540 dispensationis
829 2482 930 2539 pro
978 2467 1309 2539 hominibus
1347 2477 1623 2538 susceptae
1669 2483 1830 2524 com-

126 2559 438 2616 memoret?
491 2560 644 2615 Esto.
688 2561 849 2615 Certe
902 2557 1014 2612 alia
1059 2558 1288 2613 curanti
1338 2558 1492 2614 Patri
1529 2558 1650 2614 sola
1708 2559 1831 2613 sine

123 2649 470 2705 vulneribus
517 2662 649 2704 caro
700 2662 822 2704 suae
869 2647 1120 2703 dexterae
1163 2646 1420 2703 assidens
1471 2660 1832 2703 commonere

123 2737 433 2795 sufﬁceret.

189 2826 216 2895 §
251 2827 322 2881 Il.
363 2824 688 2896 Respondet
715 2823 1020 2894 objectioni
1058 2827 1108 2877 5.
1141 2825 1217 2878 In
1240 2823 1332 2878 die
1356 2822 1564 2889 iudicii
1603 2840 1830 2879 eorum-

122 2913 248 2968 dem
271 2915 579 2970 vulnerum
607 2919 752 2969 notae
777 2912 840 2967 in
869 2911 1106 2968 Christo
1141 2929 1328 2967 nonne
1369 2913 1832 2985 conspicientur?

119 3033 188 3043 —
216 3004 325 3060 Sed
356 3004 561 3075 objicis
591 3003 747 3073 quod
779 3002 866 3058 vel
902 3003 958 3058 in
989 3002 1081 3057 die
1111 3002 1314 3072 judicii
1364 3003 1545 3058 visuri
1579 3003 1694 3058 sint
1741 3018 1830 3059 re-

121 3093 285 3164 probi
311 3107 380 3148 ac
422 3092 584 3162 impii
624 3105 758 3147 eum
804 3090 1066 3146 videlicet
1103 3105 1277 3160 quem
1327 3099 1720 3161 pupugerunt.
1772 3091 1829 3147 Si

121 3196 275 3250 eum,
310 3183 406 3238 cui
441 3189 493 3236 te
522 3181 798 3250 injuriam
849 3179 1130 3250 irrogasse
1157 3157 1519 3247 memineris,
1549 3181 1671 3235 sine
1712 3180 1827 3236 ullo
1868 3157 1920 3244 C_

125 3271 280 3327 illius
312 3285 494 3342 quam
524 3270 787 3326 intuleris
825 3268 1056 3340 injuriae
1097 3269 1450 3324 monimento
1489 3269 1828 3339 conspicias,

125 3374 316 3415 nonne
366 3358 663 3415 confestim
714 3357 1025 3428 perpetrati
1073 3357 1129 3411 in
1175 3372 1308 3412 eum
1353 3357 1624 3412 facinoris
1663 3362 1833 3413 temet

126 3448 374 3504 videndo
415 3449 864 3503 commemoras?
919 3447 982 3502 Et
1028 3446 1169 3516 quid
1218 3447 1320 3502 tibi
1373 3446 1625 3502 lacerum
1666 3446 1832 3503 faciet

124 3537 294 3604 latus,
325 3537 470 3608 quid
495 3538 552 3592 in
585 3535 854 3592 manibus
885 3535 1246 3606 pedibusque
1275 3535 1479 3591 tixurae
1510 3536 1828 3603 clavorum,

125 3625 223 3682 ubi
278 3626 403 3682 Filii
455 3625 704 3682 hominis
756 3625 976 3695 parebit
1024 3624 1300 3695 signum?
1350 3627 1411 3679 1n
1457 3625 1610 3681 illius
1638 3626 1832 3696 gloriae

127 3715 334 3772 throno
392 3715 683 3786 quomodo
727 3714 1028 3770 conveniet
1076 3714 1522 3784 quinquipertiti
1574 3715 1832 3770 vulneris

128 3803 367 3860 horror?
397 3805 469 3860 Et
497 3813 649 3860 certe
676 3817 810 3858 cum
839 3803 1142 3872 discipulis
1178 3803 1482 3858 comedens
1517 3817 1584 3858 ac
1634 3803 1834 3860 bibens

128 3893 395 3951 manibus
425 3893 750 3949 mandenda
781 3893 1084 3957 tractabat,
1124 3891 1390 3962 nunquid
1429 3893 1619 3948 sanies
1646 3892 1834 3950 hianti

129 3982 314 4038 ulcere
346 3992 488 4040 tunc
517 3981 771 4038 ﬂuebat?
803 3982 1144 4038 Absurditas
1177 3980 1419 4036 inﬁnita.

199 4071 326 4140 Qui,
364 4086 472 4144 pro
509 4086 660 4128 verae
691 4071 1013 4127 testimonio
1056 4084 1230 4140 quam
1275 4079 1664 4140 resumpserat
1707 4085 1832 4127 car-

133 4160 236 4228 nis,
281 4160 656 4217 manducavit
702 4173 1097 4230 szepenumero
1131 4174 1265 4214 cum
1307 4159 1449 4224 suis,
1498 4174 1612 4214 non
1647 4175 1836 4216 neces-

133 4251 304 4317 sario,
345 4250 444 4306 sed
487 4249 869 4319 dispensative
911 4249 1072 4318 (Luc.
1121 4263 1276 4311 xx1v,
1318 4249 1448 4318 43);
1491 4249 1593 4320 qui
1635 4249 1836 4320 januis

134 4337 340 4394 clausis
385 4338 623 4394 intravit
659 4339 732 4394 ad
786 4338 935 4408 ipsos
983 4337 1102 4392 sola
1153 4338 1422 4406 potentia,
1458 4353 1571 4393 non
1625 4346 1834 4393 natura

1940 1944 1999 1998 iu
2067 1944 2306 1998 formam
2379 1942 2588 1998 Christi
2656 1943 2737 1997 nil
2796 1943 2954 1998 aliud
3029 1942 3405 2012 intelligimus
3455 1956 3634 2010 quam

1937 2033 2212 2102 absorpta
2243 2041 2420 2087 morte
2453 2033 2511 2086 in
2546 2031 2782 2087 victoria
2812 2033 2866 2094 (Ι
2903 2034 3036 2086 Cor.
3066 2045 3162 2098 xv,
3197 2032 3304 2100 5i),
3346 2039 3400 2086 et
3434 2039 3634 2085 exacto

1939 2120 2112 2190 impio
2141 2129 2193 2177 et
2219 2121 2508 2190 impietate
2556 2121 2702 2190 ejus,
2745 2120 2928 2174 diviso
2971 2120 3231 2174 videlicet
3261 2118 3334 2174 ab
3383 2120 3467 2173 ira
3512 2117 3636 2172 vul-

1941 2218 2034 2266 tus
2083 2211 2228 2280 ejus,
2277 2209 2705 2279 appropinquat
2761 2223 2858 2264 cor
2910 2208 3066 2263 illius
3115 2207 3298 2278 (Psal.
3351 2222 3462 2274 LIV,
3520 2206 3629 2272 22),

1939 2298 2115 2354 stulto
2147 2297 2360 2354 scilicet
2404 2297 2576 2366 impio
2620 2311 2691 2352 ne
2724 2297 2913 2351 videat
2957 2296 3196 2366 gloriam
3239 2297 3383 2365 ejus,
3411 2293 3631 2366 ladmit-

1939 2393 2146 2442 tuntur
2176 2385 2336 2441 electi
2371 2384 2478 2438 soli
2520 2384 2590 2438 ad
2639 2383 2942 2439 videndam
2992 2384 3232 2454 gloriam
3282 2383 3494 2437 divina:
3549 2383 3646 2435 vi-

1939 2474 2116 2528 sionis
2170 2472 2370 2542 ipsius.
2424 2473 2568 2527 Hinc
2619 2480 2701 2527 est
2760 2472 2914 2542 quod
2971 2473 3122 2527 Juda
3171 2479 3418 2527 exeunte
3460 2471 3642 2525 dicit:

1941 2583 1969 2614 «
2002 2562 2167 2617 Nunc
2184 2561 2625 2617 clarificatusest
2647 2561 2824 2616 Filius
2844 2561 3092 2615 hominis
3113 2561 3312 2629 (Joan.
3334 2575 3450 2625 xm,
3477 2561 3588 2628 32).
3619 2582 3645 2605 ››

1938 2652 2101 2706 Tunc
2153 2651 2322 2720 plane
2371 2649 2574 2704 transit
2633 2649 2705 2705 ad
2759 2650 2910 2705 hanc
2963 2649 3454 2714 clariﬁcationem,
3513 2662 3644 2702 cum

1941 2741 2010 2797 de
2040 2741 2221 2796 forma
2250 2739 2423 2803 servi,
2457 2754 2588 2810 quae
2615 2740 2789 2810 justis
2825 2747 2880 2794 et
2921 2740 3148 2810 injustis
3188 2739 3512 2794 communis
3541 2747 3642 2805 est,

1943 2829 2190 2886 transire
2222 2843 2325 2883 nos
2374 2828 2527 2894 facit,
2565 2828 2777 2883 scilicet
2817 2829 2968 2884 solos
3004 2829 3210 2884 electos
3254 2827 3324 2882 ad
3372 2835 3645 2882 aeternam

1943 2919 2032 2974 sui
2089 2917 2385 2973 visionem.
2437 2918 2502 2972 In
2547 2917 2657 2972 hoc
2710 2921 2959 2972 transitu
3017 2918 3099 2971 eis
3147 2917 3432 2972 ministrat
3489 2918 3642 2985 (Luc.

1943 3022 2042 3073 xu,
2091 3009 2204 3075 37),
2269 3021 2400 3060 cum
2465 3006 2722 3075 reprobis
2779 3006 3069 3061 abdicatis
3115 3006 3266 3075 ipsos
3313 3021 3420 3060 suo
3476 3005 3646 3060 vultu

1942 3095 2206 3151 exsatiat.
2274 3093 2536 3149 Christus
2585 3095 2780 3164 itaque
2824 3095 3047 3162 transit,
3099 3109 3232 3149 cum
3277 3101 3398 3162 post
3440 3093 3646 3164 judicii

1941 3185 2086 3240 diem
2149 3183 2318 3238 etiam
2390 3183 2537 3238 servi
2597 3183 2837 3238 formam
2890 3182 3325 3251 areproborum
3387 3189 3644 3237 contem-

1940 3273 2192 3343 platione
2223 3271 2484 3338 secludit,
2519 3279 2574 3327 et
2611 3272 2921 3326 electorum
2947 3271 3246 3326 obtutibus
3290 3285 3411 3326 sese
3445 3271 3644 3326 viden-

1939 3364 2079 3419 dum
2107 3363 2310 3431 aperit,
2343 3360 2457 3415 imo
2485 3375 2582 3416 eos
2610 3360 2718 3416 sibi
2747 3360 2994 3415 videndo
3015 3359 3301 3430 transigit.

2618 3449 2850 3505 CAPUT
2895 3449 2964 3504 V.

2009 3539 2037 3605 §
2063 3538 2104 3591 Ι.
2143 3536 2469 3591 Producunt
2494 3536 3048 3592 San—Medardenses
3077 3534 3367 3605 quoddam
3389 3531 3643 3587 miracu-

1939 3625 2060 3680 lum
2090 3628 2340 3696 tempore
2368 3624 2639 3679 Ludovici
2671 3622 2766 3678 Pii
2808 3627 3126 3695 patratum.
3163 3622 3237 3676 Id
3282 3637 3396 3675 non
3436 3620 3644 3692 probat

1937 3713 2164 3768 dentem
2191 3715 2510 3771 Saluatoris
2537 3719 2766 3769 exstare
2804 3710 2970 3768 inibi.
3004 3742 3071 3750 —
3102 3712 3284 3781 Igitur
3333 3709 3401 3764 iis
3445 3718 3644 3764 contra

1942 3803 2119 3874 hujus
2143 3805 2437 3859 sententiae
2453 3811 2818 3859 exsecutores
2841 3801 3082 3867 emissis,
3112 3788 3252 3855 illud
3274 3799 3566 3854 advertam
3578 3813 3644 3854 us

1941 3894 2097 3963 quod
2131 3894 2187 3947 in
2222 3891 2794 3948 Sancti-Medardensi
2839 3889 3076 3945 ecclesia
3132 3887 3411 3944 miracula
3462 3887 3645 3957 pluris

1941 3981 2109 4051 pretii
2162 3995 2333 4050 super
2396 3981 2488 4036 illo
2540 3980 2707 4034 dente
2761 3977 3150 4033 declamitant.
3204 3977 3482 4041 Primum,
3533 3976 3643 4030 nisi

1943 4069 2126 4136 fallor,
2179 4078 2234 4125 et
2281 4070 2434 4140 quod
2495 4069 2854 4138 potissimum
2899 4065 3189 4120 memoria:
3233 4065 3544 4130 succurrit,
3589 4064 3641 4118 id

1941 4167 2044 4227 est,
2081 4159 2227 4214 inter
2251 4158 2575 4228 capellanos
2605 4155 2878 4212 Ludovici
2913 4154 2996 4210 Pii
3033 4153 3390 4222 imperatoris
3420 4152 3476 4206 in
3515 4153 3644 4221 ejus

1943 4248 2124 4318 ipsius
2183 4249 2488 4318 praesentia
2538 4260 2712 4316 super
2774 4247 2876 4301 isto
2935 4244 3311 4300 tractabatur.
3380 4241 3643 4311 Cumque

1946 4337 2109 4393 valde
2162 4351 2196 4392 a
2228 4338 2642 4392 monachorum
2690 4333 2974 4390 sententia
3023 4333 3326 4400 resilirent,
3371 4330 3514 4386 nihil
3574 4331 3642 4385 de

136 4425 314 4495 (Joan.
345 4441 442 4492 xx,
465 4427 577 4497 26),
619 4425 921 4482 interstitia
971 4440 1224 4496 namque
1265 4426 1546 4494 parietum
1589 4440 1703 4481 non
1739 4440 1835 4495 pe-
1874 4439 2201 4496 Dcorpore,
2235 4426 2390 4495 quod
2422 4424 2678 4495 Virginis
2718 4433 2919 4480 uterus
2963 4423 3110 4478 fudit
3151 4422 3209 4477 in
3244 4420 3431 4488 terris,
3485 4433 3642 4476 rese-

137 4521 359 4571 netrant
400 4515 624 4585 pondus
660 4514 852 4570 carnis
885 4528 953 4570 ac
992 4528 1138 4581 ossa,
1176 4528 1280 4569 nec
1323 4515 1630 4570 aetheream
1668 4515 1830 4570 habi-

138 4603 404 4660 tationem
452 4605 582 4660 talis
621 4605 972 4661 naturaliter
1002 4603 1222 4674 patitur
1267 4603 1645 4674 corpulentia,
1679 4605 1833 4674 quod

138 4697 312 4749 totum
361 4692 562 4750 virtuti
605 4693 1040 4749 resurrectionis
1077 4693 1414 4760 ascribitur;
1456 4694 1557 4762 qui
1606 4708 1665 4748 se
1702 4694 1833 4749 lon—

140 4777 265 4848 gius
322 4781 532 4836 iterum
606 4779 772 4850 fingit
823 4784 966 4834 851
1028 4779 1168 4834 dum
1223 4793 1256 4834 a
1304 4780 1530 4836 duobus
1582 4773 1836 4851 praefatis

143 4880 435 4926 remanere
467 4868 831 4938 compellitur
861 4869 1018 4934 (Luc.
1050 4883 1206 4936 xxnv,
1240 4870 1357 4937 28),
1391 4883 1506 4924 non
1552 4869 1736 4939 potuit
1762 4870 1834 4925 ad

142 4954 332 5012 horam
367 4957 533 5028 signa
564 4955 843 5026 passionis
875 4970 1073 5011 recens
1103 4964 1244 5012 actae
1285 4955 1522 5011 cuilibet
1547 4955 1835 5012 dubitanti

142 5057 470 5115 proponere,
503 5059 575 5100 ex
607 5060 724 5115 quo
750 5045 838 5101 sui
888 5045 1068 5115 ipsius
1109 5053 1233 5100 tum
1279 5052 1509 5112 natura,
1543 5053 1664 5100 tum
1703 5059 1838 5116 per-

142 5146 274 5189 sona
301 5134 624 5205 probetur?
677 5135 876 5189 Nonne
920 5134 1016 5188 illa
1053 5148 1247 5189 coram
1298 5136 1480 5202 Petro,
1528 5135 1738 5190 Jacobo
1784 5143 1839 5190 et

143 5221 353 5280 Joanne
381 5223 438 5279 in
471 5231 662 5278 monte
692 5222 1126 5293 transfiguratio
1167 5223 1559 5293 perfunctoria
1599 5224 1837 5290 exstitit,

147 5307 361 5378 (Matth.
396 5326 540 5380 xvu,
569 5310 648 5381 2),
684 5318 746 5366 ut
787 5311 1055 5381 probaret
1090 5326 1265 5382 quem
1309 5320 1432 5381 post
1463 5313 1841 5368 resurrectio-

149 5412 269 5455 nem
315 5409 530 5457 statum
572 5399 859 5466 habuerit,
915 5413 1089 5470 quem
1142 5407 1335 5456 tamen
1386 5407 1449 5456 ut
1502 5407 1646 5467 erat,
1708 5414 1840 5455 cum

149 5489 569 5557 resurrexisset,
626 5502 730 5558 pro
782 5487 1113 5544 infirmitate
1176 5487 1495 5544 videntium
1547 5486 1844 5543 ostendere

150 5576 512 5653 supersedit?
554 5580 630 5632 Ac
672 5576 718 5631 si
772 5576 1026 5632 diceret:
1060 5575 1208 5643 Quia
1237 5576 1398 5631 vobis
1447 5591 1561 5630 non
1611 5575 1845 5644 expedit

153 5671 212 5720 ut
265 5664 555 5722 immutati
621 5665 877 5736 corporis
939 5663 1256 5722 claritatem
1319 5663 1486 5720 vobis
1548 5663 1846 5720 redivivus

1942 4516 2092 4571 disse
2121 4515 2379 4582 ferentes,
2435 4515 2506 4569 ad
2555 4514 2867 4568 missarum
2908 4511 3183 4567 solemnia
3233 4517 3457 4566 constat
3503 4523 3644 4564 ven-

1943 4612 2086 4660 tum.
2139 4604 2256 4658 lllic
2303 4604 2358 4658 in
2410 4603 2590 4658 sacris
2636 4601 2839 4657 mediis
2897 4599 3315 4670 phylacterium
3367 4598 3440 4653 ab
3475 4597 3642 4652 altari

1942 4693 2154 4748 dicitur
2195 4692 2518 4748 substitisse
2561 4703 2941 4759 suspensum:
2977 4687 3131 4758 quod
3170 4687 3302 4754 sibi,
3328 4695 3382 4742 et
3431 4685 3640 4754 aliqui-

1943 4781 2072 4847 bus,
2123 4781 2224 4850 qui
2271 4781 2563 4846 viderunt,
2610 4778 2892 4834 exstitisse
2941 4777 3106 4832 aiunt
3137 4782 3498 4845 argumento.
3539 4773 3644 4828 Sed

1945 4869 2121 4940 quod,
2169 4883 2384 4938 quasso,
2436 4867 2886 4938 argumentum?
2924 4867 3060 4930 Quae
3103 4876 3376 4932 superna,
3427 4877 3642 4932 quaeso,

1947 4972 2081 5024 vox,
2113 4958 2267 5027 quis,
2303 4970 2520 5026 precor,
2572 4956 2814 5026 angelus
2853 4953 3130 5020 detonuit,
3171 4953 3400 5007 dentem
3440 4950 3645 5006 Salva-

1947 5047 2086 5102 toris
2117 5054 2255 5101 tunc
2283 5060 2404 5101 esse
2444 5060 2616 5115 quem
2671 5044 2911 5100 tenellus
2949 5041 3231 5098 ediderit?
3257 5039 3361 5095 Sed
3394 5039 3534 5109 quid
3573 5039 3644 5094 ad

1948 5149 2039 5189 me
2087 5134 2348 5205 angelus,
2393 5135 2533 5204 quid
2575 5133 2733 5189 vox?
2773 5132 2828 5188 Si
2879 5129 3070 5187 throni
3125 5137 3181 5185 et
3227 5128 3648 5184 dominationes

1950 5223 2102 5278 istud
2131 5231 2472 5289 assererent,
2502 5223 2645 5279 nulli
2676 5236 2809 5278 vere
2842 5221 3118 5288 fidelium,
3154 5219 3249 5274 sed
3281 5218 3408 5273 fidei
3459 5231 3648 5272 scien-

1953 5311 2091 5366 tiam
2119 5311 2457 5366 habentium
2503 5311 2682 5366 animi
2713 5310 2977 5366 assentiri
3012 5309 3127 5364 ullo
3159 5307 3325 5362 modo
3355 5305 3645 5361 deberent.

1952 5399 2080 5466 Qui,
2118 5407 2182 5456 ut
2210 5401 2478 5469 superius
2501 5399 2778 5466 diximus,
2811 5407 2864 5455 et
2893 5397 3097 5454 millies
3137 5394 3512 5466 repetendum
3541 5393 3649 5448 du-

1953 5488 2160 5555 cimus,
2193 5488 2238 5543 si
2269 5487 2542 5558 capillum
2566 5490 2635 5545 de
2667 5489 2828 5544 nobis
2849 5501 2964 5543 non
2986 5486 3307 5556 periturum
3337 5489 3648 5547 asseverat,

1955 5578 2002 5632 si
2033 5576 2335 5648 quidpiam
2367 5577 2426 5632 in
2467 5585 2619 5632 terra
2665 5576 2835 5632 habet
2877 5575 3108 5640 residui,
3153 5573 3210 5628 in
3257 5587 3317 5628 se
3359 5571 3654 5626 credentes

1957 5666 2149 5736 potius
2185 5666 2446 5736 exemplo
2480 5681 2588 5723 suo
2639 5666 2944 5736 desperare
2990 5677 3169 5735 quam
3211 5660 3488 5718 doctrinis
3531 5673 3652 5716 cre-
