3936 6436
277 408 381 462 663

1168 410 1228 464 V.
1269 407 1603 465 GUIBERTI
1642 410 1934 464 ΛΒΒΑΤΞΞ
1973 411 2027 465 S.
2072 410 2313 467 MARIA‘I
2353 415 2445 468 DE
2489 412 2893 471 NOVIGENTO

3695 417 3811 472 664

277 542 412 599 dere
436 543 691 600 mandat.
735 543 804 599 Et
852 550 1001 599 certe
1044 550 1362 613 martyrum
1410 544 1629 600 cineres
1666 559 1975 616 nunquam
2012 546 2058 599 Α
2089 554 2347 618 putatur,
2400 547 2693 621 exporrigi
2748 548 2828 615 fit,
2879 548 2977 605 sed
3027 550 3086 605 in
3139 550 3320 614 illum,
3371 550 3473 623 qui
3530 560 3806 609 uteretur

277 645 383 687 nec
426 645 555 688 ossa
612 638 725 688 toto
775 632 911 689 orbe
969 632 1307 688 circumlata
1354 633 1649 702 recolligit,
1699 637 1800 703 qui
1865 647 1975 690 sua

280 718 398 774 ﬂeri
453 725 582 789 post
628 720 1103 776 resurrectionem
1153 720 1345 790 putria
1378 720 1483 775 hac
1542 719 1789 790 illacque
1837 735 1976 791 per-

279 805 471 861 mittit.

351 893 456 950 Sed
531 895 880 965 perpendere
949 895 1086 952 libet
1156 909 1333 964 quam
1392 895 1565 950 hebes
1625 895 1973 951 miraculum

279 981 471 1053 ipsum
502 982 694 1048 fuerit,
727 983 864 1039 dum
904 983 1284 1038 animadverti
1329 997 1443 1039 non
1482 984 1756 1054 praevalet
1794 999 1979 1054 quor-

278 1084 409 1125 sum
439 1070 734 1139 suspensio
762 1070 860 1126 illa
890 1071 1229 1137 intenderit;
1281 1072 1434 1141 quod
1482 1072 1637 1127 enim
1670 1072 1742 1127 ab
1769 1085 1873 1127 ara
1918 1072 1977 1127 in

280 1172 467 1214 aerem
515 1159 842 1221 volucritat.
894 1159 963 1215 de
1011 1174 1196 1225 sacro,
1234 1167 1296 1215 ut
1345 1161 1428 1215 sic
1465 1160 1673 1226 dicam,
1726 1160 1798 1215 ad
1831 1160 1979 1216 insa-

280 1261 444 1303 crum
474 1260 532 1301 se
560 1247 883 1315 subrigens,
909 1247 1107 1303 altaris
1137 1248 1583 1303 sanctitudinem
1628 1263 1695 1305 ac
1724 1250 1769 1303 si
1802 1250 1980 1318 impa-

281 1334 487 1391 tienter
515 1349 573 1390 se
613 1334 757 1390 ferre
779 1337 1153 1392 demonstrat.
1179 1338 1247 1392 Et
1276 1337 1324 1391 si
1351 1337 1593 1392 verbum
1625 1337 1793 1404 idem,
1823 1337 1979 1407 quod

280 1431 362 1479 est
391 1424 707 1493 suspensio,
740 1424 987 1480 velimus
1049 1425 1364 1493 attendere,
1405 1425 1560 1495 quod
1599 1426 1827 1481 videtur
1850 1440 1978 1481 sus-

279 1527 544 1583 pensum,
575 1520 816 1582 putatur
844 1512 1214 1584 ambiguum;
1250 1514 1345 1569 sed
1386 1514 1528 1585 quid
1565 1515 1771 1586 loquor
1802 1516 1982 1571 ambi-

281 1615 485 1672 gnum,
520 1615 651 1657 cum
692 1601 1035 1672 ambiguum
1080 1604 1305 1672 proprie
1335 1603 1406 1658 sit
1444 1604 1600 1673 quod
1631 1617 1752 1659 esse
1776 1611 1829 1659 et
1859 1618 1981 1661 esse

281 1703 396 1745 non
439 1689 633 1758 possit.
677 1689 794 1744 Hoc
825 1703 959 1745 vero
1006 1690 1355 1758 nullatenus,
1390 1691 1499 1745 nisi
1546 1692 1801 1761 seipsum
1841 1692 1980 1748 velit

2090 635 2345 703 accipere
2378 636 2635 692 beneﬁcii
2669 635 2907 704 fructus,
2936 639 3216 706 excurrit,

2159 723 2187 789 §
2216 722 2309 779 IV.
2344 723 2430 776 De
2467 722 2715 793 quodam
2743 726 3060 778 scortatore
3098 724 3266 796 aquis
3303 725 3592 797 absorpta.
3619 756 3689 767 —
3728 727 3807 782 At

2088 810 2387 880 signorum
2447 811 2675 867 illorum
2717 811 2906 867 tenuis
2953 812 3090 867 mihi
3135 814 3299 868 valde
3330 816 3554 870 videtur
3586 823 3801 870 aucto-

2089 900 2247 965 ritas,
2304 899 2415 954 imo
2455 899 2647 969 scripti
2683 900 2832 954 'llius
2871 900 3000 955 vilis
3038 901 3346 957 admodum
3390 903 3672 972 probatur
3719 903 3805 957 in-

2088 987 2353 1057 dignitas.
2390 987 2531 1042 Nam
2573 987 2628 1042 in
2654 1003 2852 1044 eorum
2894 987 3081 1043 libello
3127 989 3228 1058 qui
3260 1004 3431 1059 super
3460 991 3626 1046 dente
3662 991 3799 1058 hoc,

2086 1082 2141 1130 et
2200 1082 2528 1131 sanctorum
2595 1076 2699 1132 loci
2751 1076 3047 1132 miraculis
3101 1078 3315 1145 actitat,
3379 1080 3448 1133 de
3509 1079 3806 1134 monacho

2088 1162 2287 1232 aliquo
2321 1161 2583 1230 refertur,
2638 1164 2793 1233 quod
2847 1171 3032 1218 scorto
3066 1163 3269 1219 soleret
3320 1165 3557 1221 muliere
3598 1167 3801 1232 abuti,

2089 1264 2205 1319 quo
2240 1257 2425 1305 tamen
2460 1257 2633 1306 noctu
2669 1250 2808 1306 dum
2845 1259 3124 1320 pergeret,
3168 1265 3353 1321 aquas
3395 1261 3625 1307 tranare
3659 1268 3799 1323 pro-

2090 1338 2339 1408 pinquas
2368 1339 2687 1393 necessario
2714 1344 3032 1409 oporteret;
3068 1340 3125 1394 in
3169 1355 3287 1409 quo
3334 1343 3602 1409 transitu,
3643 1342 3804 1397 inter

2089 1425 2275 1481 undas
2303 1439 2435 1481 eum
2477 1427 2688 1496 peccati
2737 1427 2825 1482 sui
2867 1426 3091 1495 pondus
3120 1428 3365 1482 enecuit.
3412 1427 3519 1494 Qui
3565 1428 3804 1483 abbatis

2085 1512 2303 1583 judicio
2356 1525 2390 1566 a
2438 1513 2756 1569 cmmeterio
2806 1512 3049 1587 fratrum
3096 1515 3345 1569 extorris
3400 1523 3484 1570 est
3534 1514 3797 1569 habitus.

2092 1601 2194 1656 Sed
2226 1600 2439 1667 abbati,
2475 1608 2538 1656 ut
2585 1601 2795 1671 pagina
2829 1601 2923 1656 illa
2953 1602 3138 1669 refert,
3173 1603 3362 1658 nescio
3394 1603 3526 1673 quis
3556 1610 3802 1658 sancto-

2089 1703 2221 1745 rum
2280 1688 2442 1755 inihi,
2492 1695 2555 1744 ut
2610 1688 2840 1756 dicitur,
2893 1690 3186 1760 apparuit,
3217 1690 3405 1761 eique,
3451 1697 3514 1747 ut
3556 1688 3801 1758 dicitur,

281 1774 547 1842 inﬁciari,
597 1777 699 1847 qui
745 1785 829 1833 est
874 1777 1088 1834 veritas
1118 1779 1286 1834 Deus.
1343 1778 1492 1835 Adeo
1538 1788 1733 1835 autem
1782 1780 1980 1835 surdi-
2023 1818 2064 1873 Β
2091 1776 2283 1833 dixit:
2323 1799 2343 1826 ε
2388 1776 2611 1843 Confer,
2652 1777 2753 1845 ait,
2782 1792 2914 1833 cum
2961 1778 3203 1845 caeteris,
3236 1780 3377 1849 quia
3423 1782 3479 1834 in
3513 1779 3804 1835 obedien-

282 1864 418 1921 tatis
446 1863 651 1934 inepta
679 1864 1047 1933 miraculum,
1071 1866 1229 1936 quod
1251 1866 1308 1921 in
1339 1875 1681 1938 argumento
1704 1867 1781 1922 rei
1806 1868 1986 1939 hujus

283 1966 357 2009 ne
380 1953 630 2009 multum
661 1953 896 2023 quidem
941 1953 1131 2023 faciat,
1181 1968 1316 2011 cum
1358 1955 1533 2012 stulte
1583 1955 1864 2027 scriptum
1893 1957 1986 2026 sit,

282 2040 511 2097 stultior
538 2049 622 2096 est
644 2043 745 2112 qui
775 2050 1069 2098 retractat.

355 2131 481 2197 δη.
531 2131 684 2184 Deus
728 2129 833 2185 ille
875 2130 1067 2186 sancti
1115 2131 1446 2204 cuiuspiam
1501 2149 1625 2188 esse
1664 2135 1870 2205 potest.
1920 2163 1989 2174 —

284 2216 457 2272 Fides
495 2218 704 2290 saepius
737 2235 917 2274 causa
963 2220 1398 2275 miraculorum.
1434 2252 1501 2262 —
1550 2220 1890 2291 Sequuntur
1935 2231 1991 2278 et

285 2306 400 2364 alia
427 2321 544 2362 non
586 2308 779 2363 minus
805 2308 1005 2376 dubia,
1041 2323 1173 2379 qum
1203 2309 1414 2365 idcirco
1456 2309 1576 2365 dixi
1624 2310 1820 2372 dubia,
1852 2311 1993 2380 quia

285 2396 359 2450 ad
390 2396 445 2451 id
475 2396 920 2465 approbandum
966 2396 1201 2453 omnino
1238 2404 1376 2452 sunt
1416 2406 1596 2453 muta.
1646 2398 1764 2453 Hoc
1812 2400 1987 2466 enim,

287 2483 380 2539 cui
411 2483 646 2555 signum
676 2483 1007 2551 aseribitur,
1045 2492 1310 2540 sanctum
1344 2484 1578 2540 aliunde
1610 2500 1729 2541 esse
1776 2494 1987 2557 potest;

287 2571 395 2627 hoc
424 2579 618 2627 autem
649 2572 803 2641 quod
829 2571 1060 2638 dicitur,
1091 2584 1212 2627 esse
1260 2587 1375 2627 non
1404 2580 1611 2643 potest;
1645 2582 1699 2629 et
1746 2574 1791 2629 si
1826 2583 1988 2642 esset,

292 2660 497 2715 talium
546 2659 846 2728 signorum
891 2660 1232 2727 testimonio,
1277 2661 1418 2730 quia
1450 2661 1590 2716 dens
1622 2662 1692 2718 sit
1729 2663 1988 2718 Domini-

293 2762 417 2815 cus,
478 2747 739 2816 portendi
793 2761 910 2803 non
967 2755 1173 2817 posset.
1225 2748 1415 2804 Sancti
1473 2765 1610 2820 ergo
1662 2752 1989 2821 cujuspiam

293 2835 437 2891 dens
486 2835 577 2891 ille
621 2835 912 2902 credatur,
963 2837 1133 2906 cujus
1178 2837 1380 2892 merito
1420 2836 1654 2892 forsitan
1700 2839 1808 2893 tale
1847 2838 1989 2908 quid

292 2922 679 2993 concedatur;
708 2931 763 2979 et
792 2924 839 2979 si
883 2933 1033 2980 certe
1063 2924 1282 2981 nullius
1311 2927 1495 2982 sancti
1533 2936 1695 2994 esset,
1729 2927 1819 2982 vel
1853 2927 1991 2983 ﬁdes

292 3011 463 3082 plane
509 3012 864 3068 credentium
911 3014 1165 3084 exigeret
1210 3022 1273 3070 ut
1318 3016 1472 3085 quod
1515 3022 1849 3085 speraretur
1885 3016 1988 3071 ob-

2094 1866 2173 1922 tia
2207 1872 2307 1921 tua
2355 1872 2618 1921 mortuus
2656 1872 2759 1921 est.
2796 1886 2817 1914 ι
2861 1866 2927 1921 In
2968 1879 3107 1936 qua,
3158 1881 3373 1936 quaeso,
3430 1866 3802 1922 obedientia?

2095 1955 2185 2010 An
2234 1953 2413 2009 abbas
2441 1954 2492 2009 ei
2541 1962 2888 2025 praeceperat
2931 1962 2995 2010 ut
3024 1969 3083 2010 se
3127 1955 3381 2025 periculo
3412 1954 3672 2011 fluminis
3702 1956 3803 2009 in-

2095 2056 2317 2113 gerens,
2396 2041 2701 2112 impudicae
2776 2041 3151 2098 concubitum
3210 2040 3566 2099 sectaretur?
3631 2043 3802 2098 Certe

2096 2144 2332 2200 quoquo
2363 2138 2530 2200 pacto
2557 2139 2796 2186 eatenus
2838 2131 3029 2187 abbati
3077 2130 3219 2186 alias
3248 2132 3548 2198 obedisset,
3597 2132 3654 2186 in
3687 2132 3804 2187 hac

2096 2218 2341 2288 profecto
2374 2232 2432 2274 re
2470 2218 2725 2273 obedisse
2756 2218 2866 2273 dici
2900 2234 3015 2274 non
3046 2227 3243 2288 potest.
3287 2221 3426 2289 quia
3472 2219 3803 2275 obedientia

2096 2320 2387 2376 nusquam
2428 2306 2536 2362 nisi
2590 2306 2648 2362 in
2679 2306 2845 2371 bono,
2881 2307 2990 2361 nisi
3023 2320 3121 2375 per
3159 2306 3517 2374 abusionem,
3551 2306 3802 2376 intelligi

2099 2402 2297 2465 potest.
2334 2396 2395 2449 lu
2436 2409 2553 2465 qua
2606 2394 2784 2466 igitur
2821 2395 3143 2450 obedientia
3188 2403 3451 2450 mortuus
3478 2393 3601 2451 est?
3648 2394 3804 2450 Sane

2096 2483 2142 2539 si
2190 2484 2258 2539 de
2305 2483 2642 2539 obedientize
2684 2484 2914 2539 nomine
2968 2482 3289 2549 dubitatur,
3322 2482 3521 2538 audiat
3560 2483 3805 2552 Aposto-

2097 2571 2216 2627 lum
2252 2572 2321 2627 de
2352 2572 2473 2641 ipso
2505 2572 2644 2627 Filio
2680 2572 2776 2627 Dei
2814 2587 2826 2626 :
2859 2592 2885 2620 ‹‹
2934 2572 3021 2625 Ex
3055 2570 3144 2638 iis,
3177 2569 3386 2640 inquit,
3424 2583 3556 2641 quae
3593 2585 3803 2640 passus

2094 2666 2197 2724 est,
2231 2659 2427 2715 didicit
2457 2660 2839 2715 obedientiam
2874 2659 3077 2729 (Hebr.
3106 2674 3161 2725 v,
3195 2658 3268 2728 8).
3301 2678 3329 2707 »

2169 2748 2355 2803 Potest
2388 2748 2581 2818 itaque
2614 2748 2839 2818 conjici,
2887 2750 3025 2817 quia
3067 2747 3283 2818 quibus
3321 2755 3526 2816 praeter
3558 2747 3798 2803 modum

2095 2836 2271 2891 totius
2302 2835 2541 2891 rationis
2586 2836 2722 2891 talia
2764 2837 2989 2891 adnexa
3025 2843 3180 2903 sunt,
3221 2834 3328 2889 ﬁde
3364 2843 3419 2890 et
3470 2835 3675 2891 idcirco
3704 2851 3801 2891 su-

2097 2926 2384 2994 sceptione
2432 2925 2659 2993 penitus
2713 2924 2952 2994 indigna
3006 2933 3160 2980 sunt.
3216 2924 3283 2979 Et
3330 2931 3481 2996 certe
3534 2924 3800 2980 videmus

2097 3011 2404 3083 gemmulis
2432 3024 2499 3066 ac
2527 3011 2784 3080 pernulis
2814 3010 3063 3081 [melius,
3094 3012 3325 3081 perulis,
3357 3010 3413 3065 id
3443 3018 3527 3067 est
3558 3025 3799 3082 marga-

294 3100 553 3170 tingeret.
601 3101 781 3157 Multa
822 3102 974 3158 enim
1027 3103 1150 3158 lieri
1205 3111 1465 3173 possunt,
1527 3119 1643 3159 non
1693 3112 1808 3160 tam
1860 3104 1989 3175 ejus
2028 3117 2068 3172 ε
2100 3100 2239 3155 ritis.
2291 3100 2410 3156 Gal.
2449 3098 2659 3171 perles]
2708 3100 3140 3170 peregrinorum
3189 3099 3447 3155 littorum
3502 3100 3801 3156 undecun-

293 3189 514 3257 merito,
559 3204 658 3260 per
695 3204 868 3261 quem
906 3199 1287 3263 prterogatur,
1328 3205 1506 3263 quam
1546 3192 1699 3249 illius
1746 3193 1839 3249 cui
1882 3193 1990 3248 im-

294 3278 588 3349 penditur.

363 3372 510 3422 858
568 3368 596 3435 §
624 3368 724 3423 ΙΙΙ.
761 3370 833 3422 In
864 3366 1113 3423 Lunensi
1139 3369 1278 3423 urbe
1314 3385 1460 3441 puer
1494 3369 1728 3425 nuntiat
1763 3370 1993 3442 piratas

291 3456 492 3510 adesse
508 3455 571 3510 in
587 3458 762 3527 portu
774 3456 911 3510 dum
929 3455 1138 3528 vigilia:
1158 3457 1399 3514 Natalis
1417 3458 1650 3514 Domini
1659 3463 1990 3531 agerentur.

292 3544 429 3612 (Isa.
462 3559 557 3611 xu,
600 3547 675 3614 l).
709 3575 776 3585 —
808 3544 969 3611 Quod
1013 3546 1069 3600 in
1108 3546 1359 3602 Lunensi
1406 3548 1551 3603 urbe
1585 3551 1691 3614 (30)
1727 3555 1860 3603 ante
1887 3562 1994 3604 an-

291 3646 396 3688 nos
416 3632 637 3701 aliquot
662 3632 967 3702 contigisse
996 3633 1372 3704 dignoscitur.
1399 3635 1625 3706 Vigiliaa
1645 3635 1863 3691 Natalis
1894 3638 1995 3691 Do-

293 3720 433 3777 mini
462 3734 497 3775 a
521 3720 669 3775 ﬁdeli
690 3720 903 3790 populo
933 3720 1071 3777 inibi
1104 3723 1452 3793 agebantur.
1487 3724 1721 3779 Interim
1752 3725 1995 3794 piratica

294 3808 493 3864 classis
555 3809 743 3878 portui
809 3809 1183 3878 allabebatur,
1218 3812 1317 3881 qui
1379 3811 1703 3882 appellatur
1735 3814 1990 3881 Veneris,

294 3898 499 3955 urbem
530 3895 947 3967 depopulatura
976 3900 1288 3969 repentinis
1322 3901 1670 3967 incursibus,
1717 3902 1855 3958 dum
1905 3918 1994 3960 res

295 3994 469 4041 noctu
500 3985 697 4041 divina
743 3987 1121 4056 protenditur.
1166 3990 1388 4044 Interea
1435 3989 1573 4044 dum
1613 3988 1799 4047 citatis
1834 4006 1990 4063 myo-

295 4074 608 4143 paronibus
632 4076 911 4131 vadosum
943 4085 1371 4145 praeproperam
1400 4077 1657 4134 scindere
1685 4088 1868 4136 rostra
1896 4096 1995 4137 sa-

295 4162 517 4228 lum,in
544 4162 783 4219 ecclesia
802 4163 1115 4219 cathedrali
1141 4178 1286 4232 puer
1317 4165 1559 4233 primam
1582 4168 1770 4224 nescio
1801 4182 1875 4224 an
1900 4184 1993 4227 se-

296 4250 547 4307 cundam
583 4252 751 4320 primi
778 4250 1051 4305 nocturni
1081 4250 1379 4306 lectionem
1422 4251 1709 4321 pulpitum
1740 4254 1995 4311 lecturus

296 4339 572 4395 ascendit.
615 4338 879 4408 Cumque
925 4338 1317 4395 benedictione
1364 4349 1629 4411 suscepta
1670 4343 1998 4399 adoriretur

2098 3205 2214 3261 que
2243 3195 2535 3255 ornatum,
2575 3202 2646 3243 ex
2690 3187 3035 3258 antiquitate
3077 3188 3263 3243 dentis
3304 3187 3638 3244 memoriam
3678 3203 3798 3245 non

2098 3280 2324 3334 dentem
2370 3291 2493 3333 esse
2544 3276 2855 3332 traditione
2922 3285 3279 3346 susceptum,
3332 3283 3387 3332 et
3444 3277 3586 3347 quid
3644 3278 3799 3334 intra

2098 3363 2245 3419 idem
2279 3363 2695 3433 phytaeterium
2737 3364 2909 3420 lateat
2956 3379 3070 3420 non
3108 3365 3499 3433 experimento
3539 3379 3799 3435 praesen-

2098 3452 2264 3519 tium,
2315 3453 2412 3507 sed
2458 3451 2563 3508 sibi
2614 3453 3041 3509 succedentium
3090 3453 3210 3508 sola
3260 3454 3481 3510 ratione
3537 3455 3789 3525 probari.

2098 3540 2464 3598 Venerantur
2507 3555 2643 3611 ergo
2697 3541 2805 3611 ipsi
2859 3541 3124 3597 bifariam
3172 3541 3271 3597 illa
3319 3557 3450 3612 quae
3503 3544 3792 3613 nesciunt,

2099 3629 2238 3685 dum
2292 3643 2389 3684 eos
2436 3642 2670 3698 prorsus
2727 3630 2861 3685 latet
2920 3630 3077 3699 quod
3131 3643 3275 3686 auro
3330 3630 3427 3686 illo
3484 3645 3551 3687 ac
3607 3631 3798 3702 lapide

2099 3718 2412 3784 clauditur,
2457 3725 2511 3774 et
2570 3718 2730 3773 nullo
2780 3718 2947 3774 modo
2997 3727 3261 3775 constare
3310 3721 3585 3789 praevalet
3634 3722 3795 3793 quod

2098 3806 2388 3862 continere
2420 3807 2581 3862 theca
2614 3807 2736 3876 ipsa
2756 3814 3013 3876 putatur.

2169 3898 2196 3963 §
2236 3896 2303 3952 V.
2350 3895 2571 3950 Nullas
2608 3896 2871 3965 corporis
2917 3895 3060 3950 Filii
3108 3895 3202 3951 sui
3236 3896 3517 3969 reliquias
3550 3899 3799 3969 posteris

2097 3984 2448 4039 conservavit
2478 3984 2545 4038 Β.
2578 3984 2772 4056 Virgo.
2812 4015 2881 4025 —-
2910 3986 3098 4041 Matri
3135 4001 3257 4041 sua
3296 3987 3567 4044 Salvator
3603 3988 3797 4059 primo

2097 4089 2212 4127 non
2230 4075 2499 4144 apparet,
2528 4071 2665 4143 quia
2692 4076 2843 4127 certo
2870 4075 3341 4131 resurrectionem
3381 4075 3514 4147 ipsa
3542 4076 3792 4132 tenebat.

2101 4192 2171 4202 —
2216 4162 2604 4231 Imputabitur
2644 4161 2842 4231 itaque
2872 4162 3099 4232 gMariae,
3141 4165 3296 4234 quod
3326 4179 3458 4235 quae
3489 4166 3639 4235 apud
3668 4166 3797 4223 illos

2103 4250 2301 4307 haberi
2331 4250 2629 4317 dicuntur,
2684 4251 2804 4306 sola
2861 4265 3094 4307 servare
3140 4252 3426 4322 potuerit?
3456 4254 3607 4325 Ergo
3643 4269 3789 4312 eam.

2100 4353 2235 4409 quae
2266 4352 2338 4394 ex
2369 4340 2483 4394 Deo
2524 4352 2701 4409 supra
2730 4354 2957 4395 omnem
2997 4341 3314 4411 angelicam
3363 4342 3793 4414 humanamque

296 4427 484 4498 legere
519 4441 533 4480 ;
564 4447 592 4473 ‹‹
629 4424 1034 4494 Consolamini,
1067 4426 1465 4495 consolamini,
1502 4431 1707 4500 popule
1746 4445 1927 4490 meus,
1958 4452 1988 4482 »
2030 4416 2074 4470 D
2105 4436 2375 4484 naturam
2405 4434 2616 4483 statum
2649 4427 2776 4484 Filii
2802 4431 2892 4484 sui
2920 4428 3184 4485 futurum
3216 4430 3569 4501 agnoscerit,
3617 4432 3794 4489 nimi-

294 4515 445 4571 illico
465 4528 537 4570 ex
549 4516 676 4585 ejus
692 4528 789 4570 ore
809 4513 1055 4583 Spiritus
1066 4523 1301 4571 sanctus
1320 4517 1837 4589 subdistinguendo
1857 4520 1993 4576 sub-

290 4603 427 4675 jecit
452 4602 648 4659 dicens
682 4624 703 4651 ι
727 4602 811 4658 Ad
835 4612 1060 4673 portum
1094 4603 1329 4660 Veneris
1358 4604 1651 4663 Salandra:
1679 4607 1996 4679 (Salandrae

295 4699 489 4749 autem
514 4705 691 4747 naves
711 4691 989 4747 dicuntur
1009 4705 1043 4746 a
1060 4692 1324 4747 saliendo
1346 4697 1597 4763 vocatae).
1632 4716 1654 4743 ι
1680 4695 1841 4763 Quod
1862 4710 1996 4752 cum

294 4781 368 4837 ab
395 4780 666 4837 omnibus
694 4795 809 4837 non
842 4780 1218 4849 mussitando,
1252 4782 1348 4837 sed
1382 4783 1685 4852 strependo
1723 4784 1898 4853 repeti
1928 4798 1997 4840 ac

291 4869 504 4941 corrigi
522 4870 842 4940 juberetur,
877 4882 1022 4939 puer
1075 4883 1228 4939 saepe
1253 4884 1494 4927 numero
1522 4871 1718 4927 eadem
1750 4872 1996 4942 replica-

292 4959 398 5015 vit.
430 4959 563 5014 Mox
608 4958 863 5014 decanus
902 4957 1168 5014 Ecclesiae
1205 4967 1481 5029 concepta
1516 4960 1652 5015 dicti
1690 4962 1990 5030 sententia,

297 5046 534 5116 populos
590 5046 649 5101 in
698 5059 862 5101 arma
925 5047 1296 5114 consuscitat,
1364 5055 1419 5103 et
1469 5055 1700 5117 portum
1755 5049 1995 5106 Veneris

295 5135 454 5191 adire
480 5133 735 5189 mandat.
781 5134 904 5188 Illic
933 5133 1155 5204 ingenti
1200 5135 1437 5191 classico
1482 5136 1801 5206 appellente
1842 5139 1992 5197 litto-

294 5222 457 5278 ribus
486 5220 657 5276 obvia
696 5220 871 5275 turba
906 5220 1136 5290 resistit,
1175 5229 1230 5278 et
1273 5224 1475 5280 urbem
1513 5238 1617 5279 nec
1648 5238 1807 5281 mora
1861 5241 1989 5298 per-

293 5309 619 5366 vadendam
656 5321 730 5364 ex
785 5308 899 5364 Deo
946 5318 1188 5380 armata,
1231 5312 1389 5368 hoste
1439 5311 1589 5379 fuso,
1633 5316 1989 5385 praemuniit.

295 5400 449 5469 Ergo
495 5397 644 5453 sicut
700 5396 774 5452 ad
828 5397 1096 5454 meritum
1146 5400 1543 5471 proloquentis
1588 5400 1750 5471 pueri
1795 5400 1991 5457 neuti-

295 5499 473 5558 quam
502 5485 793 5556 pertinuit,
829 5486 909 5542 ita
943 5487 1230 5544 multoties
1267 5502 1383 5543 non
1431 5503 1533 5560 per
1571 5504 1727 5557 eum,
1771 5503 1805 5544 a
1845 5504 1991 5560 quo-

367 5645 473 5714 (30)
506 5641 713 5715 Vulgo,
741 5643 906 5713 Luni,
930 5644 1173 5701 Etruriae
1194 5644 1470 5714 oppidum
1501 5645 1574 5702 ad
1605 5659 1763 5701 mare
1790 5645 1987 5717 situm.

2104 4528 2237 4573 rum
2285 4529 2462 4586 quam
2488 4529 2667 4587 supra
2709 4531 2877 4573 omne
2915 4517 3070 4588 quod
3100 4526 3183 4575 est
3217 4527 3343 4588 post
3374 4519 3581 4575 Filium
3612 4520 3779 4589 Spiri-

2104 4613 2199 4661 tus
2230 4612 2483 4673 sanctus,
2515 4604 2803 4673 imbuerit,
2857 4607 3147 4677 quomodo
3185 4608 3617 4664 resurrectionis
3657 4609 3792 4665 ordo

2105 4693 2371 4750 latuerit?
2409 4692 2464 4749 Si
2501 4693 2655 4750 enim
2710 4694 2988 4761 latuisset,
3029 4696 3272 4766 dignum
3310 4696 3559 4767 profecto
3594 4695 3793 4754 fuisset

2103 4790 2187 4852 ut,
2239 4784 2672 4840 resurrectionis
2712 4798 2831 4840 suae
2862 4783 3032 4839 fidem
3066 4783 3349 4852 facturus,
3399 4782 3505 4853 ipsi
3545 4781 3791 4852 primum

2102 4880 2423 4943 appareret.
2456 4872 2568 4941 ipsi
2602 4886 2741 4927 vero
2782 4886 2967 4943 quare
3005 4879 3329 4941 appareret,
3371 4886 3505 4942 qua;
3534 4883 3792 4927 resurre-

2101 4965 2333 5015 cturum
2367 4958 2604 5016 indubie
2633 4958 2800 5015 scivit
2832 4965 3148 5028 antequam
3186 4966 3479 5027 pateretur
3514 4971 3582 5013 ac
3612 4971 3795 5012 resur-

2102 5048 2295 5118 geret?
2327 5048 2392 5102 Et
2420 5061 2558 5103 sane
2600 5047 2818 5102 dictum
2862 5047 3084 5102 scitur:
3115 5066 3144 5095 «
3174 5047 3379 5113 Tuam,
3431 5046 3639 5116 inquit,
3681 5045 3795 5100 ani-

2100 5150 2254 5192 mam
2286 5135 2659 5206 pertransibit
2698 5136 2928 5206 gladius
2968 5135 3117 5206 (Luc.
3160 5150 3316 5202 xxxx,
3349 5137 3458 5206 57).
3493 5157 3522 5185 ι)
3556 5135 3711 5192 Unde
3738 5142 3791 5190 et

2099 5231 2394 5292 eventum,
2448 5232 2503 5281 et
2560 5224 2629 5280 de
2686 5239 2751 5280 eo
2794 5224 3152 5294 loquentium
3200 5224 3378 5281 verba
3427 5237 3786 5292 conservans,

2100 5314 2425 5370 conferebat
2466 5315 2523 5369 in
2560 5313 2728 5369 corde
2766 5328 2872 5369 suo
2925 5312 3119 5381 (Ibid.,
3164 5313 3269 5383 l9).
3316 5313 3423 5370 Cui
3457 5314 3611 5369 enim
3649 5312 3793 5370 [idus

2100 5415 2271 5457 nemo
2301 5402 2641 5469 habebatur,
2675 5401 2769 5457 cui
2817 5408 3033 5457 tantam
3074 5415 3193 5458 rem
3240 5402 3516 5466 crederet,
3560 5414 3675 5456 non
3700 5401 3791 5455 in-

2099 5490 2406 5546 concinum
2460 5491 2663 5560 utique
2718 5496 2859 5558 erat,
2917 5498 2981 5546 ut
3037 5504 3144 5546 sua
3199 5490 3352 5560 apud
3399 5504 3459 5546 se
3514 5503 3680 5546 sensa
3740 5498 3793 5547 et
