3936 6420
112 422 211 474 665

1166 417 1260 472 DE
1302 416 1722 472 PIGNORIBUS
1761 415 2204 474 SANCTORUM.
2231 418 2446 472 —LlB.
2487 419 2576 472 ιν.

3528 427 3630 478 666

109 557 343 619 experta
395 555 739 620 contegeret.
798 550 942 605 Cum
1011 561 1147 618 ergo
1199 561 1388 617 neque
1451 546 1571 617 ipsa
1626 547 1806 603 futuri
1840 547 1889 604 0
1917 551 2019 602 est.
2052 577 2122 588 —
2152 549 2324 603 Porro
2345 549 2414 604 de
2447 548 2666 605 caeteris
2696 549 3026 618 definimus,
3059 550 3202 621 quia
3252 553 3298 607 si
3345 553 3403 608 in
3452 568 3632 610 cano-

111 647 290 695 status
318 637 452 709 ejus
479 652 593 694 non
620 637 843 706 ignara,
877 649 1064 706 neque
1096 635 1252 690 ullus
1279 635 1382 705 qui
1425 650 1558 691 eum
1591 648 1624 690 a
1654 650 1810 690 com-

111 729 271 785 muni
323 727 628 783 hominum
677 739 864 782 massa
907 733 1242 790 secerneret,
1287 725 1410 780 hiec
1455 726 1691 794 posteris
1722 739 1810 782 re-

112 816 376 882 servarit,
409 827 844 886 supervacanea
874 813 1110 869 omnino
1155 814 1480 869 habeantur
1522 829 1811 884 quaecun-

113 921 221 977 que
274 907 412 976 quis
469 907 537 961 de
589 919 824 974 corpore
878 912 1036 959 tanto
1087 904 1538 973 praesumpserit.
1582 907 1812 959 Constat

115 1009 368 1066 namque
401 995 556 1065 apud
588 1009 692 1050 nos
723 993 970 1063 Apostoli
1014 1002 1301 1061 quantum
1347 993 1536 1047 brevis
1587 1000 1811 1048 tantum

115 1094 238 1141 rata
267 1085 569 1149 sententia,
604 1083 743 1154 quia
771 1097 980 1152 corpus
1005 1082 1153 1137 idem
1188 1082 1597 1136 annuntiatum
1625 1089 1709 1136 est
1739 1081 1813 1137 ab

115 1172 352 1244 angelis.
407 1173 782 1242 praedicatum
829 1180 911 1228 est
944 1171 1003 1227 in
1047 1171 1283 1237 mundo,
1325 1178 1684 1240 assumptum
1731 1178 1814 1226 est

114 1261 171 1315 in
198 1260 381 1331 gloria
411 1262 460 1331 (1
497 1259 642 1314 Tim.
675 1276 753 1327 ιιι,
791 1262 896 1329 16).

181 1351 275 1404 Ex
292 1349 560 1422 reliquiis
572 1352 900 1404 sanctorum
915 1351 1189 1420 questum
1199 1346 1485 1419 persequi,
1504 1347 1816 1419 profanum

1921 635 2094 690 nibus
2122 643 2358 690 cautum
2405 643 2489 691 est
2522 651 2592 692 ne
2630 637 2866 706 quando
2909 638 3264 707 martyribus
3308 654 3624 696 connume-

1925 731 2083 779 retur
2107 724 2155 778 si
2197 725 2330 793 quis
2384 725 2530 780 inter
2578 726 3062 796 confringendum
3094 727 3244 782 idola
3271 727 3626 796 (perimatur,

1923 813 2034 868 alio
2058 813 2211 868 enim
2241 814 2474 868 forsitan
2505 829 2699 870 errore
2725 815 3039 877 diducitur,
3075 823 3138 870 ut
3170 816 3368 871 nullus
3417 831 3626 886 quam-

1922 903 2010 956 vis
2040 903 2258 957 bonum
2299 903 2368 956 ad
2423 907 2668 971 speciem
2718 903 2919 959 habitu
2958 903 3218 970 efferens,
3273 919 3374 973 pro
3427 913 3626 960 sancto

1924 991 2087 1046 facile
2123 991 2421 1054 habeatur,
2467 991 2576 1047 nisi
2612 1008 2847 1063 quoquo
2894 1001 3057 1062 pacto
3101 1007 3166 1048 ex
3221 993 3419 1048 divina
3474 1007 3632 1049 reve-

1923 1080 2135 1135 latione
2171 1081 2464 1149 probetur.
2523 1080 2817 1148 Quaestum
2891 1089 3084 1138 autem
3147 1097 3221 1138 ex
3294 1090 3627 1138 sanctorum

1923 1170 2012 1226 vel
2081 1169 2533 1237 circumlatione,
2605 1172 2692 1226 vel
2767 1171 2982 1226 ossium
3044 1185 3246 1226 eorum
3305 1170 3628 1226 ostensione

1927 1271 2207 1328 quaerere,
2266 1271 2443 1326 quam
2533 1259 2835 1327 profanum
2905 1260 2978 1314 sit
3055 1260 3269 1326 discite,
3335 1260 3378 1315 si
3446 1259 3632 1315 velitis

1927 1360 2092 1417 aeque
2120 1353 2348 1401 sanctos
2371 1347 2796 1419 avaritiamque
2823 1355 3043 1404 taxare.

1250 1604 1702 1689 LIBER
1796 1602 2509 1700 QUARTUS.

1420 1797 1526 1862 DE
1576 1796 1655 1862 IN
1665 1794 1990 1861 TERIORI
2041 1795 2322 1862 MUNDO

654 2059 890 2116 CAPUT
930 2057 1232 2114 PRIMUM.

175 2158 332 2208 850
365 2153 396 2220 §
422 2151 467 2207 Ι.
502 2151 617 2204 Res
645 2151 910 2204 terrena:
941 2146 1212 2200 abdicare
1231 2144 1395 2199 debet
1427 2142 1528 2214 qui
1550 2144 1809 2196 contem-

101 2241 355 2315 plationi
408 2257 472 2295 se
533 2238 766 2294 addicit.
827 2267 895 2277 —
949 2235 1243 2291 Interioris
1294 2233 1494 2288 mundi
1569 2239 1807 2298 statum,

103 2346 279 2405 quem
325 2329 472 2386 visio
509 2337 751 2385 externa
791 2341 904 2381 non
949 2325 1118 2394 capit,
1155 2322 1492 2393 imaginatio
1527 2321 1644 2376 ulla
1692 2335 1809 2376 non

103 2420 373 2490 concipit,
409 2418 531 2474 sola
560 2419 837 2473 nimirum
880 2415 1067 2471 virtus
1107 2411 1601 2481 contemplationis
1644 2410 1812 2466 attin-

104 2513 202 2582 git.
235 2510 348 2568 Ubi
379 2509 534 2565 enim
561 2507 705 2562 nihil
747 2505 1054 2571 materiale,
1099 2517 1204 2558 nec
1250 2502 1405 2573 quod
1452 2499 1809 2556 sensualitati

103 2600 407 2671 subjaceat
432 2597 744 2662 invenitur,
781 2609 897 2650 uno
932 2595 1100 2663 plane
1135 2590 1638 2647 intellectualitatis
1671 2604 1808 2645 acu-

105 2691 259 2747 mine
288 2691 676 2758 penetratur:
718 2685 816 2740 illo
851 2683 1050 2754 procul
1089 2681 1266 2737 dubio
1316 2695 1430 2736 uno
1469 2679 1654 2746 oculo,
1715 2679 1810 2735 illo

105 2793 225 2835 uno
255 2775 390 2833 colli
419 2774 509 2830 sui
539 2773 717 2840 crine,
751 2772 808 2827 id
835 2778 918 2828 est
945 2771 1116 2826 unica
1153 2779 1209 2825 et
1240 2767 1576 2824 indivisibili
1606 2768 1813 2838 cogita-

104 2868 334 2923 tionum
395 2863 708 2919 intentione
763 2867 819 2916 et
888 2859 1252 2924 cohibitione,
1314 2871 1434 2928 qua
1489 2871 1701 2926 sponsa
1752 2857 1812 2912 in

101 2955 362 3011 Canticis
425 2965 633 3022 sponso
712 2949 1068 3019 potissimum
1146 2947 1369 3017 placere
1453 2945 1812 3016 dignoscitur

100 3045 306 3113 (Cant.
342 3056 422 3111 iv,
454 3041 532 3108 9).
567 3039 747 3108 Cujus
777 3037 1056 3092 intuitum
1104 3035 1252 3090 sicut
1284 3035 1342 3090 iu
1378 3035 1444 3090 iis
1492 3033 1812 3089 tractabili-

97 3132 209 3187 bus
241 3130 458 3186 habere
488 3143 604 3184 non
652 3140 975 3197 possumus,
1030 3125 1107 3179 ita
1158 3125 1412 3180 locorum
1465 3136 1724 3192 corpora,
1758 3129 1812 3177 et

99 3220 222 3275 loca
256 3230 570 3288 corporum
602 3215 661 3270 in
712 3215 868 3270 illius
916 3213 1369 3269 consideratione
1405 3212 1616 3268 sentire
1668 3226 1811 3266 neu-

97 3308 330 3378 tiquam
392 3305 778 3376 pervalemus.
845 3303 1004 3359 Sicut
1049 3302 1108 3358 in
1165 3301 1422 3372 qualibet
1475 3302 1705 3370 pagina,
1766 3299 1811 3354 si

99 3397 452 3454 sententiam
503 3392 1011 3462 contemplativam
1065 3391 1392 3455 attenderis,
1451 3389 1578 3445 aliis
1631 3389 1813 3445 oculis

99 3487 349 3551 litteras,
398 3483 617 3554 quibus
646 3482 930 3537 sententia
973 3480 1322 3544 continetur,
1380 3478 1630 3548 inspicis,
1689 3478 1815 3532 aliis

98 3577 211 3632 hoc
240 3575 460 3645 ipsum,
505 3571 661 3643 quod
688 3571 810 3627 sola
855 3569 1074 3626 ratione
1125 3569 1436 3639 colligitur,
1471 3567 1816 3637 contempla-

102 3680 200 3721 l'lS.

171 3755 260 3810 Ad
297 3753 426 3808 haec
449 3757 642 3807 autem
675 3750 763 3806 vis
794 3747 1273 3818 imaginationum
1294 3746 1458 3803 nulla
1495 3761 1554 3802 se
1575 3746 1811 3814 confert,

101 3843 246 3914 quia
282 3842 390 3899 ubi
412 3854 516 3896 nec
539 3837 948 3909 temporalitas,
973 3851 1077 3893 nec
1115 3836 1519 3906 temporalitati
1564 3836 1817 3890 obnoxia

101 3933 286 3990 moles
347 3930 550 3999 aliqua
607 3926 784 3984 menti
846 3941 904 3983 se
955 3927 1181 3998 ingerit,
1242 3925 1385 3980 nihil
1442 3924 1656 3990 visum,
1715 3931 1816 3980 aut

101 4022 261 4092 quod
285 4019 475 4076 videri
506 4017 700 4087 possit,
732 4017 990 4072 exterius
1019 4017 1077 4070 in
1110 4029 1169 4070 se
1198 4014 1467 4070 admittit.
1503 4013 1639 4080 Quae
1660 4013 1814 4068 enim

101 4109 342 4167 nonnisi
404 4108 616 4163 formas
699 4115 756 4163 et
814 4104 1284 4176 corruptibilium
1341 4103 1814 4159 consuetudinem

100 4198 327 4268 recipit,
364 4209 589 4266 semper
629 4195 922 4251 tenuitatis
972 4193 1274 4263 impatiens
1328 4192 1675 4248 usitatarum
1734 4205 1819 4246 re-

101 4303 237 4345 rum
276 4284 669 4342 recordatione
715 4283 1034 4354 grossescit.
1089 4281 1247 4346 Quod
1293 4281 1340 4337 si
1374 4281 1446 4335 ad
1497 4281 1818 4351 quamlibet

100 4378 355 4446 speciem
403 4372 737 4430 subtilitatis
787 4371 922 4428 velit
981 4371 1143 4435 eniti,
1203 4385 1316 4426 non
1377 4369 1488 4424 nisi
1563 4379 1817 4425 externae

101 4464 348 4522 visionis
377 4469 618 4518 extrusa
667 4459 991 4529 frequentia
1037 4459 1107 4514 ad
1141 4458 1547 4514 intellectualia
1598 4458 1816 4513 discer-

102 4553 303 4610 nenda
349 4551 501 4607 valet
540 4549 775 4605 intendi.
825 4549 965 4604 Inde
1012 4556 1067 4604 et
1110 4547 1306 4603 clauso
1352 4547 1497 4602 ostio
1539 4547 1819 4618 jubemur

1849 2054 1890 2108 Β
1924 2059 2171 2121 portant.
2204 2053 2348 2109 Cum
2377 2054 2532 2112 enim
2559 2055 2618 2110 in
2650 2056 2750 2112 Dei
2798 2057 3018 2114 visione
3061 2059 3338 2121 Ezechiel.
3383 2067 3440 2116 et
3484 2076 3624 2117 ven-

1918 2149 2041 2197 tum
2065 2143 2313 2199 turbinis
2331 2151 2386 2199 et
2408 2144 2758 2214 aquilonem,
2783 2147 2994 2202 nubem
3023 2162 3308 2218 magnam
3330 2157 3384 2204 et
3431 2150 3624 2221 ignem

1919 2231 2326 2296 involventem,
2379 2232 2736 2301 splendorem
2787 2235 2844 2289 in
2890 2235 3158 2301 circuitu,
3207 2245 3462 2306 quatuor
3508 2239 3626 2293 ani-

1920 2320 2093 2374 malia
2119 2321 2506 2390 quadrifidam
2540 2322 2810 2377 habentia
2850 2324 3087 2392 speciem
3114 2325 3336 2393 (Ezech.
3379 2343 3417 2390 ι,
3452 2327 3506 2392 4,
3549 2327 3622 2397 5),

1921 2423 2052 2464 cum
2099 2410 2271 2465 etiam
2319 2410 2626 2466 aedificium
2677 2412 2735 2466 in
2792 2421 2984 2468 monte
3023 2415 3212 2469 metiri
3271 2415 3623 2484 conspiceret

1921 2499 2152 2568 (Ezech.
2187 2514 2279 2563 XL,
2304 2500 2382 2567 5),
2411 2500 2552 2570 quid
2588 2500 2746 2557 aliud
2783 2516 2958 2571 quam
2993 2501 3211 2573 effigies
3255 2504 3624 2572 corporalita-

1921 2596 2043 2643 tum
2080 2588 2440 2657 prwscriptas
2461 2590 2722 2660 aspexit?
2765 2591 2846 2646 lbi
2895 2591 3116 2658 limina,
3159 2591 3241 2646 ibi
3284 2601 3480 2661 portae,
3545 2592 3622 2647 ibi

1919 2677 2206 2733 vestibula
2243 2685 2298 2733 et
2342 2678 2622 2745 fenestrae,
2686 2679 2763 2734 ibi
2809 2681 2900 2735 vir
2953 2681 3062 2736 sub
3111 2681 3296 2749 specie
3346 2681 3492 2742 aeris.
3545 2681 3622 2735 ibi

1919 2767 2178 2823 calamus
2207 2766 2620 2837 funiculusque
2651 2769 2948 2833 mensoris,
2981 2768 3123 2835 Quid
3160 2769 3361 2838 plura?
3400 2769 3484 2823 Ibi
3525 2776 3626 2824 aut

1921 2870 2160 2926 corpora
2237 2863 2339 2912 aut
2409 2856 2814 2913 similitudines
2885 2871 3191 2927 corporum
3254 2866 3624 2924 contuentur,

1922 2955 2028 2998 nec
2082 2943 2239 2998 aliud
2281 2943 2576 3014 quidpiam
2633 2946 2984 3014 pervidetur,
3019 2946 3174 3016 quod
3241 2961 3355 3001 non
3413 2946 3626 3003 formas

1923 3031 2290 3100 praesentium
2328 3034 2714 3102 undecunque
2735 3035 3045 3103 resculpat.
3079 3036 3196 3092 Hoc
3231 3037 3428 3101 Isaias,
3471 3037 3626 3092 Jere-

1923 3119 2086 3185 mias,
2121 3120 2338 3186 Daniel,
2363 3129 2417 3177 et
2447 3122 2492 3176 si
2536 3123 2636 3191 qui
2670 3123 2789 3189 alii,
2820 3124 3036 3192 quibus
3075 3138 3135 3178 se
3183 3124 3623 3193 conspicabilem

1925 3215 2232 3284 praebuerit
2260 3215 2430 3281 Deus,
2467 3230 2582 3270 non
2629 3217 2886 3283 veritate,
2939 3218 3033 3272 sed
3080 3217 3260 3287 signis
3306 3231 3374 3273 ac
3423 3217 3626 3287 ﬁguris

1922 3305 2246 3370 enuntiant,
2280 3304 2414 3359 dum
2466 3305 2671 3360 solium
2722 3305 2820 3361 Dei
2859 3321 2916 3361 se
2967 3306 3176 3362 vidisse
3233 3306 3622 3368 declamitant,

1924 3401 1978 3449 et
2008 3394 2128 3448 solii
2171 3395 2411 3463 speciem
2445 3395 2696 3464 saphiro,
2750 3409 2817 3450 ac
2865 3395 3214 3464 chrysolitho
3265 3402 3621 3464 comparant.

1993 3481 2311 3551 Cumiergo
2339 3483 2594 3537 divinam
2637 3482 2880 3539 formam
2923 3492 3024 3539 aut
3071 3484 3191 3555 igni
3247 3491 3621 3554 comportant,

1924 3568 2104 3624 autin
2139 3570 2424 3626 humanas
2447 3572 2811 3628 habitudines
2851 3587 2952 3643 per
2988 3575 3376 3630 membrorum
3423 3574 3624 3642 singu-

1924 3656 2110 3714 lorum
2142 3659 2372 3714 schema
2399 3659 2768 3727 distribuant,
2801 3675 2915 3716 non
2941 3669 3025 3716 est
3060 3661 3133 3716 ibi
3166 3661 3321 3732 quod
3365 3662 3434 3716 de
3487 3673 3627 3716 vera

1924 3747 2328 3816 omnipotentis
2361 3748 2456 3802 Dei
2487 3749 2848 3818 simplicitate
2871 3749 3115 3810 dicatur.
3158 3765 3289 3804 cum
3336 3748 3624 3819 quidquid

1925 3836 1995 3890 de
2035 3835 2132 3890 illo
2186 3836 2652 3907 incirconscripto
2718 3838 2932 3907 agitur,
2989 3839 3384 3907 corporalibus
3433 3851 3625 3908 angu-

1927 3925 2047 3979 stiis
2099 3926 2505 3994 comprehendi
2561 3940 2723 3996 posse
2785 3933 3037 3995 putetur.
3091 3927 3181 3982 Nil
3211 3928 3366 3982 enim
3418 3925 3493 3982 ibi
3541 3934 3625 3982 est

1925 4013 2079 4082 quod
2110 4016 2429 4070 secundum
2478 4015 2786 4085 puritatem
2833 4015 3194 4084 sempiterna
3236 4016 3495 4070 essentiae
3533 4013 3626 4070 di-

1925 4101 2182 4168 ctitetur;
2237 4111 2323 4159 est
2391 4113 2582 4160 autem
2651 4105 2802 4174 quod
2863 4104 3064 4176 figuris
3114 4113 3170 4160 et
3217 4105 3627 4176 aenigmatibus

1926 4191 2066 4246 adeo
2099 4193 2558 4263 praestringatur,
2592 4201 2655 4249 ut
2681 4193 2750 4249 de
2778 4194 2905 4263 ejus
2944 4202 3154 4249 natura
3199 4194 3276 4248 nil
3307 4194 3623 4263 proprium,

1927 4285 2021 4340 sed
2053 4283 2206 4353 quod
2236 4283 2507 4338 membris
2539 4283 2720 4352 ipsius
2758 4283 3060 4354 allegorice
3101 4283 3358 4350 attineat,
3426 4283 3627 4353 praedi-

1926 4381 2104 4428 cetur.
2154 4370 2343 4442 Signis
2390 4372 2570 4442 igitur
2618 4384 2684 4426 ac
2723 4371 2926 4442 ﬁguris
2963 4387 3095 4427 cum
3144 4372 3388 4428 univera
3437 4373 3623 4428 consi-

1927 4469 2100 4527 stant,
2132 4468 2186 4516 et
2219 4461 2272 4515 in
2308 4461 2526 4516 Veteris
2555 4461 2898 4515 Testamenti
2933 4462 3270 4517 auctoribus
3301 4461 3444 4516 nihil
3470 4461 3624 4531 quod

1927 4549 1995 4605 de
2028 4550 2140 4605 Deo
2192 4548 2829 4614 essentiale.credatur,
2869 4549 3115 4604 inveniri
3170 4556 3365 4618 queat,
3423 4557 3626 4618 praeter

103 4656 276 4699 orare
309 4641 537 4696 Patrem
567 4638 794 4707 (Matth.
828 4651 906 4704 χι,
949 4637 1024 4706 6).
1063 4639 1178 4692 Hoc
1209 4643 1264 4691 et
1317 4637 1589 4707 primum,
1622 4645 1677 4691 et
1723 4652 1814 4693 se—
1853 4655 1897 4708 ι)
1931 4637 2071 4692 illud
2115 4653 2126 4691 :
2166 4660 2186 4686 ι
2227 4640 2347 4707 Ego
2369 4652 2498 4692 sum
2526 4637 2627 4707 qui
2649 4652 2798 4692 sum.
2834 4660 2860 4686 »
2894 4638 2963 4693 Et
2997 4653 3009 4692 :
3046 4658 3065 4687 ι
3103 4637 3209 4703 Qui
3240 4645 3323 4692 est
3354 4636 3507 4691 misit
3538 4650 3626 4690 me

103 4731 396 4796 cundum,
447 4735 499 4783 et
551 4726 780 4783 tertium
829 4725 1057 4794 coelum,
1110 4726 1180 4781 de
1227 4741 1342 4796 quo
1377 4725 1683 4794 Apostolus
1723 4725 1822 4792 (II

102 4823 230 4878 Cor.
263 4834 328 4885 ιι,
357 4821 430 4880 9.).
475 4817 594 4872 Hoc
623 4816 802 4886 igitur
829 4815 997 4871 modo
1039 4829 1172 4872 cum
1222 4815 1600 4884 spiritualitas
1649 4815 1816 4884 quasi

101 4910 174 4964 ad
207 4906 509 4979 quoddam
557 4904 867 4960 aethereum
908 4903 1118 4959 cielum
1163 4911 1218 4959 et
1273 4903 1414 4972 sola,
1462 4911 1516 4958 et
1553 4917 1586 4958 a
1644 4912 1816 4959 terre-

101 4997 194 5052 nis
221 4993 505 5051 omnibus
533 4992 864 5049 incomitata
911 4992 1296 5063 progreditur,
1338 4991 1662 5061 specialiter
1699 4992 1814 5061 spi-

98 5084 423 5142 ritualibus
473 5081 798 5152 spiritualia
861 5090 1174 5151 comparat,
1244 5083 1384 5137 dum
1447 5081 1814 5136 intellectuali

98 5173 430 5231 subtilitate
455 5171 824 5240 incorporeas
855 5169 982 5226 illas
1021 5171 1232 5240 species
1283 5171 1485 5226 mundi
1530 5170 1819 5226 interioris

99 5260 431 5320 examinat.

171 5353 200 5418 §
228 5349 300 5404 ll.
345 5345 612 5403 Visiones
624 5345 688 5400 in
713 5345 900 5400 sacris
923 5346 1238 5419 Scripturis
1264 5347 1449 5402 menti
1476 5346 1662 5401 solum
1687 5363 1816 5401 cor-

89 5452 316 5509 porea:
333 5435 608 5506 ingerunt
627 5431 930 5506 imagines.
961 5463 1030 5474 --
1061 5433 1166 5490 Sed
1201 5434 1358 5504 quod
1390 5433 1637 5489 dicimus
1670 5447 1817 5502 pra)-

99 5525 304 5594 pedire
325 5521 500 5578 valde
526 5534 826 5577 sacrarum
851 5521 910 5576 in
941 5521 1128 5578 Veteri
1162 5535 1230 5576 ac
1263 5521 1420 5576 Novo
1459 5521 1820 5577 Testamento

100 5613 403 5669 visionum
457 5609 734 5665 videntur
779 5609 1050 5676 historiae,
1101 5624 1233 5680 quae
1280 5609 1352 5664 ad
1408 5609 1572 5664 illum
1611 5619 1820 5665 evectae

101 5711 326 5758 statum
384 5699 615 5754 nonnisi
655 5712 892 5767 corpore
937 5711 1137 5754 earum
1188 5697 1505 5770 imaginum
1557 5697 1679 5752 visa
1725 5711 1818 5753 re-

1935 4726 2007 4781 ad
2039 4740 2140 4781 vos
2171 4725 2381 4797 (Exod.
2411 4741 2488 4792 ιιι,
2528 4726 2632 4795 14),
2671 4747 2690 4774 ι
2734 4734 2941 4781 caetera
2971 4739 3102 4795 quae
3134 4726 3202 4780 de
3245 4739 3310 4780 eo
3359 4724 3628 4780 feruntur

1924 4817 2218 4884 tantopere
2257 4815 2525 4870 humanae
2557 4814 2988 4870 consuetudinis
3028 4814 3182 4868 dicta
3235 4812 3500 4883 factaque
3538 4826 3626 4868 re-

1926 4903 2136 4966 dolent,
2167 4906 2314 4958 utin
2341 4903 2500 4958 omni
2536 4911 2739 4971 praeter
2782 4911 3072 4970 peccatum
3108 4901 3368 4972 passione
3415 4901 3627 4957 nostris

1927 4991 2186 5047 moribus
2215 4991 2303 5046 vel
2327 4992 2578 5047 motibus
2606 5005 2816 5046 morem
2851 4999 3072 5062 gerant.

2001 5080 2131 5135 Haec
2153 5080 2386 5150 quidem
2420 5080 2572 5149 apud
2603 5080 2874 5149 antiquos
2907 5094 3049 5149 pene
3077 5080 3272 5136 omnia
3305 5079 3627 5151 ﬁguraliter

1926 5169 2231 5239 contigisse
2279 5169 2695 5238 cognoscimus,
2743 5177 3059 5239 testemque
3111 5171 3439 5238 Apostolum
3495 5169 3627 5226 hinc

1929 5258 2207 5313 habemus
2237 5257 2293 5327 (Ι
2322 5261 2445 5314 Cor.
2481 5273 2536 5323 χ,
2572 5258 2675 5326 H).
2715 5257 2821 5312 Sed
2855 5267 2908 5313 et
2949 5258 3007 5312 in
3055 5258 3213 5313 Novo
3267 5259 3629 5314 Testamento

1927 5360 2041 5401 non
2075 5346 2242 5416 longe
2279 5361 2445 5400 secus
2493 5359 2560 5400 ac
2615 5345 2757 5400 alias
2799 5361 2858 5401 se
2900 5360 2992 5401 res
3040 5347 3228 5413 habet,
3280 5347 3418 5402 dum
3465 5360 3626 5416 quaa-

1927 5449 2163 5505 cunque
2204 5440 2354 5489 aco
2402 5434 2462 5489 in
2510 5435 2846 5504 Apocalypsi
2901 5435 3196 5501 dicuntur,
3249 5449 3283 5490 a
3339 5435 3536 5490 formis
3567 5436 3624 5490 in

1928 5523 2088 5578 nullo
2150 5523 2491 5579 extrinsecis
2565 5523 2865 5578 dissentire
2932 5523 3226 5578 videntur.
3287 5523 3420 5579 Vide
3489 5537 3628 5592 ergo

1928 5626 2104 5680 quam
2140 5613 2230 5668 die
2261 5613 2554 5668 Dominica
2583 5619 2638 5668 et
2665 5612 2834 5680 cujus
2868 5625 2936 5665 ac
2981 5611 3027 5665 si
3081 5611 3629 5679 circumscriptionis

1930 5699 2172 5756 formam
2205 5700 2427 5755 viderit.
2468 5701 2537 5756 Et
2577 5712 2939 5769 summopere
2976 5707 3166 5755 tamen
3215 5698 3627 5758 attendendum
