3936 6410
326 411 429 463 667

325 635 412 684 est
446 626 529 683 fui
576 626 634 682 in
667 624 916 696 spiritu?
970 623 1191 680 Scilicet
1235 623 1292 678 in
1347 621 1735 691 spiritualium
1783 629 2028 677 contem-

328 717 597 788 platione.
635 715 701 770 In
735 713 943 783 spiritu
966 713 1121 768 enim
1147 726 1262 767 non
1303 712 1519 777 fuisset,
1566 710 1673 766 nisi
1706 710 1861 780 quod
1903 711 2025 780 spi-

328 805 537 861 rituaie
560 810 665 869 est,
694 803 1073 871 conspicuum
1114 800 1423 855 habuisset.
1456 799 1509 854 Si
1553 813 1690 870 ergo
1723 799 1867 854 nihil
1914 799 2025 854 nisi

329 891 631 963 spirituale
676 891 1054 960 conspicuum
1103 890 1209 944 sibi
1244 888 1373 953 fuit,
1419 887 1560 957 quid
1595 897 1680 943 est
1718 888 1872 958 quod
1916 888 2025 943 nisi

329 980 545 1037 formas
602 992 899 1048 corporeas
937 977 1125 1033 dicere
1167 991 1281 1033 non
1318 976 1524 1046 potuit,
1563 988 1711 1046 quas
1739 976 2027 1032 duntaxat

330 1082 451 1139 prae
481 1067 663 1123 oculis
696 1066 936 1122 habuit?

399 1155 643 1211 Attende
692 1154 889 1224 itaque
943 1152 1156 1209 divina;
1205 1152 1604 1223 descriptionis
1648 1153 1876 1210 nonnisi
1922 1154 2027 1210 hu-

329 1257 567 1299 manum
594 1243 856 1309 modum;
891 1243 1119 1298 attende
1153 1242 1407 1312 gladium
1442 1243 1527 1298 bis
1572 1252 1831 1309 acutum,
1880 1258 2025 1299 can-

328 1331 580 1397 delabra,
610 1334 667 1386 et
712 1330 931 1399 stellas;
976 1338 1050 1397 et,
1103 1339 1167 1387 ut
1205 1331 1278 1386 ad
1333 1331 1593 1387 habitum
1642 1332 1890 1401 redeam,
1935 1332 2023 1387 la-

327 1434 415 1475 nze
469 1418 613 1475 albae
634 1419 883 1488 capillos,
929 1420 1096 1489 pedes
1152 1419 1481 1475 aurichalco
1518 1421 1874 1490 compositos.
1939 1420 2026 1476 Ita

326 1507 663 1563 universum
679 1508 950 1563 volumen
966 1508 1198 1577 evolve;
1224 1521 1513 1578 nusquam
1542 1507 1647 1564 nisi
1686 1509 2025 1565 humanitus

325 1596 477 1652 dicta
509 1596 786 1665 reperies;
820 1610 1113 1665 nusquam
1156 1611 1271 1652 non
1311 1597 1438 1652 dico
1480 1596 1877 1665 substantiale,
1927 1596 2024 1653 sed

324 1685 622 1740 essentiale
653 1685 874 1754 aliquid
900 1685 969 1740 de
999 1686 1111 1740 Deo
1144 1684 1219 1740 ibi
1239 1685 1552 1754 profertur;
1586 1685 1633 1740 si
1663 1686 1804 1755 quid
1831 1694 2021 1741 autem

325 1772 615 1842 prolatum
668 1773 875 1828 ibidem
908 1781 1147 1840 constat,
1202 1773 1383 1829 multo
1421 1773 1824 1844 allegoriarnm
1868 1775 2020 1830 vela-

326 1860 481 1917 mine
532 1860 821 1931 palliatur.
881 1860 1172 1932 Quidquid
1242 1876 1477 1932 quoque
1534 1862 1649 1918 illic
1708 1863 1777 1919 de
1867 1871 2022 1920 statu

325 1956 537 2005 sanctae
573 1949 836 2005 Ecclesiae
894 1958 1301 2020 praacantatur,
1349 1950 1613 2006 coloratis
1659 1952 2025 2007 sermonibus

325 2037 716 2104 inumbratur,
751 2046 806 2093 et
836 2038 964 2094 licet
1021 2039 1122 2108 qui
1184 2038 1411 2105 viderit,
1467 2039 1525 2094 in
1580 2040 1788 2109 spiritu
1847 2040 2023 2096 fuisse

325 2124 570 2193 dicatur,
603 2141 972 2197 quaecunque
1017 2127 1363 2182 intrinsecus
1393 2127 1771 2197 spiritualitas
1818 2128 2022 2184 delite-

325 2223 465 2281 scat,
529 2213 676 2270 nihil
744 2213 854 2270 nisi
917 2215 1310 2284 corruptibilis
1364 2216 1568 2284 speciei
1624 2224 1678 2272 et
1731 2216 2024 2287 corporale

328 2301 715 2371 proloquitur.

395 2390 424 2455 §
456 2390 549 2443 IIl.
580 2392 712 2456 Quae
736 2390 803 2446 in
820 2390 1052 2454 mundo,
1072 2390 1163 2446 nil
1180 2392 1301 2447 nisi
1327 2392 1669 2447 materialia
1689 2397 2018 2465 suggerunt.

324 2505 398 2519 —
426 2478 610 2548 Igitur
672 2474 947 2548 quoniam
1005 2480 1105 2550 qui
1164 2480 1233 2537 de
1281 2481 1646 2550 praesentium
1687 2482 1907 2538 visione
1951 2483 2024 2538 ad

328 2565 555 2622 interna
583 2566 832 2622 videnda
873 2570 1275 2639 commigrant,
1319 2569 1402 2625 nil
1449 2569 1607 2625 aliud
1651 2584 1828 2640 quam
1870 2571 2024 2641 quod

328 2651 387 2708 in
419 2653 635 2709 mundo
659 2663 1078 2711 consueverant
1117 2657 1311 2712 videre
1348 2664 1656 2726 reportant,
1709 2659 1899 2728 putari
1951 2660 2024 2715 ab

326 2741 526 2810 aliquo
555 2750 739 2811 posset
777 2744 931 2813 quod
978 2744 1189 2800 eaedem
1249 2746 1445 2801 formae
1489 2746 1643 2815 apud
1702 2747 2027 2816 spiritualia

329 2829 701 2897 haberentur,
745 2846 877 2901 qua
914 2833 1068 2902 apud
1115 2847 1374 2903 superos,
1435 2835 1546 2890 imo
1593 2835 1748 2905 apud
1794 2835 2022 2905 inferos,

328 2919 483 2989 quod
506 2933 610 2974 nos
630 2934 855 2985 sumus,
894 2921 1093 2977 haberi
1146 2923 1435 2979 videntur.
1479 2923 1617 2990 Quae
1662 2924 2027 2981 uniformitas

326 3007 646 3076 specierum
667 3008 715 3064 si
746 3010 824 3065 ita
846 3016 949 3077 est,
981 3010 1133 3081 quod
1179 3011 1510 3067 nullatenus
1540 3012 1887 3069 credendum
1918 3022 2021 3082 est,

326 3109 465 3166 ergo
485 3096 635 3152 inter
654 3111 864 3166 corpus
897 3106 953 3154 et
987 3098 1256 3169 spiritum
1303 3115 1405 3155 nec
1442 3101 1715 3156 distantia
1754 3116 1858 3157 nec
1902 3102 2025 3158 dis-

326 3182 643 3241 similitudo
678 3193 781 3254 est,
833 3186 965 3254 imo,
1028 3195 1092 3243 ut
1144 3188 1379 3245 brevius
1423 3190 1618 3245 omnia
1662 3192 2022 3260 contraham,

326 3280 477 3328 certe
534 3288 640 3329 nec
692 3275 816 3344 ipsa
870 3275 1247 3344 spiritualitas
1301 3277 1525 3349 aliquid
1587 3286 1691 3335 est.
1756 3279 1811 3335 Si
1868 3281 2025 3336 enim

325 3360 526 3417 nullus
541 3362 817 3418 saeculum
859 3362 1009 3419 inter
1040 3371 1358 3434 utrumque
1381 3366 1621 3436 gradus,
1650 3369 1694 3422 si
1721 3366 1803 3439 [de
1845 3368 2025 3424 altero

328 3449 387 3504 in
417 3449 663 3505 alterum
711 3452 878 3520 quasi
926 3451 998 3507 de
1051 3466 1290 3520 corpore
1337 3454 1618 3510 transitur
1671 3454 1730 3509 in
1791 3470 2022 3526 corpus,

326 3550 634 3606 nunquam
666 3538 737 3593 de
766 3538 1028 3608 praesenti
1063 3539 1169 3595 hoc
1198 3539 1597 3610 qualicunque
1628 3542 1776 3599 bono
1818 3544 2024 3600 transi-

330 3632 425 3681 tur
465 3625 524 3680 in
565 3625 789 3681 melius.
841 3627 995 3682 Bona
1041 3626 1192 3682 enim
1233 3636 1370 3685 sunt
1409 3643 1443 3684 a
1490 3630 1604 3686 Deo
1628 3631 1876 3697 condita,
1928 3632 2025 3688 sed

328 3712 702 3785 imaginaria;
727 3712 816 3769 his
845 3714 1069 3771 utimur
1098 3715 1346 3785 interim,
1376 3717 1555 3774 donec
1586 3717 1699 3774 frui
1748 3719 1919 3775 detur
1957 3720 2026 3776 iis

329 3815 479 3873 quae,
515 3802 586 3859 ob
617 3802 1075 3860 transibilitatem
1109 3804 1335 3874 horum,
1368 3816 1653 3863 vocantur
1679 3816 1914 3863 aeterna.

397 3892 425 3958 §
448 3891 542 3947 IV.
577 3891 688 3957 Qui
714 3890 962 3948 visiones
988 3893 1308 3949 retulerunt
1343 3912 1503 3963 suas,
1541 3895 1833 3968 corporeis
1858 3897 2027 3952 rebus

324 3977 549 4034 similia
593 3979 911 4036 exhibuere.
968 4011 1039 4023 -—
1079 3983 1339 4053 Denique
1391 3992 1448 4040 et
1494 3984 1788 4053 praelibato
1831 3985 2023 4042 sensui

327 4068 509 4124 adniti
537 4069 955 4140 videtur,quod
981 4071 1135 4141 apud
1172 4072 1405 4128 beatum
1449 4086 1653 4143 papam
1687 4073 2025 4145 Gregorium

328 4172 526 4214 omnes
554 4158 653 4228 qui
688 4159 758 4214 de
781 4160 1048 4215 exteriori
1094 4160 1198 4217 isto
1228 4161 1299 4216 ad
1332 4161 1573 4218 interius
1611 4162 1751 4219 illud
1782 4163 2025 4219 redituri

329 4245 725 4316 rapiebantur,
762 4247 987 4304 nonnisi
1018 4248 1086 4304 iis
1114 4248 1325 4306 similia
1349 4265 1481 4321 quae
1502 4251 1592 4308 hic
1630 4260 2022 4321 assueverant,

330 4333 538 4389 vidisse
564 4348 626 4389 se
655 4334 1040 4392 recoluerunt.
1083 4336 1137 4393 Si
1166 4338 1321 4395 enim
1361 4353 1577 4408 pontes,
1614 4339 1660 4397 si
1700 4340 1928 4408 ﬂuvios,
1977 4341 2024 4397 si

330 4420 534 4477 fetores
606 4422 968 4493 sulphureos,
1018 4425 1063 4481 si
1125 4440 1380 4484 amoenos
1450 4437 1725 4498 praeterea
1769 4443 2021 4500 campos,

330 4510 378 4565 si
408 4510 600 4567 aureis
628 4510 919 4568 laterculis
947 4514 1335 4572 exaediﬁcatas
1361 4516 1559 4573 domos
1605 4517 1826 4588 quique
1870 4526 2026 4575 retu-

327 4597 517 4668 lerint,
544 4600 649 4657 hoc
677 4600 952 4661 nimirum
985 4603 1055 4660 de
1104 4605 1466 4662 sinilitudine
1507 4607 1802 4676 praesentis
1843 4614 2026 4664 status

328 4687 648 4746 intulerint.
679 4690 795 4746 Nec
823 4692 1145 4749 secundum
1178 4693 1357 4749 solam
1400 4694 1612 4766 dialogi
1655 4695 1860 4752 seriem
1906 4696 2028 4752 hac

328 4777 625 4849 aliquibus
668 4779 1008 4849 apparuisse
1055 4781 1369 4851 putaveris,
1417 4785 1472 4837 et
1519 4796 1633 4837 non
1691 4785 1881 4852 potius
1926 4799 2028 4854 per

326 4880 526 4924 omnes
551 4881 701 4938 quas
733 4882 822 4924 me
846 4883 962 4924 non
997 4869 1126 4925 dico
1165 4869 1384 4939 legisse,
1440 4870 1539 4926 sed
1582 4871 1753 4928 etiam
1800 4873 2027 4931 audisse

329 4968 687 5011 meminerim
716 4970 985 5012 VlSlOlleS.

398 5041 548 5108 Quid
587 5043 742 5099 enim
781 5045 938 5114 quod
981 5045 1137 5100 Beda
1175 5045 1234 5102 in
1277 5045 1461 5104 Gestis
1518 5050 1834 5121 Anglorum
1888 5052 2027 5108 dum

331 5130 467 5186 hinc
485 5131 729 5196 timoris,
762 5132 899 5188 hinc
927 5133 1123 5203 gloriae
1154 5134 1354 5204 plenas
1381 5150 1501 5193 suae
1526 5139 1676 5209 genti
1714 5139 2029 5210 aliquando

329 5218 726 5276 manifestatas
775 5220 1153 5277 revelationes
1196 5222 1422 5294 intexit,
1457 5227 1620 5283 nulla
1666 5228 1773 5285 nisi
1821 5229 2031 5285 nostris

329 5305 535 5363 usibus
569 5308 1117 5365 convenientissima
1144 5310 1374 5369 dicitur.
1423 5315 1544 5372 Illic
1575 5317 1729 5373 enim
1763 5325 1818 5373 et
1861 5332 2031 5374 mon-

331 5402 433 5463 tes,
503 5403 559 5452 et
611 5396 862 5460 castella,
941 5397 1331 5458 inclementias
1381 5403 1549 5471 aeris,
1614 5413 1675 5461 et
1731 5405 2034 5476 plumbeas

332 5483 741 5541 damnatorum
814 5499 998 5556 arcas,
1061 5488 1277 5546 laceras
1333 5491 1391 5548 in
1463 5494 1645 5563 poenis
1719 5496 2032 5564 positorum

333 5571 523 5641 tibias,
552 5574 819 5643 quaedam
863 5574 984 5631 loca
1040 5578 1343 5647 putoribus
1378 5581 1714 5638 exhalantia
1750 5582 2033 5652 supplicio

330 5661 669 5729 punitorum
756 5673 1049 5737 apparata,
1131 5669 1405 5740 principis
1460 5670 1768 5741 cujusdam
1839 5671 2030 5728 virilia

1242 401 1301 455 ν.
1343 398 1674 458 GUIBEBTI
1712 398 2004 453 ABBATIS
2040 398 2097 453 S.
2139 398 2384 454 ΜΑΒῙΑΞ
2419 397 2510 452 DE
2548 397 2943 456 NOVIGENTO

232 537 239 543 ’
327 538 483 612 quod
508 537 720 593 dicitur
751 550 766 590 :
800 556 829 586 ‹
850 533 961 592 Fui
988 534 1065 589 ’ξπ
1097 532 1310 605 spiritu
1337 534 1544 605 (Apoc.
1574 547 1611 599 ι,
1656 530 1762 602 10).
1802 552 1823 579 ι
1879 528 2026 597 Quid
2061 529 2107 584 Δ
2136 530 2474 600 quotidiana
2501 530 2767 587 animalis
2797 531 2986 587 nescio
3015 530 3189 602 cujus
3222 543 3419 587 morsu
3454 543 3711 597 corrosa,
3745 544 3839 600 pe-

3729 400 3833 453 668

2131 620 2438 675 cuniarum
2485 635 2720 691 quoque
2763 628 3003 688 montes,
3040 619 3214 690 pallia
3255 628 3308 675 et
3357 619 3650 686 oloserica,
3704 633 3835 688 pan-

2133 708 2491 778 nosopipare
2531 717 2732 776 textos,
2786 709 3129 765 multiﬁdam
3171 708 3602 778 supellectilem,
3660 708 3734 763 iis
3780 710 3837 763 in

2133 797 2228 853 illo
2248 798 2515 854 examine
2543 799 2616 854 ad
2646 813 2765 854 suae
2790 799 3178 868 perversitatis
3203 806 3612 869 argumentum
3655 811 3835 867 oppo-

2132 887 2339 954 nenda,
2397 886 2498 957 qui
2561 887 2800 943 libenter
2847 887 3143 955 accipiunt
3198 900 3459 953 munera,
3511 894 3575 942 ut
3619 885 3840 941 scilicet

2132 983 2462 1045 pervertant
2497 975 2737 1046 judicia.
2798 976 2912 1032 Nec
2960 976 3170 1031 desunt
3220 974 3487 1043 exempla
3531 974 3837 1041 moderna,

2129 1078 2263 1119 cum
2292 1064 2336 1119 si
2363 1078 2483 1134 qua
2512 1064 2693 1119 videri
2718 1064 2787 1119 de
2808 1063 3134 1120 animarum
3169 1071 3323 1119 statu
3367 1062 3651 1132 hodieque
3693 1076 3838 1117 con-

2130 1152 2335 1222 tingat,
2359 1166 2394 1207 a
2425 1153 2590 1209 modo
2618 1166 2793 1223 quem
2830 1151 3207 1222 praediximus
3251 1151 3415 1208 nulla
3456 1149 3840 1222 disparilitate

2132 1240 2379 1296 differat.

2201 1330 2312 1397 §V.
2345 1328 2558 1384 Itidem
2604 1329 2885 1385 Dominus
2942 1327 3007 1385 in
3055 1327 3380 1401 Evangelia
3421 1326 3839 1383 ‘materialibus

2128 1417 2318 1475 utitur
2363 1418 2658 1489 exemptis.
2706 1449 2773 1458 —
2817 1419 3001 1489 Super
3038 1418 3159 1473 haec
3195 1426 3384 1472 autem
3426 1417 3617 1472 omnia
3666 1418 3837 1471 Jesus

2132 1506 2250 1576 ipse
2279 1506 2557 1562 Dominus
2585 1506 2726 1577 quid
2761 1505 2867 1562 nisi
2901 1507 3196 1562 materiale
3214 1506 3562 1576 supplicium
3603 1505 3837 1560 minita-

2128 1595 2177 1651 ri
2212 1594 2476 1651 videtur?
2508 1595 2607 1651 Ubi
2635 1595 2786 1652 enim
2813 1595 2976 1667 ligari
3018 1610 3225 1651 manus
3267 1602 3323 1651 et
3353 1595 3520 1665 pedes
3568 1595 3832 1658 mandat,

2133 1683 2191 1738 in
2240 1684 2503 1739 tenebras
2545 1698 2779 1753 quoque
2806 1682 3116 1739 exteriores
3161 1682 3357 1753 projici
3396 1682 3658 1753 imperat,
3713 1682 3835 1737 ibi—

2130 1785 2246 1841 que
2276 1772 2472 1828 iletum
2505 1772 2825 1828 aﬂuturum
2858 1780 2912 1827 et
2950 1772 3247 1827 stridorem
3301 1772 3558 1827 dentium
3616 1771 3836 1840 pariter

2131 1860 2431 1916 denuntiat
2461 1861 2693 1931 (Matth.
2739 1876 2875 1928 xxn,
2930 1865 3037 1931 i3),
3084 1860 3225 1931 quid
3256 1860 3414 1916 aliud
3463 1874 3639 1930 quam
3693 1873 3834 1914 con-

2131 1948 2560 2004 suetudinarias
2590 1949 2754 2005 nobis
2805 1952 3095 2018 passiones
3128 1948 3413 2004 ostentat?
3458 1949 3525 2003 Et
3580 1956 3734 2003 certe
3785 1947 3832 2002 si

2129 2037 2331 2093 vexari
2379 2038 2738 2106 criminosas,
2787 2038 2906 2094 sive
2949 2038 3133 2094 levius
3183 2037 3521 2107 peccatrices
3584 2037 3831 2103 animas,

2128 2125 2327 2181 eodem
2361 2126 2646 2181 materiali
2685 2126 2968 2195 supplicio
3017 2141 3133 2197 quo
3171 2139 3411 2195 corpora
3443 2125 3831 2196 hestimamus,

2130 2228 2246 2270 non
2280 2215 2439 2278 bene,
2457 2214 2628 2284 juxta
2656 2215 3011 2284 Apostoium,
3052 2215 3453 2285 spiritualibus
3504 2214 3837 2285 spiritualia

2131 2316 2535 2372 comparamus
2580 2305 2636 2372 (Ι
2666 2306 2800 2357 Cor.
2841 2319 2901 2370 ιι,
2955 2304 3059 2374 13).
3117 2304 3279 2371 Quod
3321 2312 3511 2360 tamen
3564 2303 3834 2374 exemplo

2132 2391 2421 2462 proposito
2450 2392 2631 2447 satius
2658 2392 3117 2462 comprobamus.

2205 2481 2388 2544 Quam
2424 2480 2595 2535 multi
2639 2481 2708 2534 ob
2749 2485 2978 2535 terrena
3022 2479 3377 2552 acquirendo
3428 2478 3733 2552 suppliciis
3779 2483 3839 2534 et

2132 2567 2421 2623 laboribus
2447 2568 2688 2623 diversis
2721 2586 2846 2623 sese
2887 2569 3211 2624 immolant.
3244 2599 3314 2609 —
3361 2569 3500 2626 Vide
3541 2568 3838 2625 hominem

2134 2656 2363 2712 inﬁnita
2403 2666 2661 2728 quaestus
2697 2659 3004 2727 cupiditate
3047 2658 3363 2725 detentum,
3419 2658 3840 2713 cruentissimis

2133 2753 2200 2802 ut
2227 2746 2422 2814 cupita
2441 2747 2707 2816 acquirat
2738 2747 3055 2803 ambienter
3079 2747 3263 2803 addici
3296 2747 3608 2814 laboribus,
3650 2760 3841 2817 quan-

2134 2840 2193 2889 ta
2223 2833 2370 2889 fame
2408 2848 2528 2889 sese
2574 2835 2895 2901 discruciet,
2944 2835 3181 2905 quantis
3211 2835 3528 2900 insomniis,
3576 2835 3840 2905 quantis-

2134 2936 2248 2993 que
2301 2923 2629 2990 sudoribus,
2692 2930 2756 2979 ut
2809 2930 2960 2979 certe
3011 2924 3180 2980 celeri
3250 2923 3428 2979 vitam
3494 2924 3837 2980 terminaret

2130 3011 2325 3079 exitio,
2374 3012 2420 3066 si
2456 3012 2510 3066 id
2569 3012 2885 3068 tolerantiae
2936 3011 3106 3067 alicui
3156 3011 3585 3082 intorqueretur
3623 3012 3831 3067 invito.

2063 3118 2102 3172 ρ
2132 3098 2289 3166 Quod
2323 3100 2671 3170 perpendere
2723 3115 2797 3157 ex
2825 3101 3182 3170 captivorum
3235 3100 3528 3170 patientia,
3582 3100 3683 3171 qui
3734 3114 3835 3170 pro

2136 3190 2395 3259 pecuniis
2442 3190 2799 3256 cruciantur,
2844 3197 2928 3245 est
2973 3187 3283 3260 liquidum.
3341 3189 3485 3244 Nam
3538 3190 3838 3244 tormentis

2133 3278 2274 3333 adeo
2298 3278 2633 3334 enormibus
2671 3278 2795 3334 illos
2832 3277 3235 3333 excarnificari
3282 3278 3566 3343 videmus,
3606 3277 3839 3348 pollici-

2136 3365 2246 3421 bus
2295 3367 2762 3437 genitalibuSque
2808 3366 3102 3436 suspendi,
3165 3366 3364 3422 dentes
3414 3366 3627 3436 forcipe
3678 3366 3840 3435 erui,

2134 3468 2362 3526 ungues
2400 3455 2557 3526 ligno
2589 3460 2727 3509 ac:
2778 3462 3103 3511 coarctante
3136 3454 3473 3521 comminui,
3503 3454 3685 3512 calces
3715 3455 3842 3511 sale

2136 3543 2305 3600 illitos
2366 3558 2674 3613 caprarum
2737 3544 2938 3615 lingua
2991 3543 3301 3611 sublambi,
3352 3551 3408 3600 et
3460 3543 3583 3600 haec
3636 3544 3843 3599 omnia

2135 3638 2295 3687 tanta
2330 3632 2782 3702 aequanimitate,
2825 3632 2939 3686 imo
2974 3631 3148 3686 animi
3181 3631 3544 3702 jucunditate
3594 3631 3837 3701 perpeti,

2133 3727 2354 3790 quanta
2370 3720 2623 3777 thesauri
2656 3734 2756 3790 spe
2776 3719 3009 3789 repositi
3035 3720 3297 3776 animum
3340 3719 3398 3775 in
3434 3719 3556 3776 suis
3600 3720 3843 3791 angulis

2129 3808 2517 3865 exsultantem
2548 3809 2829 3878 conjicere
2858 3808 3052 3864 valeas
3083 3808 3331 3877 deliniri.

2205 3896 2369 3953 Certe
2416 3899 2622 3953 turrim
2671 3898 2830 3953 mirae
2881 3896 3299 3967 magnitudinis
3344 3897 3576 3968 ignibus
3617 3898 3843 3954 cande-

2130 3994 2384 4042 scentem
2405 3986 2796 4056 experimento
2827 3986 3153 4053 didicimus,
3180 3986 3380 4057 lingua
3396 3987 3705 4057 quemdam
3727 4002 3843 4044 sua

2133 4074 2386 4131 madenti
2430 4088 2665 4144 prorsus
2706 4075 3074 4147 exstinguere
3109 4075 3368 4144 solitum,
3423 4075 3496 4131 ob
3546 4075 3601 4131 id
3656 4076 3843 4132 studii

2135 4162 2493 4219 solummodo
2513 4161 2837 4232 exigentem
2877 4163 3103 4219 nummi
3148 4164 3414 4234 pretium.
3447 4164 3501 4220 Si
3538 4178 3673 4235 ergo
3699 4178 3843 4219 cor-

2135 4264 2269 4323 pore
2297 4250 2470 4307 tantis
2513 4250 2816 4322 proﬂigato
2859 4251 3105 4307 miseriis
3151 4251 3383 4308 animus
3425 4252 3544 4321 spei
3587 4251 3843 4320 zoccultae

2143 4339 2356 4411 gaudio
2408 4339 2705 4395 debriatus
2760 4339 2834 4397 ab
2887 4340 3087 4397 eadem
3138 4340 3393 4397 molestia
3455 4340 3837 4411 conquiescit,

2141 4442 2373 4485 cernere
2400 4427 2458 4483 in
2484 4436 2755 4498 promptu
2781 4436 2867 4484 est
2895 4428 3055 4499 quia,
3092 4429 3241 4486 sicut
3268 4443 3401 4485 caro
3430 4428 3843 4484 vexationibus

2133 4518 2348 4589 agitur,
2375 4517 2570 4573 anima
2598 4517 3021 4588 aliquantisper
3067 4517 3239 4574 tantis
3282 4526 3526 4574 vacante
3580 4518 3840 4574 turbini—

2134 4608 2264 4673 bus,
2296 4607 2378 4662 ita
2402 4620 2638 4676 corpore
2676 4606 3011 4662 nullatenus
3040 4606 3335 4663 molestato
3377 4607 3571 4663 anima
3623 4606 3836 4662 multo-

2134 4697 2237 4754 ties
2253 4696 2631 4753 solatristitim
2663 4696 3029 4765 conceptione
3063 4702 3369 4751 mactatur.

2204 4782 2407 4838 Sancti
2415 4781 3050 4855 martyresspiritualiu
3060 4781 3463 4854 spiritualibw
3471 4787 3836 4853 comparant.

2134 4872 2330 4927 Aliter
2354 4875 2549 4926 autem
2584 4870 2809 4926 desides
2843 4874 2900 4925 et
2955 4871 3288 4943 hypocrita.
3339 4870 3543 4926 Sancti
3581 4871 3695 4926 viri
3736 4874 3844 4942 qui

2130 4962 2451 5034 ponderent
2495 4960 2867 5033 quotidianus
2924 4959 3412 5016 mortiﬁcationes.
3464 4989 3536 5003 -
3582 4960 3843 5031 Corpora

2135 5052 2333 5122 itaque
2372 5050 2787 5120 corporalibus,
2837 5049 3076 5119 spiritus
3121 5050 3539 5119 spiritualibus,
3590 5058 3654 5107 ut
3694 5066 3844 5121 prae-

2135 5140 2421 5207 misimus,
2466 5146 2883 5208 comparantes,
2925 5138 3272 5195 alterutrum
3305 5139 3428 5195 sine
3467 5140 3644 5196 altero
3702 5155 3839 5197 cru-

2138 5244 2231 5285 ces
2259 5241 2396 5284 suas
2427 5241 2527 5297 pro
2579 5226 2698 5282 loco
2740 5233 2795 5282 et
2841 5235 3092 5296 tempore
3140 5226 3381 5282 tolerare
3428 5226 3834 5296 conspicimus.

2138 5317 2302 5385 Quod
2343 5316 2404 5371 in
2428 5315 2641 5372 sanctis
2680 5314 3056 5386 martyribus,
3088 5316 3389 5371 exterioris
3436 5314 3528 5371 sui
3589 5315 3843 5373 hominis

2139 5404 2435 5463 doloribus
2482 5403 2738 5460 interiori
2782 5403 3088 5475 gaudente,
3132 5410 3353 5460 constat
3396 5402 3692 5460 evidenter
3730 5419 3845 5461 ex-

2142 5493 2414 5564 positum.
2460 5491 2816 5547 Altrinsecus
2862 5498 3055 5547 autem
3101 5505 3277 5561 super
3306 5491 3373 5548 iis
3412 5505 3558 5561 quos
3602 5493 3847 5550 acrimo-

2141 5582 2239 5638 nia
2254 5580 2541 5637 consumit
2565 5578 2791 5645 acediae,
2818 5580 3183 5649 perspicuum
3203 5587 3288 5636 est
3312 5579 3548 5650 quantis
3583 5580 3842 5639 lacerum

2142 5674 2344 5742 pectus
2395 5669 2713 5740 disjiciatur
2765 5668 3101 5740 angoribus,
3185 5668 3375 5739 plane,
3448 5676 3511 5725 ut
3578 5678 3842 5742 putatur,
