3936 6424
99 406 188 457 669
1127 402 1218 456 DE
1258 401 1676 458 PIGNOBIBUS
1709 403 2366 459 SANCTORUM.-—LIB.
2402 402 2493 457 IV.

3496 411 3600 468 670

100 545 324 602 corpore
378 532 750 588 extrinsecus
807 531 1086 602 requiete.
1140 531 1314 588 Vides
1369 532 1429 587 in
1489 533 1802 603 hypocritis
1839 541 1886 593 Α
1914 535 2190 590 culariter
2217 549 2419 592 eorum
2459 542 2610 590 tacta
2652 541 2790 590 sunt
2841 535 3033 603 corda,
3085 542 3149 591 ut
3187 537 3350 592 nulla
3387 537 3600 595 eisdem

101 619 327 686 inedias,
400 620 686 692 frigorum
750 620 1102 687 tolerantias,
1162 621 1415 676 interdiu
1460 622 1563 676 vix
1631 629 1792 676 nocte

98 709 392 764 solvendas
429 709 720 776 stationes,
767 716 940 764 noctu
979 709 1145 778 quasi
1180 710 1476 780 pervigilis
1519 709 1794 765 orationis

99 797 380 864 excubias,
414 804 471 852 et
505 798 624 853 hac
657 797 942 853 levissima
971 797 1130 853 ducit
1154 798 1349 868 gloria
1389 798 1576 853 inanis
1608 798 1792 853 avidi-

100 893 194 941 tas.
232 885 549 941 Identidcm
582 901 817 956 quoque
850 886 905 941 in
933 895 1267 942 sanctorum
1301 889 1590 943 mentibus
1619 888 1793 944 efticit

99 974 457 1044 quotidianas
502 989 741 1030 suarum
784 976 1051 1031 carnium
1088 985 1298 1032 mortes
1342 977 1543 1033 breves
1572 992 1640 1033 ac
1667 992 1794 1034 mo-

99 1071 422 1117 mentaneas
473 1063 883 1132 expectationis
921 1077 1188 1133 superna
1228 1067 1501 1120 suavitas.
1563 1066 1793 1122 Constet

98 1166 224 1222 ergo
271 1152 599 1222 probatum,
634 1153 774 1222 quia
825 1152 972 1208 sicut
1013 1168 1182 1224 pana
1229 1154 1509 1211 forinseca
1558 1156 1792 1211 reddere

98 1240 448 1311 dignoscitur
465 1240 816 1296 cadavcrosa
835 1242 1202 1310 corpuscula,
1226 1243 1307 1298 sic
1329 1243 1648 1312 spiritualis
1674 1244 1792 1299 ala-

97 1331 279 1396 critas,
335 1336 438 1384 aut
485 1329 665 1385 latens
710 1329 914 1385 mentis
958 1329 1184 1400 vitium,
1240 1341 1435 1388 nostra
1467 1340 1568 1388 aut
1615 1332 1789 1402 fovet,

97 1427 190 1474 aut
221 1426 344 1488 torq
355 1425 449 1474 uet
479 1417 723 1474 interna.

774 1507 1005 1564 CAPUT
1044 1508 1116 1564 Ιῐ.

159 1597 185 1663 §
215 1596 257 1650 Ι.
289 1596 444 1662 Quae
481 1595 776 1666 prophetas
819 1596 1118 1668 sanctique
1146 1596 1258 1652 viri
1297 1613 1335 1652 a
1374 1599 1496 1653 Deo
1523 1615 1793 1670 accepere

93 1683 344 1750 notitias,
367 1683 702 1754 sapiuscute
720 1684 949 1754 aperire
962 1685 1354 1756 nequiverunt.
1378 1717 1446 1726 -—-
1471 1687 1569 1742 His
1596 1688 1710 1757 itaq
1723 1703 1792 1744 ue

94 1773 195 1829 sub
226 1773 335 1829 ista
360 1772 762 1829 distributione
804 1774 1086 1843 dispectis,
1130 1776 1416 1845 quomodo
1458 1777 1787 1831 animarum

93 1860 372 1930 supplicia
401 1873 435 1915 a
484 1860 780 1916 tormentis
825 1862 1224 1931 corporalibus
1267 1863 1479 1918 distare
1533 1865 1792 1934 putanda

93 1949 219 2016 sint,
270 1957 327 2006 et
367 1962 549 2019 quare
599 1948 718 2018 ipse
756 1949 1054 2015 Dominus,
1095 1964 1163 2006 ac
1205 1951 1388 2007 sancti
1441 1952 1661 2022 quique
1720 1953 1790 2008 de

95 2045 238 2094 statu
293 2037 392 2093 illo
446 2037 588 2092 adeo
637 2038 944 2093 carnaliter
995 2053 1108 2094 non
1157 2039 1281 2094 dico
1334 2042 1633 2107 senserint,
1692 2041 1790 2096 sed

95 2126 360 2192 dixerint,
406 2126 620 2195 pariter
653 2125 1028 2197 attingamus.
1071 2126 1126 2182 Si
1165 2127 1318 2182 enim
1359 2127 1428 2182 de
1467 2143 1639 2184 sensu
1688 2144 1790 2184 eo-

95 2229 214 2270 rum
265 2215 486 2285 agitur,
526 2228 692 2270 sensa
736 2215 1084 2284 prophetica,
1122 2224 1186 2271 ut
1229 2216 1429 2271 seriem
1481 2217 1792 2287 pramissa

94 2303 394 2359 locutionis
447 2316 756 2372 exsequar,
827 2304 1008 2360 multo
1073 2305 1464 2374 spiritualiora
1528 2305 1794 2377 fuerunt,

95 2406 262 2462 quam
317 2391 428 2461 ipsi
476 2391 598 2447 suis
649 2391 948 2448 insinuare
1005 2394 1366 2449 auditoribus
1415 2408 1530 2449 non
1579 2394 1791 2465 dicam,

96 2489 426 2549 potuerunt,
481 2481 576 2536 sed
624 2481 969 2536 debuerunt.
1036 2480 1232 2537 Dicam
1272 2490 1482 2547 tamen,
1534 2483 1688 2552 quod
1735 2491 1792 2539 et

96 2569 326 2624 indubie
357 2583 632 2635 asseram,
663 2569 802 2640 quia
824 2583 927 2624 nec
951 2577 1281 2639 potuerunt,
1312 2584 1416 2625 nec
1441 2570 1788 2627 debuerunt-

96 2656 146 2711 Si
177 2657 332 2712 enim
388 2665 634 2726 possent,
670 2672 801 2728 qua
845 2672 918 2712 ex
968 2667 1129 2727 parte
1174 2658 1243 2712 de
1287 2659 1420 2713 Jesu
1475 2659 1788 2726 nascituro,

97 2752 143 2799 et
168 2745 456 2815 mysteriis
487 2745 750 2801 Ecclesia
783 2754 1082 2809 noverant,
1130 2746 1201 2802 ad
1247 2747 1544 2817 publicum
1578 2763 1790 2818 propa-

98 2835 319 2899 lassent,
357 2836 406 2890 si
435 2849 502 2891 ea
532 2850 663 2906 qua
702 2837 909 2905 partim
959 2836 1066 2892 sibi
1109 2836 1550 2904 interiuxerant,
1595 2839 1791 2908 expri-

95 2924 279 2979 mendi
320 2923 610 2980 licentiam
646 2925 1000 2980 habuissent.

163 3013 326 3068 Unde
385 3013 695 3069 Psalmista
754 3028 868 3069 vox
923 3021 1008 3069 est
1067 3030 1140 3069 τα
1183 3014 1428 3081 Incerta,
1484 3015 1693 3083 inquit,
1739 3023 1794 3071 et

1903 631 2228 692 suppeteret
2283 638 2415 694 qua
2466 623 2729 679 viderant
2775 623 3100 693 explicandi
3148 627 3416 694 potentia.
3480 628 3600 682 lm-

1902 712 2149 780 potentia
2206 721 2398 766 autem
2456 726 2656 767 eorum
2717 712 2796 766 nil
2847 711 3004 766 aliud
3054 727 3229 782 quam
3280 714 3596 770 indebitum

1901 808 2002 854 est.
2039 800 2198 855 Unde
2228 809 2310 855 est
2341 801 2494 869 quod
2537 801 2605 854 de
2652 799 2886 854 Domino
2926 801 3137 856 dicitur
3167 801 3318 870 quod
3371 803 3598 858 nullum

1901 890 2130 959 signum
2164 889 2346 958 potuit
2385 889 2568 944 facere
2623 889 2680 943 in
2715 889 3122 957 Capharnaum
3176 891 3335 956 (Luc.
3382 906 3457 954 1v,
3489 891 3597 962 23).

1901 976 2027 1030 Non
2058 976 2240 1044 potuit
2267 991 2424 1046 ergo,
2463 977 2680 1031 dictum
2718 977 2990 1047 intellige,
3025 992 3138 1033 non
3172 979 3398 1045 debuit;
3433 979 3596 1034 inde-

1903 1064 2084 1118 bitum
2123 1065 2274 1119 enim
2317 1073 2440 1120 erat
2487 1074 2549 1120 ut
2588 1065 2668 1120 eis
2711 1066 3012 1136 signorum
3056 1066 3329 1120 benelicia
3375 1067 3599 1134 impen-

1902 1153 2057 1209 deret
2104 1168 2250 1223 quos
2298 1153 2427 1209 fidei
2466 1168 2586 1209 sua
2627 1154 2915 1224 applicare
2975 1169 3091 1209 non
3147 1161 3385 1223 poterat.
3434 1155 3598 1210 Unde

1900 1251 1954 1296 et
1985 1243 2326 1312 margaritas
2354 1249 2485 1297 ante
2518 1256 2716 1311 porcos
2747 1243 2878 1311 poni
2914 1243 3095 1298 vetuit
3126 1243 3357 1313 (Matth.
3394 1257 3489 1309 vn,
3521 1242 3595 1312 6),

1897 1331 2039 1400 quia
2065 1331 2247 1385 divini
2276 1331 2492 1401 eloquii
2522 1331 2738 1386 candor
2776 1331 3001 1400 spurcis
3033 1331 3323 1387 mentibus
3362 1331 3599 1387 minime

1901 1421 2186 1489 congruit,

1973 1508 2083 1569 §1[.
2140 1507 2346 1560 Probat
2394 1507 2603 1560 iterum
2648 1506 2717 1562 de
2761 1505 3004 1561 scientia
3045 1505 3162 1574 Dei,
3211 1523 3333 1577 qua
3373 1505 3441 1560 in
3464 1522 3597 1562 con-

1901 1595 2271 1666 templatione
2287 1595 2570 1662 hauritur,
2593 1594 2764 1658 Γανιάί
2767 1595 3124 1663 facultatem
3145 1595 3455 1649 humanam
3483 1611 3599 1650 non

1897 1687 2220 1754 suppetere.
2261 1713 2330 1724 -—
2369 1686 2570 1754 Igitur,
2614 1692 2676 1740 ut
2724 1685 2795 1739 ad
2839 1685 3041 1740 seriem
3074 1686 3394 1746 redeamus,
3425 1685 3597 1755 quid-

1901 1774 2041 1844 quid
2074 1787 2108 1827 a
2147 1773 2432 1842 prophetis
2462 1773 2845 1842 corporaliter
2884 1774 2953 1829 de
2997 1775 3109 1828 Deo
3152 1788 3267 1828 non
3304 1781 3418 1828 tam
3469 1788 3597 1827 sen-

1899 1875 2029 1917 sum
2063 1875 2238 1931 quam
2270 1861 2487 1916 dictum
2513 1868 2618 1926 est,
2657 1861 2928 1916 humana
2957 1861 3349 1931 intelligentia
3379 1868 3601 1916 constat

1899 1950 2366 2015 condescensum,
2411 1949 2552 2019 quia
2599 1963 2702 2005 nec
2751 1949 2852 2018 ipsi
2897 1949 3094 2015 verba,
3133 1949 3349 2019 quibus
3387 1947 3598 2002 divina

1897 2039 2156 2094 essentia
2196 2038 2429 2094 modum
2473 2038 3046 2107 comprehenderent,
3094 2037 3355 2091 invenire
3399 2043 3599 2104 potue-

1899 2135 2075 2198 runt;
2107 2143 2210 2183 nec
2233 2127 2334 2182 ulli
2365 2126 2609 2188 animos,
2639 2127 2760 2196 qui,
2795 2140 2925 2196 qua
2947 2126 3277 2181 dicerentur
3299 2123 3371 2192 (si
3396 2123 3503 2178 dici
3528 2122 3600 2177 ab

1900 2216 2094 2287 aliquo
2129 2217 2418 2272 ullatenus
2447 2215 2693 2284 possent)
2727 2215 2984 2270 valerent
3012 2227 3213 2283 capere
3235 2253 3250 2275 ,
3293 2217 3439 2266 302
3490 2212 3600 2266 ha-

1899 2305 2172 2362 buerunt.
2201 2305 2308 2372 Qui
2337 2318 2474 2374 ergo
2499 2303 2705 2370 dicere,
2732 2304 2908 2373 quive
2938 2302 3140 2358 audire
3172 2315 3284 2356 non
3318 2307 3597 2370 poterant,

1903 2396 2104 2450 merito
2133 2407 2308 2463 super
2350 2393 2446 2447 Dei
2493 2399 2704 2446 natura
2747 2391 3012 2447 silebant.
3059 2391 3196 2457 Qua
3242 2396 3433 2444 autem
3489 2387 3601 2442 dici

1900 2484 2208 2539 necessitas
2271 2480 2572 2552 exegisset,
2652 2480 2762 2535 nisi
2824 2479 3237 2535 consuetudine
3303 2475 3604 2532 locutionis

1901 2573 2172 2628 humana
2206 2571 2504 2634 dixissent,
2536 2575 2592 2623 et
2627 2568 2682 2622 in
2720 2583 2826 2624 sua
2862 2569 2964 2638 ipsi
2998 2567 3242 2624 dictione
3286 2565 3602 2620 amentium

1902 2675 2059 2717 more
2101 2660 2428 2725 deﬁcerent,
2456 2665 2510 2713 et
2558 2657 2603 2713 si
2637 2672 2756 2728 qua
2811 2672 2989 2728 supra
3040 2672 3098 2713 se
3141 2656 3413 2720 dicerent,
3455 2654 3603 2709 sicut

1902 2750 2008 2820 ipsi
2057 2764 2165 2805 sua
2204 2749 2356 2804 dicta
2397 2762 2515 2802 non
2557 2756 2848 2819 caperent,
2891 2748 2972 2802 sic
3013 2745 3390 2801 intellectores
3415 2742 3600 2797 dicto-

1903 2853 2034 2894 rum
2089 2838 2429 2909 neutiquam
2485 2839 2820 2908 reperirent.
2869 2835 3029 2892 Unde
3074 2841 3129 2889 et
3176 2832 3442 2901 indignas
3488 2830 3602 2884 Deo

1903 2926 2206 2997 aliquoties
2232 2929 2686 2997 comparationes
2707 2924 3230 2991 similitudinesque
3252 2919 3598 2984 attribuunt,

1902 3017 2039 3071 dum
2077 3016 2398 3085 plaustrum
2431 3024 2707 3071 onustum
2753 3015 2882 3069 feno
2919 3014 3144 3080 (Amos.
3196 3024 3252 3075 ιι,
3300 3011 3410 3079 i3).
3461 3007 3600 3062 dum

93 3101 316 3157 occulta
375 3101 665 3170 sapientia
724 3109 837 3158 tua
895 3102 1236 3159 manifestati
1296 3104 1436 3159 mihi
1505 3104 1686 3174 (Psal.
1737 3119 1787 3171 L,
1830 3132 1870 3188 ρ
1905 3112 2189 3173 potentem
2232 3105 2598 3174 crapulatum
2648 3117 2682 3158 a
2724 3103 2860 3157 vino
2911 3101 3110 3156 dicunt
3149 3098 3335 3169 (Psal.
3385 3110 3598 3162 Lxxvu,

98 3189 164 3258 8).
202 3211 223 3237 ι
261 3189 316 3245 Si
353 3189 573 3245 incerta
623 3190 778 3260 apud
820 3189 1027 3260 ipsum,
1081 3192 1148 3246 de
1197 3193 1367 3262 cujus
1417 3193 1632 3249 semine
1668 3201 1792 3248 erat

96 3279 442 3345 nasciturus,
474 3287 657 3340 erant,
689 3279 880 3335 dubia
908 3281 1202 3336 sententia
1223 3281 1270 3336 si
1311 3281 1618 3348 ferrentur,
1651 3281 1794 3351 quid

97 3366 443 3435 proderant?
499 3367 674 3423 Porro
730 3367 776 3422 si
817 3368 1040 3424 occulta
1078 3383 1182 3439 pro
1225 3369 1316 3425 sui
1367 3369 1791 3433 incertitudine,

97 3455 286 3510 minus
315 3463 454 3511 sunt
477 3455 679 3525 utique
702 3456 1136 3512 manifestanda.
1164 3456 1288 3523 Quo
1309 3458 1461 3513 enim
1494 3459 1792 3528 quidpiam

97 3544 375 3600 occultius
403 3551 504 3610 est,
535 3558 623 3610 eo,
655 3545 701 3600 si
733 3544 1075 3601 incertitudo
1105 3560 1226 3601 sese
1259 3547 1510 3616 objiciat,
1539 3547 1793 3616 promul-

98 3633 214 3703 gari
262 3633 646 3704 periculosius
670 3633 791 3696 ,'est.
826 3633 963 3701 Qua
1001 3649 1140 3706 ergo
1179 3634 1288 3690 sibi
1331 3635 1564 3706 quidem
1609 3637 1792 3691 mani-

99 3723 317 3790 festata,
382 3722 479 3778 sed
545 3722 766 3777 cateris
830 3723 1049 3778 incerta
1113 3736 1181 3778 ac
1253 3723 1477 3779 occulta
1533 3732 1792 3791 noverat,

98 3812 270 3883 digna
302 3811 614 3868 admodum
635 3811 1055 3881 dispensatione
1078 3812 1245 3869 silere
1263 3812 1610 3869 decreverat.
1634 3813 1794 3869 Unde

98 3899 401 3969 Apostolus
462 3915 475 3955 :
539 3923 568 3950 «ι
616 3899 851 3966 Audivi,
893 3900 1103 3970 inquit,
1150 3913 1364 3955 arcana
1417 3895 1614 3967 verba,
1663 3915 1794 3971 qua

99 4003 209 4043 non
241 3987 371 4044 licet
403 3988 620 4044 homini
652 3988 806 4058 loqui
841 3987 934 4059 (II
974 3991 1108 4044 Cor.
1147 4004 1247 4055 xu,
1279 3989 1354 4059 4).
1389 4008 1417 4038 ››
1466 3988 1610 4055 Quid
1647 3989 1795 4044 bifa-

101 4078 240 4132 riam
301 4076 619 4147 intelligere
665 4091 991 4146 possumus,
1045 4086 1101 4134 et
1154 4087 1237 4133 est
1307 4091 1373 4133 ac
1419 4078 1466 4132 si
1531 4079 1791 4133 diceret:

99 4165 209 4221 Nec
240 4180 340 4236 per
385 4180 444 4221 se
486 4165 706 4221 licitum
748 4175 831 4222 est
875 4166 1091 4222 homini
1133 4167 1270 4222 talia
1327 4167 1536 4233 dicere,
1579 4166 1793 4222 nemini

103 4268 303 4324 nempe
332 4254 632 4325 loquentes
669 4255 916 4311 scribere
965 4256 1232 4317 solemus,
1281 4270 1396 4312 non
1445 4256 1664 4311 homini
1708 4255 1795 4312 lo-

104 4344 222 4413 qui,
253 4343 309 4398 id
340 4351 426 4400 est
451 4342 618 4399 altari
651 4343 902 4413 cuipiam
933 4345 1267 4414 explanare.

1901 3193 2014 3257 65).

1972 3281 2195 3347 Quibus
2240 3295 2375 3351 ergo
2430 3294 2670 3350 capaces
2727 3279 2805 3334 illi
2863 3292 2978 3333 non
3027 3276 3275 3342 fuerant,
3325 3287 3442 3328 non
3492 3271 3602 3327 nisi

1902 3369 2221 3440 corporalia
2284 3377 2338 3425 et
2401 3369 2612 3425 nostris
2676 3368 2879 3424 usibus
2929 3363 3235 3421 familiaria
3298 3361 3604 3418 enuntiare

1905 3466 2184 3529 poterant,
2233 3466 2288 3514 et
2318 3473 2448 3529 qua
2481 3457 2674 3514 minus
2711 3456 2878 3511 bonis
2911 3454 3240 3510 hominibus
3270 3450 3605 3507 convenien-

1903 3547 1982 3602 tia
2041 3547 2410 3614 videbantur,
2479 3547 2650 3602 etiam
2709 3547 2824 3600 Deo
2878 3557 3250 3613 nequaquam
3320 3539 3604 3595 ascribere

1901 3636 2274 3700 verebantur,
2329 3643 2391 3691 ut
2439 3649 2511 3690 ex
2557 3649 2622 3690 eo
2678 3634 2801 3704 ipso
2848 3633 3005 3703 quod
3047 3645 3288 3686 summa
3321 3627 3605 3698 majestati

1903 3725 2141 3795 indigna
2171 3732 2596 3794 componerent,
2631 3722 2916 3793 quidquid
2960 3721 3115 3791 apud
3163 3734 3266 3776 nos
3297 3719 3486 3789 majus
3539 3731 3606 3771 ac

1903 3812 2137 3884 dignius
2181 3827 2302 3868 esse
2351 3819 2550 3882 potest,
2610 3811 2913 3881 indignum
2973 3811 3086 3865 Deo
3141 3821 3396 3879 prorsus,
3454 3805 3500 3862 si
3554 3805 3605 3860 ei

1903 3901 2253 3969 conferatur,
2317 3901 2701 3956 ostenderent.
2773 3899 2912 3953 Inde
2969 3905 3053 3953 est
3125 3897 3280 3966 quod
3349 3893 3604 3950 Ezechiel

1905 3999 2159 4061 quatuor
2188 3989 2525 4044 animalium
2568 3995 2953 4043 monstrorum
3003 3985 3297 4040 simillima
3339 3997 3602 4052 corpora,

1904 4088 1960 4136 et
2009 4079 2178 4134 facies
2222 4078 2709 4148 portentuosiores
2751 4089 2928 4146 quam
2971 4073 3121 4141 Jani,
3173 4087 3309 4128 nam
3351 4072 3607 4142 quadru-

1905 4169 2079 4239 plices
2131 4167 2517 4223 ostenduntur
2554 4166 2785 4237 (Ezech.
2832 4183 2867 4232 ι,
2911 4169 2964 4232 5,
3003 4164 3078 4234 6),
3136 4170 3200 4219 ut
3247 4176 3321 4218 ex
3359 4160 3603 4226 enormi,

1905 4264 2194 4328 quantum
2245 4256 2316 4311 ad
2378 4271 2498 4322 nos,
2532 4256 2734 4326 specie,
2786 4254 2906 4310 sola
2964 4251 3426 4309 intellectualitas
3457 4264 3607 4320 qua-

1906 4347 2086 4402 renda
2124 4352 2367 4400 notetur.
2414 4345 2464 4399 Si
2519 4344 2672 4400 enim
2715 4342 2950 4413 angelos
3002 4355 3138 4397 suos
3193 4339 3326 4394 facit
3373 4337 3608 4407 spiritus

170 4431 440 4486 Humani
476 4431 718 4488 arbitrii
746 4449 859 4486 non
888 4435 974 4487 est
1011 4431 1123 4487 Dei
1148 4433 1710 4504 contemplationem,
1743 4436 1797 4510 et
1834 4438 1877 4492 D
1909 4436 2096 4507 (Psal.
2134 4451 2252 4503 Clll,
2301 4434 2373 4505 4).
2419 4442 2473 4490 et
2523 4448 2638 4488 non
2695 4433 2802 4488 nisi
2861 4431 3189 4502 spiritualia
3232 4435 3497 4486 constant
3548 4427 3606 4481 in

102 4535 277 4574 sacra
306 4517 617 4590 Scriptura
645 4518 912 4574 notitiam
942 4521 1164 4577 habere.
1205 4552 1275 4560 —
1309 4522 1435 4578 Non
1481 4522 1675 4592 itaque
1705 4537 1798 4592 po-

106 4615 360 4675 tuerunt,
393 4607 535 4678 quia
573 4622 686 4663 non
715 4608 1059 4665 debuerunt.
1089 4610 1335 4679 Spiritus
1365 4612 1514 4666 enim
1551 4612 1797 4682 prophe-

108 4703 293 4752 tarum
325 4696 435 4752 nisi
476 4711 572 4753 eos
614 4696 763 4752 sicut
793 4699 924 4768 quis
973 4713 1190 4769 equum
1225 4699 1383 4756 freno
1427 4701 1795 4767 cohibuisset,

110 4785 441 4854 mysterium
504 4785 659 4855 quod
725 4794 912 4843 mente
985 4797 1381 4857 conceperant,
1463 4790 1798 4860 mysterium

109 4888 216 4929 non
261 4874 484 4930 fuisset.
536 4876 776 4932 Prodere
824 4890 960 4932 sane
1007 4890 1121 4932 non
1170 4885 1433 4946 poterant
1475 4879 1632 4949 quod
1689 4879 1799 4934 sub

113 4962 246 5017 tanti
300 4961 591 5018 dictatoris
642 4962 830 5035 sigillo
867 4968 1192 5020 tenuerant.
1252 4965 1307 5022 Si
1353 4967 1505 5022 enim
1557 4967 1799 5022 humani

110 5050 329 5106 arbitrii
384 5057 486 5107 aut
534 5052 796 5122 potentia
843 5053 1116 5109 humana
1162 5068 1275 5109 non
1315 5062 1400 5110 est
1445 5055 1801 5125 contempla-

113 5139 317 5195 tionem
367 5139 488 5208 Dei,
538 5148 639 5196 aut
681 5155 858 5196 sacra
897 5141 1205 5211 Scriptura
1257 5157 1390 5199 cum
1429 5144 1583 5209 velit,
1620 5144 1802 5199 habe-

114 5241 188 5293 re,
241 5227 322 5284 sic
358 5228 440 5284 eis
486 5228 818 5285 nullatenus
855 5229 1024 5286 licere
1063 5231 1268 5300 potuit,
1317 5231 1387 5288 de
1424 5231 1636 5288 futuris
1678 5247 1802 5302 my-

115 5317 295 5372 steriis
340 5324 443 5373 aut
493 5317 702 5374 sentire
753 5325 1040 5388 quantum
1073 5319 1302 5384 vellent,
1337 5320 1449 5376 imo
1479 5335 1584 5376 nec
1615 5323 1801 5390 ipsum

116 5411 292 5460 totum
352 5413 650 5476 penetrare
715 5407 869 5477 quod
926 5407 1198 5463 dicereut.
1261 5408 1417 5464 Sicut
1481 5424 1681 5479 nempe
1747 5409 1804 5464 in

117 5493 433 5551 visionibus
487 5509 620 5565 qua
665 5509 738 5551 ex
787 5496 902 5552 Deo
958 5503 1095 5552 sunt
1142 5496 1430 5552 multoties
1472 5497 1541 5553 de
1599 5499 1807 5553 nostris

116 5583 412 5640 eventibus
426 5583 754 5650 edocemur,
779 5598 910 5654 qua
930 5590 1120 5640 tamen
1143 5586 1430 5655 quomodo
1447 5594 1549 5642 aut
1571 5587 1806 5658 quando

118 5678 391 5728 eventura
423 5672 539 5728 sint
569 5671 710 5727 inibi
752 5672 1017 5744 colligere
1059 5687 1174 5729 non
1207 5673 1485 5743 valemus,
1519 5675 1598 5730 ita
1630 5675 1808 5745 parti-

1905 4524 2248 4591 calestibus,
2300 4522 2766 4593 indignissimum
2826 4520 2885 4576 in
2951 4522 3148 4590 aliquo
3224 4530 3605 4588 supernorum

1905 4614 2136 4671 credere
2185 4619 2269 4668 est
2321 4611 2460 4666 tales
2507 4611 2751 4666 inveniri
2804 4624 3109 4679 corporum
3158 4609 3410 4663 habitus.
3463 4605 3607 4661 Cum

1907 4704 2076 4774 plane
2118 4701 2307 4771 angeli
2359 4700 2554 4771 gloria
2592 4699 2854 4754 claritate
2895 4697 3280 4768 perplaceant,
3331 4695 3454 4750 hac
3500 4707 3606 4749 au-

1908 4799 2018 4848 tem
2050 4789 2233 4846 lnvise
2264 4789 2508 4844 nimium
2557 4789 2767 4860 effigiei
2820 4789 3055 4843 horrore
3084 4784 3440 4855 displiceant,
3473 4796 3607 4838 cum

1907 4879 2109 4937 littera
2182 4879 2327 4935 ratio
2385 4879 2594 4944 deficit,
2654 4879 2840 4934 solum
2911 4889 3170 4947 quarere
3239 4880 3410 4930 restat
3467 4871 3610 4942 quid

1906 4969 2174 5025 innuanL

1979 5056 2265 5111 Homines
2288 5053 2619 5127 corporalia
2648 5057 2873 5108 tantum
2895 5050 3217 5106 enuntiant.
3239 5079 3312 5090 —
3341 5047 3610 5104 Homines

1908 5160 2044 5217 ergo
2095 5145 2167 5200 ad
2217 5145 2480 5200 homines
2527 5145 2597 5200 de
2653 5144 2771 5198 sola
2813 5141 3212 5210 corporalitate
3266 5139 3610 5208 loquuntur,

1911 5233 2052 5304 quia
2106 5232 2152 5288 si
2220 5232 2521 5303 quidpiam
2590 5232 2660 5287 de
2727 5227 3213 5284 intellectualitate
3285 5230 3606 5290 senserunt,

1912 5335 2077 5378 sensa
2102 5329 2293 5377 tamen
2339 5335 2447 5376 sua
2492 5332 2862 5390 nequaquam
2905 5317 3233 5387 exprimere
3278 5319 3608 5386 potuerunt.

1912 5411 2074 5468 Unde
2106 5418 2162 5465 et
2198 5409 2483 5465 astimare
2524 5416 2608 5464 est
2643 5423 2738 5463 eos
2781 5408 2881 5478 qui
2914 5407 2985 5462 ad
3024 5407 3315 5461 internum
3347 5403 3473 5474 ejus
3501 5416 3613 5458 sa-

1911 5499 2029 5555 culi
2055 5506 2288 5565 statum,
2321 5497 2392 5552 ad
2425 5512 2527 5552 nos
2557 5504 2746 5552 tamen
2785 5496 3025 5552 redituri
3050 5501 3288 5561 exeunt,
3315 5492 3468 5563 quod
3501 5491 3614 5546 alia

1914 5587 2108 5643 videre
2138 5601 2253 5640 non
2303 5593 2560 5654 possunt,
2611 5584 2718 5640 nisi
2768 5600 2900 5655 qua
2949 5583 3320 5654 corporaliter
3367 5579 3611 5636 viventi-

1919 5675 2028 5731 bus
2058 5674 2269 5730 usitata
2305 5681 2462 5740 sunt,
2512 5681 2568 5729 et
2606 5674 2715 5729 sub
2765 5673 3018 5744 imagine
3056 5680 3416 5728 terrenarum
3469 5667 3614 5723 sub-
