3936 6442
357 421 413 472 7i
1217 416 1275 470 V.
1317 414 1649 471 GUIBERTI
1689 413 1985 470 ABBATIS
2020 415 2078 468 S.
2120 414 2360 470 MARIE
2401 415 2490 469 DE
2529 412 2924 470 NOVIGENTO
3713 420 3802 472 672

317 551 627 608 scintillent
671 549 836 607 nobis
863 548 1047 620 aliqui
1100 549 1303 606 radioli
1348 557 1716 607 aternorum.
1761 548 1817 605 Si
1859 549 2015 605 enim
2053 549 2102 602 Α
2137 548 2292 619 quod
2321 549 2591 607 omnibus
2617 548 2674 604 in
2719 549 2988 620 promptu
3031 556 3134 617 est,
3167 549 3515 607 intrinsecus
3563 551 3803 623 subiacet

319 639 400 696 ita
431 653 633 710 capere
661 645 908 709 possent,
942 637 1027 694 uti
1071 637 1149 694 illi
1197 639 1301 709 qui
1331 638 1404 693 ad
1447 639 1551 694 hoc
1589 638 1868 694 saculum
1921 651 2018 693 re-

319 727 500 784 dituri
532 742 646 783 non
677 735 884 794 essent,
932 726 989 782 in
1020 741 1194 783 carne
1241 740 1380 782 sane
1420 726 1524 781 ista
1557 726 1747 782 adhuc
1796 725 2014 796 positis,

319 830 437 872 non
486 817 652 871 modo
698 816 892 882 verba,
933 815 1030 870 sed
1073 822 1128 871 et
1171 815 1276 884 ipsi
1317 823 1484 870 extra
1514 828 1748 870 carnem
1778 814 2018 870 subtiles

320 903 538 972 pridem
585 911 641 958 et
682 905 836 960 acuti
884 903 1200 959 intellectus
1249 903 1635 968 hebescerent,
1681 912 1737 959 et
1791 904 1848 958 in
1898 917 2019 958 sese

323 989 448 1044 visa
473 989 819 1058 deperirent,
860 990 1071 1045 nedum
1122 988 1250 1044 aliis
1277 990 1382 1044 sibi
1425 990 2020 1058 incomprehensibilia

321 1077 698 1148 explicarent.
739 1077 826 1132 Ad
874 1091 1074 1134 eorum
1123 1079 1316 1148 itaque
1369 1078 1804 1134 similitudinem
1859 1077 2017 1148 loqui

215 1159 229 1172 ’
321 1172 560 1234 possunt
591 1165 942 1232 hominibus,
997 1166 1137 1222 dum
1167 1167 1240 1222 ab
1286 1165 1527 1222 internis
1578 1168 1838 1231 redeunt,
1883 1181 2018 1237 qua

227 1296 249 1312 .
322 1252 458 1308 foris
503 1253 695 1309 videre
737 1262 1184 1324 consueverunt,
1231 1254 1372 1325 quia
1424 1255 1605 1310 sancti
1652 1269 1852 1311 omnes
1887 1270 2019 1324 qua

323 1341 381 1396 in
441 1340 640 1396 divina
687 1342 1164 1412 contemplatione
1219 1357 1452 1398 cernere
1519 1343 1856 1414 aliquando,
1929 1343 2015 1400 vel

323 1436 712 1484 momentanee
759 1437 1088 1500 potuerunt,
1142 1445 1450 1501 nunquam
1487 1445 1752 1487 sermone
1803 1431 1892 1488 vel
1925 1431 2016 1488 lit-

323 1523 445 1574 tera
472 1517 729 1573 emittere
759 1518 1022 1586 possibile
1054 1519 1402 1576 habuerunt.

394 1605 536 1660 Cum
593 1619 698 1676 ego
757 1606 827 1662 de
879 1606 1064 1677 gloria
1121 1607 1458 1664 Sanctorum
1516 1607 1574 1663 in
1634 1607 1870 1675 visione,
1914 1615 2016 1665 aut

321 1692 521 1749 odores
577 1694 972 1766 prasentiunt,
1024 1702 1127 1752 aut
1176 1695 1532 1766 bymnidicos
1575 1695 1778 1752 choros
1827 1711 2013 1753 exau-

323 1780 511 1848 diunt,
543 1789 644 1837 aut
674 1781 958 1839 claritates
987 1783 1288 1850 hauriunt,
1323 1791 1438 1840 tota
1495 1785 1617 1840 hac
1665 1799 1780 1840 non
1805 1799 2012 1842 secun-

323 1868 465 1926 dum
494 1877 717 1943 natura
762 1871 1076 1940 spiritualis
1099 1873 1418 1938 veritatem,
1469 1873 1565 1930 sed
1600 1874 1776 1944 juxta
1815 1873 2012 1931 visibi-

324 1955 488 2026 lium,
520 1972 641 2028 qua
681 1961 890 2017 assueti
938 1969 1094 2027 sunt,
1150 1961 1506 2032 qualitatem.
1553 1961 1690 2027 Qua
1729 1963 1883 2018 enim
1913 1970 2017 2019 aut

322 2045 683 2116 speciosiora,
733 2062 835 2104 seu
867 2050 1221 2119 pretiosiora.
1274 2056 1376 2105 aut
1417 2049 1842 2107 delectabiliora
1878 2058 2017 2108 sunt

323 2133 476 2189 inter
503 2133 781 2203 homines,
809 2151 877 2192 ea
919 2137 1083 2193 nobis
1132 2152 1231 2207 per
1275 2137 1532 2194 internas
1585 2140 1895 2196 ostendunt
1922 2139 2017 2196 vi-

324 2222 531 2289 siones,
575 2230 638 2278 ut
669 2238 741 2279 ex
767 2224 849 2280 eis
895 2240 1026 2294 qua
1054 2225 1209 2294 apud
1249 2240 1356 2282 nos
1407 2227 1768 2296 potissimum
1814 2242 2018 2298 appre-

323 2309 456 2366 tiari
514 2309 780 2376 solemus,
853 2313 1089 2369 indulta
1133 2316 1347 2370 sanctis
1411 2315 1608 2386 gloria
1671 2324 2016 2388 argumenta

318 2412 633 2455 sumamus.
693 2401 853 2457 Unde
930 2403 987 2458 in
1035 2402 1396 2472 Apocalypsi,
1454 2411 1510 2460 et
1563 2405 1724 2460 stolis
1792 2406 2014 2462 amiciri

318 2487 483 2556 albis,
525 2497 581 2544 et
621 2489 840 2558 palmas
889 2499 1130 2560 gestare,
1189 2491 1440 2549 victoria
1495 2493 1664 2565 signa
1717 2495 1774 2553 in
1831 2495 2012 2550 mani-

321 2577 467 2644 bus;
501 2584 556 2632 et
582 2592 826 2636 coronas
853 2581 912 2635 in
945 2580 1230 2650 capitibus
1257 2595 1464 2638 aureas
1501 2583 1711 2640 habere
1741 2584 2016 2641 dicuntur

319 2667 525 2739 (Αροσ.
556 2681 651 2733 vn,
693 2671 772 2740 9i,
817 2669 972 2739 quod
1012 2671 1383 2739 regnantium
1415 2671 1507 2728 sit.
1552 2671 1690 2739 Qua
1729 2673 1908 2741 igitur
1955 2673 2014 2729 iu

320 2759 770 2824 amoenitatibus,
807 2757 863 2811 in
891 2756 1254 2824 ﬂorulentiis,
1303 2759 1360 2816 in
1402 2759 1807 2828 splendoribus
1848 2759 2012 2816 habi-

321 2850 588 2906 tudiuum
619 2847 986 2912 denotantur,
1019 2859 1133 2902 non
1167 2846 1420 2914 illorum,
1451 2847 1554 2918 qui
1574 2849 1891 2906 Chiliastra
1913 2863 2014 2904 vo-

317 2940 426 2996 cati
471 2945 627 3004 sunt,
683 2934 1082 2992 hareticorum
1133 2936 1351 2994 nanias
1399 2945 1680 3000 recreant,
1733 2938 1836 3008 qui
1892 2945 2015 3008 post

316 3025 794 3084 resurrectionem
851 3022 1004 3080 mille
1051 3038 1234 3082 annos
1282 3025 1340 3082 in
1412 3027 1746 3082 carnalibus
1798 3026 2016 3083 deliciis

2123 638 2319 694 anima
2367 637 2692 704 invisibilis,
2733 639 2813 693 ita
2859 638 2994 694 huic
3026 639 3305 694 materiali
3347 647 3648 707 creatura,
3681 655 3797 710 qua

2126 726 2564 783 rationabilibus
2593 726 3202 796 irrationabilibusque
3232 728 3458 783 naturis
3503 731 3799 797 conspicua

2123 823 2226 875 est.
2255 815 2435 870 altera
2480 815 2671 871 subest
2700 815 2989 881 machina,
3017 829 3148 885 qua
3190 815 3324 870 solis
3353 816 3796 883 rationabilibus,

2124 911 2179 960 et
2209 904 2316 958 hoc
2353 903 2779 959 immortalitate
2825 904 3039 968 exutis,
3070 911 3289 958 constat
3323 903 3566 960 visibilis
3597 912 3654 960 et
3692 919 3803 974 per-

2125 993 2238 1048 via.
2281 991 2461 1062 Cujus
2498 999 2710 1047 statum
2760 991 2880 1046 ulla
2924 1005 3086 1046 mens
3119 991 3431 1047 visibilium
3469 992 3806 1063 imaginibus

2124 1089 2406 1150 occupata
2445 1079 2632 1136 metiri
2681 1095 2797 1134 non
2846 1078 3146 1149 pravalet;
3206 1078 3536 1135 animorum
3591 1087 3806 1136 tantum

2123 1169 2308 1225 oculis
2337 1182 2371 1223 a
2394 1168 2587 1224 saculi
2621 1167 2826 1238 pituita
2857 1167 3050 1222 liberis
3074 1167 3319 1238 adjacet.

2197 1263 2346 1313 803
2413 1258 2573 1313 Sicut
2625 1271 2829 1326 nempe
2897 1256 3136 1312 verbum
3195 1255 3490 1325 spirituale
3549 1255 3806 1320 dicimus,

2125 1346 2280 1416 quod
2300 1344 2528 1414 spiritu,
2552 1344 2750 1413 lingua
2770 1343 3106 1399 etdentibus
3125 1343 3390 1410 efficitur,
3413 1343 3805 1413 undeAposto-

2124 1433 2252 1489 lus:
2283 1455 2311 1483 ‹‹
2338 1433 2600 1501 Psallam,
2633 1431 2838 1500 inquit,
2862 1431 3070 1500 spiritu
3102 1431 3160 1500 (I
3189 1434 3322 1486 Cor.
3346 1446 3463 1499 xnv,
3493 1432 3598 1501 l5),
3630 1452 3657 1480 ι»
3683 1445 3807 1486 ver~

2125 1522 2261 1579 bum
2313 1523 2504 1588 etiam,
2563 1529 2626 1576 ut
2680 1521 2762 1577 sic
2813 1520 3080 1587 dixerim,
3133 1521 3441 1588 mentuale,
3490 1520 3642 1590 quod
3697 1519 3806 1574 sola

2123 1611 2465 1683 cogitatione
2515 1609 2680 1666 labiis
2718 1609 3040 1665 tacentibus
3077 1609 3406 1678 disponitur
3447 1608 3538 1664 vel
3584 1607 3810 1664 disseri-

2123 1705 2241 1760 tur.
2294 1699 2538 1754 verbum
2585 1698 2732 1768 quin
2789 1699 2959 1753 etiam
3027 1695 3428 1762 intellectuale,
3483 1696 3636 1766 quod
3697 1696 3811 1751 sine

2123 1787 2375 1842 interiori
2407 1786 2529 1842 ulla
2577 1787 2937 1842 ordinatione
2985 1786 3292 1842 verborum
3336 1784 3812 1855 purissima'con-

2123 1875 2489 1945 templatione
2531 1879 2829 1941 tractatur,
2880 1873 2958 1929 ita
3001 1873 3256 1929 mundus
3295 1875 3417 1940 iste,
3464 1873 3524 1929 in
3567 1887 3683 1944 quo
3721 1871 3810 1927 de-

2125 1963 2334 2034 gimus,
2385 1963 2625 2019 visibilis
2677 1971 2731 2019 et
2765 1962 3142 2032 imaginarius
3173 1962 3285 2018 dici
3339 1968 3538 2032 potest,
3585 1961 3724 2032 quia
3761 1965 3810 2014 et

2123 2052 2422 2108 obtutibus
2461 2052 2669 2107 nostris
2714 2051 2957 2116 substat,
2997 2058 3054 2106 et
3095 2050 3276 2106 oculis
3304 2049 3646 2106 vacantibus
3691 2049 3809 2118 ejus

2123 2140 2496 2210 corporalitas
2546 2140 2720 2195 menti
2762 2139 3141 2195 retractabilis
3191 2148 3296 2194 est.
3343 2138 3442 2193 llle
3482 2145 3675 2194 autem
3729 2137 3807 2190 in-

2127 2229 2298 2285 terior
2335 2236 2450 2284 toto
2488 2227 2782 2282 difficilius
2833 2234 3169 2296 penetratur
3213 2234 3432 2296 quanto
3460 2225 3807 2294 corporibus,

2125 2316 2280 2382 locis,
2307 2330 2374 2372 ac
2417 2316 2770 2386 temporibus
2813 2315 2892 2369 nil
2925 2314 3132 2370 ibidem
3167 2315 3512 2381 continetur,
3567 2313 3648 2368 nil
3689 2311 3810 2382 agi-

2124 2413 2238 2463 tur.
2274 2406 2344 2460 Et
2373 2413 2595 2475 quanto
2639 2418 2673 2459 a
2701 2413 2896 2460 nostro
2944 2418 3054 2459 usu
3082 2403 3389 2472 discrepat,
3433 2401 3538 2472 qui
3567 2401 3670 2456 vix
3722 2414 3809 2456 us-

2123 2495 2278 2566 piam
2321 2493 2593 2549 intuitum
2645 2492 2851 2548 mentis
2887 2492 3220 2562 afﬂigimus,
3265 2491 3375 2546 nisi
3415 2492 3488 2546 ad
3535 2491 3647 2546 ista
3689 2504 3810 2559 qua

2122 2582 2548 2648 consuevimus,
2599 2589 2754 2637 tanto
2803 2581 2876 2636 ad
2923 2580 3087 2636 illum
3143 2580 3470 2634 interiorem
3521 2578 3812 2648 perviden-

2123 2671 2262 2728 dum
2273 2671 2546 2727 obnixius
2567 2669 2808 2726 nebulas
2826 2677 3036 2724 nostra
3050 2667 3382 2723 intentionis
3393 2667 3808 2737 abrumpimus,

2787 2757 3022 2812 CAPUT
3062 2756 3155 2810 Ill.

2201 2850 2407 2904 Utrum
2452 2845 2670 2902 diaboli
2717 2845 2994 2900 mundum
3042 2845 3191 2899 hunc
3229 2842 3568 2900 inhabitent.
3616 2871 3686 2884 —
3715 2841 3812 2898 Ubi

2123 2938 2408 3008 quaritur
2463 2944 2660 2992 utrum
2705 2933 2931 2990 diabolo
2979 2941 3034 2988 ct
3070 2934 3197 3003 ejus
3225 2932 3442 3003 angelis
3478 2930 3814 3002 generaliter

2123 3025 2452 3083 habitabilis
2495 3025 2780 3080 habeatur
2826 3023 2920 3078 hic
2965 3021 3239 3087 mundus,
3293 3021 3570 3091 quoniam
3621 3017 3812 3090 princi-

321 3115 688 3187 pollicentur,
737 3113 835 3169 sed
896 3113 1112 3184 quibus
1168 3115 1425 3172 homines
1487 3115 1756 3171 delectari
1809 3117 2010 3181 solent,
2051 3137 2092 3194 ρ
2123 3130 2250 3186 pem
2280 3115 2457 3184 hujus
2483 3112 2706 3175 mundi,
2741 3112 2796 3166 in
2830 3125 2946 3180 quo
2985 3110 3235 3180 agimus,
3271 3112 3438 3165 vocat
3469 3123 3607 3164 eum
3639 3107 3812 3162 Domi-

319 3205 442 3262 hac
473 3217 574 3275 pro
613 3203 970 3260 salvatorum
1010 3204 1461 3262 demonstranda
1499 3205 1684 3277 gloria
1726 3205 2014 3262 visionum

315 3295 543 3350 ordines
570 3293 864 3350 exhibent.

389 3384 564 3440 Porro
594 3397 728 3452 qua
756 3382 826 3438 de
850 3381 1197 3439 revelatione
1243 3381 1696 3453 gloriﬁcatorum
1747 3381 2015 3448 dicimus,

316 3485 385 3529 ea
438 3472 564 3541 ipsa
616 3471 687 3526 de
733 3470 1070 3541 punitorum
1121 3471 1487 3527 damnatione
1531 3471 1832 3527 sentimus.
1869 3470 2016 3526 Nam

317 3575 450 3618 cum
509 3560 743 3631 ignibus
793 3559 996 3616 crebro
1051 3558 1256 3615 anima
1312 3559 1632 3616 secundum
1689 3557 2018 3628 Scripturas

318 3651 629 3707 videantur
684 3648 874 3713 aduri,
936 3661 1071 3704 cum
1120 3647 1360 3718 ﬂagellis
1411 3647 1617 3714 addici,
1680 3647 2018 3718 putentibus

319 3732 492 3792 undis
523 3733 806 3804 immergi,
837 3739 894 3788 et
925 3746 1016 3800 ea,
1051 3749 1182 3804 qua
1213 3749 1286 3791 ex
1321 3735 1592 3807 Gregorio
1622 3743 1678 3792 et
1730 3736 1880 3792 Beda
1907 3736 2015 3792 do-

318 3825 574 3882 ctoribus
613 3823 875 3880 exhibita
913 3831 1069 3887 sunt,
1113 3823 1256 3888 ﬁeri,
1307 3838 1422 3879 non
1461 3824 1622 3880 aliud
1661 3832 1798 3881 sunt
1838 3837 2016 3894 quam

320 3914 477 3986 quod
503 3913 870 3982 corporaliter
907 3912 1019 3968 reis
1051 3911 1192 3968 solet
1218 3911 1440 3982 inﬂigi;
1486 3912 1592 3968 hoc
1637 3912 2018 3982 spiritualiter

323 4004 646 4074 patiuntur,
713 4016 819 4058 nec
875 4014 999 4068 nos,
1048 4000 1264 4071 quibus
1311 4001 1711 4069 denuntiatur,
1769 3999 2016 4056 cruciari

323 4091 534 4149 talibus
589 4090 834 4147 miseriis
887 4090 1221 4146 ademnatos
1271 4090 1652 4157 crederemus,
1714 4089 1822 4145 nisi
1875 4089 2018 4160 quia

324 4196 543 4253 poenas,
575 4195 725 4253 quas
764 4179 994 4237 assidue
1041 4179 1448 4234 consuevimus
1493 4177 1764 4248 experiri,
1797 4191 2017 4248 cogno-

323 4273 558 4328 scimus.
591 4271 738 4338 Quia
785 4283 924 4338 ergo
963 4267 1318 4334 spiritualem
1365 4267 1520 4322 illam
1573 4266 1854 4338 linguam,
1898 4279 2017 4336 qua

323 4361 652 4432 spiritualia
704 4358 1004 4430 spiritibus
1040 4356 1404 4426 respondent,
1437 4355 1640 4412 audire
1670 4371 1783 4412 non
1815 4369 2012 4426 possu-

2125 3219 2240 3260 nus
2277 3203 2472 3275 (Joan.
2531 3216 2630 3269 xu,
2684 3200 2794 3270 3i).
2843 3200 2910 3254 Et
2953 3198 3266 3268 apostolus,
3327 3197 3647 3267 principem
3679 3197 3812 3252 aeris

2126 3293 2304 3363 hujus
2342 3291 2576 3361 (Ephes.
2630 3304 2690 3353 ιι,
2740 3292 2814 3356 '2),
2864 3287 3180 3358 principem
3227 3285 3397 3340 etiam
3449 3285 3811 3340 tenebrarum

2125 3381 2354 3447 harum,
2406 3377 2730 3450 spiritualia
2775 3375 3049 3447 nequitia
3095 3375 3155 3429 in
3203 3373 3530 3430 caelestibus
3577 3371 3811 3443 (Ephes.

2126 3485 2205 3537 vr,
2236 3470 2344 3539 1'2).

2197 3557 2490 3623 Quaritur
2521 3556 2714 3625 itaque
2745 3552 2794 3610 si
2839 3553 2886 3610 is
2932 3551 3035 3623 qui
3067 3552 3148 3608 ita
3193 3551 3265 3608 ob
3315 3549 3410 3606 sui
3459 3549 3618 3606 intra
3665 3550 3813 3606 hunc

2124 3660 2314 3702 aerem
2345 3645 2784 3701 diversationem
2816 3642 3010 3699 aerius
3053 3639 3398 3710 appellatur,
3437 3651 3504 3694 ac
3534 3637 3690 3694 inter
3723 3651 3816 3692 nos

2128 3733 2497 3790 invisibiliter
2552 3732 2886 3802 divagatur,
2947 3737 3146 3785 utrum
3206 3736 3262 3783 et
3319 3726 3398 3782 illi
3461 3725 3559 3782 tali
3616 3724 3817 3782 saculo

2121 3823 2430 3894 contiguus
2471 3821 2769 3878 habeatur.
2824 3815 3260 3887 Cuiquastioni
3293 3815 3478 3886 primo
3538 3814 3818 3886 ingeritur

2123 3913 2299 3984 quod,
2333 3918 2802 3982 quantacunque
2831 3906 3130 3978 dignitatis
3154 3919 3222 3961 ac
3251 3905 3520 3975 puritatis
3543 3905 3816 3961 saeculum

2125 4001 2267 4058 illud
2326 4001 2420 4067 sit,
2470 3999 2658 4055 dicere
2711 4011 2824 4052 non
2871 3996 3056 4052 audeo
3113 3994 3269 4065 Quod
3323 3993 3488 4049 bonis
3536 4006 3609 4048 ac
3659 3993 3816 4049 malis

2124 4103 2431 4148 commune
2480 4102 2597 4143 non
2642 4084 2830 4142 fuerit.
2873 4083 3096 4140 Natura
3125 4085 3277 4140 enim
3319 4083 3650 4138 damonum
3691 4095 3816 4138 cum

2124 4179 2197 4235 sit
2265 4174 2534 4248 ingenitis
2596 4171 2993 4228 alacritatibus
3075 4179 3388 4241 praacuta,
3444 4171 3526 4225 sic
3573 4171 3650 4226 ob
3737 4169 3818 4225 sui

2125 4264 2636 4334 perspicacitatem,
2723 4261 2837 4317 imo
2911 4259 3230 4331 spiritualis
3309 4259 3574 4330 potentia
3655 4259 3815 4330 agili-

2123 4361 2318 4420 tatem,
2407 4359 2930 4422 quantumcunque
3023 4347 3296 4405 exteriori
3373 4347 3688 4418 divagetur
3765 4347 3817 4401 in

325 4465 477 4517 mus,
515 4463 588 4506 ex
618 4448 1002 4519 corporalium
1033 4446 1231 4502 notitia
1271 4445 1438 4516 quasi
1479 4444 2012 4502 fucosintellectua-
2048 4438 2093 4492 Β
2119 4441 2355 4502 mundo.
2397 4447 2555 4496 tanto
2597 4439 2820 4510 proprie
2871 4437 3163 4508 propriam
3211 4437 3706 4493 conversationem
3765 4434 3815 4488 in

325 4539 501 4596 litatis
539 4537 938 4609 exprimimus,
987 4545 1044 4592 et
1088 4549 1162 4592 ex
1211 4535 1279 4591 iis
1320 4535 1475 4592 unde
1513 4541 1730 4590 constat
1777 4546 2020 4604 corpora

322 4627 638 4700 proﬂigari,
671 4625 891 4682 animas
921 4623 1436 4681 animadvertimus
1465 4623 1730 4679 coartari.

396 4716 425 4788 ἓ
461 4718 556 4774 Ill.
591 4718 738 4772 Cum
767 4713 1173 4770 materialibw
1197 4711 1458 4779 minime,
1489 4709 1691 4784 quibus
1730 4725 1865 4782 ergo
1891 4724 2018 4780 ρω-

323 4807 418 4862 m's
443 4807 786 4876 afﬁciantur
810 4803 1055 4860 anima?
1086 4833 1154 4843 —
1187 4802 1374 4873 Igitur
1401 4801 1680 4871 quoniam
1704 4797 2020 4869 corporali—

324 4897 434 4954 bus
487 4895 780 4966 suppliciis
835 4893 1061 4950 animas
1140 4903 1316 4960 puras
1371 4890 1618 4946 coerceri
1689 4903 1848 4958 posse
1903 4899 2018 4942 non

325 4984 632 5050 credimus,
687 4983 905 5053 quibus
953 4979 1135 5051 panis
1181 4979 1314 5050 angi
1371 4979 1545 5050 possit
1590 4987 1646 5034 et
1689 4978 1890 5034 debeat
1922 4975 2017 5048 [[1,

328 5079 558 5144 possent
585 5079 640 5127 et
685 5070 950 5140 debeant]
993 5068 1378 5124 attendamus.
1429 5067 1706 5137 Superius
1750 5080 1823 5122 ex
1865 5067 2018 5135 Apo-

326 5159 471 5216 stolo
527 5157 652 5214 dixi
696 5155 1097 5226 spiritualibus
1137 5153 1462 5223 spiritualia
1511 5152 1918 5222 comparanda,
1963 5157 2021 5208 et

326 5247 540 5303 mirum
581 5245 750 5300 valde
777 5251 862 5300 est
911 5243 958 5298 si
991 5243 1287 5299 tormentis
1317 5242 1716 5300 tractabilibus
1745 5242 2017 5296 intracta-

325 5335 458 5391 bilis
503 5333 700 5390 anima
733 5332 946 5388 dicitur
983 5331 1312 5403 afﬂigenda.
1360 5331 1553 5387 Dicere
1600 5337 1792 5386 tamen
1833 5327 2022 5400 primi-

328 5433 421 5480 tus
461 5429 610 5478 esset
641 5422 710 5477 de
733 5435 818 5488 eo,
869 5419 993 5490 qui,
1042 5421 1190 5475 sicut
1240 5417 1546 5490 Apostolus
1591 5417 1862 5488 gentibus
1889 5418 1969 5472 ait
2001 5431 2015 5471 :

329 5534 358 5564 κ
391 5511 502 5576 Qui
530 5510 784 5566 dicimini
829 5508 1174 5580 praputium
1223 5509 1296 5564 ab
1341 5520 1410 5564 ea
1449 5521 1581 5577 qua
1623 5513 1864 5562 vocatur
1907 5505 2020 5561 cir-

329 5600 604 5657 cumcisio
654 5599 890 5670 (Ephes.
937 5613 998 5665 ιι,
1051 5599 1160 5668 lt),
1207 5597 1280 5653 ab
1325 5595 1596 5652 exteriori
1643 5596 1748 5652 hoc
1803 5595 2021 5651 mundo

329 5689 653 5760 appellatur
692 5687 944 5746 interior.
1000 5687 1158 5743 Sicut
1237 5684 1395 5741 enim
1451 5684 1511 5742 in
1565 5699 1805 5756 corpore
1873 5700 2018 5753 meo,

2127 4528 2384 4586 interiori
2434 4528 2652 4585 obtinet
2701 4527 2814 4594 illo,
2869 4534 3088 4597 quanto
3145 4525 3255 4582 sibi
3320 4525 3508 4596 major
3570 4539 3703 4580 cum
3757 4522 3816 4564 θο

2126 4625 2348 4675 constat
2393 4625 2620 4674 natura
2657 4615 3006 4672 communio.
3058 4614 3113 4671 Si
3161 4615 3314 4670 enim
3381 4612 3696 4683 spiritualis
3741 4616 3815 4666 est

2126 4706 2400 4772 mundus,
2452 4721 2556 4761 nec
2607 4703 2903 4761 crassioris
2949 4701 3318 4772 corpulentia
3363 4708 3587 4756 constat
3633 4699 3817 4755 diabo-

2127 4794 2238 4860 lus,
2291 4793 2392 4849 ubi
2447 4793 2713 4848 identitas
2763 4789 3218 4848 substantiarum
3254 4796 3492 4858 excepta
3521 4785 3810 4842 rationali—

2127 4890 2242 4938 tate
2291 4881 2598 4951 utrobique
2651 4880 3029 4950 dignoscitur,
3079 4877 3222 4933 alter
3262 4877 3336 4932 ab
3371 4876 3561 4932 altero
3609 4875 3816 4930 absen-

2125 4971 2233 5028 tari
2266 4985 2378 5026 non
2409 4971 2642 5027 sinitur.

2196 5060 2372 5115 Nunc
2397 5057 2626 5113 diabolo
2667 5054 2897 5128 pervius
2924 5059 3011 5111 est
3065 5053 3331 5108 minutus.
3374 5083 3442 5092 —
3490 5055 3639 5108 Ante
3673 5053 3816 5108 diem

2124 5162 2262 5220 ergo
2307 5148 2509 5219 judicii
2566 5147 2822 5203 mundus
2889 5145 2983 5200 ille
3038 5143 3274 5199 interi-or
3330 5139 3556 5196 diabolo
3615 5139 3818 5195 idcirco

2127 5237 2359 5308 pervius
2384 5245 2488 5302 est,
2516 5236 2656 5306 quia
2705 5235 3014 5290 animabus
3068 5233 3126 5287 in
3153 5240 3434 5287 aternum
3474 5228 3816 5299 supplicium

2127 5325 2499 5383 detrudendis
2532 5325 2639 5380 hoc
2688 5324 2893 5394 spatio,
2944 5320 3046 5378 Dei
3090 5327 3325 5376 exactor
3369 5325 3423 5374 et
3471 5331 3676 5373 servus
3716 5323 3813 5379 est,

2123 5423 2180 5474 et
2245 5415 2421 5471 datur
2471 5412 2794 5470 crudelitati
2844 5411 3001 5466 illius
3045 5408 3183 5465 huic
3227 5407 3414 5464 ofticio
3462 5402 3814 5474 obsequendi

2127 5505 2378 5570 libertas,
2411 5503 2590 5558 donec
2636 5514 2817 5572 grano
2861 5499 3107 5554 discreto
3150 5511 3185 5552 a
3233 5495 3409 5565 paleis
3449 5493 3744 5564 judicetur
3771 5490 3816 5545 ei

2126 5593 2440 5650 auferenda
2494 5598 2758 5660 potestas.
2823 5590 2890 5644 Et
2940 5593 3092 5642 certe
3156 5585 3342 5654 ipsum
3398 5597 3530 5638 cum
3593 5579 3816 5636 funesto

2126 5698 2235 5742 suo
2259 5683 2520 5739 exercitu
2551 5679 2844 5735 infernum
2877 5675 3057 5746 hujus
3090 5673 3290 5731 mundi
3338 5671 3555 5727 incolas
3581 5671 3814 5726 aestimo.
