3936 6450
110 417 195 468 673

1127 415 1216 468 DE
1256 415 1674 471 PIGNORIBUS
1715 417 2154 474 SANCTORUM.
2189 452 2255 460 ——
2290 422 2418 477 LIB.
2465 422 2552 478 IV.

3493 434 3595 487 674

104 549 449 616 Quidnicum
483 549 790 619 ergastulis
834 549 1068 621 relegati
1121 565 1424 620 poenarum
1476 560 1699 608 tantum
1751 567 1784 608 a
1823 558 1868 610 A
1898 555 1940 609 si
1976 555 2108 625 quis
2157 571 2319 613 secus
2369 560 2627 625 aestimet,
2681 575 2747 616 ac
2796 562 2841 616 si
2889 562 2945 616 in
2997 564 3118 632 ipsa
3165 567 3404 621 veritate
3450 582 3601 622 incn-

104 638 347 708 praasenti
405 637 600 693 szeculi
659 645 811 694 statu
859 638 1227 705 dirimantur,
1286 647 1351 696 ut
1395 642 1516 695 sive
1569 642 1786 697 nobiles

103 727 203 782 sint
228 727 322 782 ﬁlii
353 741 580 793 eorum,
609 725 728 782 sive
764 727 1045 798 ignobiles
1074 743 1110 782 a
1155 729 1318 784 beato
1365 730 1468 784 Job
1522 731 1788 801 ignorare

103 815 389 872 dicantur?
423 815 554 885 (Job
599 831 716 880 xiv,
746 817 824 884 2.)
873 817 990 871 Hoc
1036 825 1227 872 tamen
1259 817 1332 873 ab
1364 819 1539 888 hujus
1584 818 1784 875 mundi

104 905 460 960 similitudine
489 905 631 960 alter
664 905 752 960 ille
785 904 1084 970 dividitur,
1119 907 1275 976 quod
1311 907 1367 961 in
1410 907 1513 962 isto
1557 907 1688 988 boni
1721 923 1788 963 ac

103 993 225 1047 mali
275 993 599 1062 promiscue
643 993 1040 1063 continentur;
1093 993 1207 1049 illic
1254 1009 1390 1049 vero
1446 995 1674 1050 cmlibcs
1722 1010 1789 1051 ac

102 1082 311 1150 perditi,
363 1081 474 1138 sub
525 1081 729 1137 infinia
787 1081 860 1136 ab
910 1081 1154 1138 invicem
1220 1082 1582 1140 distinctione
1622 1084 1788 1141 clau-

102 1168 328 1225 duntur.
1073 1231 1093 1243 ,

162 1259 294 1312 Post
337 1256 490 1312 diem
528 1257 740 1327 judicii
795 1257 1281 1329 haudquaquam:
1335 1260 1586 1316 mundus
1635 1260 1788 1315 enim

48 1361 52 1366 ·
91 1347 186 1412 ﬁet
223 1363 423 1418 purus.
475 1349 670 1417 Ipsum
717 1349 848 1400 tunc
899 1347 1236 1402 habitabant
1289 1349 1497 1403 sancti.
1534 1380 1603 1390 —-
1662 1352 1791 1407 Post

47 1489 58 1508 ,
97 1435 234 1490 diem
275 1435 470 1506 itaque
499 1444 820 1492 extremum
855 1450 987 1492 eum
1029 1437 1152 1492 suis
1185 1438 1557 1507 complicibus
1594 1439 1791 1494 diabo-

98 1523 182 1579 lus
213 1524 325 1593 ipse
353 1525 776 1580 communicato
804 1525 1106 1594 supplicio,
1143 1526 1350 1581 liberos
1397 1527 1468 1581 ad
1509 1541 1789 1584 exercen-

93 1613 215 1668 dam
248 1612 547 1682 pristinam
579 1622 788 1683 pestem
816 1615 935 1683 jam
969 1629 1082 1669 non
1115 1615 1320 1683 poterit
1363 1615 1574 1671 habere
1635 1631 1787 1672 mea-

95 1710 199 1767 tus,
250 1710 304 1757 et
339 1701 876 1758 tanto‘uniformior
931 1703 988 1757 in
1038 1703 1202 1759 solita
1244 1718 1350 1759 sua
1390 1705 1638 1773 puritate
1697 1706 1790 1761 ﬁet

93 1789 340 1845 mundus
381 1797 600 1860 quanto
650 1805 749 1860 per
792 1805 925 1846 eum
958 1791 1113 1846 ultra
1147 1793 1389 1848 transire
1434 1793 1643 1848 valebit
1684 1809 1792 1848 ne-

92 1893 176 1934 mo
228 1879 502 1948 pollutus.
544 1878 690 1934 Hinc
742 1887 827 1934 est
870 1881 1024 1950 quod
1069 1880 1208 1935 coelo
1264 1895 1415 1936 novo
1464 1880 1609 1937 facto
1674 1889 1789 1937 ter-

93 1980 267 2037 raque
326 1981 480 2022 nova
535 1968 737 2038 (Apoc.
797 1983 914 2029 xxr,
980 1967 1051 2038 t),
1126 1968 1363 2024 interior
1427 1968 1792 2038 exteriorque

47 2089 54 2108 .
93 2056 318 2124 pervius
347 2070 416 2110 ac
464 2056 796 2112 habitabilis
838 2057 946 2111 erit
993 2057 1225 2111 sanctis.
1273 2057 1496 2112 Sanctis
1536 2071 1790 2126 namque

94 2152 201 2200 tam
241 2145 375 2214 igne
425 2147 687 2216 purgatis
742 2159 920 2215 quam
959 2147 1124 2201 beata
1166 2160 1472 2215 corporum
1524 2145 1790 2201 immuta-

93 2234 234 2289 tione
264 2235 561 2302 promotis,
595 2242 648 2289 et
677 2234 884 2290 saaculo
919 2234 1030 2289 imo
1063 2235 1278 2290 mundo
1313 2236 1432 2304 ipso
1466 2248 1500 2289 a
1541 2234 1792 2290 veternis

95 2323 354 2378 sordibus
393 2323 767 2393 conﬁagrato,
799 2330 855 2378 et
889 2323 946 2377 in
988 2321 1481 2391 incorruptibilem
1530 2323 1790 2378 habitum

94 2420 370 2481 reparato,
435 2412 529 2467 fiet
591 2419 774 2467 status
840 2411 1211 2467 habitationis
1287 2411 1793 2481 habitatorumque

95 2502 482 2572 undecunque
514 2502 880 2568 conveniens,
912 2501 1006 2556 fiet
1037 2500 1346 2570 utrobique
1371 2514 1485 2556 una
1514 2500 1661 2555 facto
1696 2515 1793 2555 re-

96 2590 295 2659 purgio
328 2604 565 2645 mansor
595 2604 662 2645 ac
697 2590 916 2645 mansio
945 2589 1172 2644 ﬂorens.
1216 2590 1286 2643 Et
1316 2590 1463 2643 sicut
1490 2603 1696 2658 corpus
1727 2602 1795 2643 ac

47 2691 51 2702 '
96 2679 282 2734 anima
326 2679 384 2733 in
422 2681 634 2734 sanctis
661 2679 768 2734 sub
803 2678 979 2733 unius
1023 2676 1393 2732 beatitudinis
1425 2677 1608 2746 gloria
1644 2677 1795 2746 jubi-

97 2766 312 2835 labunt,
372 2769 456 2822 sic
498 2767 749 2823 exterior
797 2767 1151 2837 interiorque
1193 2766 1449 2822 mundus
1495 2766 1566 2820 ad
1614 2781 1792 2821 unam

95 2859 400 2925 puritatem
434 2871 507 2913 ex
554 2857 791 2912 alterius
822 2856 1278 2911 concrematione
1311 2855 1543 2922 redacti,
1595 2855 1794 2924 splen-

92 2945 248 3001 didos
278 2946 404 3004 sine
431 2946 585 3001 omni
617 2945 1049 3016 importunitate
1080 2945 1378 3000 discursus
1417 2945 1631 3000 sanctis
1657 2945 1795 3000 ubi-

91 3049 199 3103 que
230 3035 734 3105 triumphantibus
765 3034 1151 3104 apparebunt.

761 3122 992 3178 CAPUT
1027 3121 1124 3178 IV.

154 3214 180 3278 §
213 3213 257 3268 Ι.
291 3213 502 3284 Neque
526 3211 692 3269 electi
709 3213 770 3267 in
794 3213 935 3267 caelo
963 3227 1297 3284 corpoream
1310 3209 1584 3284 gloriam,
1613 3225 1794 3281 neque

87 3300 143 3354 in
172 3301 410 3366 inferno
437 3302 673 3374 reprobi
720 3318 1054 3373 corpoream
1085 3318 1309 3373 pomum
1342 3301 1571 3357 habent.
1597 3303 1676 3340 '-—-
1706 3299 1792 3355 Ad

89 3404 204 3446 rem
249 3392 452 3462 itaque
493 3407 625 3462 quae
672 3400 857 3462 coepta
901 3391 1089 3447 fuerat
1122 3391 1441 3446 redeamus.
1478 3391 1681 3445 Ptenas
1725 3389 1796 3444 il-

87 3479 186 3545 las,
241 3495 376 3550 quae
444 3480 502 3535 in
561 3481 654 3536 illo
707 3480 950 3536 abditori
1009 3481 1226 3535 mundo
1280 3479 1536 3550 reprobis
1598 3479 1793 3534 inferri

85 3569 356 3637 dicimus,
414 3584 697 3638 corporeae
745 3569 835 3624 vel
896 3569 1243 3638 incorporea;
1296 3569 1409 3623 sint
1449 3569 1495 3623 si
1543 3569 1795 3623 difﬁnire

86 3657 378 3724 volumus,
413 3671 485 3712 ex
519 3657 806 3720 contrario
836 3657 1044 3712 melius
1073 3655 1286 3711 sentire
1317 3656 1596 3711 valemus.
1636 3655 1796 3722 Quze-

86 3746 329 3801 rendum
366 3746 538 3816 plane
571 3745 730 3816 prius
777 3753 860 3800 est
894 3754 1093 3801 utrum
1133 3744 1296 3800 electi
1344 3758 1668 3813 corporeas,
1719 3758 1794 3799 an

87 3834 456 3904 incorporeas
499 3835 557 3889 in
615 3834 826 3889 caelesti
883 3847 1062 3904 regno
1116 3832 1330 3904 glorias
1375 3840 1790 3902 assequuntur.

86 3921 138 3976 Si
166 3937 476 3992 corporeas
505 3922 715 3993 glorias
754 3922 1122 3988 mstimemus,
1159 3928 1222 3976 ut
1271 3920 1483 3976 scilicet
1528 3920 1792 3990 volupta-

89 4011 261 4074 tibus,
317 4012 519 4081 gustui
572 4025 639 4067 ac
695 4011 879 4080 epulis
926 4017 1149 4075 vacent,
1220 4009 1362 4065 nihil
1411 4010 1790 4080 explicamus,

87 4099 197 4155 imo
229 4099 544 4169 Scripturis
581 4100 1108 4166 obsistimnsJNon,
1155 4098 1586 4169 ait,’gaudeatis
1619 4113 1796 4169 super

83 4190 390 4258 spiritibus
421 4189 524 4259 qui
557 4189 720 4245 vobis
745 4189 1160 4260 subjiciuntur,
1186 4188 1279 4243 sed
1315 4189 1614 4257 gaudeatis
1640 4189 1795 4258 quod

82 4279 319 4333 nomina
375 4285 570 4333 vestra
617 4278 830 4347 scripta
878 4283 1015 4332 sunt
1065 4275 1124 4330 in
1175 4276 1313 4331 ccelo
1355 4276 1514 4346 (Luc.
1566 4290 1621 4343 x,
1681 4278 1790 4345 20).

83 4364 241 4422 Certe
275 4367 384 4436 ipsi
440 4365 676 4435 apostoli
733 4365 924 4420 adhuc
973 4365 1147 4420 rudes
1188 4365 1430 4420 Domino
1481 4364 1735 4420 inferunt
1777 4380 1790 4419 :

87 4476 106 4502 ι
143 4456 406 4522 Domine,
441 4455 736 4524 inquiunt,
770 4455 1004 4510 ostende
1034 4454 1198 4510 nobis
1237 4455 1490 4519 Patrem,
1537 4461 1592 4509 et
1630 4454 1792 4509 sufﬁ-

79 4545 153 4600 cit
183 4545 355 4601 nobis
391 4545 591 4615 (Joan.
623 4558 746 4610 xw,
778 4544 851 4614 8).
891 4564 912 4592 ι
967 4543 1116 4599 Illud
1159 4557 1392 4614 quoque
1427 4559 1439 4596 :
1489 4565 1509 4592 ι
1573 4546 1790 4599 Iterum

80 4640 271 4689 autem
320 4633 526 4689 videbo
571 4647 692 4700 vos,
727 4641 782 4687 et
820 4632 1094 4703 gaudebit
1145 4645 1243 4688 cor
1273 4639 1531 4688 vestrum
1585 4634 1787 4702 (Joan.

79 4737 192 4786 xvi,
245 4723 358 4791 22).
402 4743 422 4769 ι
475 4720 530 4776 Si
582 4722 638 4777 in
684 4721 898 4777 talibus
947 4720 1336 4776 caelicolarum
1391 4720 1594 4791 gloria,
1647 4721 1789 4790 quid

81 4818 376 4867 terrenum
426 4811 520 4866 hic
548 4809 875 4881 quaeritur?
917 4809 1055 4876 Quae
1090 4809 1429 4880 iucunditas
1477 4810 1790 4878 corporalis

80 4899 134 4954 in
165 4901 266 4957 Dei
311 4900 500 4956 Patris
542 4900 762 4955 visione
813 4899 1086 4970 putetur?
1135 4898 1281 4965 Quid
1324 4898 1479 4968 quod
1530 4899 1788 4968 psalmus

76 4989 192 5045 ait:
233 5013 255 5038 ι
294 4990 447 5056 Quid
475 4989 626 5045 enim
673 4989 813 5044 mihi
846 4997 930 5044 est
978 4989 1035 5042 in
1067 4988 1230 5055 ccelo,
1259 4995 1312 5043 et
1352 4995 1466 5043 ate
1507 4988 1648 5057 quid
1679 5003 1786 5045 vo-

75 5077 154 5134 lui
183 5093 363 5149 super
397 5077 650 5134 terram?
703 5079 872 5145 Deus,
911 5077 1119 5147 inquit,
1163 5076 1351 5131 cordis
1390 5076 1502 5132 mei
1554 5086 1607 5132 et
1655 5091 1786 5146 pars

75 5181 200 5221 mea
251 5166 440 5234 (Psal.
485 5181 661 5230 Lxxu,
719 5169 806 5232 25,
854 5169 962 5234 ‘26).
1018 5187 1040 5214 ι
1099 5165 1154 5221 Si
1197 5179 1334 5235 ergo
1387 5187 1406 5213 α
1467 5165 1576 5228 Qui
1631 5165 1786 5221 videt

76 5254 306 5319 Filium,
365 5261 422 5309 et
482 5254 662 5308 credit
713 5255 770 5308 in
823 5268 978 5319 eum,
1032 5253 1202 5308 habet
1255 5252 1434 5307 vitam
1504 5261 1783 5309 aeternam

78 5343 269 5408 (Joan.
301 5357 374 5402 γι,
420 5341 533 5412 40),
575 5361 596 5388 ι
639 5348 694 5396 et
725 5341 782 5396 in
810 5341 950 5397 coelo
981 5354 1048 5396 ac
1098 5341 1156 5395 in
1187 5348 1338 5394 terra
1372 5339 1516 5394 nihil
1561 5341 1782 5409 quaeri-

72 5436 168 5486 tur
198 5431 309 5486 nisi
355 5438 422 5486 ut
466 5430 619 5484 Deus
650 5428 952 5496 habeatur,
1001 5443 1139 5499 rogo
1194 5428 1328 5499 quis
1375 5427 1534 5483 locus
1585 5441 1783 5497 corpo-

72 5518 180 5573 reis
212 5516 616 5587 voluptatibus
645 5515 856 5572 datur?

138 5611 291 5662 364
330 5605 477 5661 Cum
524 5617 660 5674 ergo
691 5604 836 5659 nihil
891 5603 1290 5674 exemplorum
1339 5611 1625 5674 suppetat,
1679 5617 1781 5674 per

70 5709 198 5764 quae
225 5694 363 5765 quis
392 5690 629 5748 carnale
659 5690 716 5745 in
741 5690 886 5747 cmlo
916 5690 1056 5761 quid
1099 5691 1400 5761 intelligat,
1451 5691 1665 5748 mirum
1695 5700 1780 5748 est

1895 641 2125 697 dacium
2161 653 2401 712 quierat.
2443 646 2494 702 Si
2527 647 2708 717 igitur
2739 656 2918 704 totum
2955 651 3255 719 spirituale
3281 661 3384 714 est,
3435 655 3601 723 quid-

1897 731 2039 800 quid
2071 732 2128 786 iu
2160 733 2256 788 Dei
2301 736 2536 804 praemio
2581 745 2685 802 est,
2739 752 3098 809 consequens
3146 742 3286 796 mihi
3348 743 3594 810 videtur,

1897 827 1962 875 ut
1995 821 2149 889 quod
2182 822 2239 876 in
2288 823 2570 892 spirituali
2616 827 2831 881 mundo
2863 841 2896 882 a
2936 829 3233 897 spiritibus
3272 830 3399 886 licet
3430 833 3600 887 mali-

1897 907 2026 977 gnis
2054 909 2511 979 administratur,
2548 912 2795 982 idipsum
2826 930 3060 986 quoque
3094 918 3251 986 quod
3291 919 3600 987 puniendis

1897 1009 2210 1065 pravorum
2255 998 2555 1067 spiritibus
2593 1001 2814 1069 attinet,
2857 1005 3027 1059 etiam
3095 1007 3394 1074 spirituale
3441 1017 3600 1076 pute-

1897 1087 2014 1135 tur.
2045 1080 2202 1136 Sicut
2232 1083 2385 1137 enim
2416 1085 2650 1154 angelos
2681 1085 2854 1142 fetore
2900 1089 3156 1144 humano
3201 1091 3433 1159 gravari
3484 1105 3600 1146 non

1897 1168 2203 1234 credimus,
2238 1170 2319 1225 sic
2351 1171 2574 1228 animas
2619 1174 3012 1244 corporalibus
3055 1177 3355 1247 suppliciis
3397 1179 3601 1234 vexari

1898 1271 2012 1312 non
2046 1271 2207 1326 posse
2237 1259 2503 1315 dicimus.

1969 1352 1992 1406 §
2027 1347 2090 1399 ll.
2135 1345 2466 1416 Quid/tetu:
2506 1347 2567 1402 in
2597 1349 2847 1414 inferno,
2891 1354 2947 1405 et
2973 1352 3190 1407 stridor
3213 1352 3496 1409 dentium.
3531 1387 3600 1398 -—

1898 1433 2024 1502 Sed,
2056 1435 2205 1491 sicut
2244 1438 2514 1506 superius
2563 1439 2703 1506 dixi,
2741 1455 2812 1494 ex
2851 1442 3141 1497 contraria
3191 1451 3351 1512 parte
3397 1445 3602 1500 melius

1897 1535 2016 1578 rem
2048 1524 2332 1595 attingere
2365 1540 2686 1595 possumus.
2723 1528 2776 1583 Si
2821 1527 2992 1597 juxta
3021 1530 3359 1598 Apostoluin
3396 1546 3408 1585 :
3444 1554 3464 1580 ι
3501 1532 3602 1588 Re-

1899 1625 2080 1681 gnum
2119 1613 2216 1667 Dei
2264 1628 2376 1668 non
2416 1623 2498 1669 est
2538 1629 2666 1670 esca
2701 1624 2755 1671 et
2797 1625 2983 1685 potus,
3040 1620 3135 1672 sed
3185 1633 3296 1687 pax
3343 1629 3395 1675 et
3455 1635 3598 1691 gau-

1899 1699 2057 1754 dium
2117 1700 2172 1755 in
2225 1701 2442 1770 Spiritu
2486 1712 2684 1760 sancto
2746 1706 2936 1771 (Rom.
2992 1721 3108 1773 x1v,
3157 1711 3274 1775 7|),
3326 1727 3352 1758 io
3409 1710 3601 1764 videa-

1899 1798 2028 1839 mus
2059 1800 2089 1840 e
2118 1787 2347 1856 regione
2378 1803 2554 1858 quam
2587 1789 2813 1845 diversa
2851 1792 2924 1846 ab
2973 1792 3058 1859 iis,
3097 1794 3456 1850 turbulentia
3498 1797 3602 1852 sci-

1830 1858 2032 1928 l3licet
2093 1882 2328 1943 aeterna,
2389 1891 2457 1932 ac
2521 1887 2832 1948 perpetuus
2878 1858 3064 1936 motus
3123 1890 3298 1952 atque
3353 1884 3598 1952 tristitia,

1899 1959 2090 2031 vigeat
2127 1962 2184 2017 in
2226 1963 2470 2038 inferno.
2515 1989 2534 2015 ι
2571 1968 2711 2034 Erit,
2754 1967 2835 2023 ait
2874 1969 3170 2036 Dominus,
3206 1971 3282 2025 ibi
3328 1972 3515 2041 fletus,
3547 1983 3603 2030 et

1899 2051 2108 2105 stridor
2148 2051 2404 2108 dentium
2452 2055 2682 2120 (Matth.
2735 2071 2854 2124 VIII,
2908 2057 3010 2126 l2).
3070 2079 3091 2106 ι
3156 2058 3303 2125 Quid
3371 2062 3601 2118 anima-

1899 2151 2029 2194 rum
2063 2140 2250 2208 ﬂetus,
2293 2143 2400 2197 nisi
2451 2145 2834 2212 przecordialis
2863 2159 3063 2200 earum
3095 2156 3149 2203 et
3195 2149 3420 2204 interna
3455 2165 3598 2206 mte-

1899 2228 2093 2283 stitia?
2121 2230 2313 2286 Fletus
2342 2233 2494 2287 enim
2527 2234 2626 2303 qui
2673 2249 2787 2288 non
2830 2234 2940 2288 nisi
2985 2249 3019 2290 a
3057 2238 3373 2305 corporalis
3427 2240 3602 2295 rebus

1899 2318 2201 2386 emittitur,
2242 2329 2297 2375 et
2339 2323 2567 2388 stridor,
2607 2323 2705 2392 qui
2733 2323 2978 2379 dentatis
3026 2326 3131 2381 rite
3163 2328 3494 2398 ascribitur,
3529 2331 3601 2386 ad

1900 2406 2150 2462 dolorem
2185 2408 2650 2479 incorporearum
2677 2411 2962 2480 ipsarum,
3012 2414 3295 2469 insaniam
3329 2415 3605 2472 furorem-

1901 2509 2015 2565 que
2054 2496 2320 2552 refertur.
2365 2498 2611 2554 Stridere
2642 2513 2912 2570 namque,
2963 2516 3096 2556 cum
3138 2503 3208 2557 de
3253 2503 3482 2560 homine
3525 2505 3606 2560 di-

1901 2583 2069 2652 citur,
2105 2584 2414 2642 furentium
2447 2594 2548 2642 est.
2599 2588 2697 2643 Est
2727 2603 2861 2658 ergo
2903 2589 3062 2644 dolor
3111 2605 3412 2660 perpessae,
3451 2600 3505 2648 et
3545 2594 3604 2648 in

1900 2681 2182 2729 aeternum
2226 2675 2608 2744 perpetiendae
2667 2678 2926 2733 miseriae.
2993 2679 3092 2734 Est
3141 2680 3312 2734 etiam
3368 2683 3600 2750 stridor,

1901 2760 2040 2816 dum
2067 2764 2467 2819 commembris
2515 2765 2724 2820 diaboli
2775 2766 2988 2833 anima,
3046 2768 3167 2837 jam
3222 2774 3604 2840 contemptrix

1901 2851 2161 2905 omnium
2201 2851 2528 2908 divinorum
2573 2856 2847 2922 paenitere
2883 2856 3102 2925 incipit,
3135 2872 3251 2912 non
3298 2873 3357 2914 se
3411 2860 3606 2930 pejora

1904 2952 2080 3008 quam
2112 2939 2304 2995 fecerit
2330 2940 2602 2997 effecisse.

1977 3028 2138 3083 Unde
2168 3037 2290 3084 est:
2339 3051 2358 3078 ι
2415 3031 2634 3101 Impius
2685 3047 2818 3088 cum
2864 3034 3085 3090 venerit
3136 3034 3194 3090 in
3247 3037 3601 3105 profundum

1831 3157 1872 3214 Β
1904 3115 2211 3183 malorum,
2259 3120 2565 3175 contemnit
2611 3121 2806 3190 (Prov.
2852 3137 3014 3190 xvui,
3067 3122 3140 3192 3).
3206 3146 3226 3171 ι
3261 3124 3478 3193 Omnis,
3526 3127 3606 3183 ait

1903 3204 2075 3262 arbor
2123 3221 2254 3276 quae
2298 3222 2412 3263 non
2454 3208 2587 3264 facit
2637 3209 2890 3266 fructum
2925 3212 3138 3267 bonum
3178 3213 3500 3282 excidetur,
3551 3223 3607 3272 et

1902 3293 1961 3348 in
2017 3294 2205 3365 ignem
2267 3297 2525 3353 mittetur
2605 3299 2840 3368 (Matth.
2905 3315 2984 3367 ιιι,
3061 3301 3162 3368 10).
3204 3323 3224 3349 ι
3301 3302 3607 3360 Exciditur

1901 3384 2162 3440 videlicet
2217 3399 2252 3440 a
2321 3394 2591 3455 potestate
2652 3389 2945 3458 peccandi,
3021 3391 3177 3459 quod
3246 3393 3605 3448 tantumdem

1901 3473 2072 3539 valet,
2129 3488 2196 3529 ac
2249 3474 2294 3529 si
2350 3475 2606 3531 diceret:
2665 3477 2860 3547 Ligate
2914 3479 2994 3533 illi
3055 3494 3265 3535 manus
3311 3495 3378 3536 ac
3437 3483 3606 3552 pedes

1902 3560 2137 3631 (Matth.
2192 3577 2329 3630 xxu,
2385 3565 2490 3634 t3).
2551 3567 2610 3620 In
2665 3568 2850 3637 ignem
2918 3581 3053 3623 vero
3113 3570 3602 3640 mitti,|perpetuo

1902 3650 2050 3706 male
2079 3653 2287 3721 agendi
2336 3661 2420 3708 est
2475 3655 2735 3724 appetitu
2783 3658 3048 3712 cremari.
3110 3659 3270 3714 Unde
3304 3668 3359 3715 et
3408 3659 3549 3716 illud
3588 3677 3601 3714 :

1904 3758 1931 3786 α
1967 3737 2353 3808 Supercecidit
2397 3739 2566 3810 ignis,
2601 3749 2656 3796 et
2705 3757 2820 3798 non
2871 3744 3142 3801 viderunt
3189 3747 3364 3802 solem
3419 3747 3603 3818 (Ρεαι.

1902 3839 2035 3891 Lvu,
2072 3826 2149 3895 9).
2191 3846 2212 3875 ι
2252 3826 2307 3882 Si
2339 3827 2493 3883 enim
2515 3836 2616 3896 est,
2651 3837 2715 3884 ut
2756 3845 2886 3885 vere
2917 3839 3020 3893 est,
3055 3832 3194 3900 quia
3241 3833 3297 3887 in
3347 3833 3604 3890 interiori

1902 3912 1996 3969 illo
2025 3915 2244 3971 mundo
2293 3917 2557 3985 cupiunt,
2603 3925 2890 3984 metuunt,
2949 3921 3344 3990 gaudentque,
3391 3923 3608 3979 dolent-

1903 4016 2036 4072 que,
2097 4002 2227 4058 licet
2279 4003 2469 4072 impiis
2527 4019 2897 4076 nequaquam
2962 4010 3214 4078 gaudere
3279 4011 3602 4080 conveniat,

1905 4091 2013 4146 tria
2067 4099 2258 4147 tamen
2316 4093 2428 4148 alia
2472 4094 2554 4149 eis
2607 4109 2679 4149 ne
2755 4105 3042 4150 momento
3100 4096 3334 4165 quidem
3409 4097 3606 4153 abesse

1902 4189 2149 4251 queant;
2183 4196 2296 4236 non
2339 4182 2523 4237 dicam
2565 4184 2718 4252 quod
2763 4184 2974 4239 eisdem
3028 4185 3390 4254 passionibus
3449 4187 3606 4241 addi-

1902 4277 2133 4340 cantur,
2169 4271 2387 4340 quibus
2417 4271 2550 4328 olim
2578 4272 3010 4342 subjacuerant,
3037 4274 3130 4328 sed
3169 4281 3323 4328 tanto
3343 4275 3605 4330 rabidius

1902 4367 2124 4428 quanto
2157 4360 2533 4429 spiritualius,
2562 4370 2626 4417 ut
2658 4362 2737 4416 nil
2767 4362 2922 4417 aliud
2956 4362 3014 4416 in
3035 4362 3116 4418 eis
3146 4364 3300 4432 ipsae,
3333 4379 3449 4419 non
3472 4379 3603 4420 una;

1831 4462 1876 4517 ι)
1906 4448 2000 4502 sed
2041 4449 2386 4506 omnimodae
2433 4452 2746 4520 passiones,
2802 4464 2980 4521 quam
3031 4451 3178 4523 ignis
3230 4452 3604 4509 indefectivus

1899 4545 1954 4593 et
1977 4552 2202 4607 semper
2231 4539 2471 4595 inurens
2499 4541 2657 4595 tiant.

1970 4627 1997 4694 §
2027 4627 2123 4682 ΙΙΙ.
2157 4629 2292 4698 Igne
2311 4627 2609 4682 materiali
2626 4628 2857 4684 animas
2887 4629 3145 4701 torqueri
3181 4631 3322 4686 dicit
3360 4636 3422 4688 Β.
3463 4635 3604 4689 Gre-

1892 4714 2109 4787 gorius.
2137 4747 2205 4756 —
2235 4717 2395 4782 Quod
2425 4718 2470 4773 si
2514 4718 2647 4788 quis
2691 4718 2831 4774 mihi
2864 4719 3062 4789 objicit
3102 4720 3332 4777 beatum
3382 4721 3603 4792 Grego-

1898 4804 2071 4871 rium,
2142 4805 2298 4874 quod
2364 4819 2639 4875 corporeo
2715 4807 2864 4862 dicat
2922 4807 3147 4862 animas
3205 4810 3334 4880 igne
3405 4811 3600 4880 puniri

1897 4893 2137 4965 (Dialog.
2172 4893 2269 4950 lib.
2303 4909 2382 4958 ιν,
2412 4909 2538 4965 cap.
2572 4897 2683 4966 29),
2722 4896 3002 4962 advertat,
3037 4897 3190 4966 quod
3243 4897 3319 4953 ibi
3365 4898 3596 4956 dicitur.

1899 5004 1927 5031 ‹‹
1955 4983 2178 5049 Teneri,
2213 4982 2312 5045 ait,
2349 4982 2627 5052 Spiritum
2686 4998 2785 5053 per
2839 4984 3030 5054 ignem
3072 4985 3340 5056 dicimus,
3373 5006 3402 5039 ι)
3446 4996 3510 5044 ut
3538 4989 3597 5044 in

1895 5078 2176 5126 tormento
2244 5071 2393 5142 ignis
2471 5072 2544 5128 sit
2606 5073 2852 5128 videndo
2909 5087 2976 5129 ac
3033 5075 3344 5131 sentiendo.
3398 5075 3598 5148 Ignem

1895 5174 2148 5230 namque
2178 5174 2244 5216 eo
2269 5161 2386 5229 ipso
2416 5161 2654 5230 patitur,
2688 5177 2806 5232 quo
2840 5163 3028 5230 videt;
3065 5172 3119 5219 et
3166 5165 3308 5234 quia
3352 5169 3598 5224 cremari

1892 5264 1951 5305 se
1980 5250 2201 5318 aspicit,
2254 5258 2564 5306 crematur.
2597 5251 2761 5317 Quod
2807 5259 2986 5307 totum
3017 5260 3118 5320 est,
3169 5256 3310 5324 quia
3361 5256 3599 5312 damna-

1892 5347 2013 5395 tum
2048 5355 2107 5394 se
2137 5340 2360 5410 aspicit,
2407 5341 2584 5395 animi
2622 5355 2776 5396 saeva
2821 5343 3262 5400 exacerbatione
3317 5346 3600 5416 decoqui-

1890 5436 2004 5484 tur.
2074 5429 2207 5484 Vide
2261 5430 2551 5485 hominem
2605 5439 2821 5486 aterno
2873 5430 3166 5502 ergastulo
3246 5433 3591 5506 relegatum,

1889 5517 2185 5573 mortifera
2218 5519 2598 5575 mortificatur
2627 5520 2844 5576 acedia.
2896 5521 3026 5578 Vidi
3055 5522 3163 5579 hoc
3193 5537 3346 5580 anno
3373 5539 3587 5595 quem-

1888 5604 2044 5671 dam,
2092 5605 2194 5675 qui
2240 5607 2442 5664 timore
2495 5609 2850 5678 paupertatis
2899 5610 3173 5681 laqueum
3209 5613 3338 5679 sibi,
3390 5615 3502 5671 nisi
3559 5630 3594 5672 a

1890 5693 2014 5748 suis
2043 5703 2365 5765 erueretur,
2402 5696 2694 5767 injecerat.
2734 5700 2813 5754 De
2839 5699 3275 5758 circumstantia
3302 5717 3440 5774 ergo
3467 5717 3599 5768 sua,
