3936 6418
318 409 422 463 675

1211 404 1276 458 ν.
1318 401 1655 462 GUIBERTI
1690 401 1986 457 ABBATIS

2190 404 2363 459 \RUE
2403 404 2495 460 DE
2539 403 2939 461 NOVIGENTO
3727 407 3823 459 676

316 538 637 596 secundum
664 538 897 594 beatum
932 549 1138 606 papam
1168 535 1405 605 spiritus
1452 534 1642 601 habet,
1697 533 1849 589 unde
1890 547 2020 589 cru-
2054 533 2331 603 A(Eccli.
2366 550 2443 602 ιχ,
2495 537 2597 605 lO),
2660 550 2834 607 quem
2883 537 3096 592 scilicet
3147 535 3442 592 diabolica:
3495 535 3827 592 intentionis

316 626 519 682 cietur.

385 713 548 779 Quod
594 712 641 767 si
697 710 894 767 divitis
948 723 1116 780 pmna
1163 709 1311 779 ignis
1358 707 1669 778 corporalis
1719 707 2012 778 objicitur,

314 801 685 859 libentissime
745 813 945 869 papam
998 806 1283 864 sanctum,
1334 797 1379 852 si
1436 810 1687 866 praesens
1733 806 1896 865 esset,
1935 798 2015 851 in—

313 891 624 961 quirerem,
651 890 695 944 si
728 889 879 959 ignis
914 887 1005 943 ille
1043 900 1382 956 corporeus,
1417 893 1480 941 ut
1526 886 1682 952 dicit,
1744 886 2010 951 habetur,

313 986 369 1034 et
398 985 623 1048 gustus,
653 984 708 1032 et
736 977 971 1047 digitus,
1003 983 1058 1031 et
1088 976 1307 1045 lingua,
1359 975 1485 1044 pari
1526 975 1690 1030 modo
1739 987 2014 1044 corporea

315 1066 684 1121 tenebuntur.
720 1064 865 1129 Quia
893 1078 1032 1135 ergo
1071 1077 1186 1119 non
1238 1064 1512 1118 assentire
1550 1069 1707 1118 tanto
1740 1061 2014 1131 magistro

313 1153 598 1210 nefarium
652 1153 940 1220 ducimus,
997 1158 1053 1208 et
1102 1150 1502 1220 spiritualibus
1552 1149 1872 1219 corporalia
1950 1148 2013 1204 in

312 1241 640 1298 omnimoda
684 1240 783 1295 illa
827 1240 1201 1295 interioritate
1241 1238 1477 1294 miscere
1517 1240 1824 1305 nescimus,
1874 1238 2008 1303 Deo,

313 1344 445 1400 qua:
475 1330 719 1385 necdum
755 1329 919 1385 nobis
963 1329 1214 1398 experiri
1248 1328 1507 1399 contigit,
1556 1327 2005 1384 committamus.

310 1418 538 1476 Nemini
562 1417 716 1474 enim
743 1418 1081 1484 obnitimur,
1124 1418 1221 1473 sed
1254 1431 1360 1487 pro
1406 1423 1579 1487 captu
1608 1424 1803 1473 nostro
1841 1428 2011 1471 sensa

310 1507 555 1578 simplici
590 1506 903 1564 intentione
933 1506 1295 1577 proferimus.

990 1594 1223 1650 CAPUT
1266 1594 1333 1650 V.

382 1685 454 1751 §l-
512 1682 656 1750 Quid
708 1686 1048 1739 sanctorum
1102 1681 1362 1737 exercitii
1414 1681 1481 1739 in
1521 1680 1739 1738 calesti
1786 1680 2009 1753 gloria,-

310 1773 452 1846 quid
499 1772 809 1843 impiorum
855 1772 917 1825 in
965 1771 1308 1828 cruciatibus
1359 1770 1602 1826 aeternis.
1647 1799 1720 1811 —
1779 1768 2010 1825 Diaboli

2125 624 2289 679 furor
2323 626 2547 695 agebat,
2590 639 2775 695 quare
2823 639 2927 694 pro
2976 624 3256 681 fratribus
3285 638 3359 681 ne
3398 631 3454 680 et
3498 623 3605 694 ipsi
3651 622 3829 693 perdi-

2126 720 2245 769 tum
2282 712 2429 769 irent
2459 721 2574 769 tam
2617 713 2890 769 benevole
2938 712 3286 783 postulabat.
3334 712 3497 779 Quod
3551 710 3598 767 si
3648 710 3826 767 bene-

2123 800 2373 857 volentia
2417 802 2634 858 bonum
2666 809 2769 867 est,
2818 808 2875 857 et
2934 801 3055 857 haec
3099 800 3220 871 ipsa
3272 800 3553 870 supplicio
3604 799 3821 877 subest,

2125 890 2370 960 profecto
2394 898 2449 946 et
2476 891 2779 960 sapientia,
2812 898 2869 946 et
2909 890 3165 956 scientia,
3207 896 3384 960 atque
3432 888 3580 945 ratio
3623 895 3827 943 contra

2122 977 2336 1046 praefati
2372 977 2646 1047 sapientis
2669 978 2886 1034 dictum
2917 976 3057 1034 inibi
3083 985 3187 1033 est.
3227 976 3377 1041 Quia
3408 991 3545 1033 vero
3583 983 3828 1032 sanctus

2120 1063 2182 1120 in
2212 1080 2278 1122 eo
2321 1065 2565 1136 Spiritus
2592 1066 2822 1122 mentiri
2864 1081 2981 1122 non
3036 1072 3234 1136 potest,
3285 1079 3464 1137 quam
3509 1066 3581 1121 sit
3639 1064 3830 1120 futilis

2119 1153 2227 1210 ista
2258 1155 2450 1224 petitio
2479 1154 2666 1210 videre
2696 1154 2755 1210 in
2784 1161 3054 1225 promptu
3081 1162 3185 1210 est.

2190 1241 2465 1312 Superius
2492 1242 2709 1298 dictum
2738 1251 2823 1299 est
2870 1242 3143 1312 reprobos
3198 1243 3257 1297 in
3295 1241 3520 1298 inferno
3562 1256 3680 1298 non
3727 1255 3821 1296 so-

2117 1329 2237 1387 lum
2258 1331 2591 1387 carnalibus
2621 1330 2925 1387 affectibus
2959 1344 3078 1386 non
3107 1329 3410 1398 carituros,
3443 1329 3540 1386 sed
3583 1343 3819 1400 perver-

2118 1419 2197 1475 sis
2249 1420 2422 1475 etiam
2498 1419 2794 1477 amoribus
2877 1432 3201 1475 coarsuros.
3276 1419 3409 1475 Hec
3476 1419 3637 1474 dives
3719 1417 3821 1473 ille

2117 1508 2435 1577 perpendit,
2459 1508 2599 1564 dum
2631 1508 2833 1563 fratres
2862 1507 3174 1563 adventare
3208 1506 3439 1573 metuit;
3489 1506 3593 1562 scit
3654 1507 3818 1562 enim

2118 1596 2178 1652 in
2226 1610 2577 1667 quocunque
2620 1597 2866 1653 fratrum
2898 1596 3178 1667 geminari
3217 1595 3324 1651 sibi
3352 1595 3723 1665 supplicium,
3762 1601 3822 1650 et

2118 1686 2177 1741 in
2207 1700 2458 1756 quorum
2498 1685 2659 1742 cultu
2691 1700 2759 1741 ac
2788 1684 3064 1741 desiderio
3091 1698 3126 1740 a
3173 1685 3369 1741 divino
3398 1698 3592 1741 amore
3638 1684 3825 1739 desci-

2120 1775 2221 1836 vit.
2249 1774 2306 1829 in
2336 1789 2537 1830 eorum
2565 1789 2743 1844 quam
2798 1776 3139 1844 propositam
3193 1774 3299 1830 sibi
3350 1773 3521 1830 habet
3579 1773 3826 1829 damna-

310 1835 471 1917 cz'bue
499 1835 739 1932 peccata
786 1877 1108 1933 suggerere.
1156 1861 1388 1916 Constat
1435 1860 1631 1930 itaque
1673 1860 1813 1929 quia
1864 1859 2013 1915 sicut
2050 1835 2092 1890 Β
2125 1835 2274 1918 tione
2300 1835 2628 1919 incenditur
2657 1835 2872 1934 parit-er
2903 1835 2980 1918 ac
3043 1862 3279 1919 insanit.
3326 1863 3475 1918 Dum
3518 1876 3653 1932 ergo
3711 1862 3824 1917 sibi

311 1959 644 2007 sanctorum
677 1949 1105 2016 benevolentiae,
1137 1964 1270 2005 cum
1308 1949 1380 2003 ad
1426 1949 1525 2003 Dei
1560 1949 1831 2003 visionem
1884 1961 2015 2017 per-

312 2039 576 2105 veniunt,
610 2036 995 2094 inaestimabili
1018 2050 1237 2106 semper
1266 2035 1569 2092 dulcedine
1606 2041 1891 2101 crescunt,
1937 2036 2016 2091 ita

312 2126 690 2196 reproborum
728 2125 935 2180 animae
991 2124 1165 2193 capiti
1212 2138 1317 2179 suo
1360 2123 1589 2179 diabolo
1620 2125 1820 2189 unitte,
1854 2131 2015 2178 tanto

312 2214 713 2270 vehementius
754 2213 1026 2282 peccandi
1088 2212 1370 2267 desiderio
1423 2226 1539 2267 non
1596 2213 1717 2266 sine
1774 2212 2017 2266 atrocis-

313 2304 455 2360 simo
482 2309 762 2358 tormento
791 2308 1057 2367 tostuant,
1104 2309 1324 2370 quanto
1354 2300 1428 2354 ab
1468 2314 1553 2367 eo,
1582 2300 1675 2355 cui
1721 2299 1887 2354 cibus
1930 2307 2017 2354 est

313 2398 515 2462 pccata
570 2403 899 2460 suggerere,
946 2388 1108 2444 nulla
1178 2388 1491 2443 intentione
1542 2386 1888 2443 discordant.
1945 2388 2017 2443 Et

316 2479 466 2536 sicut
495 2486 721 2534 sanctos
764 2478 997 2547 poenitet
1027 2477 1149 2532 visa
1186 2476 1284 2531 Dei
1319 2476 1521 2546 gloria,
1572 2476 1728 2545 quod
1771 2475 2018 2545 amplius

316 2582 419 2637 pro
444 2581 513 2622 ea
538 2565 902 2634 adipiscenda
934 2579 1049 2620 non
1088 2564 1497 2633 laboraverint,
1527 2563 1610 2619 sic
1638 2564 1795 2633 impii
1827 2577 2015 2634 ceger-

316 2655 461 2712 rime
491 2654 702 2720 dolent,
749 2654 904 2724 quod
951 2653 1023 2708 ad
1078 2667 1146 2709 ea
1198 2653 1480 2723 supplicia
1535 2653 1839 2709 deventuri
1899 2667 2014 2708 non

317 2744 566 2814 amplius
595 2742 886 2813 maliginis
914 2741 1310 2812 voluptatibus
1348 2741 1729 2797 inservierint.
1768 2741 2007 2808 Quidni!

317 2833 397 2889 De
427 2831 733 2887 advivente
762 2830 937 2900 impio
966 2830 1178 2885 dicitur
1208 2844 1221 2883 :
1262 2852 1282 2878 ι
1322 2829 1440 2885 Sub
1467 2829 1668 2900 lingua
1698 2831 1824 2899 ejus
1852 2829 2015 2885 labor

317 2929 372 2977 et
422 2920 584 2976 dolor
610 2918 783 2989 (Psal.
811 2932 871 2987 x,
922 2918 995 2987 7).
1039 2938 1060 2967 ι
1119 2917 1305 2973 Labor
1334 2917 1615 2984 videlicet,
1662 2917 1816 2987 quod
1867 2918 2014 2974 male

316 3009 525 3082 agendi
554 3008 743 3065 studio
773 3007 1032 3077 insudat;
1059 3006 1239 3074 dolor,
1274 3021 1390 3077 quo
1419 3020 1487 3061 ea
1530 3021 1661 3077 qua
1717 3006 2013 3062 desidera-

315 3100 464 3156 verit
488 3096 732 3155 crimina
770 3104 1101 3167 perpetrare
1139 3110 1256 3150 non
1310 3096 1599 3165 praevalet.
1648 3095 1719 3150 Et
1748 3095 1891 3165 quid
1943 3096 2013 3152 de

316 3188 413 3244 illo
442 3186 543 3258 qui
574 3186 799 3243 Satanae
849 3191 1302 3254 concorporatur
1347 3184 1459 3239 dici
1507 3183 1734 3254 poterit,
1791 3191 2014 3254 quanta

315 3277 375 3334 in
414 3290 480 3332 eo
521 3273 884 3331 vehementia
928 3273 1152 3343 pessimi
1198 3273 1488 3342 appetitus
1532 3273 1677 3329 erit?
1727 3272 1780 3329 Si
1830 3272 2014 3329 sancti

314 3363 668 3435 sempiternis
724 3364 785 3419 in
839 3364 1020 3419 Deum
1090 3361 1398 3418 ardoribus
1459 3361 1695 3429 fervent,
1771 3361 2013 3432 improbi

315 3454 607 3525 perpetuis
632 3451 929 3509 furoribus
957 3451 1219 3506 strident.

386 3542 514 3609 θη.
545 3540 641 3595 Ad
673 3539 812 3610 quid
852 3539 1011 3593 dives
1061 3555 1177 3592 non
1227 3554 1309 3606 se,
1366 3538 1467 3592 sed
1523 3538 1781 3594 Lazarus
1827 3541 1892 3593 ut
1949 3538 2014 3593 in

314 3630 591 3687 mundum
617 3627 886 3683 mittatur
912 3630 1059 3682 orat.
1095 3626 1241 3682 Huic
1269 3627 1524 3696 opinioni
1553 3636 1760 3683 nostra;
1789 3642 1849 3684 se
1884 3642 2016 3683 con-

318 3720 425 3776 fert
451 3717 851 3788 evangelicum
892 3716 1034 3773 illud
1059 3715 1378 3785 capitulum
1405 3716 1473 3771 de
1497 3716 1674 3772 divite
1688 3724 1743 3772 et
1783 3718 2010 3779 Lazaro,

318 3809 379 3863 in
426 3822 562 3878 quo,
613 3806 661 3862 si
714 3806 855 3861 bene
892 3806 1221 3872 discutitur,
1263 3812 1448 3860 status
1487 3804 1774 3860 interioris
1811 3804 2013 3860 mundi

318 3895 634 3967 plurimum
684 3894 960 3963 aperitur.
1013 3893 1079 3948 In
1131 3908 1249 3963 quo
1300 3893 1551 3962 primum
1597 3892 1643 3947 si
1698 3893 2016 3962 perpendas

319 3984 459 4054 quid
488 3984 596 4039 sibi
629 3983 785 4050 velit,
811 3982 964 4052 quod
997 3981 1142 4037 idem
1194 3967 1517 4036 dives'non
1558 3994 1618 4037 se
1660 3980 2011 4048 resuscitari,

316 4079 372 4128 et
409 4072 482 4128 ad
540 4072 721 4141 patris
769 4069 1005 4126 domum
1062 4068 1228 4136 mitti,
1287 4068 1387 4125 sed
1434 4068 1714 4124 Lazarum
1765 4066 2017 4136 postulat

320 4160 487 4230 (Luc.
518 4175 636 4227 xvt,
673 4158 784 4229 27),
843 4159 1103 4213 invenies
1143 4172 1298 4225 eum,
1340 4158 1443 4227 qui
1471 4157 1540 4213 de
1567 4156 1680 4211 hac
1728 4157 1848 4211 vita
1880 4170 2014 4212 cum

318 4249 675 4320 nequissima
711 4252 861 4301 805
889 4246 1183 4302 voluntate
1203 4247 1439 4313 exierat,
1474 4245 1616 4315 quia
1646 4244 1869 4300 nullam
1893 4258 2016 4299 sese

320 4336 643 4408 corrigendi
703 4336 1079 4402 voluntatem,
1125 4336 1171 4391 si
1204 4335 1665 4402 resuscitaretur,
1708 4340 1763 4388 et
1800 4333 1869 4387 ad
1903 4346 2018 4388 saa-

2123 1952 2464 2021 gehennam,
2501 1960 2562 2006 ut
2593 1951 2674 2006 sic
2702 1951 2969 2017 dixerim,
3016 1950 3441 2021 quincuplicari
3488 1958 3744 2017 veretur,
3787 1963 3825 2004 a

2074 2072 2082 2080 -
2122 2056 2229 2097 suo
2277 2048 2568 2097 conventu
2606 2039 2812 2096 fratres
2856 2039 3066 2096 Lazaro
3118 2040 3357 2096 docente
3411 2039 3635 2096 amoliri
3684 2053 3826 2110 pre-

2121 2137 2296 2271 catsliled
2324 2214 2397 2270 ab
2435 2214 2632 2285 aliquo
2660 2212 2831 2283 objici
2875 2221 3075 2284 potest.
3126 2213 3267 2284 quia
3311 2226 3481 2283 poena
3533 2212 3632 2268 illa
3693 2212 3826 2268 sine

2123 2304 2273 2359 bono
2326 2310 2459 2359 actu
2504 2303 2712 2358 evitari
2768 2317 2883 2358 non
2932 2310 3169 2372 poterat,
3215 2315 3352 2372 ergo
3389 2303 3510 2357 sine
3563 2301 3826 2357 benevo-

2123 2391 2299 2447 lentia
2325 2405 2438 2445 non
2472 2398 2615 2455 erat,
2650 2390 2753 2461 qui
2801 2391 3027 2446 eosdem
3065 2390 3407 2446 correctiora
3447 2402 3617 2460 agere
3662 2403 3829 2459 prae-

2121 2480 2373 2549 optabat.
2421 2478 2525 2534 Cui
2564 2477 2883 2535 inferimus.
2921 2480 3069 2533 Sunt
3108 2477 3291 2534 multa
3318 2491 3450 2547 quae
3479 2476 3625 2533 velle
3655 2477 3826 2532 vide-

2122 2582 2273 2635 mur,
2333 2582 2464 2638 quaa
2512 2575 2704 2624 tamen
2750 2567 2903 2623 nolle
2954 2580 3058 2623 nos
3101 2566 3395 2622 evidenter
3448 2565 3823 2636 agnoscitur;

2123 2672 2254 2713 nam
2284 2656 2329 2711 si
2361 2657 2739 2713 insanabilem
2763 2656 3028 2712 morbum
3061 2656 3299 2726 patiaris
3327 2656 3386 2711 in
3408 2656 3606 2726 digito,
3636 2670 3820 2725 quem

2122 2745 2456 2801 abscindere
2508 2745 2797 2800 mouearis
2855 2757 2890 2799 a
2942 2744 3237 2814 chirurgo,
3296 2743 3436 2800 dicis
3490 2743 3591 2799 tibi
3644 2744 3825 2799 malle

2125 2834 2354 2904 praecidi
2404 2847 2583 2903 quam
2632 2846 2841 2889 manus
2892 2832 3064 2889 totius
3110 2847 3236 2902 ope,
3288 2832 3489 2889 morbo
3520 2832 3821 2904 gliscente,

2122 2920 2371 2978 destitui.
2410 2921 2557 2977 Dicis
2603 2929 2655 2977 te
2687 2921 2793 2977 hoc
2825 2920 2994 2977 malle
3041 2934 3218 2991 quam
3270 2920 3431 2989 illud,
3485 2935 3619 2978 cum
3664 2935 3824 2976 neu-

2121 3018 2275 3067 trum
2327 3010 2725 3080 probatissime
2766 3009 2932 3065 nolis.
2984 3010 3138 3065 Talis
3164 3009 3272 3065 fuit
3301 3010 3569 3066 voluntas
3610 3010 3674 3065 in
3729 3010 3823 3065 di-

2122 3098 2257 3163 vite,
2312 3105 2373 3153 ut
2426 3097 2668 3153 volendo
2719 3096 2916 3164 nollet,
2971 3104 3029 3153 et
3092 3096 3337 3153 nolendo
3391 3096 3579 3165 vellet,
3625 3097 3824 3167 potius

2121 3200 2298 3256 quam
2333 3185 2598 3256 supplicii
2638 3185 2990 3243 incrementa
3032 3185 3270 3242 subiret.
3293 3185 3681 3258 Quoscunque
3719 3185 3826 3242 ita-

2122 3289 2235 3344 que
2264 3274 2427 3344 impii
2462 3281 2664 3331 contra
2702 3274 2882 3329 Deum
2914 3281 3203 3341 amarant,
3256 3274 3360 3331 hos
3397 3274 3554 3344 justo
3595 3273 3827 3344 judicio

2120 3378 2315 3420 coram
2345 3378 2405 3419 se
2451 3362 2700 3419 cruciari
2743 3363 3127 3430 considerant,
3170 3376 3423 3433 quorum
3469 3375 3668 3432 poenas
3709 3361 3826 3432 ipsi

2120 3467 2343 3523 semper
2374 3453 2433 3509 in
2459 3467 2519 3509 se
2553 3453 2925 3521 reciprocam.

2786 3540 3019 3596 CAPUT
3051 3540 3146 3596 VI.

2193 3627 2526 3699 Corporales
2576 3643 2693 3681 non
2728 3629 2860 3682 sunt
2903 3626 3133 3693 animae,
3185 3642 3289 3680 nec
3325 3624 3645 3690 rensibilee,
3702 3624 3833 3680 nisi

2119 3716 2285 3771 modo
2300 3714 2617 3788 rpin'tuali.
2661 3715 2805 3782 Quid
2830 3714 3039 3770 vermis
3063 3713 3413 3787 :pirt'tualis.
3449 3743 3517 3756 —
3548 3713 3689 3780 Qua
3719 3730 3833 3772 au-

2123 3813 2234 3860 tem
2268 3819 2509 3875 corpora
2554 3805 2762 3860 animae
2820 3804 3068 3860 habeant
3116 3818 3222 3875 ego
3261 3804 3467 3870 nescio,
3520 3802 3661 3859 illud
3725 3818 3834 3873 po-

2123 3893 2403 3949 tissimum
2446 3907 2570 3949 meo
2621 3894 2776 3950 sedet
2832 3892 3092 3958 arbitrio,
3152 3892 3338 3963 typice
3386 3893 3591 3948 debere
3643 3892 3831 3948 intel-

2123 3981 2222 4052 ligi
2272 3982 2427 4051 quod
2483 3982 2697 4038 dicitur
2742 3996 2841 4038 ore
2897 3982 3242 4037 Dominico:
3293 4000 3320 4033 ι
3352 3981 3576 4038 Vermis
3613 3994 3831 4037 eorum

2123 4084 2239 4125 non
2289 4070 2587 4136 morietur,
2656 4078 2710 4126 et
2766 4070 2918 4141 ignis
2982 4084 3183 4126 eorum
3235 4084 3350 4126 non
3415 4069 3835 4139 exstinguetur

2124 4159 2263 4229 (Ira.
2316 4172 2471 4224 LXVI,
2524 4161 2633 4226 24).
2695 4180 2724 4208 ››
2758 4159 2814 4215 Si
2862 4172 2898 4215 a
2941 4158 3107 4215 beato
3159 4158 3263 4214 Job
3311 4158 3464 4228 putri
3505 4165 3560 4213 et
3623 4159 3834 4216 tabido

2117 4246 2271 4318 juste
2302 4247 2600 4303 dicebatur
2633 4263 2646 4301 :
2685 4270 2705 4298 ι
2745 4246 2854 4314 Qui
2910 4261 3022 4315 me,
3073 4247 3285 4317 inquit,
3344 4247 3649 4302 comedunt
3705 4262 3834 4304 non

2121 4336 2415 4393 dormiunt
2457 4335 2591 4407 (Job
2646 4350 2784 4402 xxx,
2822 4335 2932 4407 l7),
2973 4357 2996 4385 ι
3046 4335 3120 4391 ad
3175 4335 3440 4405 spiritum
3487 4349 3601 4390 non
3651 4335 3833 4393 video

319 4427 517 4483 culum
544 4424 772 4492 rediret,
809 4424 1073 4492 habebat,
1102 4424 1360 4480 eamdem
1386 4436 1639 4492 namque
1672 4421 2012 4491 perversita-
2052 4430 2096 4484 ι)
2127 4425 2412 4496 quomodo
2450 4425 2750 4492 referatur,
2801 4424 2943 4495 quia
2998 4424 3156 4480 nasci
3205 4437 3427 4481 vermes
3479 4437 3552 4479 ex
3607 4423 3832 4493 spiritu

320 4522 432 4572 tem
467 4529 586 4586 qua
657 4514 805 4569 inter
845 4514 1138 4570 cruciatus
1195 4526 1391 4569 carere
1442 4526 1558 4568 non
1608 4518 1847 4580 poterat,
1898 4524 2019 4566 sese

319 4603 480 4660 nullo
505 4602 673 4659 modo
720 4603 1081 4659 deserturum
1118 4616 1220 4673 pro
1273 4608 1847 4670 certocognoverat.
1904 4599 2019 4655 Nec

318 4705 452 4748 eum
504 4705 537 4747 e
600 4689 831 4760 regione
884 4690 1135 4760 profecto
1191 4688 1422 4756 latebat,
1478 4688 1618 4758 quia
1671 4686 1717 4743 si
1778 4687 2017 4758 pristino

319 4786 476 4837 statu
512 4778 913 4836 restitueretur
966 4778 1027 4832 in
1078 4777 1316 4842 mundo,
1366 4784 1421 4831 et
1465 4776 1757 4846 prioribus
1811 4777 2017 4832 studiis

319 4869 708 4924 emendatiora
739 4881 854 4923 non
899 4873 1141 4938 gereret,
1169 4865 1240 4920 ad
1284 4864 1822 4934 centuplicationem
1852 4865 2017 4921 dam-

319 4956 571 5012 nationis
625 4955 684 5011 in
737 4956 936 5012 eadem
1005 4961 1310 5024 postremo,
1379 4959 1661 5009 tormenta
1715 4954 2010 5011 recideret.

321 5044 600 5102 Lazarum
636 5058 772 5116 ergo
818 5040 1146 5099 resuscitari
1201 5054 1400 5097 secure
1450 5050 1737 5111 precatur,
1782 5043 1852 5100 de
1899 5057 2016 5113 quo

321 5147 437 5189 non
468 5133 626 5190 aliud
650 5132 1011 5203 sperabatur,
1048 5143 1245 5200 quam,
1281 5130 1382 5199 qui
1435 5138 1568 5186 ante
1604 5133 2015 5201 experientiam

322 5222 518 5293 glorias
547 5221 678 5291 pius
703 5221 811 5277 sub
855 5218 1056 5275 morbo
1094 5231 1161 5273 ac
1193 5217 1386 5288 inopia
1428 5219 1674 5289 vixerat,
1718 5220 2016 5278 redivivus

321 5325 439 5367 non
471 5311 581 5366 nisi
607 5309 755 5365 bono
783 5306 984 5363 melior
1018 5305 1139 5361 fieri
1171 5314 1408 5376 poterat.

392 5400 421 5466 §
448 5399 545 5454 IIl.
573 5398 759 5465 Quare
787 5397 954 5450 tanta
983 5394 1375 5452 benevolentia
1384 5397 1646 5464 fratrum
1662 5397 1845 5453 saluti
1872 5413 2015 5453 con—

319 5486 462 5543 sulit
486 5484 646 5541 dive:
670 5483 793 5539 ille.
823 5513 892 5523 —-
919 5483 1151 5539 Accedit
1184 5499 1419 5557 quoque
1462 5495 1675 5544 nostra:
1721 5487 2014 5544 sententiae

323 5574 480 5646 quod
534 5588 657 5645 qui,
701 5571 877 5644 juxta
917 5572 1296 5643 Salomonem,
1340 5589 1448 5632 nec
1492 5576 1856 5647 sapientiam,
1909 5590 2016 5632 nec

322 5662 620 5720 scientiam
694 5675 884 5733 neque
935 5660 1215 5722 rationem
1282 5663 1438 5737 apud
1496 5663 1710 5722 inferos
1764 5661 2017 5721 habebat

2125 4514 2387 4570 nondum
2417 4513 2767 4581 audivimus,
2817 4521 2921 4569 aut
2958 4527 3183 4569 vermes
3225 4512 3483 4568 mordere
3525 4512 3822 4581 spiritum.

2124 4602 2269 4669 Quia
2306 4616 2443 4673 ergo
2482 4602 2741 4658 dissentit
2801 4614 2836 4656 a
2879 4600 3068 4657 littera
3124 4614 3380 4657 vermem
3432 4600 3821 4670 spiritualem,

2126 4692 2279 4763 quod
2332 4698 2417 4748 est
2474 4690 2733 4761 perpetui
2770 4689 3004 4761 angoris
3066 4689 3321 4756 aculeus,
3372 4696 3429 4746 et
3464 4702 3690 4759 semper
3737 4691 3828 4747 in-

2126 4781 2421 4837 fructuosa
2450 4779 2837 4850 compunctio,
2879 4778 3326 4849 compingamus
3364 4776 3425 4832 in
3469 4777 3686 4845 anima,
3715 4793 3826 4836 cu-

2119 4868 2217 4940 jus
2269 4868 2419 4939 ignis
2490 4880 2742 4935 nequam
2811 4866 3224 4937 exstinguitur,
3295 4867 3435 4936 quia
3506 4866 3563 4920 in
3642 4866 3829 4926 finem

2125 4957 2297 5013 totius
2322 4957 2636 5026 desperata;
2664 4955 2909 5012 miseriae
2942 4954 3312 5011 indefectibili
3338 4953 3628 5010 anxietate
3655 4954 3831 5011 deco—

2124 5046 2345 5118 quitur.

2196 5135 2428 5199 Quanta
2466 5132 2877 5189 damnatorum
2908 5135 3209 5188 tormenta.
3242 5162 3311 5174 —
3344 5132 3401 5188 Si
3433 5144 3638 5201 parum
3694 5145 3832 5188 cru-

2123 5220 2206 5278 cis
2253 5222 2324 5277 iis
2377 5220 2480 5292 qui
2510 5221 2568 5276 in
2614 5219 2839 5278 inferno
2885 5229 3023 5278 sunt
3087 5234 3155 5276 ac
3198 5219 3459 5277 tortionis
3496 5217 3823 5287 existimas,

2124 5308 2267 5379 quid
2300 5308 2463 5378 pejus
2492 5320 2673 5377 quam
2726 5308 2953 5364 inﬁnita
3002 5307 3160 5364 rabie
3207 5306 3449 5371 efferari.
3483 5313 3539 5362 et
3588 5306 3828 5363 diabolo

2124 5412 2192 5454 ac
2240 5396 2462 5467 angelis
2511 5395 2839 5467 ejusomni
2894 5396 3161 5452 vecordia
3213 5393 3560 5453 conformari
3610 5397 3831 5464 putas?

2122 5486 2195 5541 Et
2218 5484 2377 5555 justa
2414 5485 2584 5554 plane
2612 5497 2811 5540 eorum
2844 5484 3116 5551 amentia,
3149 5483 3290 5554 quia
3312 5482 3529 5554 quibus
3551 5481 3614 5538 in
3642 5496 3833 5540 saecu-

2122 5575 2312 5631 lorum
2360 5574 2573 5631 saacula
2625 5572 2906 5644 refrigerii
2965 5573 3153 5628 omnis
3207 5572 3527 5642 desperatio
3597 5581 3831 5632 constat

2119 5670 2355 5733 aeterna,
2381 5663 2525 5735 quid
2551 5661 2711 5720 aliud
2753 5669 2839 5720 est
2872 5662 2955 5720 eis
2985 5662 3096 5720 nisi
3137 5662 3324 5720 rabies
3353 5675 3581 5732 semper
3636 5666 3827 5721 nova?
