3936 6478
80 387 176 438 677
829 409 842 428 ιι
1149 385 1238 439 DE
1278 385 1696 443 PIGNORIBUS
1737 387 2152 454 SANCTOBUM
2218 418 2274 429 —
2301 389 2431 444 LIB.
2478 388 2570 442 IV.

3511 398 3614 449 678

77 514 152 582 Si,
215 515 494 584 Apostolo
553 523 706 581 teste,
755 515 982 571 tristitia
1027 514 1204 586 hujus
1233 517 1428 572 saeculi
1461 518 1786 587 appellatur
1823 529 1871 582 Α
1901 519 2041 574 dum
2070 519 2260 590 potius
2293 520 2469 574 verba
2520 520 2804 590 ipsorum,
2861 523 2960 592 qui
3003 523 3360 593 scripserunt
3390 524 3615 580 animas

77 611 330 658 mortem
362 617 613 673 operans
645 605 738 670 (II
765 604 899 657 Cor.
946 619 1042 667 vn,
1077 603 1183 673 lO),
1230 604 1370 660 dum
1409 620 1482 660 ex
1529 615 1798 676 concepto

78 706 324 748 rancore
363 701 424 747 et
455 693 746 748 nimietate
770 693 982 748 doloris
1022 707 1231 748 manus
1271 694 1378 750 sibi
1413 694 1545 764 quis
1586 694 1798 752 inferre

80 781 472 851 compellitur,
543 795 721 852 quam
797 782 1078 837 irremotze
1155 783 1355 838 mortis
1427 785 1796 839 acerbitatem

81 869 374 925 mentium
420 869 651 925 illarum
697 874 967 925 atrocitas
1015 869 1183 938 fovet,
1233 885 1364 940 quae
1415 885 1484 926 ne
1524 873 1798 928 momenti

83 960 323 1028 quidem
383 960 560 1016 unius
620 959 799 1015 otium
860 960 1146 1016 sustinet?
1207 959 1426 1030 Spebus
1479 963 1582 1017 etsi
1641 961 1798 1018 falsis

83 1047 402 1117 aliquoties
441 1047 654 1104 lenitur
683 1049 915 1103 animus
953 1047 1011 1102 in
1061 1049 1167 1103 hac
1204 1047 1340 1116 vita,
1388 1049 1503 1105 illic
1541 1057 1626 1105 est
1656 1052 1796 1106 adeo

84 1135 328 1191 interior
381 1135 505 1191 sine
561 1136 717 1192 omni
783 1135 989 1206 inepta:
1044 1137 1407 1207 cogitationis
1465 1137 1798 1194 adulatione

83 1226 388 1290 severitas,
423 1233 487 1280 ut
518 1225 678 1280 nulla
701 1239 1004 1294 surrepere
1028 1226 1232 1295 posuit,
1269 1241 1400 1296 quae
1423 1228 1512 1283 vel
1538 1228 1611 1282 ad
1645 1242 1790 1298 pun-

84 1323 242 1370 ctum
276 1314 508 1370 miseris
535 1315 848 1370 allubescat
879 1314 1150 1371 inanitas.

752 1474 980 1532 CAPUT
1020 1475 1139 1533 VII.

154 1598 269 1665 Qui
292 1616 334 1653 a
367 1597 613 1654 Domino
638 1599 808 1664 fuere
826 1600 898 1654 ab
917 1599 1144 1670 inferno
1167 1599 1405 1656 liberati
1433 1601 1711 1672 quomodo
1733 1601 1793 1655 in

85 1687 334 1744 tenebris
373 1688 675 1742 constituti
725 1689 907 1751 fuisse
952 1689 1238 1744 dicuntur.
1294 1689 1794 1760 I’rzcipuarepro-

81 1779 284 1832 borum
307 1793 484 1849 pazna
504 1778 567 1832 in
585 1777 833 1843 inferno,
861 1795 899 1832 a
922 1779 1024 1833 Dei
1038 1777 1518 1850 contemplatione
1547 1778 1794 1849 privatio

81 1873 167 1922 est
195 1871 438 1921 aeterna.
478 1895 551 1907 —
600 1867 778 1921 Porro
825 1867 869 1920 si
920 1867 956 1921 ii
1008 1866 1109 1936 qui
1153 1867 1222 1922 de
1259 1866 1503 1931 inferno,
1552 1866 1795 1921 Domino

85 1964 452 2026 resurgente,
487 1962 623 2010 sunt
659 1955 830 2021 eruti,
864 1955 1003 2009 dum
1047 1954 1187 2010 inibi
1227 1961 1416 2009 essent
1460 1954 1517 2008 in
1553 1954 1798 2009 tenebris

85 2045 366 2100 dicuntur
415 2044 590 2098 fuisse
637 2043 956 2110 constituti,
999 2058 1131 2099 cum
1179 2042 1369 2098 nullas
1420 2043 1496 2098 ibi
1534 2043 1798 2099 tenebras

86 2133 190 2187 nisi
243 2133 429 2189 solius
469 2131 679 2187 fastidii
727 2140 1082 2201 paterentur,
1129 2146 1258 2202 quae
1313 2132 1525 2187 divinae
1565 2132 1799 2188 visionis

85 2223 382 2278 diuturnis
459 2221 878 2291 privationibus
944 2221 1204 2292 quotidie
1260 2229 1637 2291 augerentur,
1693 2222 1794 2291 qui

84 2326 177 2380 spe
207 2320 409 2367 tamen
450 2312 577 2380 ejus
626 2310 940 2380 aliquando
984 2310 1274 2380 potiundae
1317 2311 1651 2365 nullatenus
1687 2311 1796 2379 pri-

83 2401 407 2468 vabantur;
444 2399 607 2470 quid,
640 2414 754 2454 non
789 2399 914 2454 dico
943 2413 1140 2454 eorum
1162 2398 1363 2465 oculis,
1398 2399 1492 2453 scd
1525 2399 1797 2454 cordibus

81 2490 410 2554 obscurius,
483 2490 695 2559 quibus
760 2497 932 2544 tantae
1000 2489 1318 2544 crassitudo
1385 2489 1798 2558 desperationis

82 2577 462 2634 obtenditur?
520 2579 721 2632 Dicant
774 2577 869 2633 alii
940 2577 1124 2647 ignes,
1192 2577 1438 2645 sulphur
1498 2577 1792 2646 objiciant,

85 2669 469 2735 procellarum
523 2668 761 2738 spiritus
799 2668 1014 2737 pariter
1057 2675 1336 2734 attexant,
1384 2681 1623 2723 securus
1661 2683 1795 2722 sen-

86 2759 321 2813 tentiam
378 2757 522 2823 fero,
584 2755 812 2812 nullum
867 2755 1118 2812 deterius
1163 2755 1523 2821 barathrum,
1567 2757 1794 2812 nullum

87 2845 378 2901 crudelius
479 2845 634 2915 apud
691 2845 818 2899 illos
899 2843 1163 2909 exitium,
1217 2843 1456 2913 gravius
1523 2846 1794 2899 universo

87 2944 292 2990 tortore
333 2942 710 3000 tormentum,
760 2933 912 3003 quod
958 2939 1073 2986 tam
1126 2932 1308 3001 pium,
1360 2940 1476 2987 tam
1523 2947 1793 2988 serenum

86 3024 395 3080 Dominum
453 3029 590 3078 sunt
647 3022 1073 3092 desperabiliter
1123 3022 1413 3087 amissuri,
1483 3037 1657 3093 quem
1721 3023 1794 3078 ad

84 3125 371 3166 summam
407 3108 758 3164 infelicitatis
787 3117 961 3179 atque
992 3108 1232 3164 miserize
1262 3123 1376 3164 non
1409 3117 1545 3164 sunt
1572 3123 1792 3179 usque-

88 3213 319 3269 quaque
354 3198 566 3264 visuri,
622 3210 1044 3267 usquequaque
1085 3197 1240 3252 enim
1275 3211 1390 3252 non
1430 3198 1784 3253 tenebrasce-

88 3295 226 3354 rent,
256 3289 302 3342 si
339 3287 704 3357 aliquorsum
735 3288 1097 3354 respirarent.

155 3381 303 3430 366
353 3376 409 3432 Si
468 3376 621 3431 enim
677 3397 697 3424 ι
741 3375 849 3440 Qui
929 3375 1084 3431 videt
1138 3375 1369 3442 Filium,
1417 3382 1472 3430 et
1519 3375 1700 3430 credit
1730 3375 1787 3429 in

87 3478 233 3531 eum,
283 3465 462 3521 habet
517 3465 693 3520 vitam
747 3472 1020 3519 aeternam
1080 3463 1277 3535 (Joan.
1338 3480 1412 3530 vt,
1461 3465 1573 3532 40),
1609 3485 1636 3513 ››
1683 3471 1784 3519 et:

94 3574 113 3600 ι
148 3554 276 3608 Haec
321 3563 408 3610 est
457 3553 577 3608 vita
622 3561 856 3619 aeterna,
895 3560 958 3608 ut
1003 3561 1351 3622 cognoscant
1403 3561 1454 3608 te
1491 3554 1687 3619 Deum,
1732 3559 1788 3606 et

94 3656 257 3709 quem
306 3641 512 3698 misisti
544 3643 736 3697 .Iesum
785 3641 1075 3698 Christum
1104 3643 1301 3707 (Joan.
1363 3656 1500 3707 xvu,
1554 3642 1627 3711 3),
1671 3663 1690 3689 ι
1727 3648 1790 3697 ut

89 3730 202 3784 sola
235 3729 583 3786 beatitudini
631 3737 963 3786 sanctorum
1015 3729 1264 3785 sufficiat
1309 3729 1406 3785 Dei
1456 3729 1598 3786 visio
1635 3744 1790 3785 seni-

93 3819 343 3888 piterna;
371 3819 510 3889 quis
552 3819 839 3874 contraire
885 3818 974 3874 vel
1013 3819 1196 3874 obniti
1241 3819 1470 3885 audeat,
1506 3819 1792 3888 principa-

94 3905 214 3973 lem,
258 3908 372 3963 imo
425 3907 786 3978 singularem
834 3908 1240 3963 damnatorum
1279 3907 1621 3963 calamitatis
1669 3921 1791 3962 esse

95 4009 343 4061 causam,
394 3995 538 4065 quia
567 3995 682 4051 sint
721 3995 1065 4051 aeternaliter
1112 4009 1146 4050 a
1192 3995 1286 4050 Dei
1319 3993 1791 4063 contemplatione

96 4083 329 4140 seclusi?
372 4085 488 4141 Nec
549 4084 605 4140 in
652 4085 849 4155 aliquo
901 4085 1128 4140 videtur
1183 4085 1526 4150 absurdum,
1578 4085 1689 4139 imo
1736 4089 1793 4138 et

99 4172 299 4227 veritas
327 4180 383 4228 et
427 4172 910 4228 verisiniillimum
943 4178 1184 4238 constat,
1217 4171 1357 4242 quia
1386 4171 1542 4242 quod
1581 4171 1794 4227 sanctis

101 4259 264 4314 vitam
327 4261 477 4316 sicut
535 4259 688 4316 oculi
755 4261 980 4330 corpori
1054 4258 1461 4315 claritudinem
1535 4265 1787 4328 praestat,

102 4345 199 4402 hoc
226 4349 485 4419 reprobis
532 4356 772 4406 mortem
807 4349 957 4406 sicut
1001 4357 1224 4405 noctem
1260 4347 1502 4419 privatio
1555 4347 1792 4404 luminis

103 4435 325 4508 irrogat.

727 4543 956 4600 CAPUT
996 4543 1147 4600 VIII.

186 4681 272 4748 §I.
329 4685 694 4756 Incorporeae
746 4683 954 4739 animae
1006 4682 1344 4754 probantur.
1401 4713 1461 4722 —
1509 4683 1790 4738 Praeterea

103 4779 150 4825 et
193 4773 257 4828 de
301 4774 635 4830 animarum
682 4787 715 4828 a
764 4773 1115 4844 quibusdam
1159 4773 1240 4828 sic
1285 4773 1468 4828 forma
1513 4780 1791 4827 tractatur

105 4865 160 4913 ut
204 4861 409 4918 eisdem
451 4862 525 4918 ab
577 4861 712 4930 ipsis
767 4861 1041 4916 humanae
1097 4860 1493 4932 appingantur
1547 4859 1786 4930 effigies,

106 4960 266 5016 quam
319 4966 424 5021 ego
498 4951 842 5006 sententiam
899 4951 1050 5006 sicut
1108 4964 1222 5005 non
1283 4949 1484 5016 sentio,
1545 4949 1624 5004 ita
1686 4964 1792 5005 nec

105 5038 268 5105 capio.
298 5037 350 5094 Si
381 5040 535 5095 enim
576 5053 776 5099 aurem
816 5046 872 5094 et
917 5038 1174 5105 oculum,
1217 5053 1416 5094 narem
1451 5045 1506 5094 et
1547 5039 1786 5106 labium,

111 5134 288 5190 pectus
327 5138 380 5184 et
424 5137 676 5194 uterum,
727 5142 889 5184 renes
938 5134 992 5182 et
1038 5141 1233 5194 coxas,
1290 5128 1458 5197 pedes
1502 5141 1568 5182 ac
1618 5127 1787 5182 tibias

112 5211 210 5268 illis
253 5217 522 5286 ascribas,
569 5216 847 5272 nimirum
893 5216 1033 5272 facis
1074 5231 1196 5272 esse
1244 5231 1567 5286 corporeas.
1627 5214 1790 5279 Quod

112 5303 152 5356 si
180 5320 451 5377 corporeae
480 5315 640 5375 sunt,
668 5307 954 5377 quomodo
994 5309 1145 5363 intra
1194 5321 1404 5377 corpus
1430 5322 1488 5362 se
1519 5308 1791 5376 capiunt?

114 5389 258 5455 Quod
302 5395 348 5450 si
391 5399 465 5453 ita
519 5397 853 5466 capiuntur,
895 5397 1044 5452 sicut
1095 5395 1318 5451 minora
1355 5395 1594 5451 vascula
1638 5395 1792 5450 intra

118 5479 319 5549 majora
372 5493 663 5552 tenentur,
719 5487 861 5541 scire
919 5484 1089 5542 velim
1139 5485 1429 5556 quomodo
1479 5485 1593 5540 duo
1640 5485 1792 5539 intra

118 5567 437 5630 alterutrum
519 5588 760 5643 corpora
830 5575 939 5630 sub
1017 5583 1177 5631 tanta
1233 5573 1578 5629 arctitudine
1634 5572 1792 5628 cohi-

119 5651 324 5714 bentur.
377 5661 509 5717 Haec
568 5659 694 5716 dico
751 5675 866 5718 non
935 5669 1136 5718 contra
1193 5661 1370 5730 ipoos,
1429 5660 1526 5716 sed
1583 5672 1793 5716 secun-

1907 623 2216 678 corporum
2265 623 2506 664 suorum
2566 609 2776 666 habere
2817 610 3064 681 effigies;
3100 612 3238 668 tales
3276 613 3430 668 enim
3477 621 3615 670 sunt

1907 712 2052 767 quos
2137 697 2391 754 refellere
2450 699 2822 755 temerarium
2881 699 3028 755 dico.
3088 701 3145 756 Si
3199 716 3335 772 ergo
3379 703 3607 773 corpori

1907 801 2120 856 corpus
2178 788 2466 853 inseritur,
2530 787 2607 843 ita
2660 802 2886 844 necesse
2933 797 3016 845 est
3067 798 3369 860 coaptetur
3424 800 3486 847 ut
3548 807 3611 849 os

1905 875 2012 940 ori,
2048 889 2258 930 manus
2290 876 2512 942 manui,
2547 877 2820 947 quodque
2849 879 3060 948 cuique
3093 880 3417 936 membrum
3443 894 3616 936 mem-

1906 962 2009 1018 bro
2039 972 2367 1033 apponatur
2399 980 2411 1018 :
2443 973 2507 1021 ut
2550 965 2617 1032 si,
2651 973 2716 1021 ut
2752 965 2976 1034 assolet,
3012 967 3242 1036 praecidi
3287 969 3608 1039 contigerit,

1907 1067 2008 1122 pro
2031 1067 2148 1108 uno
2178 1053 2293 1108 duo
2326 1061 2719 1123 amputentur.

1979 1141 2234 1210 Denique
2261 1142 2364 1197 etsi
2405 1143 2482 1198 ita
2513 1142 2797 1213 effigiatas
2835 1143 3055 1211 credas,
3102 1159 3330 1201 necesse
3367 1151 3451 1201 est
3489 1159 3608 1213 eas,

1903 1239 1959 1286 et
2011 1230 2165 1296 locis,
2219 1238 2273 1286 et
2314 1231 2554 1287 morulis
2601 1232 3062 1299 circumscribas,
3111 1241 3413 1304 totumque
3452 1235 3611 1304 quod

1904 1319 2139 1388 spiritus
2197 1327 2334 1374 sunt
2378 1327 2432 1375 et
2475 1329 2760 1376 vocantur
2810 1321 2898 1375 his
2949 1321 3198 1376 auferas.
3249 1321 3386 1388 Quae
3435 1323 3609 1378 etiam

1905 1409 2200 1477 quantitas
2243 1422 2442 1464 earum
2499 1410 2681 1479 major
2713 1424 2889 1479 quam
2935 1410 3205 1480 corprris,
3243 1424 3446 1480 quaeve
3488 1411 3607 1466 ala-

1903 1497 2076 1552 critas
2104 1496 2252 1552 erit?
2296 1497 2456 1563 Quod
2487 1497 2534 1552 si
2570 1512 2669 1567 pro
2707 1507 3051 1568 argumento
3082 1499 3416 1565 assumitur,
3453 1499 3609 1568 quod

1903 1585 2226 1640 secundum
2285 1586 2500 1654 species
2556 1600 2859 1654 corporum
2923 1587 2978 1642 in
3038 1588 3256 1642 visione
3316 1588 3604 1654 videntur,

1905 1673 2068 1728 facile
2100 1673 2390 1740 obruitur,
2425 1675 2563 1744 quia
2593 1689 2697 1729 nec
2718 1690 2949 1744 corpus,
2984 1691 3085 1730 nec
3116 1676 3309 1730 anima
3339 1685 3441 1739 est,
3477 1690 3608 1745 quae

1903 1762 1985 1816 sic
2035 1762 2280 1831 videtur,
2330 1763 2428 1818 sed
2485 1763 2603 1817 sola
2649 1763 2783 1818 visae
2842 1763 2923 1819 rei
2982 1763 3172 1834 imago
3219 1764 3290 1818 ad
3348 1763 3606 1820 animum

1909 1859 2254 1921 reportatur.

1979 1939 2127 2005 Quid
2173 1957 2335 2011 aquae
2374 1957 2521 2011 quas
2547 1941 2701 1996 dives
2736 1941 3060 2011 expostulat
3098 1941 3159 1995 in
3191 1941 3506 1997 tormentis.
3540 1972 3609 1982 —-

1908 2031 2112 2085 Putent
2142 2031 2338 2100 itaque
2388 2029 2694 2101 suffragari
2749 2031 2851 2085 sibi
2903 2031 3059 2100 quod
3099 2031 3259 2087 dives
3296 2032 3351 2086 in
3387 2031 3609 2087 inferno

1910 2118 2190 2188 linguam,
2248 2119 2517 2189 digitum,
2585 2122 2830 2174 Lazarus
2879 2119 3090 2175 habeat
3141 2121 3297 2200 (Luc.
3340 2134 3456 2187 xw,
3491 2120 3602 2188 24).

1907 2205 2011 2262 Sed
2074 2207 2245 2262 velim
2307 2208 2377 2262 iis
2433 2208 2699 2278 objicere,
2761 2215 2957 2264 utrum
3032 2208 3089 2262 in
3165 2208 3451 2278 spirituali
3515 2209 3608 2263 illo

1906 2296 2124 2351 mundo
2157 2310 2324 2366 aquae
2355 2298 2561 2351 erant?
2591 2297 2752 2360 Quod
2799 2297 2842 2351 si
2875 2305 3058 2363 erant,
3087 2312 3223 2367 ergo
3259 2297 3454 2352 incolae
3482 2297 3609 2367 ejus

1906 2385 2298 2440 materialibus
2334 2386 2419 2440 his
2458 2385 2721 2454 egebant.
2767 2386 2919 2440 Esto.
2971 2387 3040 2440 Et
3087 2386 3238 2441 unde
3275 2387 3346 2440 ad
3398 2387 3608 2441 restin-

1907 2473 2199 2541 guendum
2261 2473 2538 2542 gehennae
2603 2474 2787 2528 focum
2847 2473 2988 2528 adeo
3035 2474 3292 2529 efficaces
3341 2463 3608 2529 fuerant?

1906 2561 2057 2616 Deus
2104 2575 2284 2627 meus,
2336 2560 2413 2616 ibi
2459 2569 2623 2631 gutta
2675 2561 2816 2630 quid
2867 2562 3094 2626 faceret,
3137 2577 3268 2616 cum
3318 2563 3608 2618 incassum

1907 2651 2122 2719 linguae
2159 2649 2237 2704 illi
2293 2649 2518 2720 Ganges
2574 2657 2627 2704 et
2679 2651 2856 2705 Indus
2908 2649 3219 2706 influeret?
3267 2652 3608 2707 Extremum

1904 2752 2038 2808 ergo
2064 2738 2228 2808 digiti
2276 2739 2470 2793 Lazari
2517 2748 2741 2810 guttam
2791 2739 2998 2794 inferre
3047 2741 3439 2810 intelligimus,
3473 2756 3607 2797 cum

1904 2840 2002 2895 per
2063 2827 2432 2882 intentionem
2493 2828 2578 2882 vel
2640 2827 2934 2882 minimam
3004 2828 3130 2898 ejus
3185 2830 3610 2886 niinistraretur

1901 2913 2062 2970 diviti
2114 2914 2420 2985 cujuslibet
2498 2915 2853 2984 parvissimae
2933 2915 3306 2986 indulgentia
3366 2933 3602 2975 munus.

1904 3003 2011 3058 Iste
2047 3011 2130 3058 est
2157 3003 2435 3059 minimus
2465 3003 2701 3073 digitus,
2751 3019 2923 3074 quem
2973 3005 3242 3060 Pharisaei
3292 3007 3604 3074 ctScribze,

1831 3131 1872 3186 Ο
1905 3092 2184 3161 impositis
2234 3093 2507 3148 oneribus
2565 3093 2845 3163 gravibus
2898 3101 2952 3146 et
3015 3093 3496 3162 importabilibus.
3548 3096 3607 3150 in

1905 3180 2178 3234 humeros
2245 3179 2545 3234 hominum
2596 3177 2800 3234 nolunt
2848 3179 2919 3233 ad
2971 3192 3039 3234 ea
3091 3179 3334 3234 levanda
3379 3195 3608 3237 movere

1899 3270 2125 3339 (Matth.
2159 3283 2320 3335 χχιιι,
2354 3268 2428 3338 4).

1967 3356 2128 3420 Quod
2181 3355 2226 3411 si
2273 3356 2464 3412 adhuc
2506 3356 2696 3427 imago
2744 3356 3003 3412 humana
3043 3356 3369 3412 defenditur
3406 3371 3418 3411 :
3457 3356 3608 3420 Quid

1897 3443 2054 3512 apud
2083 3443 2315 3499 beatum
2355 3445 2692 3513 Gregorium
2725 3445 2781 3499 in
2827 3445 3052 3514 sphzera
3083 3446 3250 3515 ignea
3281 3445 3606 3502 Germanus

1896 3531 2102 3586 efficiet
2154 3529 2395 3602 (Dialog.
2448 3532 2544 3586 lib.
2577 3546 2637 3597 ιι,
2687 3545 2811 3601 cap.
2878 3532 3009 3602 35)?
3067 3532 3127 3586 ln
3165 3547 3342 3602 quam
3389 3541 3607 3601 partem

1897 3618 2243 3676 Scholastica
2296 3619 2354 3675 in
2414 3619 2742 3675 columbam
2791 3635 2954 3676 versa
3009 3636 3066 3676 se
3097 3621 3347 3677 conferet
3398 3621 3599 3691 (Ibid.,

1897 3723 2023 3778 cap.
2080 3709 2210 3779 33)?
2259 3709 2398 3765 Tota
2456 3709 2634 3780 igitur
2685 3711 3076 3766 controversia
3134 3711 3253 3766 hzec
3302 3710 3608 3767 collidatur

1898 3799 1968 3853 ad
2000 3813 2206 3862 unum,
2244 3805 2306 3854 ut
2337 3814 2525 3869 neque
2549 3799 2886 3864 humanam,
2923 3814 3108 3869 neque
3138 3799 3385 3870 igneam,
3420 3814 3608 3870 neque

1899 3888 2293 3944 columbinam
2351 3889 2594 3958 speciem
2651 3888 2732 3943 eis
2785 3886 3167 3956 imputemus,
3221 3889 3319 3942 sed
3371 3902 3610 3958 prorsus

1897 3990 1992 4032 eas
2042 3978 2198 4032 omni
2255 3989 2529 4046 corporea
2582 3989 2642 4031 re
2697 3990 2762 4031 ac
2813 3975 3187 4030 similitudine
3218 3976 3602 4043 deuudemus,

1900 4081 2145 4136 eamque
2175 4066 2479 4122 subtilitati
2527 4065 2896 4121 intellectuali
2936 4065 3265 4120 universam
3309 4066 3605 4135 mancipe-

1902 4169 2050 4210 mus.
2100 4154 2517 4210 lnconveniens
2547 4154 2698 4209 enim
2738 4161 2820 4209 est
2870 4161 2934 4209 ut
2963 4153 3280 4222 spiritualis
3331 4153 3607 4210 habitatio

1901 4245 2248 4299 habitatores
2295 4243 2522 4298 dicatur
2562 4241 2773 4298 habere
2816 4256 3134 4312 corporcos.
3189 4241 3244 4298 Si
3289 4256 3426 4297 sane
3472 4242 3608 4297 Jesu

1902 4331 2128 4387 Domini
2161 4331 2336 4386 verba
2370 4340 2506 4386 sunt
2539 4346 2551 4385 :
2595 4353 2614 4379 ι
2652 4332 2936 4401 Regnum,
2983 4332 3190 4401 inquit,
3247 4345 3436 4387 meum
3487 4345 3604 4386 non

1979 4433 1987 4475 ι
2041 4420 2110 4475 de
2164 4419 2269 4475 hoc
2317 4419 2536 4474 mundo
2589 4419 2787 4489 (Joan.
2831 4434 2991 4484 xvm,
3041 4420 3151 4488 36),
3195 4442 3214 4468 ι
3261 4429 3362 4475 et:
3409 4441 3430 4467 ε
3479 4419 3606 4474 Νοιι

1899 4510 2092 4566 bibam
2121 4509 2189 4564 de
2227 4507 2516 4579 genimine
2553 4508 2704 4575 vitis,
2755 4509 2935 4564 donec
2977 4509 3166 4564 bibam
3211 4509 3351 4566 illud
3388 4523 3608 4564 novum

1899 4593 1957 4646 in
2016 4607 2196 4664 regno
2254 4609 2377 4650 meo
2437 4594 2668 4664 (Matth.
2725 4611 2882 4663 xxvi,
2943 4599 3050 4666 29),
3117 4619 3135 4644 ι
3190 4605 3244 4653 et
3298 4598 3404 4653 hoc
3455 4597 3606 4653 idem

1900 4697 2145 4753 regnum
2176 4683 2430 4752 quotidie
2461 4685 2674 4752 petitur
2706 4691 2768 4740 ut
2799 4684 3064 4740 adveniat
3095 4684 3328 4754 (Matth.
3363 4700 3438 4751 vi,
3493 4687 3602 4752 10),

1900 4771 2134 4827 indubie
2187 4771 2432 4827 dicimus
2471 4772 2626 4841 quod
2671 4771 2900 4839 coelum,
2960 4772 3016 4828 id
3064 4781 3147 4827 est
3195 4775 3462 4842 superior
3504 4771 3602 4827 illa

1901 4875 2034 4930 pars
2086 4859 2326 4930 triplicis
2372 4859 2673 4927 machinaa,
2728 4875 2858 4930 qua)
2901 4868 2954 4915 et
3012 4860 3084 4915 ob
3141 4860 3462 4930 digniorem
3511 4861 3604 4917 sui

1899 4958 2118 5018 partem
2157 4948 2317 5004 sedes
2361 4949 2454 5004 Dei
2504 4948 2846 5018 appellatur,
2905 4947 3046 5004 nihil
3092 4947 3252 5003 aliud
3301 4956 3384 5003 est
3425 4962 3604 5018 quam

1899 5037 2217 5108 spiritualis
2248 5036 2597 5093 interioritas
2630 5038 2753 5101 ista,
2787 5037 2844 5092 in
2876 5052 2995 5108 qua
3024 5051 3090 5092 ac
3134 5037 3178 5092 si
3212 5047 3378 5093 extra
3428 5052 3604 5093 mun-

1900 5128 2039 5182 dum
2069 5127 2242 5182 istum
2294 5141 2536 5197 regnare
2579 5141 2636 5182 se
2681 5127 2959 5182 Dominus
2996 5127 3274 5198 perhibet,
3327 5129 3468 5197 quia
3515 5127 3606 5182 hic

1901 5216 2168 5286 princeps
2196 5216 2304 5271 sibi
2335 5216 2482 5271 aeris
2512 5215 2689 5286 hujus
2718 5231 2849 5271 cum
2885 5217 3006 5272 suis
3040 5217 3357 5286 plurimum
3389 5216 3604 5273 adver-

1899 5311 2082 5370 satur,
2116 5304 2174 5358 in
2203 5305 2298 5360 illo
2328 5313 2522 5361 autem
2549 5305 2742 5377 quiete
2775 5305 2968 5360 omnia
2996 5305 3266 5375 possidet.

1973 5393 2089 5448 Hoc
2125 5407 2393 5463 regnum,
2428 5394 2480 5449 id
2513 5402 2613 5461 est,
2649 5393 2862 5464 quibus
2890 5408 2990 5464 per
3028 5394 3367 5450 charitatem
3404 5409 3607 5465 regna-

1903 5481 1984 5537 vit
2029 5489 2085 5536 et
2134 5489 2354 5551 regnat,
2407 5491 2712 5551 postquam
2749 5505 2768 5530 ι
2809 5479 3106 5537 tradiderit
3164 5481 3275 5536 Deo
3326 5487 3383 5536 et
3427 5479 3603 5548 Patri,

1901 5577 2040 5626 tunc
2065 5569 2172 5624 erit
2211 5570 2362 5624 Deus
2409 5571 2606 5624 omnia
2637 5569 2695 5624 in
2726 5569 2997 5625 omnibus
3024 5569 3082 5638 (Ι
3122 5569 3260 5622 Cor.
3294 5583 3389 5635 xv,
3425 5568 3540 5638 24).
3574 5590 3602 5617 υ

1904 5658 2062 5714 Unde
2088 5665 2142 5714 et
2170 5653 2378 5714 latroni
2420 5657 2633 5714 dicitur
2665 5674 2678 5713 :
2717 5681 2737 5708 ι
2776 5658 2950 5715 Hodie
2994 5670 3218 5713 mecum
3256 5656 3389 5722 eris,
3429 5677 3450 5704 ι
3488 5669 3604 5711 non
