3936 6438
362 384 472 437 679

1292 377 1355 433 V.
1390 377 1713 433 GUIBERTI
1745 373 2045 431 ABBATIS
2076 374 2131 431 S.
2172 374 2413 431 ΠΑΒΙΑΞ
2452 374 2543 430 DE
2592 373 2989 430 NOVIGBNTO
3766 376 3847 429 680

359 514 501 570 dicit
534 512 595 567 iu
639 512 800 578 coelo,
854 511 953 565 sed
987 532 1007 557 ε
1044 509 1103 564 in
1154 509 1419 579 paradiso
1469 508 1626 577 (Luc.
1674 521 1833 572 χχιιι,
1884 506 1998 573 43).
2034 528 2060 555 ι
2099 514 2147 569 Α
2248 506 2405 562 Sicut
2450 519 2585 575 ergo
2673 504 3018 561 seusualitas
3100 518 3199 573 per
3270 504 3515 573 seipsam
3596 505 3845 561 rationem

361 603 675 659 Paradisus
735 601 888 655 enim
934 608 1037 665 est,
1099 599 1198 655 ubi
1248 600 1407 668 jugis
1456 597 1665 652 Christi
1734 596 1877 651 visio
1931 604 2057 665 est;

357 691 515 763 quod
547 703 837 760 nusquam
870 688 977 744 nisi
1025 688 1084 742 in
1117 688 1212 743 illo
1244 686 1528 755 spirituali
1554 685 1764 741 saeculo
1804 693 1906 741 est.
1942 684 2056 741 Ne-

357 792 739 852 quenamque
776 778 989 833 cmlum
1023 774 1323 844 discipulis
1344 772 1827 840 videntibusddeo
1867 786 2059 827 ascen-

357 867 457 934 dit,
506 874 588 932 ut,
636 873 796 935 parte
837 863 1098 919 inferiore
1144 870 1403 926 vacante,
1446 861 1595 931 parti
1632 860 1916 930 superiori
1960 863 2055 915 iu-

357 952 556 1021 sideat,
599 951 696 1007 sed
726 950 891 1020 quasi
921 950 1238 1020 digniorem
1272 949 1461 1005 locum
1499 948 1756 1005 obtinere
1801 963 1861 1004 se
1888 963 2053 1004 mon-

356 1048 513 1107 stret,
573 1054 647 1095 ex
694 1053 810 1109 quo
868 1038 1061 1094 minus
1104 1037 1557 1108 iutelligentibus
1626 1038 1783 1107 apud
1829 1038 2054 1094 Patrem

357 1128 657 1200 praesidere
719 1142 780 1183 se
843 1127 1072 1194 indicet,
1104 1142 1238 1183 cum
1290 1126 1445 1197 apud
1502 1126 1831 1183 interiorem
1890 1127 2054 1183 illum

357 1217 666 1282 mundum,
723 1230 913 1285 neque
968 1215 1170 1279 altum,
1206 1230 1394 1285 neque
1450 1214 1653 1282 imum,
1718 1224 1821 1271 aut
1874 1214 2055 1271 locale

357 1302 575 1373 aliquid
604 1317 726 1360 esse
766 1310 1004 1369 constet,
1053 1304 1369 1374 praesertim
1415 1303 1519 1373 qui
1552 1311 1805 1374 tempora
1845 1311 1901 1361 et
1929 1304 2055 1359 loca

355 1405 472 1448 non
496 1391 689 1449 habet.

2169 604 2344 665 atque
2394 595 2743 650 intellectum
2795 607 2910 649 non
2967 591 3093 648 dico
3144 592 3573 663 superordinat,
3615 593 3712 648 sed
3761 606 3846 647 nec

2168 691 2467 755 penetrat:
2511 705 2532 732 ι
2570 682 2849 738 Animalis
2876 681 3030 737 enim
3080 680 3250 737 homo
3294 695 3411 737 non
3452 680 3692 751 percipit
3734 695 3844 750 quae

2167 774 2265 828 Dei
2322 780 2460 828 sunt
2516 773 2575 842 (Ι
2622 775 2756 826 Cor.
2815 786 2875 836 ιι,
2928 770 3033 839 14),
3085 790 3107 818 ι
3164 770 3311 826 ratio
3352 777 3547 826 autem
3593 777 3650 825 et
3692 769 3842 824 intel-

2166 862 2343 917 lectus
2371 875 2485 916 non
2517 861 2701 916 solum
2735 860 2842 915 ista
2870 858 2981 915 sub
3014 872 3073 914 se
3116 857 3408 925 discernit,
3452 857 3549 913 sed
3575 866 3630 913 et
3668 856 3841 913 divina

2163 949 2474 1015 subintrat,
2510 949 2590 1004 sic
2610 948 2762 1003 Deus
2789 956 2840 1003 et
2862 947 3068 1015 sancti,
3086 945 3254 1017 quasi
3278 945 3599 1002 intellectus
3617 954 3675 1001 et
3693 946 3839 1011 ratio,

2163 1052 2435 1108 corporea
2465 1044 2675 1093 cuncta
2703 1036 2778 1107 dij
2791 1036 3045 1105 udicant,
3072 1035 3152 1092 ita
3176 1042 3366 1092 tamen
3396 1042 3460 1091 ut
3482 1041 3715 1090 neutros
3731 1047 3841 1089 cor-

2164 1141 2336 1199 porca
2365 1126 2463 1182 illa
2489 1126 2847 1196 contingant.

2236 1216 2369 1271 Haec
2393 1214 2518 1271 sine
2550 1213 2882 1284 prmjudicio
2927 1211 3178 1269 melioris
3215 1210 3510 1268 sententias
3555 1210 3844 1282 hucusque

2162 1305 2425 1373 decursa,
2459 1318 2574 1359 non
2618 1304 2927 1360 verborum
2968 1301 3212 1369 ambitu,
3262 1301 3361 1358 sed
3403 1300 3526 1357 sola
3571 1299 3681 1357 ﬁde
3721 1315 3844 1357 mu-

2170 1395 2381 1450 nimus.

2015 1542 2201 1588 FINIS.

1512 1924 1973 2000 HISTORIA
2048 1924 2276 2012 QUJE
2350 1926 2744 2001 DICITUR

616 2156 1333 2305 ’GESPA
1498 2161 1858 2306 DEI

2026 2163 2444 2307 PER
2605 2162 3572 2310 FRANCOS

2008 2421 2218 2500 EDITA

1556 2589 1646 2673 Δ
1702 2589 1989 2673 νεκ.
2052 2590 2681 2675 GUIBER'I'O

1050 2771 1375 2839 ABBATE
1426 2772 1935 2839 MONASTERII
1987 2772 2327 2839 SANCTIE
2376 2774 2656 2840 MARUE
2702 2774 3173 2842 NOVIGENTI.

1516 3074 2049 3159 EPISTOLA
2139 3075 2669 3160 GUIBERTI

1169 3269 1277 3336 AD
1325 3267 1796 3335 LYSIARDUM
1837 3267 2509 3335 SUESSIONENSEM
2554 3268 3032 3335 EPISCOPUM.

431 3556 577 3606 ac!
619 3548 771 3606 Patri
800 3556 856 3605 et
885 3547 1115 3603 domino
1144 3553 1358 3602 sanctae
1390 3545 1815 3602 Suessionensis
1859 3545 2053 3601 Eccle-
2095 3547 2135 3601 Β
2162 3548 2508 3618 scriptorum
2555 3562 2814 3605 meorum
2866 3550 3144 3617 notiones,
3202 3558 3303 3607 aut
3346 3552 3519 3609 etiam
3566 3554 3862 3625 opiniones

359 3640 458 3695 size
505 3640 769 3709 episcopo
840 3640 1132 3703 Lrsunno,
1191 3635 1526 3702 GUIBERTUS,
1598 3642 1873 3704 perpetuo
1935 3649 2055 3689 suae

359 3726 687 3783 liberalitati
718 3726 958 3794 debitor,
992 3723 1278 3796 quidquid
1307 3724 1475 3780 dulce
1504 3730 1559 3779 et
1589 3723 1826 3779 unicum
1865 3724 2056 3779 credi-

359 3823 457 3872 tur
491 3816 547 3871 in
577 3813 802 3871 affectu.

430 3904 747 3977 Lysiardus
774 3902 1074 3960 nobilitate
1116 3907 1173 3957 et
1215 3900 1462 3958 scientia
1510 3900 1725 3955 clarus.
1756 3929 1825 3940 —
1866 3899 2058 3968 Quare

355 3993 676 4067 elegantior
703 3994 939 4064 hujusce
970 3991 1216 4048 historiae
1240 3991 1430 4058 stilus,
1462 4007 1635 4062 quam
1663 3989 1726 4044 in
1753 3987 1891 4044 aliis
1922 3986 2059 4043 Gui-

355 4081 502 4138 berti
536 4082 818 4155 operibus.
854 4113 923 4123 —
950 4085 1093 4138 Cum
1124 4080 1195 4136 ab
1226 4079 1425 4135 amicis
1449 4079 1589 4135 meis
1613 4091 1761 4148 saepe
1780 4090 2054 4149 suggere-

354 4176 451 4226 tur
478 4171 791 4241 aliquibus,
821 4183 1004 4240 quare
1028 4167 1372 4238 opusculum
1405 4180 1656 4238 praesens
1688 4166 1918 4236 proprio
1939 4176 2054 4218 non

357 4257 701 4331 insignirem
739 4258 991 4325 nomine,
1045 4255 1350 4326 hucusque
1397 4256 1607 4325 repuli,
1638 4254 1811 4325 plane
1837 4252 2057 4308 veritus

358 4345 512 4416 piam
554 4346 875 4413 historiam,
931 4359 1187 4415 personae
1232 4344 1461 4401 odibilis
1504 4344 1718 4400 foedare
1751 4341 2052 4397 vocabulo.

357 4433 539 4490 Batus
572 4442 765 4490 autem
798 4434 978 4504 ipsam
1015 4448 1116 4504 per
1153 4448 1211 4490 se
1240 4434 1454 4489 claram
1500 4432 1760 4504 przeclari
1809 4428 2057 4484 hominis

336 4522 524 4578 ltitulo
553 4536 716 4592 posse
747 4521 866 4578 ﬁeri
915 4522 1237 4588 clariorem,
1270 4521 1343 4576 ad
1385 4529 1438 4577 te
1476 4520 1706 4575 tandem
1754 4516 1972 4586 appuli,
2001 4522 2056 4571 et

356 4612 514 4681 operi
547 4612 638 4668 sui
670 4608 1084 4667 auctoris'nota
1109 4611 1396 4680 depresso,
1436 4606 1928 4679 jucundissimum
1966 4604 2055 4660 lu-

357 4700 577 4757 minare
627 4701 932 4771 prmposui.
976 4700 1121 4757 Cum
1169 4699 1324 4755 enim
1374 4705 1490 4752 tuae
1520 4693 1922 4751 vetustissimae
1952 4702 2053 4747 no-

354 4788 579 4857 bilitati,
632 4788 866 4844 scientia
932 4786 1213 4854 litteralis,
1283 4784 1560 4840 serenitas
1606 4781 1885 4852 specialis,
1934 4794 2053 4835 mo-

354 4845 653 4948 destiaque
710 4876 943 4934 moralis
1015 4845 1326 4939 accederet,
1392 4872 1506 4927 Deo
1577 4845 1732 4941 juste
1799 4845 2056 4925 creditur
2092 4845 2133 4902 θ

352 4966 642 5035 provisore
701 4965 1060 5035 dispositum,
1120 4969 1185 5018 ut
1233 4968 1408 5016 tantae
1456 4958 1789 5015 reverentia
1841 4973 2056 5015 munus

353 5053 629 5124 pontiﬁcii
673 5054 926 5124 dignitas
970 5052 1316 5106 honestaret.
1360 5047 1616 5118 Sequens
1658 5048 1854 5117 itaque
1891 5048 2053 5103 sche-

355 5140 493 5197 dula
526 5149 622 5197 tuo
652 5138 1046 5211 amplectenda
1074 5137 1307 5193 nomine
1358 5135 1693 5205 inﬂoretur;
1724 5151 1854 5207 quin
1892 5137 1965 5192 ad
1994 5150 2053 5193 se

355 5230 587 5301 quidem
611 5229 927 5293 incondita,
955 5226 1060 5291 tui,
1085 5228 1177 5281 cui
1197 5225 1486 5293 scribitur,
1512 5240 1704 5282 amore
1725 5226 2052 5295 condiatur,

354 5327 409 5375 et
437 5318 610 5374 ofﬁcii
659 5332 776 5388 quo
815 5314 1171 5386 preemines,
1218 5314 1553 5372 auctoritate
1601 5315 1881 5372 firmetur.
1928 5315 2055 5371 Non

355 5406 593 5463 deerant
619 5418 758 5461 sane
790 5402 1066 5474 praesules
1092 5410 1146 5459 et
1174 5402 1292 5471 alii,
1322 5417 1466 5476 quos
1490 5404 1669 5476 hujus
1689 5404 2056 5473 aliorumque

2168 3637 2495 3706 attigerant.
2553 3636 2655 3692 His
2707 3643 2858 3693 certe
2913 3638 3189 3707 sepositis.
3238 3640 3310 3695 ad
3367 3647 3422 3697 te
3472 3655 3713 3699 summa
3766 3644 3865 3699 fuit

2166 3724 2525 3781 concurrisse
2548 3725 2834 3781 voluntas.
2868 3726 2933 3781 In
2964 3740 3082 3796 qua
3111 3728 3214 3783 tibi
3239 3737 3323 3784 est
3347 3728 3584 3786 lectione
3619 3746 3867 3801 pensan-

2166 3814 2304 3869 dum
2332 3814 2507 3884 quod,
2558 3815 2604 3870 si
2633 3815 2805 3870 etiam
2859 3814 3164 3885 aliquoties
3194 3830 3283 3872 me
3328 3830 3360 3872 a
3393 3817 3630 3889 vulgari
3680 3836 3866 3892 gram-

2168 3903 2379 3957 matica
2406 3902 2759 3972 peregrinari
2804 3904 3127 3973 contigerit,
3163 3905 3371 3961 idcirco
3416 3906 3679 3978 fecerim,
3720 3909 3879 3981 quod,

2167 3990 2327 4053 vitia,
2364 3990 2477 4045 imo
2517 3990 2657 4046 illud
2708 3991 2871 4048 humi
2901 4005 3138 4062 serpens
3164 3993 3461 4064 eloquium
3491 3998 3870 4065 praecedentis

2166 4078 2530 4148 corrigebam
2574 4079 2844 4135 historiae.
2878 4081 2947 4136 Et
2975 4080 3142 4137 villas
3178 4080 3363 4148 video,
3397 4083 3588 4151 urbes,
3652 4100 3725 4143 ac
3771 4102 3869 4157 op-

2168 4165 2302 4235 pida
2331 4166 2538 4221 studiis
2569 4166 2787 4223 fervere
2836 4169 3248 4239 grammatica.
3301 4170 3462 4227 Unde
3506 4184 3541 4226 a
3570 4175 3871 4232 veteribus

2168 4252 2451 4309 historicis
2493 4253 2825 4322 noluissem,
2873 4255 2920 4311 si
2969 4257 3212 4313 facultas
3255 4267 3600 4328 suppeteret.
3654 4263 3869 4319 discre-

2166 4355 2322 4411 pare.
2358 4342 2540 4398 Pensa
2566 4344 2819 4414 denique
2848 4345 3004 4415 quod
3034 4345 3184 4402 inter
3222 4345 3302 4402 rei
3339 4346 3647 4405 familiaris
3678 4362 3865 4419 curas,

2164 4437 2219 4486 et
2248 4430 2479 4486 crebras
2516 4432 2838 4489 auditiones
2874 4447 3204 4501 causarum,
3249 4435 3503 4491 dictandi
3550 4439 3726 4508 mihi,
3762 4440 3866 4495 imo

2165 4518 2318 4588 quod
2350 4520 2587 4589 gravius
2614 4528 2715 4588 est,
2750 4521 3129 4578 translatandi
3176 4525 3461 4580 aestuabat
3513 4524 3786 4597 intentio,
3813 4536 3864 4584 et

2164 4607 2303 4664 dum
2338 4608 2585 4676 diversa,
2617 4624 2732 4665 non
2777 4610 2899 4665 sine
2938 4612 3189 4667 mordaci
3240 4612 3699 4683 importunitate,
3734 4618 3862 4673 foris

2164 4694 2366 4751 audire
2390 4696 2778 4767 compellerer,
2809 4698 3089 4756 stabiliter
3114 4700 3269 4756 intus
3290 4715 3421 4772 quae
3441 4716 3609 4759 orsus
3645 4706 3862 4762 fueram

2162 4790 2347 4854 coepta
2376 4791 2567 4840 tenere
2595 4785 2858 4856 cogebar.
2897 4788 3085 4859 Longe
3113 4788 3244 4855 alio,
3292 4803 3467 4859 quam
3507 4790 3567 4846 in
3614 4792 3863 4866 Exposi-

2165 4871 2413 4927 tionibus
2442 4873 2713 4929 Geneseos
2746 4875 2828 4930 vel
2862 4875 2989 4931 aliis
3031 4877 3326 4947 opusculis
3375 4883 3750 4949 tractatoriis,
3781 4897 3866 4938 me

2164 4976 2336 5018 usum
2383 4962 2527 5032 stylo
2582 4977 2751 5019 nemo
2808 4964 3080 5034 miretur;
3162 4966 3321 5022 decet
3362 4962 3545 5036 enim,
3617 4971 3869 5042 licetque

2163 5064 2399 5121 prorsus
2428 5065 2663 5121 operosa
2710 5052 3005 5108 historiam
3039 5054 3343 5110 verborum
3385 5056 3677 5127 elegantia
3711 5075 3866 5116 coor-

2162 5138 2325 5209 nari;
2355 5140 2502 5194 sacri
2538 5149 2732 5195 autem
2775 5140 2987 5211 eloquii
3040 5144 3311 5211 mysteria
3361 5158 3477 5199 non
3521 5149 3866 5215 garrulitate

2164 5227 2402 5298 poetica,
2460 5227 2557 5283 sed
2614 5228 2997 5284 ecclesiastica
3060 5230 3423 5299 simplicitate
3481 5236 3746 5290 tractari.
3810 5234 3895 5290 ld‘

2160 5329 2296 5385 ergo
2329 5323 2455 5384 peto
2495 5323 2655 5385 grate
2695 5316 2994 5385 suscipias,
3033 5325 3088 5375 et
3133 5332 3235 5389 pro
3283 5320 3520 5389 perenni
3560 5323 3653 5378 tui
3683 5325 3865 5380 nomi-

2162 5403 2255 5459 nis
2281 5404 2632 5460 monimento
2661 5404 2927 5461 retineas.

1776 5609 2067 5656 EXPLICIT
2112 5609 2436 5655 EPISTOLA.
