3936 6438
119 334 216 388 681

1164 335 1395 395 GESTA
1432 338 1549 395 DEI
1589 339 1728 397 PER
1767 339 2111 398 FBANCOS.
2142 371 2212 382 —
2243 342 2630 400 PREFATIO.

3540 352 3647 407 682

665 645 1424 754 PBAEFATIO
1495 648 2296 766 SEQUENTIS
2361 652 3111 761 HISTORIAE.

1748 850 2036 866 ὴ

190 977 486 1067 θϐϐηᾼᾶ
536 979 803 1067 praesenti
846 980 1109 1050 opusculi
1192 982 1614 1041 exsecutionem
1672 985 1823 1043 mul-
1861 985 2250 1057 Ahistoriam,
2282 989 2563 1058 videram,
2595 990 2684 1049 his
2714 991 2898 1049 Deum
2936 993 3139 1051 diebus
3172 1009 3351 1067 quam
3379 996 3575 1056 fecerit
3603 1013 3639 1056 a

119 1072 244 1121 tum
292 1064 441 1121 mihi
482 1066 729 1137 praebuit
774 1082 1007 1136 ausum,
1059 1083 1175 1125 non
1221 1069 1472 1128 scientia;
1537 1071 1820 1141 litteralis,

120 1155 293 1225 cujus
341 1155 501 1225 apud
546 1170 635 1211 me
685 1165 906 1214 constat
964 1157 1147 1213 forma
1203 1159 1513 1228 pertenuis,
1564 1160 1684 1217 ulla
1732 1176 1821 1218 se-

121 1243 362 1312 curitas,
417 1244 515 1300 sed
567 1244 820 1301 historia:
876 1246 1195 1317 spiritualis
1241 1248 1573 1305 auctoritas.
1634 1250 1818 1318 Quam

120 1330 275 1385 enim
326 1339 551 1387 certum
601 1346 822 1402 semper
875 1333 1035 1390 tenui
1096 1334 1215 1390 solo
1281 1336 1379 1392 Dei
1438 1337 1697 1407 numine,
1765 1347 1819 1395 et

122 1433 221 1489 per
266 1434 417 1491 quos
463 1421 640 1477 voluit
678 1431 1156 1491 consummatam,
1213 1437 1339 1480 eam
1396 1440 1513 1482 non
1573 1427 1817 1484 dubium

120 1508 301 1565 habui
344 1524 451 1580 per
492 1524 638 1580 quos
681 1512 853 1567 etiam
896 1513 1068 1568 rudes
1108 1512 1223 1583 ipse
1270 1513 1518 1571 voluerit
1564 1517 1817 1572 conscri-

119 1597 387 1654 bendam.
417 1597 525 1665 Qui
554 1599 708 1655 enim
749 1615 845 1656 eos
873 1615 973 1671 per
1018 1609 1098 1657 tot
1140 1602 1511 1659 difficultates
1559 1606 1818 1661 traduxit

118 1686 415 1755 itinerum,
468 1688 568 1758 qui
621 1688 862 1746 succidit
913 1698 1044 1746 ante
1102 1690 1256 1762 ipsos
1315 1699 1397 1748 tot
1452 1702 1818 1750 excrementa

116 1774 424 1843 bellorum,
458 1777 722 1833 dubitare
765 1793 881 1834 non
918 1778 1089 1847 valui,
1131 1781 1286 1850 quod
1325 1781 1405 1837 rei
1438 1789 1610 1853 gestae
1654 1782 1816 1851 mihi,

116 1863 333 1933 quibus
382 1864 490 1920 sibi
529 1866 773 1935 placeret
824 1867 1024 1935 modis,
1070 1867 1289 1924 inderet
1340 1871 1663 1937 veritatem,
1714 1887 1819 1929 nec

114 1960 353 2023 negaret
402 1953 849 2024 competentium
882 1956 1066 2012 ordini
1119 1966 1463 2015 ornamenta
1506 1959 1812 2017 dictorum.

184 2041 420 2096 Priori:
442 2042 819 2112 narrationis,
848 2062 970 2116 qua
994 2049 1129 2100 tunc
1159 2046 1439 2114 exstabat,
1473 2047 1661 2119 stylus
1680 2046 1817 2103 sint-

111 2129 245 2201 plen:
291 2129 492 2186 nimis.
543 2131 743 2199 Qualis
781 2132 1056 2202 historici,
1104 2134 1405 2207 qualisque
1456 2153 1549 2191 res
1590 2136 1819 2192 divinas

118 2219 435 2275 tractantis
466 2221 677 2292 stylus.
716 2254 784 2261 —
836 2223 972 2279 Erat
1004 2222 1289 2293 siquidem
1319 2224 1516 2281 eadem
1559 2226 1813 2293 historia,

1928 1076 2157 1145 saeculo,
2215 1077 2569 1136 mirabiliora
2624 1081 2881 1152 gessisse,
2950 1096 3359 1157 gemmamque
3417 1086 3636 1159 hujus-

1930 1166 2083 1221 modi
2112 1173 2370 1224 extremo
2399 1168 2677 1225 diversari
2707 1170 2766 1227 in
2791 1170 3065 1242 pulvere;
3088 1173 3352 1245 tantique
3375 1183 3638 1233 contem-

1929 1261 2064 1324 ptus
2086 1254 2405 1326 impatiens,
2432 1259 2633 1314 curavi
2656 1260 2872 1329 quibus
2901 1260 3060 1331 potui
3092 1261 3357 1334 eloquiis,
3396 1264 3449 1320 id
3478 1266 3636 1321 omni

1928 1342 2164 1398 charius
2194 1358 2355 1414 auro,
2390 1346 2546 1416 quod
2578 1347 2864 1419 neglectui
2925 1348 3280 1419 tradebatur,
3314 1353 3635 1410 absolvere.

2004 1431 2174 1486 Ροεεί
2215 1435 2351 1505 plus
2394 1450 2550 1506 aequo
2592 1434 2929 1492 incubuerat
2961 1437 3285 1494 Guibertus.
3314 1471 3385 1481 —
3432 1441 3548 1498 Nec
3579 1441 3637 1497 id

1928 1519 2045 1576 solo
2097 1525 2523 1593 przesumptive,
2577 1524 2854 1581 instinctu
2900 1527 2989 1598 egi
3033 1542 3177 1596 meo,
3226 1530 3321 1584 sed
3374 1544 3482 1586 sua
3532 1530 3636 1587 ali-

1928 1608 2144 1678 quibus
2194 1610 2482 1679 petitione,
2542 1612 2679 1668 huic
2730 1614 3125 1671 adnitentibus
3183 1617 3426 1674 tideliter
3472 1626 3625 1675 voto.

1930 1693 2176 1756 Quidam
2215 1708 2372 1762 sane,
2424 1710 2593 1765 prosa
2642 1703 2706 1753 ut
2755 1698 3091 1767 scriberem,
3142 1709 3320 1756 metro
3351 1709 3545 1757 autem
3578 1703 3635 1758 id

1927 1778 2051 1834 fieri
2107 1781 2368 1852 plerique
2394 1784 2695 1854 rogabant,
2746 1785 3021 1855 quoniam
3064 1787 3194 1843 talis
3240 1803 3329 1844 me
3369 1789 3545 1845 studii
3579 1791 3637 1846 in

1927 1868 2201 1937 primaevo
2232 1871 2566 1928 rudimenta
2615 1873 2932 1930 celebrasse
2984 1876 3166 1932 satius
3204 1876 3383 1946 justo,
3417 1892 3639 1948 compe-

1924 1963 2134 2011 rerant.
2197 1957 2271 2013 At
2325 1972 2431 2027 ego
2502 1958 2832 2029 juventute,
2883 1962 3091 2030 gradu,
3149 1963 3630 2034 experientiaque

1927 2045 2267 2114 provectior,
2301 2060 2416 2101 non
2467 2047 2523 2102 id
2571 2047 2763 2103 verbis
2805 2048 3165 2118 plausilibus,
3210 2065 3327 2106 non
3359 2065 3637 2107 versuum

1926 2134 2239 2203 crepitibus
2267 2136 2694 2192 enuntiandum
2742 2137 2932 2204 rebar,
2964 2138 3073 2207 {sed
3112 2138 3336 2209 majori,
3371 2140 3417 2194 si
3449 2141 3637 2196 dicere

1926 2222 2193 2288 audeam,
2239 2238 2416 2294 quam
2442 2239 2637 2280 omnes
2681 2225 2810 2281 belli
2843 2226 3066 2282 Judaici
3099 2227 3366 2284 historias
3397 2230 3631 2285 maturi-

116 2310 210 2365 sed
258 2309 458 2366 verbis
511 2288 782 2366 contexta
814 2311 944 2381 plus
991 2329 1159 2384 aequo
1192 2314 1567 2384 simplicibus,
1602 2322 1655 2371 et
1686 2331 1816 2386 quae
1856 2288 1897 2342 Β
1928 2318 2041 2367 tate
2070 2311 2313 2383 dignum
2346 2313 2550 2385 digeri,
2600 2313 2645 2368 Si
2691 2321 2836 2369 esset
2870 2314 2963 2370 cui
2993 2315 3145 2370 Deus
3192 2316 3411 2384 copiam
3463 2329 3636 2384 super

115 2398 410 2455 multoties
436 2388 846 2471 grammatica
892 2410 1136 2459 naturas
1177 2404 1495 2471 excederet,
1531 2405 1819 2461 lectorem-

116 2502 226 2557 que
273 2488 471 2558 vapidi
522 2488 873 2559 insipiditate
921 2491 1200 2548 sermonis
1236 2493 1444 2562 saepius
1479 2494 1817 2550 exanimare

114 2575 345 2632 valeret.
381 2576 465 2631 Ea
506 2576 673 2646 plane
704 2577 898 2633 minus
939 2578 1201 2646 eruditis,
1253 2595 1357 2635 nec
1400 2581 1468 2636 de
1514 2581 1817 2637 locutionis

116 2664 391 2734 qualitate
420 2665 784 2733 curantibus,
815 2666 887 2722 ob
917 2666 1071 2722 illius
1117 2682 1281 2723 novae
1323 2669 1618 2726 relationis
1663 2684 1817 2726 amo-

115 2766 230 2808 rem
277 2753 419 2809 satis
466 2762 792 2824 opportuna
842 2755 1092 2822 videtur,
1149 2771 1253 2812 nec
1299 2757 1467 2813 aliter
1521 2774 1699 2829 quam
1734 2760 1815 2815 illi

112 2842 389 2910 sentiunt,
424 2842 499 2898 ab
529 2851 762 2900 auctore
789 2843 901 2899 dici
950 2844 1215 2901 debuisse
1246 2854 1508 2915 putatur.
1561 2848 1659 2903 His
1700 2861 1812 2905 au-

116 2938 220 2986 tem
243 2931 464 3001 quibus
488 2931 764 3000 pabulum
798 2931 1142 3003 eloquentia:
1170 2933 1491 2991 aestimatur
1520 2936 1810 3006 honestas,

114 3019 251 3075 dum
279 3035 347 3076 ea
377 3020 572 3076 minus
600 3029 726 3090 apte
756 3020 907 3077 dicta
937 3023 1322 3093 perpendunt,
1349 3024 1447 3080 ubi
1466 3025 1816 3082 narrationis

113 3110 472 3181 dignoscitur
498 3111 767 3181 expedire
815 3112 1091 3181 comitas;
1141 3121 1197 3169 et
1240 3114 1462 3182 prolata
1504 3114 1814 3181 succincte,

114 3200 212 3255 ubi
242 3199 530 3257 facundia)
574 3201 1027 3272 paregorizantis
1068 3201 1261 3258 decuit
1295 3201 1570 3258 laciniosa
1627 3203 1813 3258 varie-

113 3294 216 3356 tas,
247 3289 389 3345 dum
424 3296 701 3359 susceptae
743 3289 999 3346 materiei
1044 3291 1249 3346 seriem
1298 3289 1456 3345 nudo
1507 3291 1812 3360 procedere

114 3376 352 3449 veStigio
379 3377 599 3446 vident,
624 3377 790 3448 juxta
828 3385 1005 3447 poetae
1041 3392 1296 3445 sensum,
1351 3385 1454 3434 aut
1479 3378 1810 3448 dormitant,

114 3473 213 3522 aut
240 3466 461 3536 rident;
501 3466 645 3536 quin
682 3465 878 3535 etiam,
928 3465 1093 3521 malae
1130 3474 1499 3536 prasumptaa
1544 3466 1810 3535 orationi,

115 3569 287 3627 quam
334 3555 505 3626 longe
546 3555 773 3611 diverso
813 3555 1133 3625 oportuisse
1171 3556 1396 3611 cantari
1425 3556 1590 3611 modo
1622 3556 1816 3612 consi-

114 3643 332 3713 derant,
364 3642 645 3699 invident.
673 3643 783 3699 Pro
813 3650 967 3701 statu
996 3643 1165 3713 plane
1195 3657 1436 3700 casuum
1482 3659 1670 3702 sermo
1716 3660 1816 3702 co-

115 3731 292 3802 aptari
318 3730 484 3787 debet
530 3732 843 3796 orantium,
892 3738 956 3787 ut
987 3731 1295 3787 verborum
1342 3732 1656 3788 acrimonia
1697 3733 1817 3790 bel-

115 3819 220 3875 lica
247 3820 395 3876 facta
444 3820 733 3889 ferantur;
782 3834 914 3891 quae
945 3819 1017 3875 ad
1059 3819 1257 3876 divina
1285 3820 1588 3891 pertinent,
1631 3823 1818 3894 gradu

115 3907 509 3980 temperatiora
557 3909 867 3966 ducantur.
928 3909 1069 3974 Quae
1120 3911 1367 3982 gemina,
1448 3911 1495 3966 si
1576 3911 1819 3969 facultas

116 3997 251 4054 mihi
280 4004 628 4069 suppeteret,
651 3996 854 4066 forma,
885 3997 945 4053 in
977 3997 1155 4069 hujus
1178 3998 1360 4055 stadio
1390 4000 1578 4069 operis
1597 4015 1815 4057 excur-

118 4086 251 4143 risse
301 4087 637 4153 debueram,
672 4090 754 4157 lut
799 4093 854 4142 et
903 4085 1227 4142 facinorum
1275 4101 1517 4144 suorum
1564 4087 1817 4160 insignia

119 4189 486 4247 nequaquam
516 4174 708 4231 verbis
742 4173 979 4230 recitata
1027 4174 1357 4245 disparibus
1394 4175 1640 4232 insolens
1681 4175 1817 4232 Gra-

120 4264 283 4321 divus
310 4272 663 4337 agnosceret,
695 4271 751 4320 et
776 4278 1079 4334 nunquam
1132 4263 1435 4334 gravitatis
1466 4265 1575 4320 sibi
1621 4264 1815 4322 inditae

122 4356 333 4420 tonum,
366 4366 500 4408 cum
532 4351 600 4406 de
647 4350 854 4421 pietate
894 4363 982 4405 res
1024 4350 1237 4421 agitur,
1286 4349 1565 4407 modestia
1593 4350 1814 4408 Mercu-

122 4437 271 4494 rialis
315 4440 634 4496 excederet.
683 4437 822 4502 Quae
870 4437 1003 4494 licet
1046 4452 1118 4493 ex
1169 4439 1451 4495 sententia
1499 4438 1814 4510 adimplere

122 4528 495 4597 nequiverim,
548 4526 689 4583 bene
732 4535 924 4582 tamen
973 4526 1046 4582 ab
1089 4526 1203 4583 alio
1248 4535 1426 4598 gesta,
1462 4527 1716 4597 plurima
1741 4542 1812 4585 ex

120 4621 271 4683 parte
299 4615 619 4686 approbare
646 4629 749 4669 nec
776 4615 969 4670 minus
997 4615 1239 4684 probare
1268 4615 1587 4672 didicerim.

188 4703 582 4759 Grammaticas
610 4705 733 4759 tum
782 4702 1036 4760 fervebat
1071 4703 1346 4759 studium.
1378 4735 1449 4744 —
1478 4704 1630 4776 Ergo
1672 4704 1810 4761 alie-

120 4804 318 4848 norum
365 4793 741 4865 judiciorum,
798 4792 967 4849 valde
1006 4793 1346 4849 temerarius
1395 4793 1513 4866 (sed
1564 4807 1636 4849 ex
1679 4792 1810 4850 ﬁdei

1926 2400 2035 2456 hac
2074 2415 2134 2457 re
2166 2402 2462 2470 tribueret,
2497 2402 2843 2458 arbitrabar.
2877 2403 2989 2458 Nec
3020 2403 3266 2459 difﬁteor
3288 2419 3375 2459 me
3399 2405 3633 2474 postJe-

1927 2489 2226 2559 rosolymae
2253 2491 2598 2560 captionem,
2630 2506 2702 2547 ex
2736 2506 2855 2563 quo
2887 2490 2987 2559 illi,
3017 2493 3119 2562 qui
3152 2500 3325 2548 tantae
3360 2492 3635 2549 interfue-

1924 2586 2057 2633 rant
2114 2578 2463 2648 expeditioni
2510 2580 2697 2636 redire
2763 2587 3081 2650 creperunt,
3141 2582 3214 2636 ad
3266 2581 3635 2637 scribendum

1923 2681 1992 2723 ea
2041 2668 2305 2723 animum
2355 2668 2664 2738 appulisse,
2716 2670 2813 2725 sed
2867 2670 3007 2740 quia
3034 2671 3426 2741 quarumdam
3482 2670 3637 2726 circa

1924 2755 2075 2810 istud
2127 2755 2631 2825 importunitatum
2690 2757 2882 2813 obices
2938 2758 3259 2824 astiterant,
3318 2758 3629 2814 distulisse.

1925 2841 2030 2897 Sed
2062 2842 2224 2912 quia,
2254 2842 2369 2898 Deo
2402 2843 2781 2912 permittente,
2821 2845 3010 2900 nescio
3040 2845 3087 2900 si
3127 2846 3372 2912 volente,
3419 2846 3633 2901 volun-

1923 2932 2028 2986 tati
2062 2945 2200 2985 meae
2233 2938 2455 2986 constat
2486 2931 2679 2987 oblata
2715 2932 2977 3000 facultas,
3014 2933 3071 2989 in
3102 2933 3157 2988 id
3189 2934 3343 3004 quod
3378 2934 3466 3003 pie
3493 2932 3629 2990 alle-

1923 3026 2214 3074 ctaveram
2260 3020 2498 3075 fortasse
2548 3034 2582 3074 a
2632 3021 2855 3076 cunctis
2912 3021 3207 3088 ridendus,
3254 3023 3478 3088 incessi,
3533 3036 3630 3078 ca-

1921 3106 2163 3162 chinnos
2194 3121 2260 3162 ac
2290 3107 2559 3163 triscuria
2577 3110 3055 3179 praetergrediens
3089 3110 3441 3180 aliquorum,
3490 3110 3634 3168 dum

1922 3196 2090 3251 modo
2119 3195 2387 3252 diuturni
2417 3196 2707 3267 eruptioni
2741 3206 3053 3268 conceptus
3082 3213 3437 3271 quacunque
3466 3200 3631 3257 dela-

1926 3285 2168 3342 tratione
2198 3284 2523 3356 sategerim,
2572 3286 2644 3341 Et
2691 3286 2738 3341 si
2769 3286 2841 3342 sit
2890 3286 2992 3357 qui
3037 3286 3237 3355 rideat,
3292 3302 3409 3343 non
3439 3296 3633 3345 tamen

1919 3372 2092 3445 juxta
2145 3386 2308 3444 posse
2354 3374 2575 3445 gerenti
2633 3388 2700 3430 ac
2741 3388 2948 3431 sanum
2995 3374 3315 3431 intendenti
3345 3376 3630 3445 detrahat,

1924 3476 2032 3519 nec
2087 3462 2230 3519 meis
2273 3476 2633 3533 praepropere
2682 3477 2915 3519 naevum
2958 3462 3125 3519 dictis
3169 3463 3388 3534 inurat,
3437 3466 3535 3521 sed
3583 3466 3632 3522 si

1858 3551 2151 3642 Cpenitus
2198 3560 2563 3620 aspernatur,
2619 3551 2944 3621 posthabita
2989 3551 3629 3642 liteiverborum,iipse

1928 3640 2075 3696 male
2106 3648 2372 3709 perorata
2416 3640 2755 3708 rescribens,
2778 3639 3042 3710 exempla
3062 3640 3316 3696 dictandi
3354 3641 3626 3711 praebeat.

1999 3730 2093 3784 Ea:
2109 3727 2393 3783 relatione
2426 3728 2567 3783 texit
2596 3728 2931 3784 Historiam.
2968 3758 3035 3771 —
3081 3729 3257 3786 Porro
3288 3729 3336 3785 si
3366 3732 3501 3800 quis
3525 3730 3629 3786 ali-

1926 3819 2068 3890 quid
2097 3818 2453 3875 subobscure
2492 3819 2710 3875 dictum
2754 3826 3048 3885 causetur,
3102 3826 3299 3875 notam
3332 3820 3441 3876 sibi
3467 3820 3632 3877 hebe-

1925 3908 2145 3965 tudinis
2200 3907 2459 3979 inﬂigere
2509 3916 2796 3975 vereatur,
2856 3921 2989 3963 cum
3033 3921 3137 3978 pro
3190 3916 3343 3965 certo
3368 3910 3632 3965 noverim

1924 3996 2079 4068 quod
2110 4011 2182 4052 ex
2230 3996 2318 4051 his
2350 4011 2482 4067 qua!
2530 3997 2585 4051 in
2635 3995 2893 4065 subjecto
2927 3995 3071 4051 libro
3102 3996 3368 4062 dixerim,
3404 3997 3625 4054 nemini

1923 4085 1983 4141 in
2048 4084 2251 4141 litteris
2305 4085 2616 4141 exercitato
2659 4085 2813 4155 juste
2890 4084 3266 4154 quaestionem
3323 4086 3627 4142 moverim.

1923 4174 2344 4245 Corrigendum
2375 4173 2571 4243 igitur,
2621 4174 2815 4229 nescio
2863 4186 2938 4228 an
2979 4173 3488 4242 corrumpendum,
3539 4173 3628 4230 hi-

1922 4261 2112 4318 storiae
2141 4261 2320 4331 ipsius
2350 4275 2736 4333 aggressurus
2766 4260 3083 4331 exemplar,
3116 4261 3302 4331 primo
3330 4275 3537 4318 causas
3573 4270 3630 4318 et

1921 4349 2285 4407 necessitates
2328 4364 2460 4421 quae
2512 4349 2689 4421 hujus
2744 4364 3051 4406 occursum
3105 4349 3487 4419 expeditionis
3533 4363 3631 4406 ur-

1920 4439 2150 4511 gebant,
2194 4438 2343 4495 sicut
2372 4438 2694 4505 audieram,
2742 4439 3013 4509 proposui
3045 4438 3394 4505 referendas,
3436 4445 3492 4495 et
3522 4438 3625 4507 sic,

1918 4526 2318 4584 occasionibus
2393 4528 2866 4597 praemonstratis,
2926 4540 3018 4582 res
3088 4526 3324 4583 demum
3376 4534 3631 4583 attexere

1919 4623 2125 4687 gestas.
2181 4615 2444 4680 Quorum
2491 4622 2769 4685 tenorem,
2817 4615 2890 4671 ab
2946 4614 3041 4670 illo
3069 4615 3247 4685 priori
3276 4629 3452 4685 quem
3489 4629 3629 4685 pro-

1918 4717 2131 4775 sequor
2159 4712 2411 4772 auctore,
2449 4702 2631 4759 multa
2670 4703 2949 4759 varietate
2982 4701 3112 4774 [al.,
3146 4702 3406 4775 veritate]
3440 4704 3628 4773 prola-

1919 4801 2063 4864 tum,
2096 4793 2170 4849 ab
2212 4793 2294 4848 eis
2323 4792 2426 4863 qui
2454 4791 2639 4849 eidem
2692 4792 3076 4847 interfuerant
3127 4791 3250 4856 viae,
3282 4791 3508 4846 edidici.
3543 4792 3629 4847 Ea

121 4891 306 4938 amore
333 4889 388 4938 et
435 4881 763 4952 impudens,
815 4894 903 4937 me
932 4881 1112 4938 fateor
1153 4881 1418 4939 incidisse
1457 4882 1808 4953 discrimina,
1851 4886 2054 4941 Dsane
2083 4896 2215 4953 quat
2248 4880 2581 4938 ferebantur
2608 4880 2669 4936 in
2700 4880 2865 4949 libro,
2917 4878 3137 4936 contuli
3188 4878 3447 4935 crebrius
3491 4892 3627 4936 cum

121 4970 252 5037 quia
281 4971 418 5027 dum
466 4968 785 5041 corrigendi
838 4976 989 5037 voto,
1022 4969 1143 5026 haec
1175 4984 1265 5027 me
1294 4970 1674 5040 compererint
1722 4979 1809 5027 at-

121 5055 305 5128 tigisse
350 5058 560 5125 studia,
612 5056 870 5113 fortassis
912 5057 1170 5114 secunda
1211 5057 1466 5115 deterius
1493 5058 1810 5130 appretiari

123 5152 383 5213 poterunt
411 5160 590 5218 quam
619 5146 828 5217 priora.
863 5146 1009 5203 Cum
1049 5145 1205 5202 enim
1250 5147 1462 5217 passim
1511 5147 1811 5204 videamus

123 5231 327 5291 fervere
367 5236 827 5307 grammaticam,
873 5242 929 5293 et
960 5236 1297 5308 quibusque
1344 5235 1639 5292 vilissimis
1669 5250 1810 5306 prae-

124 5325 517 5381 numerositate
546 5324 832 5381 scolarum
871 5325 1021 5381 hanc
1053 5332 1242 5394 petere
1273 5323 1606 5381 noverimus
1641 5324 1807 5381 disci-

126 5407 347 5482 plinam,
379 5413 604 5471 horrori
630 5413 756 5478 fuit.
788 5421 842 5470 et
868 5414 913 5469 si
956 5427 1070 5469 non
1104 5413 1188 5469 uti
1218 5412 1545 5480 debuimus,
1590 5412 1681 5468 vel
1724 5413 1809 5469 uti

127 5501 422 5572 potuimus,
451 5504 602 5559 hanc
617 5502 793 5559 nostri
816 5502 1059 5574 gloriam
1085 5503 1357 5573 temporis
1375 5516 1491 5559 non
1514 5502 1762 5559 scribere
1793 5518 1806 5558 :

127 5584 232 5646 imo
282 5591 577 5664 reliquisse
633 5592 743 5649 sub
798 5591 1076 5649 inconditi
1138 5590 1476 5649 scabredine
1531 5590 1811 5648 sermonis

466 5693 744 5758 Parnm“
795 5689 1001 5760 CLVI.

1920 4971 2177 5042 ipsorum
2220 4970 2323 5041 qui
2364 4970 2514 5025 facta
2561 4970 2827 5026 viderant
2878 4968 3076 5036 verbo,
3107 4973 3162 5025 et
3203 4967 3402 5038 procul
3450 4966 3629 5025 dubio

1917 5066 2192 5131 expertus
2229 5073 2359 5115 sum
2400 5058 2542 5128 quia
2579 5065 2858 5114 neutrum
2902 5057 3252 5127 discreparet
3289 5056 3363 5112 ab
3400 5056 3623 5126 altam;

1919 5163 2051 5219 quae
2081 5157 2273 5204 autem
2306 5146 2643 5212 addiderim,
2679 5153 2781 5203 aut
2828 5146 2901 5203 ab
2928 5146 3018 5202 his
3063 5145 3166 5217 qui
3196 5144 3393 5202 videre
3420 5144 3630 5202 didice—
3695 5191 3714 5205 .

1919 5236 2051 5306 rim,
2085 5244 2187 5293 aut
2216 5250 2316 5307 per
2343 5250 2435 5291 me
2464 5234 2653 5305 ipsum
2684 5237 3039 5307 agnoverim.

1989 5325 2216 5381 Idcirco
2239 5341 2353 5379 non
2374 5322 2587 5379 mirum
2615 5323 2669 5378 si
2698 5323 2760 5378 in
2786 5322 3087 5380 nonnullis
3110 5322 3532 5379 hallucinatur.
3558 5353 3628 5363 —

1922 5415 2085 5481 Quod
2115 5415 2163 5471 si
2195 5413 2495 5485 quidpiam
2538 5413 2703 5469 aliter
2738 5412 2955 5469 dictum
2996 5426 3173 5483 quam
3226 5427 3285 5468 se
3314 5426 3405 5469 res
3434 5412 3626 5481 habet,

1918 5501 2254 5569 constiterit,
2282 5501 2572 5556 incassum
2604 5500 2787 5557 fateor
2812 5500 3097 5557 mendacii
3134 5504 3285 5555 3”
3311 5499 3451 5555 mihi
3485 5512 3626 5570 pro-

1920 5591 2025 5648 bra
2055 5590 2300 5647 callidus
2332 5589 2719 5659 deprelicnsor
2754 5588 3046 5661 objecerit,
3082 5601 3213 5645 cum
3259 5603 3350 5645 me
3393 5588 3628 5646 fallendi

3231 5695 3315 5751 22
