3936 6426
275 354 380 407 683

1166 351 1226 405 ν.
1265 349 1595 408 GUIBEBTI
1632 351 1926 408 ABBATIS
1962 350 2018 406 S.
2061 353 2304 408 MARIIE
2342 352 2433 407 DE
2469 350 2872 410 NOVIGENTO

3671 359 3791 412 684

273 487 550 542 desiderio
581 485 746 542 nulla
765 485 996 550 dixisse,
1015 487 1125 542 sub
1147 487 1243 542 Dei
1265 486 1582 542 testimonio
1600 487 1743 542 scire
1769 467 2048 555 possith
2072 485 2126 541 Si
2175 487 2328 542 enim
2377 488 2644 554 Parthos,
2698 497 2759 543 ut
2789 487 3012 557 aliquid
3060 486 3338 556 sentiunt,
3381 503 3502 545 non
3541 491 3792 550 Turcoc.

276 572 424 636 Quid
453 573 606 628 enim
633 573 846 628 mirum
900 571 945 626 si
978 571 1252 637 fallimur,
1302 573 1442 628 dum
1481 572 1668 627 aliena
1697 571 1844 626 facta
1875 585 1970 626 re-

274 665 532 732 ferimus,
560 679 694 720 cum
722 679 828 720 nos
877 678 950 722 ne
995 673 1220 721 nostras
1245 666 1502 735 ipsorum
1550 665 1784 735 quidem
1814 663 1969 734 cogi-

273 753 515 810 tationes
543 766 610 809 ac
633 766 823 822 opera,
867 768 980 808 non
1007 753 1134 808 dico
1165 753 1356 809 verbis
1386 753 1726 822 exprimere,
1771 753 1868 809 sed
1898 767 1970 809 ne

272 841 536 911 colligere
573 842 746 897 tacita
774 841 977 897 saltem
1025 850 1215 897 mente
1258 842 1581 912 possimus?
1617 841 1768 906 Quid
1793 842 1862 898 de
1893 842 1972 897 in-

273 929 626 986 tentionibus
663 929 891 999 loquar,
922 944 1053 1000 quin
1094 931 1234 986 adeo
1266 931 1439 985 latere
1468 931 1807 1001 plerumque
1838 945 1966 1002 pro-

271 1019 486 1074 bantur
519 1024 582 1072 ut
628 1016 728 1072 vix
772 1017 845 1072 ab
899 1017 1018 1086 ipso
1070 1017 1356 1073 interioris
1403 1017 1654 1073 hominis
1701 1018 1968 1074 acumine

271 1105 711 1160 discernantur?
735 1104 859 1160 Non
889 1113 974 1160 est
1006 1105 1184 1175 igitur
1212 1105 1468 1162 severius
1497 1107 1886 1176 arguendum,
1917 1105 1966 1161 si

273 1194 603 1264 ignoranter
633 1194 690 1248 in
733 1191 906 1248 verba
950 1193 1341 1262 prolabimur;
1385 1194 1481 1248 sed
1533 1194 1674 1249 illud
1717 1201 1802 1249 est
1833 1195 1968 1250 irre-

270 1279 530 1335 missibili
559 1294 804 1336 censura
837 1281 1154 1347 terendum,
1177 1296 1311 1336 cum
1343 1281 1561 1336 falsitas
1585 1296 1658 1336 ex
1685 1281 1969 1337 industria

269 1367 631 1437 deceptionis,
675 1367 761 1422 vel
811 1368 1137 1438 cujuspiam
1183 1368 1614 1424 subornationis
1657 1376 1788 1424 voto
1837 1383 1966 1424 con-

270 1455 506 1511 texitur.

338 1545 524 1611 Quare
550 1545 985 1602 nomenclalura
1012 1543 1316 1600 νεοθηιὶοή
1339 1542 1402 1597 in
1417 1541 1668 1598 citandis
1689 1541 1964 1615 propriis,

266 1632 596 1689 nominibus
604 1633 803 1702 fuerit
830 1649 985 1687 usus.
1018 1664 1086 1672 —
1120 1633 1294 1688 Porro
1325 1633 1394 1688 de
1416 1631 1746 1687 nominibus
1777 1631 1965 1687 homi-

268 1736 432 1787 num,
459 1722 890 1791 provinciarum
920 1729 974 1776 et
1025 1721 1256 1777 urbium
1295 1721 1477 1776 multa
1525 1719 1662 1774 mihi
1696 1726 1780 1774 est
1822 1719 1965 1774 difﬁ-

2078 574 2414 642 Caucamm,
2438 591 2552 631 non
2584 576 2959 632 Corozam’am
2985 589 3276 646 ponerem,
3308 579 3476 646 quasi
3505 581 3788 636 sectanda

2077 664 2424 730 authentica,
2457 664 2738 720 obscurus
2786 663 2997 732 ﬁerem,
3032 677 3236 734 meque
3267 663 3378 720 illis
3407 667 3510 736 qui
3537 668 3606 723 de
3640 683 3790 738 pro-

2074 752 2214 820 priis
2241 753 2541 822 regionum
2576 753 2908 808 nominibus
2949 759 3174 808 certant
3218 755 3574 822 carpendum
3602 771 3790 827 expo-

2075 854 2288 896 nerem.
2324 841 2396 896 Et
2443 839 2694 896 maxime
2741 841 2880 895 illud
2929 840 3158 896 attendo
3209 840 3372 910 quia,
3401 839 3549 894 sicut
3579 838 3636 893 in
3688 837 3788 892 his

2076 929 2406 998 provinciis,
2438 937 2618 984 terras
2667 928 2830 983 novis
2854 935 3074 983 constat
3122 928 3418 984 vocabulis
3451 927 3786 994 insignitas,

2075 1017 2267 1072 itidem
2303 1017 2594 1072 immutari
2625 1031 2741 1072 non
2763 1017 3099 1072 dubitamus
3149 1025 3204 1072 et
3233 1025 3478 1072 exteras.
3511 1015 3790 1085 Namque

2072 1106 2119 1161 si
2149 1119 2217 1161 ea
2246 1121 2377 1176 quae
2402 1105 2537 1161 olim
2569 1104 2866 1170 Netufn'a,
2907 1105 3072 1160 modo
3116 1103 3548 1160 Northmannia
3569 1103 3786 1174 appel-

2073 1191 2254 1262 latur;
2286 1200 2341 1248 et
2371 1206 2502 1262 quze
2535 1191 2796 1259 Andria,
2831 1206 2989 1246 nunc
3019 1191 3395 1264 Lolhan'ngia
3426 1205 3525 1262 pro
3559 1191 3787 1262 aliqui-

2073 1281 2184 1337 bus
2227 1281 2560 1336 accidentiis
2603 1289 2999 1349 nuncupatur,
3055 1281 3199 1336 idem
3254 1280 3408 1351 apud
3459 1279 3786 1336 Orientales

2071 1369 2364 1439 quomodo
2391 1368 2512 1425 ﬁeri
2559 1383 2671 1424 non
2707 1367 3017 1424 credatur?
3049 1369 3118 1425 Ut
3147 1376 3411 1425 asserunt
3443 1369 3608 1439 plane
3638 1367 3782 1438 qui-

2072 1459 2224 1526 dam,
2260 1457 2384 1528 ipsa
2426 1457 2720 1529 quondam
2776 1456 3064 1527 Memphis
3105 1456 3393 1527 Egyptia,
3448 1454 3784 1528 Babylonia

2072 1561 2232 1602 nunc
2283 1546 2510 1601 dicitur.
2543 1545 2783 1615 Vulgari
2817 1545 3010 1614 itaque
3043 1545 3209 1600 modo
3242 1545 3418 1601 malui
3467 1547 3784 1601 enuntiare

2072 1633 2272 1704 aliqua
2302 1647 2480 1703 quam
2513 1633 2811 1688 obscurari
2842 1641 2941 1688 aut
2989 1633 3328 1688 contendere
3385 1634 3640 1703 ponendo
3677 1634 3782 1688 di-

2074 1735 2260 1777 versa.
2295 1723 2369 1777 De
2401 1721 2629 1776 nomine
2676 1730 2870 1776 autem
2919 1720 3226 1775 Podierm‘:
3264 1721 3466 1793 (vulgo,
3525 1721 3574 1776 le
3627 1723 3782 1790 Puy)

267 1782 756 1876 cultasingcnita.
789 1808 936 1862 Dum
967 1807 1118 1862 enim
1151 1808 1439 1877 quaedam,
1473 1821 1723 1877 quorum
1755 1807 1964 1878 attige-
2002 1782 2046 1838 Β
2071 1811 2319 1880 episcopi
2351 1808 2451 1864 diu
2485 1809 2644 1863 hzesi.
2677 1808 2786 1864 Vix
2839 1809 2894 1864 in
2957 1809 3136 1879 hujus
3166 1782 3353 1878 operis
3381 1782 3492 1864 line
3542 1782 3778 1875 edidici,

149 1889 162 1898 ’
266 1896 376 1951 rim
411 1897 720 1960 notionem,
760 1895 908 1950 male
931 1896 1022 1951 'ab
1053 1896 1148 1950 illo
1201 1903 1434 1951 auctore
1461 1908 1732 1965 expressa
1760 1910 1964 1966 cogno-

266 1999 377 2047 sco,
413 1992 631 2040 remota
661 1984 948 2060 quaelibet,
981 1999 1164 2054 eoque
1191 1984 1374 2054 magis
1407 1984 1718 2054 incognita,
1763 1983 1961 2043 eadem

267 2073 546 2140 pravitate
592 2073 894 2128 enuntiata
927 2087 1041 2128 non
1081 2073 1293 2128 dubito.
1335 2073 1504 2128 Verbi
1538 2072 1766 2143 gratia:
1815 2072 1961 2126 Tur-

264 2175 376 2226 οοε,
409 2161 744 2230 quotidiana
783 2160 1190 2230 increpitamus
1235 2162 1516 2230 strepitu;
1564 2159 1958 2224 Corozam'am,

264 2249 540 2318 quiddam
572 2249 704 2304 novi
735 2249 985 2304 nominis
1017 2247 1354 2304 vocitamus.
1414 2248 1514 2303 Ubi
1547 2248 1962 2304 vocabulorum

263 2345 520 2393 vetustas
566 2339 841 2407 quoniam
887 2351 1028 2406 pene
1077 2351 1312 2405 prorsus
1356 2335 1658 2392 obliterata
1712 2336 1958 2403 delituit,

262 2423 608 2496 antiquitate
657 2425 833 2491 omni,
885 2424 1106 2480 etiamsi
1185 2425 1255 2480 ad
1314 2423 1605 2493 integrum
1663 2424 1958 2494 patuisset,

260 2519 469 2578 amota,
499 2511 642 2568 nihil
669 2511 778 2568 nisi
802 2512 956 2582 quod
978 2512 1202 2582 publice
1225 2512 1544 2568 cantitatur
1559 2511 1746 2568 dicere
1770 2511 1954 2568 libuit.

2072 1913 2188 1954 non
2218 1900 2371 1953 enim
2404 1897 2462 1952 in
2495 1911 2616 1951 meo
2661 1896 2984 1952 habebatur
3012 1896 3345 1966 exemplari.

2143 1986 2345 2040 Parcat
2396 2000 2627 2055 quoque
2676 1984 2850 2040 lector
2895 1999 3034 2040 meze
3079 1985 3359 2040 sermonis
3390 1983 3647 2048 incuria,
3685 1981 3780 2038 in-

2070 2073 2244 2130 dubie
2287 2074 2472 2128 sciens
2518 2073 2657 2143 quia
2698 2087 2829 2143 qua:
2879 2073 3180 2128 habuerim
3225 2072 3532 2138 scribendi,
3571 2071 3780 2126 eadem

2071 2163 2211 2218 mihi
2243 2162 2456 2218 fuerint
2489 2170 2779 2216 momenta
2811 2161 3083 2227 dictandi,
3120 2176 3222 2217 nec
3251 2161 3396 2217 ceris
3411 2159 3782 2216 emendanda

2067 2251 2393 2321 diligenter,
2445 2250 2686 2319 excepi;
2739 2249 2835 2304 sed
2883 2250 2962 2305 uti
3020 2259 3222 2320 praesto
3270 2258 3374 2315 est,
3425 2247 3568 2303 foede
3621 2247 3777 2303 dela-

2072 2346 2220 2394 trata
2275 2337 2626 2393 membranis
2653 2337 2914 2408 apposui.
2939 2337 3155 2393 Nomen
3178 2347 3369 2394 autem
3401 2336 3581 2392 indidi
3614 2336 3780 2406 quod

2070 2425 2404 2496 arrogantia
2460 2434 2650 2481 careat
2710 2425 3014 2496 gentisque
3055 2426 3254 2482 honori
3307 2425 3585 2496 proﬁciat,
3628 2424 3782 2480 scili-

2068 2519 2156 2568 cet
2191 2512 2329 2566 IDEI
2361 2525 2537 2566 GESTA
2568 2527 2672 2568 PER
2704 2512 2978 2567 FRANCOS.

734 2818 1396 2966 GESTA.
1471 2819 1805 2964 DEI
1909 2819 2302 2964 PER
2401 2815 3302 2963 FRANCOS

1936 3013 2088 3062 SIVE

950 3127 1626 3238 HISTORIA
1723 3125 3108 3236 HIEROSOIXMITANA

1563 3314 1909 3401 LIBER
1964 3313 2426 3401 PRIMUS.

813 3591 1046 3648 CAPUT
1086 3589 1389 3646 PRIMUM.

324 3683 420 3756 [1.]
435 3684 744 3738 (Icenorum
757 3679 940 3736 virtu:
959 3675 1703 3751 minimeestviluperanda.
1721 3706 1781 3718 -
1800 3677 1952 3742 Quo.

253 3773 521 3829 rumdam
553 3769 885 3828 mortalium
915 3767 1114 3823 vitiose
1155 3767 1476 3837 aliquoties,
1508 3767 1604 3821 sed
1635 3781 1750 3822 non
1795 3780 1950 3822 sem-

253 3875 374 3930 per,
409 3859 666 3916 moribus
697 3865 920 3914 constat
945 3856 1230 3923 inclitum,
1264 3862 1330 3911 ut
1361 3855 1769 3912 modernorum
1799 3855 1949 3910 facta

251 3950 602 4020 vituperent,
653 3945 939 4016 prmterita
979 3944 1192 4000 saecula
1237 3942 1560 3999 sustollant.
1609 3943 1680 3998 Et
1711 3942 1948 4012 quidem

253 4037 544 4094 laudanda
572 4036 680 4091 fuit
712 4043 973 4090 veterum
1002 4031 1290 4088 modestiae
1316 4038 1738 4101 contemperata
1767 4029 1948 4086 felici-

255 4133 340 4182 tas
367 4131 424 4180 et
453 4123 852 4180 retractatione
880 4119 1102 4178 consilii
1158 4119 1454 4176 moderata
1498 4119 1775 4176 vivacitas
1799 4134 1817 4193 ;
1849 4118 1948 4175 sed

251 4213 464 4270 nemini
509 4212 773 4278 discreto,
819 4209 1216 4280 qualicunque
1255 4207 1457 4266 virtuti
1491 4215 1717 4274 nostrae,
1769 4222 1949 4264 saecu-

253 4303 388 4358 laris
414 4314 612 4357 eorum
644 4297 817 4354 fuerit
847 4298 964 4353 ullo
983 4297 1150 4353 modo
1179 4297 1545 4354 anteferenda
1575 4298 1942 4367 prosperitas.

250 4387 370 4444 Etsi
415 4387 569 4444 enim
608 4384 667 4438 in
711 4383 968 4454 antiquis
1012 4382 1200 4438 virtus
1227 4382 1497 4439 defaecata
1551 4381 1942 4452 praeminuit;

249 4484 440 4532 tamen
473 4475 532 4529 in
563 4471 748 4538 nobis,
781 4471 840 4526 in
869 4485 1016 4542 quos
1061 4470 1189 4528 licet
1227 4471 1572 4528 saeculorum
1617 4469 1748 4525 finis
1780 4469 1946 4524 deve-

249 4563 418 4630 nerit,
471 4562 571 4618 dos
622 4567 846 4616 naturze
913 4574 1286 4630 nequaquam
1352 4573 1590 4630 prorsus
1654 4557 1940 4616 extabuit.

248 4651 642 4708 Praedicantur
691 4653 890 4704 merito
932 4662 1034 4718 pro
1078 4648 1378 4704 hominum
1426 4647 1683 4704 novitate
1743 4643 1946 4716 priscis

248 4749 377 4796 acta
431 4737 804 4808 temporibus,
858 4737 953 4792 sed
1016 4737 1198 4793 multo
1249 4737 1466 4807 justius
1517 4733 1707 4791 eﬁ‘erri
1766 4733 1946 4803 digna

1987 3595 2028 3652 c
2055 3603 2181 3645 cam
2213 3589 2567 3662 superbiam,
2612 3589 2888 3661 Argivam
2929 3589 3324 3658 acrimoniam,
3358 3589 3768 3661 Egyptiorum

2057 3677 2415 3748 spurcitiam,
2467 3676 2909 3749 instabilemque
2959 3678 3154 3734 Asiam
3207 3679 3436 3748 Pompei
3487 3678 3656 3749 Trogi
3707 3686 3767 3734 et

2057 3775 2360 3822 auctorum
2389 3765 2786 3836 disquisitione
2828 3766 3164 3820 sublimium
3222 3766 3521 3821 miramur.
3568 3765 3765 3821 Prima

2058 3855 2448 3911 Romanorum
2495 3852 2781 3918 instituta,
2813 3853 2922 3908 sub
2965 3853 3290 3908 communis
3332 3853 3593 3908 utilitatis
3621 3867 3760 3908 cen-

2056 3956 2195 3998 sura
2237 3943 2294 3998 et
2349 3941 2594 4012 imperiii
2670 3941 3104 4012 propagatione,
3175 3941 3622 4008 complectimur.
3685 3941 3758 3997 Et

2058 4036 2269 4096 tamen,
2315 4028 2363 4085 si
2395 4030 2601 4086 horum
2629 4030 2890 4086 omnium
2930 4030 3000 4084 ad
3037 4043 3252 4099 purum
3287 4029 3632 4085 discutiatur
3659 4043 3754 4085 es-

2055 4119 2260 4184 sentia,
2289 4132 2405 4173 non
2449 4118 2615 4173 modo
2659 4117 2817 4188 apud
2870 4117 3074 4188 probos
3116 4117 3398 4188 quoslibet
3451 4117 3762 4174 laudabilis

2056 4207 2310 4276 ipsorum
2345 4206 2590 4262 habetur
2624 4205 2888 4272 audacia,
2921 4207 3017 4262 sed
3061 4207 3261 4262 merito
3293 4207 3457 4276 'patet
3507 4206 3758 4262 infamiae

2055 4295 2322 4364 pertinax
2353 4294 2729 4366 belligerandi
2759 4295 2883 4351 sine
2927 4295 3048 4350 ulla
3093 4297 3334 4358 ratione.
3367 4309 3470 4365 pro
3517 4295 3638 4351 sola
3663 4294 3761 4351 do-

2054 4381 2314 4440 minandi
2342 4381 2597 4448 libidine,
2628 4383 2918 4439 vecordia.

2127 4469 2468 4525 Przcellunt
2483 4470 2809 4542 gentilium,
2841 4469 3295 4527 Christianorum
3319 4474 3484 4543 gesta
3523 4467 3748 4526 bellica.

2052 4587 2123 4597 -—
2173 4559 2566 4629 Respiciamus
2621 4575 2779 4631 ergo,
2830 4561 2944 4616 imo
2992 4559 3420 4630 resipiscamus,
3474 4559 3546 4615 ad
3571 4559 3750 4630 hujus

2053 4660 2200 4716 quas
2221 4647 2570 4716 despicimus
2615 4649 2721 4703 aevi
2775 4647 3101 4715 fetulentas,
3145 4655 3208 4702 ut
3252 4647 3334 4703 sic
3361 4646 3624 4716 dixerim,
3659 4646 3755 4704 fa-

2052 4747 2166 4802 ces,
2205 4741 2260 4790 et
2306 4735 2612 4791 minimum
2659 4733 2907 4806 digitum
2959 4743 3240 4802 nostrum,
3307 4741 3541 4804 patrum
3599 4749 3746 4804 quos

247 4836 384 4885 sunt
412 4842 544 4898 quae
573 4825 789 4884 mundo
835 4824 1166 4895 prolabente
1217 4825 1273 4880 in
1301 4825 1547 4890 senium,
1584 4828 1943 4893 peraguntur
1977 4867 2023 4922 Β
2055 4821 2185 4892 plus
2213 4837 2380 4893 aequo
2409 4823 2762 4889 extollimus,
2794 4831 3126 4879 nostrorum
3156 4822 3341 4878 dorsis
3387 4823 3747 4893 grossiorem,

246 4917 462 4974 utiliter
492 4930 528 4972 a
563 4913 827 4970 rudibus.

315 5005 514 5076 Regna
542 5002 836 5074 quondam
863 5008 1062 5059 extera
1090 5001 1254 5058 bellis
1281 4999 1646 5070 suspiramus
1667 4997 1943 5070 insignita

246 5091 594 5163 potentibus.
636 5089 896 5161 Stragem
947 5090 1342 5158 Philippicam,
1393 5093 1449 5142 et
1499 5085 1716 5155 ubique
1765 5085 1938 5141 incle-

180 5191 186 5195 ·
244 5188 515 5248 mentem,
581 5193 696 5234 non
768 5179 890 5236 sine
959 5177 1236 5234 continua
1309 5173 1614 5245 sanguinis
1661 5171 1940 5230 effusione

243 5270 563 5336 victoriam,
595 5267 977 5338 suscipimus;
1022 5263 1340 5321 Alexandri
1369 5262 1588 5319 rabiem
1617 5262 1687 5318 de
1715 5262 1940 5318 camino

245 5358 618 5414 Macedonum
664 5355 740 5411 ad
793 5357 968 5411 totius
1003 5352 1251 5408 Orientis
1300 5349 1478 5406 exitia
1529 5359 1938 5422 emergentem,

245 5445 582 5502 tonantibus
620 5443 866 5513 eloquiis
910 5440 1282 5510 pensitamus.
1333 5439 1540 5495 Xerxis
1574 5439 1632 5494 in
1677 5439 1942 5496 Thermo-

246 5533 426 5603 pylas,
458 5531 614 5590 Darii
647 5531 705 5584 in
733 5525 1129 5582 Alexandrum
1173 5525 1381 5596 copias,
1410 5541 1546 5583 cum
1595 5525 1938 5582 exsecrabili

244 5619 605 5676 inﬁnitarum
636 5613 895 5686 gentium
923 5611 1328 5683 digladiatioue
1356 5614 1647 5672 metimur.
1681 5613 1942 5672 Chaldai-

2047 4909 2220 4980 juxta
2268 4909 2410 4966 illud
2453 4909 2596 4968 fatui
2644 4911 2795 4982 regis
2836 4911 3074 4978 dictum,
3123 4910 3378 4980 reperire
3415 4911 3746 4980 poterimus.
3799 4959 3809 4966 .

2053 4997 2107 5054 Si
2137 4999 2289 5054 enim
2339 4999 2537 5070 praelia
2584 4999 2904 5069 gentilium,
2938 5004 3088 5053 avo
3129 5005 3184 5054 et
3233 5011 3412 5070 regna
3455 4998 3633 5054 multo
3662 5012 3753 5055 ar-

2048 5101 2275 5144 morum
2305 5087 2498 5144 labore
2543 5076 2786 5158 pervasa
2829 5087 3258 5157 perpendimus,
3314 5087 3507 5144 nullas
3549 5101 3748 5144 eorum

2046 5177 2220 5244 vires,
2250 5175 2412 5233 nulla
2455 5190 2690 5246 prorsus
2735 5176 3008 5232 exercitia
3055 5176 3282 5242 nostris,
3334 5191 3434 5246 per
3475 5175 3574 5232 Dei
3622 5190 3751 5246 gra-

2048 5265 2206 5330 tiam,
2245 5263 2661 5334 zequiparanda
2688 5264 3067 5322 censebimus.
3118 5265 3173 5320 Si
3209 5265 3389 5320 Deum
3422 5263 3480 5318 in
3511 5263 3748 5322 Iudaico

2046 5352 2259 5424 populo
2306 5353 2744 5423 magniﬁcatum
2792 5353 3147 5419 audivimus,
3193 5353 3386 5410 Iesum
3435 5353 3743 5422 Christum,

2045 5441 2195 5496 sicut
2225 5441 2344 5496 beri
2376 5441 2534 5512 apud
2587 5443 2877 5511 antiquos,
2909 5441 2989 5497 ita
3037 5450 3093 5497 et
3138 5441 3307 5497 hodie
3347 5441 3504 5510 apud
3536 5442 3747 5498 moder-

2045 5540 2172 5596 nos,
2220 5541 2341 5584 esse
2386 5535 2444 5584 et
2487 5526 2678 5583 valere
2728 5528 2898 5584 certis
2943 5527 3354 5598 experimentis
3378 5528 3742 5598 agnovimus.

2046 5615 2248 5686 Reges,
2279 5614 2474 5682 duces,
2496 5614 2802 5672 dictatores
2829 5629 2898 5672 ac
2925 5615 3211 5684 consules,
3247 5615 3476 5686 uspiam
3524 5628 3744 5688 pugna-
