3936 6412
177 385 294 436 685
1339 384 1561 440 GESTA
1599 384 1720 441 DEI
1762 384 1896 439 PER
1938 382 2275 439 FRANCOS.
2307 410 2378 427 --
2417 381 2544 435 LIB.
2588 382 2632 436 Ι.
3629 385 3730 436 686

176 515 309 571 turi
360 515 717 585 populorum
768 515 1062 582 examina,
1123 514 1541 582 conﬂaverunt,
1614 522 1670 571 et
1724 514 1923 570 edictis
1960 513 2326 582 Aclamaret,
2383 527 2515 569 cum
2574 511 2734 568 alteri
2788 526 2904 567 non
2966 511 3160 567 minus
3226 513 3484 581 monitis,
3516 527 3729 584 quam-

177 604 559 674 potentibus,
594 604 984 675 undecunque
1016 604 1271 676 gentium
1312 618 1649 660 numerosos
1699 603 1918 660 exerci-
2027 601 2288 669 exemplo
2327 601 2482 656 domi
2538 599 2792 669 forisque
2849 598 3213 668 profectionis
3257 607 3391 655 vota
3436 600 3728 659 clamaret.

179 700 286 748 tus
323 697 759 748 contraxerunt
799 705 811 744 :
2026 688 2317 745 Ardebant
2353 688 2546 744 studia
2589 687 2993 758 singulorum,’
3021 695 3076 743 et
3116 695 3275 743 tanta
3326 689 3439 744 illis
3488 688 3732 747 facultas

255 777 364 832 Hi
390 782 604 843 tamen,
632 776 694 831 hi
713 779 917 832 coeunt
944 775 1240 832 hominum
1262 775 1577 831 terroribus
1598 777 1737 833 acti.
2025 775 2334 832 videbatur
2356 776 2499 832 illud
2529 776 2637 832 iter
2666 776 2924 844 ineundi,
2951 777 3166 846 quibus
3187 776 3362 833 nulla;
3389 787 3729 848 sumptuum

256 867 425 935 Quid
470 867 540 923 de
570 866 683 922 illis
738 866 926 921 dicam
964 865 1068 936 qui
1112 867 1233 922 sine
1279 866 1541 943 domino,
1576 865 1699 921 sine
1751 864 1922 935 prin-
2027 863 2203 933 copiae
2228 864 2628 935 suppetebant,
2666 872 2887 935 quanta
2918 864 3029 920 illis
3072 864 3290 936 quibus
3343 867 3545 937 ingens
3596 882 3731 938 pos-

180 953 346 1023 cipe,
384 955 502 1011 solo
534 955 800 1009 videlicet
833 955 946 1010 Deo
996 955 1328 1025 impulsore,
1374 969 1489 1010 non
1541 955 1707 1010 modo
1755 960 1922 1010 extra
2025 952 2343 1007 sessionum
2387 952 2657 1017 venditio,
2692 960 2793 1009 aut
2845 953 3100 1009 thesauri
3146 953 3381 1024 repositi
3420 955 3732 1025 opulentis-

180 1042 458 1099 natalem
493 1042 868 1112 provinciam,
902 1049 1069 1098 extra
1116 1043 1285 1098 etiam
1322 1042 1601 1113 originale
1649 1055 1917 1113 regnum,
2028 1039 2241 1097 simum
2274 1041 2550 1098 viaticum
2580 1042 2996 1098 convehehant.
3031 1041 3270 1099 Videres
3309 1042 3526 1100 dictum
3569 1043 3731 1100 Salo-

180 1141 415 1184 verum
458 1142 693 1199 quoque
748 1136 913 1185 extra
953 1128 1384 1185 multitudinem
1458 1129 1921 1198 interiacentium

184 1216 515 1271 nationum
557 1215 839 1286 progressi
900 1223 1076 1285 atque
1126 1215 1482 1286 linguarum,
1526 1216 1595 1271 de
1646 1214 1922 1272 extremis

184 1305 417 1361 Oceani
468 1304 781 1359 Britannici
838 1302 1072 1371 ﬁnibus,
1125 1317 1313 1373 usque
1371 1303 1442 1359 ad
1501 1303 1677 1359 totius
1752 1310 1921 1360 terra

2030 1129 2215 1185 monis
2264 1130 2569 1186 evidenter
2612 1129 2753 1186 illud
2812 1128 3036 1200 impleri
3073 1151 3100 1180 α
3128 1130 3335 1201 Regem
3368 1131 3585 1188 locusta
3616 1147 3731 1190 non

2029 1217 2221 1285 habet,
2249 1225 2302 1274 et
2331 1218 2627 1289 egreditur
2654 1219 2925 1275 universa
2955 1232 3059 1288 per
3097 1226 3320 1301 turmas
3368 1234 3504 1277 suas
3534 1222 3727 1292 (Prov.

2028 1307 2117 1373 30,
2140 1309 2255 1375 27).
2296 1328 2316 1355 ι

188 1391 603 1447 meditullium
634 1398 953 1445 castrorum
983 1403 1222 1445 suorum
1255 1389 1407 1445 acies
1435 1390 1799 1459 produxere?
1842 1391 1922 1447 De

193 1476 339 1550 [al.,
368 1479 486 1549 illa]
516 1493 666 1535 nova
693 1486 749 1534 et
800 1479 1234 1549 incomparabili
1273 1479 1760 1549 JemSolymitana
1810 1493 1922 1534 ex-

190 1565 519 1634 peditionis
577 1565 814 1621 victoria
863 1564 1173 1634 loquimur,
1212 1564 1381 1635 cujus
1422 1572 1583 1620 tanta
1630 1578 1769 1635 erga
1823 1578 1921 1620 eos

188 1653 309 1722 qui
368 1666 483 1708 non
532 1651 820 1721 desipiunt
869 1651 1063 1707 existit
1116 1652 1301 1722 gloria
1364 1659 1428 1707 ut
1483 1655 1702 1719 nostra,
1762 1650 1918 1721 quod

188 1740 374 1795 nulla
401 1741 689 1810 praeterita
717 1747 1074 1805 meruerunt,
1109 1739 1204 1793 tali
1245 1738 1410 1793 titulo
1454 1737 1774 1808 jubilemus
1824 1738 1919 1792 in-

188 1830 412 1900 signiri
444 1837 724 1898 tempora.
743 1828 860 1883 Hoc
889 1835 1115 1882 nostros
1146 1826 1402 1896 aggredi,
1436 1840 1554 1880 non
1596 1826 1787 1881 inanis
1827 1825 1918 1880 fa-

190 1929 337 1983 mae,
382 1930 500 1972 non
542 1915 946 1985 pecuniarum,
1001 1927 1115 1968 non
1159 1911 1435 1968 dilatandi
1488 1912 1684 1968 limitis
1733 1912 1919 1983 coegit

192 2004 468 2071 ambitio,
494 2003 711 2073 quibus
736 2001 1134 2057 occasionibus
1156 2001 1490 2056 innituntur
1519 2009 1621 2056 aut
1645 2001 1756 2055 nisi
1782 2007 1918 2056 sunt

191 2105 350 2161 pene
371 2106 575 2148 omnes
603 2090 707 2162 qui
736 2098 936 2147 contra
968 2090 1253 2159 quoslibet
1282 2103 1445 2145 arma
1491 2096 1740 2155 movent,
1798 2091 1918 2144 sive

88 2256 97 2259 _
193 2186 537 2237 moverunt.
573 2179 798 2245 Quibus
827 2177 973 2233 illud
992 2177 1274 2247 poeticum
1310 2185 1632 2246 opportune
1658 2177 1912 2234 dicitur:

316 2285 453 2353 Qui:
482 2284 669 2351 furor,
705 2300 738 2339 ο
766 2283 931 2351 cives,
962 2300 1086 2354 quae
1115 2287 1281 2338 tanta
1301 2282 1538 2338 liceri/ia
1553 2283 1735 2351 ferri,

314 2357 590 2414 Gentibus
619 2354 824 2410 incisis
850 2356 1152 2426 praprium
1171 2355 1419 2426 praebere
1445 2356 1740 2426 cruorem?

312 2428 489 2483 Bella
512 2426 639 2501 geri
653 2425 901 2498 placuit,
932 2426 1125 2481 nullos
1153 2425 1423 2481 habitura.
1452 2425 1791 2497 triumphos.

198 2531 263 2588 Si
285 2533 443 2588 enim
470 2547 577 2602 pro
608 2532 871 2589 libertate
900 2532 1136 2600 tuenda,
1161 2540 1262 2589 aut
1293 2548 1396 2603 pro
1430 2533 1661 2603 publica
1706 2547 1768 2589 re
1811 2533 1917 2588 de-

200 2619 495 2676 fendenda
554 2627 846 2676 sumerent
912 2634 1169 2685 causam,
1220 2621 1648 2678 excusationem
1712 2621 1917 2692 utique

200 2707 563 2777 praetendere
603 2715 833 2776 possent
880 2707 1201 2763 honestam.
1239 2708 1346 2765 Ubi
1392 2715 1585 2765 autem
1626 2718 1728 2765 aut
1777 2709 1917 2765 bar—

202 2797 487 2853 bararum
520 2798 802 2867 gentium,
827 2800 929 2852 aut
950 2796 1230 2853 metuitur
1261 2797 1598 2868 gentilitatis
1622 2798 1913 2865 incursus,

203 2885 282 2941 ab
304 2897 604 2940 armorum
629 2884 763 2954 jure
790 2883 990 2939 nullus
1018 2883 1183 2939 debet
1218 2886 1383 2940 miles
1410 2884 1614 2951 arceri,
1646 2893 1701 2941 et
1730 2885 1778 2941 si
1809 2887 1917 2941 ista

204 2969 519 3035 defuerint,
554 2984 658 3040 pro
689 2972 811 3026 sola
846 2978 1059 3026 sanctae
1093 2970 1362 3026 Ecclesia;
1397 2971 1636 3027 tuitione
1679 2986 1914 3028 consue-

204 3068 424 3116 verunt
471 3074 649 3130 quam
696 3060 945 3130 legitime
993 3059 1143 3116 bella
1184 3059 1440 3115 tractari.
1501 3060 1592 3125 At,
1638 3061 1915 3131 quoniam

205 3149 268 3204 in
304 3149 564 3205 omnium
606 3150 812 3205 animis
862 3149 987 3205 haec
1034 3150 1128 3219 pia
1163 3149 1370 3205 desinit
1424 3149 1663 3206 intentio
1707 3159 1763 3206 et
1818 3151 1914 3205 ha-

205 3237 379 3293 bendi
431 3243 776 3293 cunctorum
833 3238 1085 3307 pervasit
1149 3238 1324 3293 corda
1391 3238 1587 3306 libido,
1665 3238 1915 3295 instituit

206 3334 409 3384 nostro
447 3334 701 3397 tempore
740 3327 940 3397 praelia
977 3335 1176 3383 sancta
1217 3327 1387 3394 Deus,
1442 3335 1506 3383 ut
1546 3328 1687 3383 ordo
1730 3342 1914 3398 eque-

205 3415 345 3471 stris
384 3422 440 3471 et
491 3415 707 3486 vulgus
757 3415 1053 3483 oberrans,
1107 3414 1210 3484 qui
1261 3422 1499 3471 vetustte
1565 3415 1914 3486 paganitatis

207 3503 476 3573 exemplo
521 3504 578 3559 in
619 3511 853 3559 mutuas
900 3503 1289 3557 versabantur
1326 3503 1526 3568 caedes,
1573 3518 1788 3560 novum
1818 3518 1914 3560 re-

207 3593 465 3662 perirent
491 3590 695 3648 salutis
716 3591 1106 3661 promerendae
1144 3606 1349 3662 genus.
1383 3600 1448 3648 ut
1494 3607 1599 3649 nec
1651 3593 1916 3651 funditus

209 3679 392 3736 electa
424 3678 525 3753 [ίη
571 3676 775 3751 ejecta]
826 3679 930 3745 (uti
976 3678 1095 3735 ﬁeri
1141 3681 1366 3747 assolet)
1405 3682 1723 3738 monastica
1771 3698 1915 3739 con-

214 3773 561 3840 versatione,
593 3787 693 3829 seu
725 3774 990 3845 religiosa
1020 3775 1277 3844 qualibet
1314 3775 1680 3844 professione,
1731 3792 1913 3834 saecu-

214 3860 339 3917 lum
370 3860 697 3931 relinquere
728 3870 1089 3932 cogerentur,
1121 3863 1218 3918 sed
1270 3864 1379 3919 sub
1419 3872 1693 3921 consueta
1740 3866 1914 3923 licen-

216 3949 301 4004 tia
327 3956 383 4005 et
404 3949 626 4017 habitu,
658 3964 733 4006 ex
761 3964 868 4006 suo
895 3951 1153 4020 ipsorum
1176 3950 1384 4019 ofﬁcio,
1417 3951 1517 4007 Dei
1544 3951 1918 4022 aliquatenus

218 4038 468 4110 gratiam
514 4046 1026 4109 consequerentur.

291 4122 592 4195 Omnigem'
619 4125 806 4178 status
847 4127 904 4179 et
916 4123 1278 4180 conditionis
1307 4124 1565 4181 homines
1585 4131 1794 4183 cuncta
1821 4127 1918 4184 ab-

217 4210 492 4267 dicabant
520 4212 609 4267 uti
635 4216 838 4269 contra
860 4213 1112 4285 per/idos
1147 4213 1225 4268 ad
1256 4214 1467 4269 bellum
1499 4215 1919 4288 proﬁcisceren-

218 4304 332 4355 tur.
365 4332 431 4342 —
482 4303 593 4359 Deo
644 4317 782 4374 ergo
832 4303 1143 4372 incentore,
1195 4312 1377 4361 motas
1413 4305 1747 4362 audivimus
1791 4305 1913 4379 [ol.,

2100 1395 2234 1450 Hac
2284 1394 2505 1451 locusta
2568 1395 2797 1451 nullum
2870 1395 3035 1452 bonae
3092 1395 3443 1465 operationis
3515 1398 3730 1455 saltum

2028 1484 2278 1550 dederat,
2361 1485 2622 1555 quandiu
2674 1484 2858 1555 longze
2938 1485 3261 1556 iniquitatis
3337 1487 3729 1555 congelatione

2028 1579 2322 1642 torpuerat
2351 1590 2363 1627 :
2396 1581 2454 1629 at
2484 1573 2583 1628 ubi
2614 1573 2748 1629 solis
2772 1573 3008 1643 justitiae
3050 1574 3237 1629 fervor
3268 1573 3568 1631 incanduit
3599 1575 3727 1646 [al.,

2026 1660 2386 1733 excanduit],
2435 1662 2701 1732 genuinze
2758 1661 2904 1716 illico
2963 1662 3489 1732 transmigrationis
3534 1665 3726 1719 evola-

2028 1748 2183 1805 tione
2211 1750 2471 1820 prosiliit,
2526 1749 2663 1805 dum
2708 1748 2776 1803 de
2827 1750 3003 1818 patris
3052 1750 3222 1805 domo
3266 1764 3332 1805 ac
3384 1754 3726 1821 cognatione

2024 1836 2361 1908 digreditur,
2395 1845 2446 1895 et
2502 1852 2602 1908 per
2633 1846 2843 1894 sanctae
2894 1837 3229 1894 intentionis
3277 1839 3727 1910 assumptionem

2024 1926 2283 1982 moribus
2323 1927 2685 1982 immutatur.
2737 1927 2867 1996 Ipsa
2912 1939 3103 1997 regem
3152 1942 3269 1982 non
3321 1927 3541 1994 habuit,
3588 1929 3728 1998 quia

2023 2027 2273 2083 quaeque
2326 2014 2507 2069 fidelis
2551 2015 2746 2068 anima
2790 2014 2945 2069 omni
2999 2014 3236 2080 ducatu,
3293 2023 3498 2084 praeter
3547 2016 3726 2072 solius

2024 2100 2122 2155 Dei
2153 2100 2361 2166 caruit,
2412 2100 2552 2155 dum
2610 2100 2762 2156 illius
2809 2114 2867 2155 se
2925 2101 3397 2156 contubernalem
3456 2102 3722 2169 aestimat,

2021 2202 2272 2259 eumque
2301 2188 2583 2258 praevium
2612 2188 2721 2245 sibi
2750 2202 2872 2244 esse
2899 2203 3013 2244 non
3046 2188 3291 2256 dubitat,
3328 2190 3497 2259 cujus
3528 2190 3726 2246 volun-

2024 2284 2137 2333 tate
2177 2284 2232 2333 et
2282 2278 2557 2333 instinctu
2606 2292 2664 2333 se
2713 2277 2968 2347 coepisse,
3019 2291 3191 2348 quem
3266 2278 3325 2332 in
3380 2279 3726 2348 egestatibus

2023 2364 2223 2421 solatio
2255 2365 2362 2421 sibi
2412 2366 2677 2422 futurum
2728 2365 3061 2436 conjuliilat.
3124 2365 3229 2421 Sed
3287 2381 3418 2436 quae
3455 2374 3538 2423 est
3595 2382 3726 2437 quae

2020 2454 2317 2525 egreditur
2346 2454 2712 2521 universitas,
2743 2454 2852 2509 nisi
2886 2453 2998 2521 illa,
3044 2468 3174 2524 quae
3211 2454 3282 2508 ad
3331 2470 3514 2510 unum
3544 2457 3723 2511 idem-

2022 2557 2137 2613 que
2166 2543 2549 2613 appetendum
2593 2542 3197 2599 numerosissimarum
3250 2542 3503 2612 plebium
3553 2546 3725 2599 corda

2023 2630 2193 2687 vertit
2256 2631 2631 2701 simplicitas?
2701 2630 2844 2687 Cum
2918 2630 3096 2686 solam
3174 2632 3341 2701 quasi
3401 2631 3724 2701 specialiter

2024 2719 2379 2774 Francorum
2436 2726 2664 2790 gentem
2719 2731 2894 2789 super
2947 2720 3056 2774 hac
3117 2732 3176 2775 re
3221 2720 3720 2776 commonitorium

2021 2807 2346 2876 apostolicae
2375 2808 2524 2862 sedis
2564 2807 2837 2877 attigerit,
2880 2821 3013 2877 quae
3062 2821 3202 2877 gens
3245 2808 3566 2864 Christiano
3615 2812 3724 2865 sub

2016 2894 2149 2965 jure
2178 2909 2355 2965 agens
2384 2909 2500 2949 non
2545 2895 2694 2950 illico
2726 2903 2948 2951 turmas
2994 2895 3169 2950 edidit
3200 2910 3212 2950 :
3245 2903 3300 2953 et
3349 2896 3485 2952 dum
3522 2906 3724 2967 pensat

2021 2997 2079 3038 se
2104 2984 2214 3038 Deo
2244 2983 2503 3038 eamdem
2536 2982 2702 3038 ﬁdem
2749 2982 2955 3038 debere
2986 2997 3162 3053 quam
3210 2984 3436 3051 Franci,
3473 2986 3725 3041 Franco-

1954 3085 2151 3161 crum
2184 3069 2400 3139 quibus
2447 3077 2685 3139 possunt
2743 3069 2984 3137 viribus,
3042 3070 3312 3126 nituntur
3362 3080 3416 3128 et
3461 3073 3727 3130 ambiunt

2021 3158 2449 3214 communicare
2504 3156 2862 3212 discrimini?
2919 3157 3153 3213 Videres
3205 3158 3501 3216 Scotorum
3571 3163 3725 3231 apud

2020 3262 2080 3304 se
2108 3246 2404 3311 ferocium,
2445 3245 2589 3301 alias
2631 3246 2967 3314 imbellium,
3015 3261 3229 3302 cuneos
3269 3261 3440 3304 crure
3494 3248 3722 3317 intecto,

2020 3335 2247 3405 hispida
2270 3334 2590 3404 chlamyde,
2630 3349 2703 3390 ex
2762 3334 3020 3390 humeris
3064 3334 3419 3404 dependente
3451 3337 3723 3407 psitarcia

2022 3423 2506 3495 [al.,sytarchia],
2541 3423 2609 3479 de
2655 3422 2870 3479 ﬁnibus
2901 3423 3203 3494 uliginosis
3242 3424 3435 3493 allabi,
3488 3434 3543 3482 et
3593 3428 3725 3496 qui-

2021 3513 2132 3569 bus
2155 3510 2420 3579 ridicula,
2458 3520 2746 3581 quantum
2776 3512 2844 3567 ad
2891 3527 3012 3579 nos,
3049 3512 3232 3568 forent
3263 3527 3425 3569 arma
3469 3515 3723 3585 copiosa,

2021 3615 2143 3657 suae
2173 3600 2300 3656 ﬁdei
2351 3615 2419 3655 ac
2475 3600 2792 3656 devotionis
2856 3601 3022 3657 nobis
3072 3601 3296 3657 auxilia
3353 3612 3722 3672 praesentare.

2022 3690 2220 3745 Testor
2246 3689 2428 3745 Deum
2463 3704 2552 3744 me
2582 3689 2810 3745 audisse
2837 3690 3025 3745 nescio
3051 3689 3221 3761 cujus
3251 3690 3511 3748 barbarae
3540 3693 3729 3763 gentis

2022 3777 2283 3833 homines
2313 3778 2385 3832 ad
2419 3777 2598 3833 nostri
2630 3785 2856 3846 portum
2905 3778 3084 3833 maris
3132 3779 3424 3849 appulsos,
3473 3795 3723 3851 quorum

2021 3879 2207 3922 sermo
2259 3865 2398 3920 adeo
2455 3865 2775 3920 habebatur
2831 3865 3158 3931 incognitus
3221 3873 3303 3933 ut,
3361 3867 3565 3938 lingua
3617 3883 3720 3924 va-

2023 3960 2209 4020 cante,
2251 3953 2563 4024 digitorum
2611 3966 2786 4022 super
2832 3952 3038 4023 digitos
3102 3956 3525 4011 transversione
3573 3962 3713 4013 an

2021 4042 2210 4098 crucis
2277 4042 2445 4113 signa
2498 4040 2937 4111 praetenderent,
3006 4041 3211 4111 bisque
3260 4043 3503 4099 indiciis.
3567 4047 3724 4115 quod

2023 4130 2344 4200 nequibant
2369 4130 2626 4195 vocibus,
2660 4143 2719 4185 se
2751 4128 2880 4185 ﬁdei
2910 4142 3083 4185 causa
3117 4128 3396 4200 proﬁcisci
3446 4141 3725 4190 monstra-

2025 4224 2171 4274 rent.
2206 4217 2310 4274 Sed
2341 4218 2411 4274 de
2442 4218 2529 4273 bis
2560 4232 2665 4274 suo
2702 4217 2825 4273 loco
2870 4217 3120 4273 uberiori
3172 4218 3407 4275 forsitan
3454 4220 3724 4291 :circum-

2025 4306 2309 4362 locutione
2339 4306 2744 4372 tractabimus;
2791 4320 2951 4362 nunc
2999 4306 3069 4362 de
3102 4307 3594 4378 Jerosolymitanae
3630 4310 3723 4367 vel

217 4388 487 4457 vidimus]
522 4390 800 4458 nationes,
850 4398 906 4446 et
937 4391 1008 4446 ad
1035 4392 1230 4448 omnia
1260 4393 1750 4451 necessitudinum
1785 4396 1918 4453 aﬁ‘e-
1958 4398 2001 4453 D
2026 4395 2331 4451 Orientalis
2363 4402 2539 4462 statu,
2573 4395 2675 4465 qui
2710 4402 2847 4450 tunc
2884 4401 3027 4463 erat,
3060 4395 3342 4465 Ecclesiae,
3387 4395 3725 4469 aliquantis-

216 4474 592 4545 ctionumque
621 4490 834 4547 genera
865 4478 1266 4546 praecordiales
1298 4481 1490 4537 aditus
1520 4483 1917 4551 praedurantes

215 4568 378 4618 tanta
422 4562 697 4620 aviditate
740 4564 811 4619 ad
860 4563 1170 4621 Christiani
1219 4567 1471 4624 nominis
1511 4568 1698 4626 hostes
1750 4585 1915 4627 ever-

217 4650 417 4707 teudos
441 4650 710 4708 exsilium
743 4659 952 4721 petere,
985 4652 1302 4724 orbemque
1324 4652 1635 4724 'Latinum,
1685 4657 1919 4714 notitias

214 4737 386 4793 etiam
434 4745 721 4794 terrarum
764 4739 1059 4808 excedere,
1094 4750 1317 4811 quanta
1366 4742 1651 4800 neminem
1712 4745 1916 4801 alacri-

218 4832 330 4881 tate
384 4826 702 4882 viderimus
752 4818 861 4884 'aut
912 4828 1115 4898 epulas
1160 4836 1265 4885 aut
1333 4829 1455 4886 dies
1512 4830 1682 4887 festos
1736 4832 1913 4889 adire.

217 4911 474 4969 Honores
502 4913 858 4983 amplissimi,
902 4914 1270 4972 castellorum
1301 4924 1356 4972 et
1389 4917 1624 4974 urbium
1665 4919 1919 4975 dominia

215 5000 660 5070 spernebantur,
712 5016 927 5058 uxores
969 5001 1376 5072 pulcherrimae
1420 5005 1591 5076 quasi
1640 5006 1955 5077 quiddam.

216 5088 477 5144 tabidum
500 5088 866 5152 vilescebant,
886 5089 1045 5146 omni
1073 5105 1300 5162 gemma
1326 5094 1622 5163 quondam
1644 5096 1922 5165 gratiores

218 5173 529 5245 promiscui
576 5189 752 5232 sexus
795 5175 1104 5248 pignorum
1144 5179 1592 5239 fastidiebantur
1632 5190 1916 5253 aspectus,

215 5272 270 5320 et
295 5264 368 5319 ad
401 5264 559 5335 quod
579 5265 907 5322 mortalium
934 5266 1134 5323 nullus
1161 5275 1263 5324 aut
1300 5283 1511 5341 urgere
1540 5270 1776 5339 imperio
1814 5285 1921 5340 po-

214 5352 439 5420 tuisset,
483 5358 587 5405 aut
631 5351 898 5408 suasione
931 5353 1262 5422 propellere,
1305 5355 1376 5411 ad
1424 5356 1479 5411 id
1524 5355 1717 5412 subita
1768 5369 1923 5412 men-

215 5438 361 5494 tium
445 5438 876 5495 demutatarum
932 5440 1318 5499 obstinatione
1373 5443 1728 5501 ferebantur.
1795 5447 1921 5503 Non

214 5535 340 5585 erat
369 5526 764 5584 ecclesiasticae
798 5529 1084 5600 cuiquam
1132 5544 1386 5600 personae
1429 5535 1817 5593 necessarium
1857 5546 1924 5595 ut

214 5616 289 5673 ad
319 5614 661 5703 excitandos
691 5630 794 5686 pro
821 5617 931 5674 hoc
960 5616 1102 5689 ipso
1135 5620 1381 5689 populos
1422 5620 1483 5677 in
1539 5621 1792 5679 ecclesiis
1833 5625 1927 5682 de-

2026 4496 2129 4554 per
2155 4497 2419 4555 agamus.

2700 4571 2935 4628 CAPUT
2975 4572 3046 4627 ΙΙ.
3314 4592 3321 4595 ’

2098 4659 2214 4733 [ΙῙ.]
2236 4657 2615 4714 Orientalium
2622 4658 2772 4731 ﬁdes
2788 4659 3145 4715 nutabunda.
3179 4658 3343 4713 Unde
3366 4659 3623 4716 haereses.
3654 4689 3725 4702 -—

2025 4751 2074 4804 A
2114 4747 2467 4818 temporibus
2514 4748 2698 4804 ﬁdelis
2748 4747 2997 4804 Helenae.
3046 4747 3406 4803 Constantini
3453 4748 3726 4819 principis

2026 4836 2243 4901 matris,
2290 4850 2392 4907 per
2432 4836 2559 4893 loca
2606 4837 3004 4893 Dominiorum
3054 4843 3109 4891 et
3143 4836 3561 4906 suppliciorum
3598 4837 3723 4906 [al.,

2027 4923 2458 4980 Dominicorum
2552 4920 2991 4994 suppliciorum]
3084 4921 3340 4992 vestigiis
3428 4923 3722 4996 insignita,

2026 5011 2275 5069 basilicae
2303 5019 2460 5079 sunt,
2494 5026 2595 5081 per
2627 5011 2887 5067 eamdem
2934 5013 3279 5081 Augustam,
3309 5018 3364 5067 et
3406 5012 3727 5070 ministeria

2027 5101 2205 5173 digna
2228 5100 2479 5156 basilicis
2509 5100 2792 5158 instituta.
2827 5099 3008 5163 Quem
3053 5099 3434 5158 institutionis
3463 5102 3725 5159 ordinem

2028 5197 2154 5260 post
2208 5189 2505 5245 decessum
2566 5189 2959 5260 praefatorum,
3038 5203 3141 5259 per
3193 5189 3436 5245 Romani
3502 5191 3726 5261 imperii

2028 5276 2435 5346 successiones,
2513 5278 2809 5334 diuturnis
2892 5278 3268 5348 temporibus,
3345 5279 3728 5336 ecclesiastica

2029 5365 2269 5422 historia
2315 5365 2575 5435 docente,
2625 5366 3013 5437 comperimus
3055 5366 3416 5437 perdurasse.
3467 5367 3725 5425 Orienta-

2030 5452 2173 5509 lium
2200 5460 2395 5508 autem
2423 5454 2582 5522 ﬁdes,
2633 5469 2766 5510 cum
2808 5468 3035 5525 semper
3058 5455 3403 5511 nutabunda
3454 5455 3727 5512 constite—

2029 5541 2125 5609 rit,
2157 5547 2213 5597 et
2259 5553 2452 5598 rerum
2510 5542 2799 5599 molitione
2842 5557 3125 5599 novarum
3179 5544 3473 5601 mutabilis
3516 5552 3572 5601 et
3617 5556 3728 5599 va-

2036 5628 2313 5701 gabunda
2354 5631 2545 5700 fuerit,
2591 5646 2817 5702 semper
2860 5646 2896 5688 a
2932 5632 3137 5703 regula
3178 5646 3329 5688 verte
3374 5632 3731 5689 credulitatis
