3936 6432
226 354 328 407 687

1116 351 1176 405 ν.
1218 350 1545 408 GUIBERTI
1585 350 1875 409 ABBATIS
1911 348 1968 405 S.
2010 349 2253 407 ΗΑΒῐῶ
2294 350 2385 408 DE
2426 348 2829 409 NOVIGENTO

3624 352 3744 409 688

225 488 576 558 exorbitans,
627 488 700 545 ab
746 488 1120 559 antiquorum
1168 488 1402 544 Patrum
1451 488 1790 543 auctoritate
1829 486 1919 542 de-
1954 486 2219 542 Aeodem
2252 500 2417 556 pane,
2446 486 2586 557 quia
2622 487 2772 543 alius
2812 501 2929 543 non
2977 487 3193 556 aderat,
3247 502 3353 545 nec
3405 489 3745 545 secundum

227 580 412 635 scivit.
464 579 573 648 Ipsi
635 577 806 647 plane
852 576 1131 643 homines,
1193 590 1295 645 pro
1338 575 1487 631 aeris
1531 583 1586 630 et
1630 575 1757 630 cali
1824 573 1918 630 cui

228 666 413 721 innati
440 671 577 721 sunt
601 664 866 734 puritate,
914 678 1047 719 cum
1086 663 1199 718 sint
1246 661 1476 717 levioris
1522 660 1915 730 corpulentia,

227 762 283 812 et
336 754 547 810 idcirco
596 752 891 809 alacrioris
952 751 1186 821 ingenii,
1246 748 1443 805 multis
1502 756 1557 804 et
1616 748 1921 805 inutilibus

226 842 563 899 commentis
630 841 811 897 solent
874 839 1035 895 radio
1105 853 1226 895 sua
1277 837 1702 908 perspicacitate
1758 838 1919 894 abuti

228 931 357 1002 [al.,
406 928 642 986 acrioris
698 928 913 999 ingenii
980 928 1408 998 perspicacitate
1448 926 1629 982 solent
1683 926 1916 996 abuti]:

226 1028 283 1076 et
310 1019 450 1074 dum
475 1016 759 1087 majorum
786 1016 905 1071 sive
951 1029 1278 1072 coavorum
1317 1028 1559 1070 suorum
1585 1013 1921 1083 {despiciunt

227 1107 617 1176 obtemperare
647 1104 993 1175 magisterio,
1022 1124 1050 1153 ‹‹
1099 1102 1341 1159 scrutati
1379 1110 1514 1160 sunt
1563 1103 1917 1174 iniquitates,

226 1196 555 1251 defecerunt
603 1199 923 1249 scrutantes
968 1190 1246 1247 scrutinio
1311 1190 1492 1261 (Ps-al.
1542 1206 1697 1258 Lxm,
1748 1190 1859 1261 7i).
1891 1211 1913 1239 ι

224 1284 361 1339 Inde
408 1283 650 1338 hareses
687 1288 742 1337 et
793 1280 1039 1350 pestium
1091 1280 1391 1336 variarum
1442 1294 1657 1351 genera
1700 1286 1921 1349 porten-

223 1379 432 1428 tuosa:
485 1383 738 1440 quarum
805 1375 967 1424 tanta
1023 1367 1304 1439 pernicies
1363 1375 1419 1423 et
1503 1366 1920 1424 inextricabilis

222 1459 438 1516 exstitit
461 1457 848 1529 labyrinthus,
881 1463 946 1513 ut
973 1456 1239 1526 veprium
1271 1457 1360 1512 vel
1392 1456 1565 1513 etiam
1597 1455 1919 1511 urticarum

220 1546 459 1602 ferocior
488 1545 713 1615 uspiam
747 1544 865 1600 fieri
897 1558 1272 1614 nequaquam
1315 1543 1698 1600 incultissima
1744 1544 1921 1613 possit

223 1636 458 1691 humus.
527 1634 801 1689 Omnium
868 1633 1160 1687 bareseon
1224 1632 1469 1703 catalogi
1527 1632 1917 1702 perlegantur,

220 1724 354 1780 libri
386 1723 764 1792 antiquorum
814 1721 1011 1790 scripti
1053 1721 1333 1776 adversus
1382 1721 1676 1777 hareticos
1725 1734 1920 1776 recen-

2028 575 2210 645 legem
2242 589 2420 645 quam
2460 575 2753 645 implebat,
2792 576 2989 632 induci
3019 584 3157 633 tunc
3196 584 3433 647 poterat,
3475 578 3748 648 corporis

2028 663 2116 718 sui
2140 671 2499 719 sacramenta
2546 664 2910 730 contradidit,
2969 678 3303 733 azymorum
3351 666 3552 735 illatio,
3596 679 3744 735 qua

2027 759 2167 808 tunc
2190 750 2355 807 aﬂuit
2384 751 2724 812 necessitati.
2757 767 2873 807 non
2903 752 2986 808 eis
3028 752 3259 809 videtur
3287 753 3359 809 ad
3410 754 3746 810 institutio-

2026 853 2160 895 nem
2210 839 2494 909 pertinere
2558 840 2844 910 mysterii;
2910 840 3060 896 sicut
3117 841 3384 898 huccella
3442 841 3740 908 intinctio,

2026 943 2144 985 non
2183 929 2529 985 sacramenti
2575 929 2906 999 peragendi,
2935 929 3033 984 sed
3061 929 3225 985 Juda
3257 930 3563 999 proditoris
3621 929 3744 986 fuit

2025 1017 2299 1083 ostensio;
2351 1018 2417 1084 si,
2478 1018 2740 1087 inquam,
2804 1017 2913 1073 ista
2967 1024 3069 1073 aut
3126 1018 3396 1088 qualibet
3448 1018 3564 1074 alia
3627 1025 3744 1074 aut

2027 1105 2169 1161 falso
2224 1112 2327 1163 aut
2378 1107 2659 1162 veraciter
2708 1105 2942 1162 obtendi
2997 1114 3256 1176 possunt,
3315 1106 3457 1177 quid
3508 1105 3741 1176 Spiritu

2026 1200 2222 1249 sancto
2246 1193 2455 1249 dicturi
2484 1201 2639 1261 sunt,
2676 1195 2776 1263 qui
2819 1194 3011 1250 adhuc
3038 1208 3172 1249 eum
3218 1194 3537 1250 secundum
3582 1193 3735 1249 reli-

2029 1282 2197 1352 quias
2221 1280 2498 1337 haereseos
2525 1280 2771 1347 Ariana,
2814 1281 3096 1337 minorem
3126 1281 3291 1337 Patre
3314 1289 3370 1337 et
3401 1280 3544 1336 Filio
3585 1294 3737 1350 pro-

2028 1368 2164 1425 fana
2200 1376 2390 1425 mente
2425 1367 2986 1431 contendunt?‘,Cum
3033 1369 3107 1424 ab
3142 1369 3417 1425 institutis
3467 1376 3738 1438 paterno-

2027 1470 2158 1512 rum
2204 1470 2513 1524 canonum,
2544 1464 2600 1512 et
2631 1456 2702 1512 ab
2729 1456 3107 1512 Occidentalis
3153 1455 3415 1512 Ecclesia
3443 1456 3534 1525 pio
3583 1455 3732 1523 ritu,

2029 1560 2202 1602 sensu
2226 1560 2293 1601 ac
2324 1545 2664 1602 multimoda
2681 1546 2905 1601 actione
2934 1545 3277 1613 discordent,
3302 1545 3460 1600 hunc
3483 1544 3734 1600 damna-

2029 1634 2200 1690 tionis
2229 1649 2349 1691 sua
2377 1635 2715 1704 abjecerunt
2739 1634 3062 1700 cumulum,
3097 1641 3162 1689 ut
3180 1633 3503 1690 claudicare
3527 1633 3737 1702 perhi-

2030 1723 2221 1791 beant,
2294 1723 2512 1779 inﬂicta
2573 1724 2625 1779 ei
2700 1723 2944 1793 propria
3016 1729 3242 1778 natura
3318 1721 3736 1792 inaqualitate,

221 1820 478 1878 seantur,
513 1783 767 1865 mirabor
792 1810 836 1866 si
864 1783 1068 1879 prater
1109 1808 1397 1865 Orientem
1426 1817 1482 1867 et
1522 1809 1775 1875 Africam
1820 1809 1922 1865 vix
1959 1783 2003 1839 Β
2033 1783 2231 1868 Deum:
2261 1811 2317 1867 Si
2363 1813 2539 1879 enim,
2571 1826 2645 1867 ex
2695 1783 2824 1867 Pilii
2874 1810 2975 1866 Dei
3019 1817 3319 1880 pracepto,
3366 1811 3424 1865 in
3447 1783 3659 1865 'Patris
3682 1783 3741 1865 et

220 1901 403 1971 aliqui
430 1900 540 1955 sub
572 1899 773 1954 Latino
807 1898 944 1955 orbe
974 1906 1306 1954 cernentur.

293 1988 584 2060 Pelagius,
637 1986 830 2057 Arius,
904 1985 1123 2054 Manis,
1196 1988 1536 2055 Eunomim,
1615 1986 1918 2057 Eutych“,

218 2076 523 2132 Nestor-ius
571 2075 975 2132 harest'archa.
1031 2106 1101 2115 ——
1162 2076 1481 2147 Pelagium,
1543 2076 1651 2131 nisi
1732 2075 1917 2143 fallor,

223 2166 508 2221 Britonem
546 2166 883 2221 hareticum
927 2165 1116 2220 nescio
1160 2180 1277 2234 quo
1324 2164 1590 2235 legerim;
1636 2164 1733 2219 sed
1790 2164 1922 2219 illo-

220 2267 351 2308 rum
412 2252 501 2308 vel
553 2266 844 2317 erroneos,
905 2250 995 2306 vel
1034 2265 1256 2305 errores
1304 2251 1572 2320 colligere
1633 2248 1919 2306 neminem

220 2354 484 2411 unquam
517 2341 767 2410 potuisse
818 2338 1181 2395 crediderim.
1223 2338 1339 2407 Ipsi
1382 2338 1619 2393 fuerunt
1663 2345 1815 2393 terra
1862 2338 1923 2393 in

220 2443 461 2484 suorum
522 2428 825 2483 maledicta
888 2427 1299 2497 magistrorum
1365 2440 1556 2496 opere,
1613 2426 1806 2495 spinas
1867 2433 1924 2481 et

223 2517 463 2572 tribulos
496 2515 830 2587 germinans
874 2514 1250 2584 operantibus
1300 2528 1379 2569 se.
1426 2516 1514 2569 Ex
1571 2513 1924 2569 Alexandria

219 2604 415 2672 Arius,
466 2619 539 2660 ex
589 2603 812 2658 Perside
867 2603 1051 2657 Manis
1101 2602 1348 2658 emersit.
1415 2603 1664 2658 Alterius
1732 2603 1921 2659 rabies

221 2702 431 2750 sancta
473 2692 740 2748 Ecclesia
794 2700 1028 2758 vestem,
1073 2691 1363 2747 maculam
1412 2699 1515 2746 aut
1561 2705 1767 2761 rugam
1806 2706 1921 2747 non

221 2782 549 2846 habentem,
577 2788 739 2835 tanta
766 2778 932 2835 scidit
966 2787 1140 2848 atque
1172 2779 1497 2835 cruentavit
1544 2779 1818 2835 instantia
1858 2786 1924 2836 ut

218 2869 346 2939 ejus
393 2869 863 2934 consideratione,
907 2867 1137 2923 brevior
1182 2868 1412 2936 penitus
1455 2875 1729 2937 tempore,
1785 2867 1923 2923 locis

221 2959 566 3013 contractior
638 2957 956 3012 astimetur
1025 2955 1346 3025 persecutio
1397 2956 1665 3022 Deciana,
1724 2964 1921 3025 utpote

2032 1902 2159 1958 Filii
2220 1909 2273 1957 et
2340 1900 2589 1971 Spiritus
2645 1899 2827 1955 sancti
2885 1899 3117 1955 nomine
3174 1898 3583 1968 baptizandum
3650 1904 3743 1953 est

2030 1990 2254 2061 (Matth.
2306 2004 2503 2057 xxvm,
2564 1988 2672 2058 19),
2720 1996 2775 2044 et
2829 1988 2936 2043 hoc
2986 1986 3197 2042 idcirco
3247 1986 3386 2056 quia
3432 1987 3552 2043 hac
3617 1986 3739 2042 tria

2030 2093 2187 2136 unus
2211 2080 2360 2134 Deus
2383 2085 2467 2134 est
2504 2092 2515 2131 :
2551 2076 2839 2147 quidquid
2871 2076 2930 2131 in
2961 2076 3051 2132 his
3092 2075 3276 2131 tribus
3305 2074 3584 2132 asseritur
3614 2074 3738 2130 mi—

2029 2182 2143 2225 nus
2168 2167 2465 2232 alterutro,
2493 2168 2646 2222 Deus
2673 2165 2924 2235 profecto
2945 2179 3060 2219 non
3089 2173 3194 2220 est.

2102 2255 2182 2309 Ob
2210 2254 2471 2326 ips-orum
2508 2260 2748 2326 peccata
2768 2252 3033 2325 gentibus
3073 2252 3299 2309 tradita
3321 2253 3456 2306 sunt
3496 2251 3736 2308 diversa

2026 2343 2353 2416 provincia.
2408 2375 2479 2384 —
2536 2344 2763 2399 Talium
2813 2357 2950 2413 ergo
2993 2341 3363 2412 congregatio
3424 2349 3731 2397 taurorum

2030 2432 2180 2488 inter
2235 2446 2442 2488 vaccas
2502 2431 2868 2502 populorum,
2931 2430 3306 2486 excluserunt
3336 2430 3507 2485 etiam
3568 2443 3733 2484 nunc

2031 2535 2126 2576 eos
2151 2522 2254 2591 qui
2282 2521 2503 2591 probati
2553 2528 2690 2576 sunt
2718 2526 2959 2590 argento
2991 2518 3171 2588 (Psal.
3216 2532 3385 2584 vau,
3428 2518 3536 2588 3i),
3584 2518 3729 2573 dum

2030 2610 2268 2681 quidam
2350 2610 2714 2675 nostratium,
2795 2608 2902 2663 hac
2957 2607 3286 2663 Gracorum
3357 2605 3730 2661 altercatione

2030 2698 2208 2766 citati,
2273 2697 2622 2753 clarissimos
2686 2697 2755 2752 de
2806 2696 2988 2752 sancti
3063 2694 3311 2765 Spiritus
3370 2695 3730 2764 processione

2028 2788 2332 2843 ediderunt
2388 2787 2577 2841 libros.
2631 2787 2705 2841 At
2752 2784 3030 2854 quoniam
3098 2782 3508 2838 oﬂ'endiculum
3568 2782 3731 2852 ponit

2032 2876 2183 2931 Deus
2214 2888 2406 2930 coram
2436 2874 2526 2928 his
2553 2874 2655 2943 qui
2683 2872 3009 2928 voluntarie
3058 2880 3311 2941 peccant,
3344 2878 3496 2926 terra
3522 2884 3725 2926 eorum

2029 2964 2182 3034 ipsos
2211 2963 2303 3019 sui
2357 2962 2708 3018 habitatores
2758 2961 3032 3026 evomuit,
3093 2960 3230 3015 dum
3280 2959 3466 3028 primo
3514 2960 3663 3014 ﬁunt
3692 2972 3729 3014 a

220 3048 312 3103 cui
352 3054 476 3117 post
520 3045 818 3112 Graeciam,
868 3044 1193 3115 plenissime
1241 3046 1678 3101 succubuerunt
1714 3045 1918 3114 Hispa-
1958 3064 2002 3122 (ι
2030 3052 2232 3108 notitia
2260 3066 2413 3107 vera
2472 3050 2831 3106 credulitatis
2882 3053 3029 3103 an
3085 3057 3341 3104 exsortes
3401 3062 3469 3103 ac
3527 3049 3730 3103 merito

220 3137 338 3203 nia,
374 3134 665 3205 Illyricum
702 3132 825 3205 [al.,
858 3132 1084 3205 Illyres]
1124 3140 1178 3189 et
1208 3134 1401 3190 Africa
1428 3133 1712 3190 .Alterius
1750 3134 1920 3191 fabu-

219 3226 307 3293 la,
372 3225 473 3280 etsi
524 3224 797 3290 ridenda,
854 3222 1357 3293 argutissimorum
1426 3224 1598 3278 etiam
1660 3224 1921 3279 virorum

221 3316 387 3385 longe
440 3314 667 3382 lateque
718 3312 1072 3367 obtuderunt
1111 3311 1279 3380 quasi
1328 3310 1633 3380 prastigiis
1687 3311 1925 3380 quibus-

219 3404 353 3458 dam
401 3399 691 3456 acumina.
727 3397 876 3465 Quid
925 3398 1262 3464 Eunomios,
1306 3397 1673 3466 Eutychetes,
1732 3399 1925 3454 Nesto-

217 3492 452 3560 riosque
484 3487 733 3559 loquar?
764 3494 1155 3542 monstrorum
1178 3484 1360 3540 millia
1394 3486 1623 3540 texam?
1667 3485 1924 3551 Quorum

218 3580 497 3634 adversus
527 3583 753 3632 nostros
800 3582 917 3629 tam
964 3573 1225 3641 pertinax
1265 3572 1532 3628 vecordia
1579 3573 1707 3640 fuit,
1753 3575 1925 3631 adeo-

219 3681 333 3737 que
363 3664 613 3721 diflicilis
643 3660 885 3718 victoria
916 3660 1180 3730 provenit
1205 3666 1267 3715 ut
1298 3660 1636 3716 viderentur
1681 3661 1925 3719 hareses

218 3769 335 3811 non
369 3751 576 3824 gladiis
603 3749 701 3806 sed
732 3749 986 3805 fustibus
1022 3748 1316 3804 decollari.
1375 3749 1715 3806 Recolamus
1761 3759 1925 3808 vete-

219 3857 311 3899 res
339 3843 409 3898 de
435 3839 762 3911 originibus
801 3851 1114 3909 regnorum
1155 3837 1440 3905 historias,
1496 3845 1552 3895 et
1598 3840 1926 3910 garriamus

220 3944 396 4000 super
421 3928 868 3984 ridiculo.statu
907 3940 1113 3997 regum
1160 3933 1216 3982 et
1256 3926 1570 3983 Asiaticam
1615 3927 1923 3997 levitatem,

220 4034 394 4090 super
425 4018 619 4075 subita
651 4017 977 4089 principum
1022 4016 1389 4073 destitutione
1439 4029 1507 4072 ac
1566 4018 1926 4076 restitutione

222 4110 520 4165 miremur.

300 4200 623 4251 Gracorum
653 4209 892 4249 erronea
942 4192 1225 4248 doctrina.
1271 4223 1341 4233 —-
1386 4192 1493 4261 Qui
1550 4196 1686 4266 ergo
1733 4194 1923 4252 doceri

222 4286 291 4342 de
320 4298 522 4342 eorum
552 4284 701 4340 foeda
751 4281 1061 4338 mobilitate
1103 4281 1404 4349 desiderat,
1455 4283 1807 4340 rotabundos
1860 4284 1920 4340 in

220 4375 415 4445 regnis
473 4373 938 4441 alternantesque
991 4370 1297 4427 Antiochos
1338 4371 1769 4442 Demetriosque
1827 4386 1923 4429 re-

221 4468 469 4528 censeat,
528 4468 582 4516 et
630 4474 805 4531 quem
852 4459 1020 4515 hodie
1070 4458 1539 4516 ﬂorentissimum
1594 4460 1804 4516 viderit
1866 4460 1925 4516 in

222 4550 477 4619 imperio,
538 4549 796 4619 gentium
852 4547 1093 4603 facilitas
1156 4547 1523 4604 subditarum
1590 4562 1725 4605 eum
1806 4563 1925 4605 non

221 4640 390 4695 modo
421 4652 456 4694 a
499 4638 768 4704 fascibus,
814 4652 1018 4694 verum
1071 4637 1325 4694 naturali
1356 4651 1485 4693 cras
1530 4638 1790 4693 exsulem
1830 4637 1925 4693 di-

220 4734 447 4799 sperget
472 4741 506 4783 a
537 4728 672 4784 solo.
706 4726 866 4783 Unde
896 4726 1019 4782 hac
1051 4726 1328 4796 ipsorum,
1356 4733 1412 4781 et
1452 4725 1515 4781 in
1549 4733 1684 4782 actu
1734 4739 1924 4782 sacu-

219 4817 347 4886 lari,
379 4824 434 4873 et
464 4817 521 4872 in
575 4816 903 4875 Christiana
951 4815 1296 4885 professione
1335 4815 1656 4885 nugacitas,
1705 4815 1776 4870 ad
1813 4815 1923 4872 hoc

218 4920 406 4975 usque
437 4912 664 4975 tempus
695 4907 750 4960 in
782 4912 1009 4960 tantum
1039 4903 1226 4974 viguit
1254 4910 1318 4959 ut
1341 4918 1531 4974 neque
1556 4904 1614 4959 in
1643 4904 1921 4960 Euchari-

218 4994 339 5049 stia
386 4992 757 5057 confessione,
800 5005 989 5061 neque
1036 4991 1098 5046 in
1148 4991 1471 5062 apostolica
1519 4991 1669 5048 sedis
1725 4992 1919 5063 subje-

219 5081 401 5137 ctione
432 5094 574 5150 pene
601 5080 928 5152 quidquam
961 5079 1074 5135 illis
1120 5093 1426 5136 commune
1475 5080 1772 5137 nobiscum
1823 5082 1914 5138 sit.

220 5170 326 5226 Sed
380 5169 427 5224 si
478 5168 622 5224 illud
679 5167 831 5238 quod
889 5167 958 5222 de
1015 5168 1265 5236 panibus
1318 5167 1673 5226 fermentatis
1718 5183 1917 5227 sacra-

216 5265 410 5313 menta
437 5256 770 5321 conﬁciunt,
802 5256 1164 5312 convenienti
1197 5265 1300 5314 aut
1337 5272 1471 5315 vero
1520 5257 1692 5314 simili
1734 5259 1916 5314 ratio-

218 5346 501 5402 cinatione
567 5343 911 5411 defenditur,
971 5343 1129 5414 quia,
1188 5345 1344 5415 quod
1405 5353 1561 5402 recta
1618 5360 1749 5402 cum
1806 5347 1914 5403 ﬁde

218 5435 461 5505 geritur,
532 5431 844 5488 materialis
883 5432 1146 5489 fermenti
1199 5433 1537 5490 admistione
1582 5448 1700 5490 non
1748 5434 1914 5490 ladi-

216 5528 336 5588 tur,
383 5526 440 5576 et
487 5519 643 5591 quod
695 5519 984 5577 veteribus
1028 5519 1382 5576 caremoniis
1420 5521 1700 5578 Dominus
1742 5521 1912 5578 fidem

213 5622 451 5679 ponens,
481 5615 789 5680 postquam
834 5622 969 5666 cum
1006 5608 1220 5679 azymis
1253 5620 1473 5679 agnum
1517 5609 1782 5680 comedit,
1839 5610 1910 5667 de

2030 3140 2237 3196 deinde
2289 3153 2358 3194 ac
2406 3138 2559 3209 jure,
2616 3138 2802 3193 omnis
2858 3150 2978 3192 sua
3042 3143 3281 3192 terrena
3356 3135 3729 3205 possessionis

2027 3234 2301 3283 extorres.
2342 3227 2492 3281 Dum
2530 3226 2682 3281 enim
2729 3239 2763 3281 a
2791 3224 3087 3281 Trinitatis
3134 3225 3243 3279 ﬂde
3284 3224 3626 3291 desciscunt,
3665 3230 3731 3279 ut

2030 3313 2223 3369 adhuc
2264 3312 2593 3368 sordescant
2621 3313 2724 3382 qui
2760 3312 2818 3367 in
2852 3312 3121 3367 sordibus
3165 3317 3302 3367 sunt
3348 3314 3553 3381 (Apoc.
3582 3325 3725 3377 xxii,

2035 3404 2145 3471 Η),
2180 3401 2458 3471 paulatim
2490 3414 2677 3471 usque
2705 3400 2777 3455 ad
2806 3408 3068 3456 extrema
3110 3399 3489 3469 suscipienda
3536 3399 3728 3469 genti-

2032 3489 2207 3545 litatis
2229 3489 2571 3545 detrimenta
2601 3496 2903 3556 venerunt,
2942 3496 2998 3544 et
3028 3488 3365 3558 procedente
3392 3501 3560 3557 pana
3593 3502 3728 3557 pec-

2031 3578 2163 3645 cati,
2218 3577 2557 3648 alienigenis
2614 3576 2989 3644 irruentibus,
3062 3578 3235 3632 etiam
3289 3576 3475 3631 solum
3528 3576 3728 3645 patria

2031 3665 2377 3732 amiserunt;
2415 3673 2474 3720 at
2516 3664 2565 3719 si
2611 3664 2942 3734 quempiam
2986 3664 3196 3720 ibidem
3244 3677 3542 3720 remanere
3591 3677 3730 3719 con-

2031 3753 2178 3825 tigit,
2214 3753 2467 3809 externis
2504 3753 2791 3824 indigena
2820 3768 2942 3810 sese
2976 3754 3085 3810 sub
3122 3754 3321 3809 tributi
3369 3753 3730 3809 redibitioni-

2032 3839 2142 3895 bus
2183 3839 2587 3895 subdiderunt.
2641 3839 3133 3895 Pradicatissima
3186 3839 3498 3896 nobilitatis
3554 3840 3727 3896 urbes

2030 3929 2355 3998 Antiochia,
2405 3930 2720 3987 Jerusalem
2769 3944 2837 3986 ac
2894 3930 3107 3997 Nicaa,
3166 3932 3338 3987 etiam
3391 3931 3718 4001 provincia,

2032 4016 2216 4088 Syria,
2267 4017 2571 4074 Palastina
2605 4026 2660 4074 et
2693 4018 2929 4087 Gracia,
2962 4027 3016 4075 et
3049 4020 3266 4090 quibus
3313 4034 3479 4076 nova
3529 4021 3728 4091 gratia

2032 4106 2342 4162 seminaria
2385 4106 2769 4176 pullularunt,
2831 4108 3107 4164 abortivis
3156 4108 3497 4165 ﬂorentibus
3545 4108 3722 4175 Italis,

2033 4193 2231 4263 Gallis,
2273 4195 2604 4251 Britonibus
2641 4196 2714 4252 ab
2764 4195 2990 4253 interno
3040 4197 3229 4253 virore
3255 4198 3535 4254 radicitus
3585 4197 3727 4254 defe-

2035 4292 2258 4340 cerunt.
2289 4284 2468 4340 Taceo
2524 4284 2680 4355 quod
2730 4284 2791 4340 in
2837 4285 2991 4354 ipsis,
3041 4293 3106 4342 ut
3151 4286 3231 4341 ita
3271 4286 3538 4353 dixerim,
3601 4286 3727 4356 qui-

2032 4371 2258 4442 squiliis
2287 4372 2675 4429 Ecclesiarum
2728 4381 2903 4430 tanta
2933 4374 3240 4430 abusiones
3277 4374 3641 4431 inoleverunt
3667 4382 3729 4431 ut

2033 4460 2093 4516 in
2125 4460 2415 4531 plerisque
2454 4461 2682 4517 illorum
2731 4462 3081 4533 regionibus,
3114 4476 3281 4518 nemo
3323 4463 3395 4518 ad
3432 4462 3726 4533 presbyte-

2034 4549 2188 4605 rium
2235 4550 2609 4619 provehatur,
2655 4551 2765 4605 nisi
2814 4551 2999 4620 primo
3048 4551 3386 4622 conjugium
3435 4552 3723 4617 sortiatur,

2033 4645 2099 4694 ut
2117 4638 2185 4694 de
2214 4638 2392 4694 unius
2418 4638 2619 4693 uxoris
2650 4638 2793 4705 viro,
2837 4638 2940 4708 qui
2978 4638 3279 4710 eligendus
3318 4646 3421 4707 est,
3477 4638 3726 4709 Apostoli

2033 4728 2315 4783 sententia
2368 4727 2726 4796 compleatur
2764 4728 2816 4796 (Ι
2866 4726 3010 4783 Tim.
3062 4743 3141 4797 in,
3210 4728 3311 4798 2):
3387 4742 3520 4784 cum
3584 4728 3724 4783 idem

2031 4816 2249 4872 dictum
2279 4830 2393 4871 non
2432 4816 2501 4872 de
2538 4830 2605 4872 eo
2660 4817 2761 4886 qui
2805 4816 3014 4873 habeat
3054 4824 3110 4873 et
3156 4824 3377 4885 utatur,
3428 4817 3527 4872 sed
3566 4816 3634 4871 de
3663 4830 3723 4872 eo

2029 4905 2131 4975 qui
2179 4905 2445 4961 habuerit
2487 4905 2862 4975 habitamque
2907 4905 3208 4972 dimiserit,
3271 4904 3720 4962 constantissime

2026 4992 2403 5050 Occidentalis
2460 4994 2727 5051 Ecclesia
2770 4995 3111 5050 auctoritate
3188 4994 3471 5050 firmetur.
3549 4993 3720 5048 Taceo

2026 5097 2280 5152 quoque,
2349 5091 2550 5138 contra
2596 5084 3073 5139 consuetudinem
3129 5083 3416 5150 Latinam,
3478 5080 3717 5137 marium

2024 5170 2511 5241 feminarumque,
2543 5170 2840 5241 dignitatis
2871 5171 3043 5227 etiam
3066 5171 3409 5228 Christiana
3454 5183 3718 5240 personas

2023 5255 2416 5312 indifferenter
2446 5257 2578 5319 emi,
2612 5271 2679 5313 ac
2719 5258 2768 5312 si
2798 5257 2970 5313 bruta
3016 5257 3312 5323 animalia,
3360 5256 3625 5324 distrahi,
3666 5263 3717 5312 et

2022 5344 2255 5416 longius
2284 5358 2318 5400 a
2344 5345 2530 5414 patria
2559 5345 2631 5401 ad
2660 5346 3015 5402 crudelitatis
3044 5353 3449 5417 augmentum,
3483 5353 3548 5402 ut
3576 5359 3712 5415 gen—

2022 5432 2210 5489 tilium
2242 5432 2383 5487 ﬂant
2414 5433 2702 5502 mancipia
2730 5434 3063 5490 vendendas
3090 5435 3290 5490 emitti.

2087 5520 2376 5587 Nefanda
2405 5520 2786 5577 Orientalium
2810 5522 3054 5579 scelera.
3081 5552 3150 5564 —-
3182 5523 3281 5579 His
3307 5522 3557 5594 denique
3586 5537 3707 5579 om-

2018 5608 2193 5668 nibus
2230 5611 2671 5682 praponderare
2724 5610 2957 5669 videtur
2999 5611 3159 5684 quod
3231 5610 3513 5684 imperiali
3554 5613 3703 5684 apud
