3936 6410
180 397 283 450 689
1306 396 1526 452 GESTA
1563 397 1684 453 DEI
1726 399 1862 454 PER
1902 398 2244 454 FRANCOS.
2269 430 2337 439 —
2363 401 2492 454 LIB.
2536 403 2580 454 Ι.
3602 411 3705 461 690

179 528 410 584 eosdem
458 533 682 584 constat
713 527 1054 600 generaliter
1102 527 1222 598 lege
1267 528 1553 585 sancitum
1598 529 1773 600 quod,
1824 529 1893 584 de
1929 531 1977 584 Α
2007 544 2080 586 ex
2125 532 2253 602 ejus
2303 533 2767 590 confabulatione
2819 535 3136 606 conjiciunt
3191 552 3324 594 eum
3377 538 3705 610 intelligen-

181 618 449 673 omnium
498 616 762 672 videlicet
818 616 1066 684 ﬁliabus,
1122 632 1391 673 concessa
1449 619 1661 688 passim
1723 619 1891 689 quasi
2005 618 2139 673 tiam
2169 619 2461 675 catholicae
2509 621 2638 676 fidei
2695 637 2809 677 non
2887 624 3096 679 habere
3162 625 3521 681 concordem.
3586 629 3705 690 Quo

181 719 288 774 pro
324 706 484 775 justo
524 704 770 769 licentia,
819 705 1033 761 assumi
1083 706 1325 762 debeant
1365 707 1642 762 subiturze
1695 708 1894 777 prosti-
2001 715 2249 776 cognito,
2297 708 2590 764 confestim
2630 710 2859 778 penitus
2903 711 2974 766 ab
3017 712 3265 767 hominis
3308 727 3485 782 quam
3535 728 3704 783 cepe-

183 791 413 848 bulum.
447 792 620 848 Verbi
653 793 838 862 gratia
872 807 883 846 :
920 794 1064 849 Ecce
1094 793 1196 864 qui
1245 795 1414 850 habet
1448 803 1559 850 tres
1609 803 1709 850 aut
1739 810 1890 865 qua-
2001 802 2132 850 rant
2179 795 2450 852 electione
2497 797 2842 866 desciscunt,
2906 807 2960 855 et
3027 800 3086 854 in
3139 802 3394 856 maximo
3461 816 3703 858 mrerore

183 889 319 936 tuor
351 881 518 947 ﬁlias,
557 895 674 936 una
713 895 914 937 earum
957 881 1028 936 ad
1071 881 1320 952 lupanar
1356 883 1682 952 exponitur,
1721 893 1774 940 et
1821 885 1891 940 de
2000 897 2102 952 pro
2149 883 2236 939 sui
2288 885 2687 954 reprobatione
2733 887 3111 944 constituunt.
3177 888 3548 958 Contemptus
3598 890 3702 961 igi-

179 983 250 1024 eo
295 970 416 1039 ipso
467 977 582 1025 tam
640 970 860 1039 putenti
893 970 1074 1038 lucro,
1116 971 1270 1040 quod
1315 972 1627 1028 infelicium
1659 972 1889 1029 illarum
1999 979 2097 1027 tur
2126 986 2260 1027 cum
2293 972 2551 1028 molestia
2585 973 2704 1044 [al.,
2738 974 3027 1046 mmstitia]
3055 975 3468 1032 dilaceraretur
3496 979 3694 1045 atroci,

179 1065 270 1112 est
322 1057 586 1127 passione
643 1058 974 1126 quaesitum,
1052 1072 1186 1128 pars
1234 1059 1422 1114 nescio
1468 1068 1645 1128 quota
1700 1061 1890 1116 miseri
1999 1061 2275 1131 quoniam
2307 1076 2422 1116 non
2461 1063 2644 1131 potuit
2673 1062 2744 1117 ad
2778 1063 2832 1117 id
2865 1063 3021 1132 quod
3054 1063 3341 1119 ambiebat
3371 1078 3698 1135 assurgere,

180 1145 550 1216 imperatoris
602 1145 856 1201 defertur
906 1147 978 1202 ad
1027 1145 1273 1215 fiscum;
1327 1162 1461 1218 pars
1511 1149 1569 1203 in
1622 1157 1890 1218 sumptus
1998 1149 2069 1204 ad
2104 1149 2221 1204 Arii
2269 1149 2700 1206 similitudinem
2749 1151 3012 1206 meditari
3063 1166 3256 1207 secum
3302 1152 3474 1208 anxie
3506 1154 3697 1222 erepit,

178 1236 312 1306 ejus
341 1251 471 1306 quae
509 1235 754 1304 turpiter
783 1235 1092 1304 admeruit,
1133 1236 1432 1292 retinetur.
1487 1239 1630 1294 Ecce
1673 1238 1889 1294 clamor
1998 1251 2114 1306 quo
2147 1238 2309 1292 modo
2356 1237 2535 1294 effuso
2581 1239 2736 1308 quod
2777 1247 3116 1308 conceperat
3171 1239 3423 1309 perfidiae
3455 1255 3696 1308 veneno,

182 1326 244 1379 in
299 1325 523 1379 Domini
566 1324 812 1380 Sabaoth
861 1338 1032 1380 aures
1082 1325 1254 1380 nimis
1299 1326 1655 1382 truculenter
1683 1342 1887 1384 ascen-
1999 1326 2070 1380 ad
2109 1326 2197 1381 sui
2245 1326 2522 1381 ultionem
2561 1327 2840 1382 catholica
2882 1329 3090 1397 passim
3140 1335 3323 1396 posset
3355 1328 3700 1383 documenta

179 1413 346 1469 dens.
403 1414 681 1469 Przeterea
734 1414 1056 1469 sacerdotes
1115 1415 1329 1484 quibus
1381 1420 1464 1471 est
1528 1426 1887 1472 sacramenta
1999 1423 2338 1485 pervertere.
2385 1415 2548 1470 Tales
2579 1430 2831 1486 namque
2867 1417 3146 1482 homines,
3181 1431 3434 1486 quorum
3467 1423 3581 1472 tota
3609 1417 3696 1472 in-

179 1501 385 1556 divina
413 1509 656 1557 tractare
695 1503 1083 1569 commissum,
1129 1504 1489 1560 Dominicum
1521 1520 1728 1574 corpus
1762 1515 1886 1575 post
1999 1503 2174 1559 tentio
2206 1503 2476 1557 humanae
2508 1517 2688 1571 prona
2718 1511 2800 1558 est
2848 1503 3026 1568 laudi,
3062 1504 3345 1559 Iethaliter
3386 1505 3696 1571 feriuntur,

176 1591 430 1660 prandia
463 1593 518 1645 in
569 1591 724 1657 locis,
767 1599 830 1646 ut
864 1592 1082 1657 audivi,
1131 1593 1420 1662 plerisque
1450 1594 1779 1661 conficiunt,
1829 1603 1883 1650 et
1996 1590 2354 1645 intolerabile
2394 1591 2658 1660 rugiunt,
2683 1591 2725 1645 si
2768 1591 3202 1647 aestimationem
3235 1607 3397 1648 suam
3441 1595 3697 1664 qualibet

169 1679 382 1748 jejuno
415 1679 650 1734 cuilibet
691 1679 1113 1736 absumendum
1168 1681 1493 1751 porrigunt.
1544 1683 1686 1738 Dum
1720 1683 1806 1738 his
1832 1692 1885 1738 et
1996 1680 2276 1734 senserint
2328 1679 2624 1734 occasione
2676 1679 2960 1734 imminui.
3007 1681 3124 1735 Hac
3179 1683 3460 1751 antiquus
3516 1683 3697 1738 hostis

171 1767 309 1823 aliis
347 1768 632 1824 similibus
681 1769 1032 1824 malitiarum
1080 1770 1265 1825 modis
1289 1778 1597 1836 exerrant;
1649 1772 1788 1827 dum
1824 1774 1881 1827 in
1923 1800 1964 1854 Β
1995 1767 2147 1836 apud
2177 1767 2476 1822 eremitam
2507 1782 2679 1823 suum
2711 1769 3138 1836 opportunitate
3180 1772 3407 1838 provisa
3452 1770 3538 1825 his
3582 1771 3693 1825 mi-

169 1858 299 1913 suis
330 1857 837 1913 adinventionibus
882 1865 1021 1913 eunt
1054 1859 1235 1927 (Psal.
1280 1873 1458 1926 Lxxx,
1495 1861 1602 1927 13),
1658 1875 1880 1917 novum
1992 1856 2306 1911 serandum
2360 1855 2525 1911 dictis
2574 1855 2916 1926 aggreditur
2952 1872 2963 1910 :
3002 1876 3028 1904 ‹‹
3073 1855 3148 1921 Si,
3199 1857 3408 1927 inquit,
3454 1859 3538 1914 vis
3574 1859 3690 1914 evi-

167 1946 474 2002 constituit
528 1947 678 2001 Deus
727 1961 901 2015 super
947 1961 1041 2002 eos
1095 1947 1521 2017 legislatorem:
1585 1950 1657 2004 Ut
1697 1949 1880 2005 sciant
1989 1943 2129 1998 dens
2178 1942 2421 2012 repulsa:
2480 1951 2593 2000 tuae
2636 1943 2924 2009 solatium,
2971 1951 3025 1998 et
3059 1943 3240 1999 multo
3274 1945 3461 2016 majus
3514 1959 3691 2014 quam

167 2043 374 2106 gentes
429 2036 704 2105 quoniam
765 2035 1022 2090 homines
1080 2044 1216 2092 sunt
1271 2037 1456 2108 (Psal.
1513 2052 1592 2104 ix,
1643 2040 1758 2106 21).
1809 2041 1879 2095 Et
1989 2034 2317 2104 patriarcha
2368 2033 2587 2087 valeres
2646 2033 2856 2088 habere
2914 2033 3331 2104 magisterium,
3395 2035 3544 2090 inter
3595 2050 3691 2091 eos

167 2123 318 2178 dum
376 2123 650 2178 terminos
704 2133 934 2193 patrum
985 2139 1222 2179 suorum
1279 2125 1524 2180 scienter
1578 2133 1877 2198 transgre-
1983 2121 2083 2192 qui
2112 2122 2182 2176 ad
2215 2129 2266 2176 te
2299 2121 2558 2190 proxime
2589 2123 2843 2187 venient,
2879 2130 3013 2177 nota
3057 2123 3365 2192 diligenter
3408 2125 3684 2193 juvenem

167 2212 424 2267 diuntur
473 2213 668 2281 (Prov.
720 2227 858 2279 xxn,
916 2214 1022 2279 28),
1071 2213 1143 2268 ad
1203 2215 1309 2269 hoc
1361 2215 1562 2269 merito
1623 2215 1878 2272 devoluti
1986 2211 2085 2266 tali
2120 2218 2294 2276 veste,
2342 2209 2438 2264 tali
2493 2209 2686 2265 vultus
2728 2218 2781 2265 et
2823 2211 3074 2280 corporis
3133 2211 3492 2278 habitudine,
3539 2217 3686 2266 378

161 2308 310 2355 sunt
351 2307 434 2366 ut,
472 2300 770 2369 pecoribus
804 2300 934 2355 facti
969 2301 1401 2370 petulantiores,
1432 2303 1740 2371 opprobrio
1773 2303 1874 2358 ha-
1987 2297 2082 2354 tali
2114 2298 2284 2353 etiam
2317 2297 2562 2353 nomine.
2599 2299 2766 2353 Hunc
2782 2298 2990 2353 animis
3021 2313 3231 2364 acrem,
3267 2300 3495 2369 tuisque
3526 2315 3682 2354 com-

164 2389 442 2444 beantur.
499 2389 603 2444 Sed
655 2389 1075 2458 aliquantisper
1113 2390 1544 2445 edisserendum
1596 2398 1697 2456 est,
1745 2406 1878 2447 cum
1987 2395 2267 2457 petentem
2300 2388 2576 2452 moribus,
2608 2401 2674 2442 ea
2705 2387 2965 2442 doctrina
2986 2403 3116 2457 quae
3148 2388 3302 2442 cordi
3334 2395 3434 2443 tuo
3466 2389 3688 2458 adjacet

164 2477 565 2534 Christianum
614 2477 833 2533 cultum
867 2477 1181 2546 aliquando
1215 2479 1531 2534 deseruisse
1565 2487 1880 2536 noscantur
1986 2476 2197 2532 imbue.
2226 2477 2393 2531 Hunc
2414 2476 2837 2531 institutionum
2863 2476 3451 2532 tuarumi‘idissimum
3467 2478 3688 2532 audito-

163 2566 551 2624 Orientalium
612 2567 870 2621 nationes
929 2575 992 2621 ut
1047 2566 1103 2621 in
1152 2567 1553 2638 paganismum
1604 2568 1877 2625 redierint
1986 2578 2102 2619 rem
2136 2572 2692 2634 propagatoremque
2723 2572 2822 2619 tuo
2869 2564 3212 2634 magistratu
3261 2580 3683 2636 prosequere.»

165 2669 286 2725 quo
314 2654 545 2710 tandem
579 2661 808 2710 auctore
840 2655 1118 2709 nitantur.
2065 2649 2256 2706 Vidua
2285 2650 2399 2722 ipsi
2429 2652 2498 2708 ab
2527 2652 2769 2706 eremita
2799 2668 2942 2706 uxor
2984 2653 3338 2724 adjungitur.
3393 2655 3468 2706 In
3515 2653 3686 2724 epile-

837 2743 1070 2799 CAPUT
1108 2743 1206 2798 111.
1977 2739 2171 2812 psiam
2200 2740 2424 2794 incidit.
2454 2772 2522 2781 —
2559 2740 2655 2795 Ille
2687 2741 2964 2796 sollicitus
2993 2741 3098 2796 hoc
3141 2740 3374 2796 oraculo
3407 2741 3682 2805 redditus,

240 2831 388 2901 [111.]
443 2830 752 2886 Mahometi
801 2831 1092 2903 dogmata.
1126 2861 1194 2871 ——
1270 2831 1492 2886 Plebeia
1543 2832 1733 2902 opinio
1793 2841 1876 2889 est
1986 2830 2257 2899 praedicta
2289 2829 2395 2885 sibi
2430 2830 2576 2884 inter
2606 2829 3042 2884 adventantium
3071 2843 3286 2884 cuneos
3333 2829 3682 2899 circumSpe-

163 2920 482 2990 quemdam
523 2919 714 2986 fuisse,
750 2920 870 2989 qui,
900 2920 942 2974 si
978 2920 1119 2975 bene
1166 2935 1298 2975 eum
1333 2922 1613 2988 exprimo,
1650 2922 1872 2977 Matho-
1983 2919 2069 2973 xit
2111 2919 2378 2988 insignia,
2419 2917 2813 2987 juvenemque
2845 2918 3203 2986 recognitum
3254 2917 3560 2974 affectuose
3596 2928 3682 2974 te-

162 3023 296 3064 mus
328 3015 724 3077 nuncupetur,
753 3008 854 3077 qui
890 3008 1183 3078 quondam
1216 3022 1310 3062 eos
1336 3022 1369 3062 a
1395 3009 1517 3064 Filii
1550 3016 1604 3064 et
1630 3008 1874 3078 Spiritus
1983 3007 2130 3074 nuit,
2169 3015 2319 3075 peste
2371 3020 2489 3075 qua
2519 3007 2841 3060 tabescebat
2875 3005 3108 3074 imbuit;
3144 3013 3217 3072 et,
3267 3006 3407 3075 quia
3461 3021 3682 3076 pauper

160 3095 349 3152 sancti
421 3110 655 3165 prorsus
706 3096 1043 3152 credulitate
1117 3095 1414 3152 diduxerit
1471 3098 1622 3165 (30‘),
1694 3099 1868 3154 solius
1905 3103 1944 3157 C
1974 3103 2098 3152 erat
2147 3104 2201 3150 et
2253 3096 2486 3164 pauperi
2540 3094 2731 3149 minus
2777 3095 3135 3150 auctoritatis
3167 3095 3524 3164 suppetebat,
3576 3097 3681 3152 hoc

160 3185 354 3240 Patris
394 3188 684 3254 personae,
746 3185 912 3255 quasi
972 3186 1084 3241 Deo
1136 3185 1238 3240 uni
1293 3193 1348 3240 et
1398 3186 1640 3240 creatori
1700 3187 1866 3242 inniti
1979 3186 2029 3240 ei
2083 3184 2273 3240 statim
2322 3184 2487 3238 modo
2533 3183 2764 3238 divitias
2805 3184 3154 3252 procuravit.
3197 3184 3482 3239 Ditissima
3512 3199 3678 3254 quae-

160 3273 440 3339 docuerit,
469 3275 664 3328 Jesum
695 3289 906 3343 purum
948 3275 1235 3330 hominem
1269 3275 1499 3340 dixerit,
1532 3283 1606 3340 et,
1643 3283 1702 3329 ut
1738 3276 1864 3330 bre-
1977 3273 2109 3328 dam
2167 3272 2374 3327 mulier
2421 3271 2782 3337 viduitatem,
2838 3271 3085 3326 obeunte
3116 3271 3339 3336 marito,
3376 3271 3672 3328 inciderat.

162 3362 313 3418 viter
355 3362 481 3432 ejus
511 3363 719 3433 dogma
762 3362 1122 3430 concludam,
1170 3363 1603 3418 circumcisione
1631 3363 1863 3433 quidem
1974 3362 2112 3416 Eam
2146 3360 2252 3416 sibi
2289 3362 2494 3415 nuntio
2525 3359 2953 3414 sordidissimus
2982 3360 3220 3414 eremita
3275 3360 3585 3423 contraxit,
3621 3369 3675 3416 et

161 3451 412 3518 decreta,
476 3451 651 3506 totius
725 3451 804 3506 eis
865 3451 1238 3520 impudicitiae
1307 3451 1527 3506 laxavit
1586 3453 1860 3508 habenas.
1975 3448 2042 3504 de
2091 3447 2343 3518 conjugii
2385 3448 2684 3503 iteratione
2734 3448 3090 3503 submonuit.
3128 3447 3392 3504 Iliacum
3439 3450 3670 3516 diceret,

160 3539 339 3606 Quem
378 3540 683 3610 profanum
719 3540 1005 3595 hominem
1037 3555 1230 3610 parvae
1263 3541 1508 3596 multum
1547 3541 1862 3611 antiquita-
1969 3538 2142 3608 juxta
2188 3553 2308 3593 suze
2339 3546 2553 3593 statum
2600 3537 2929 3604 honestatis,
2964 3553 3079 3592 non
3129 3552 3188 3591 se
3218 3547 3421 3607 prmsto
3462 3539 3673 3596 habere

161 3629 234 3684 tis
279 3629 545 3684 existimo
583 3641 698 3683 non
747 3629 817 3683 ob
868 3627 1024 3683 aliud
1077 3629 1308 3694 scilicet,
1354 3629 1462 3684 nisi
1494 3629 1635 3699 quia
1684 3631 1863 3685 eccle-
1972 3641 2145 3696 quem
2178 3629 2430 3693 duceret,
2468 3627 2585 3697 ipse
2640 3626 2854 3691 intulit,
2896 3641 2952 3681 se
3001 3627 3106 3680 sibi
3148 3634 3343 3694 aptum
3387 3628 3672 3682 invenisse

162 3716 526 3772 siasticorum
558 3716 853 3772 doctorum
899 3716 1186 3771 neminem
1237 3725 1438 3771 contra
1477 3718 1603 3788 ejus
1632 3720 1861 3787 spurci-
1971 3717 2329 3786 prophetam.
2377 3725 2432 3771 et
2484 3730 2631 3780 eam,
2679 3716 2724 3770 si
2775 3715 2880 3770 sibi
2935 3717 3341 3784 acquiesceret,
3398 3730 3497 3785 per
3545 3717 3670 3786 ejus

164 3806 300 3861 tiam
370 3804 661 3875 scripsisse
735 3805 976 3874 reperio.
1052 3804 1232 3874 Cujus
1296 3819 1483 3860 mores
1543 3806 1856 3875 vitamque,
1969 3807 2202 3875 nuptias
2253 3805 2465 3860 felicem
2516 3804 2750 3859 omnino
2799 3805 3106 3858 victuram.
3161 3804 3339 3859 Multa
3369 3804 3668 3859 mulierem

162 3905 294 3947 cum
326 3906 618 3962 nusquam
659 3892 871 3962 scripta
908 3891 1222 3958 didicerim,
1267 3907 1397 3961 quae
1437 3906 1470 3946 a
1506 3892 1854 3963 quibusdam
1967 3891 2476 3947 circumlocutione
2505 3889 2892 3959 praestringit;
2921 3898 2974 3944 et
3033 3890 3105 3944 ad
3137 3904 3387 3958 praesens
3426 3890 3472 3945 ei
3506 3890 3668 3945 futu—

163 3980 558 4036 disertioribus
587 3980 697 4036 dici
737 3981 914 4050 vulgo
962 3980 1306 4046 audiverim,
1353 3981 1496 4036 nulli
1544 3981 1709 4037 debet
1738 3997 1859 4037 esse
1969 3995 2218 4050 rumque
2270 3979 2547 4034 saeculum
2600 3978 2885 4033 aifuturas
2943 3979 3228 4047 prophetae
3280 3978 3431 4033 illius
3483 3980 3669 4048 provi-

161 4069 374 4124 mirum
407 4071 453 4124 si
503 4069 691 4126 dicere
737 4069 928 4125 velim.
974 4070 1212 4124 Frustra
1255 4068 1424 4138 plane
1455 4071 1528 4126 ab
1560 4070 1777 4140 aliquo,
1811 4071 1858 4126 si
1966 4069 2152 4124 siones
2201 4068 2487 4137 pollicens,
2540 4066 2598 4120 in
2643 4080 2898 4120 amorem
2946 4065 3126 4134 ipsius
3175 4079 3346 4134 quem
3392 4079 3507 4119 non
3558 4081 3665 4120 no-

162 4155 300 4212 falsa
329 4171 403 4212 an
455 4171 593 4212 vera
634 4157 744 4213 sint
787 4157 1152 4222 discutiatur,
1183 4157 1321 4211 dum
1355 4157 1459 4213 hoc
1498 4157 1857 4214 solummodo
1965 4163 2126 4210 verat
2159 4154 2409 4210 hominis
2441 4154 2748 4209 femineum
2777 4153 2942 4223 jecur
2971 4152 3303 4222 exporrigit.
3340 4151 3445 4220 Spe
3489 4154 3668 4223 igitur

162 4244 508 4311 attendatur,
543 4253 799 4314 quantus
835 4245 924 4301 ille
960 4245 1229 4314 magister
1262 4245 1450 4311 fuerit,
1496 4247 1563 4301 de
1594 4261 1710 4315 quo
1741 4254 1855 4302 tam
1964 4243 2222 4297 omnium
2256 4257 2388 4311 quz-e
2443 4244 2643 4296 fierent
2675 4250 2729 4296 et
2770 4256 2901 4312 quze
2930 4242 3116 4296 fienda
3141 4249 3326 4297 essent
3357 4242 3668 4311 praecOgni-

164 4331 442 4387 nobilium
507 4332 826 4389 facinorum
906 4333 1086 4405 gloria
1167 4342 1538 4403 propagatur.
1609 4334 1856 4390 Securus
1897 4386 1938 4405 ἢ
1966 4330 2137 4385 tionis
2173 4331 2373 4395 illecta,
2408 4345 2510 4384 suo
2543 4328 2659 4383 vati
2689 4328 3104 4398 conjungitur;
3158 4336 3213 4384 et
3243 4327 3461 4397 pridem
3498 4331 3666 4383 miser

163 4418 312 4474 enim
346 4421 480 4490 quis
511 4420 578 4475 de
605 4435 670 4475 eo
701 4421 848 4477 male
877 4386 1088 4487 cantat,
1127 4386 1298 4491 cujus
1327 4386 1654 4494 malignitas
1685 4423 1856 4494 quid-
1897 4386 1940 4440 Β
1969 4421 2308 4485 Mathomus,
2376 4418 2625 4474 fortunis
2687 4386 3104 4487 undecunque,
3145 4386 3513 4481 micantibus,
3593 4419 3664 4472 ad

164 4506 301 4574 quid
334 4507 496 4576 pravi
519 4507 731 4563 dicitur
760 4509 1110 4564 transcendit
1132 4517 1186 4565 et
1210 4518 1462 4579 superat.
1967 4509 2292 4579 inopinatos
2322 4507 2520 4571 fasces,
2550 4504 2786 4560 forsitan
2822 4519 2937 4560 non
2977 4505 3099 4560 sine
3130 4504 3218 4559 sui
3271 4503 3451 4573 ipsius
3481 4503 3664 4560 incre-

233 4593 371 4664 [1V.]
438 4595 600 4649 Unde
666 4611 831 4650 suum
883 4595 1076 4650 hausit
1124 4613 1414 4653 venenum.
1471 4627 1540 4637 —
1597 4597 1855 4654 Alexan-
1966 4598 2127 4654 dibili
2174 4605 2422 4666 stupore,
2463 4595 2818 4665 provehitur.
2860 4595 2929 4648 At
2973 4607 3106 4648 cum
3133 4592 3342 4660 szepius
3373 4600 3672 4648 utrorum-

164 4680 416 4752 drinum,
466 4698 583 4754 quo
632 4685 825 4741 nescio
881 4692 1152 4755 tempore,
1230 4687 1619 4755 patriarcham
1671 4687 1856 4743 obisse
1967 4702 2082 4757 que
2111 4685 2453 4742 commercia
2483 4683 2610 4739 lecti
2642 4682 2814 4738 unius
2847 4696 2996 4737 urna
3022 4683 3354 4751 susciperet,
3392 4683 3664 4750 propheta

166 4772 510 4839 constiterat,
574 4780 628 4828 et
683 4787 917 4840 vacans,
995 4781 1058 4829 ut
1127 4775 1349 4839 assolet,
1430 4775 1684 4832 Ecclesia
1736 4791 1855 4832 sese
1965 4773 2135 4843 cmpit
2199 4771 2470 4842 egregius
2531 4771 2732 4826 morbo
2788 4769 3093 4839 epilepsiae,
3147 4783 3321 4839 quem
3376 4769 3662 4825 caducum

165 4857 343 4913 multa
420 4859 747 4915 animorum
823 4860 1098 4916 varietate
1164 4861 1506 4932 disciderat;
1583 4870 1639 4918 et
1714 4863 1853 4920 dum
1963 4861 2147 4933 vulgo
2197 4861 2463 4929 dicimus,
2515 4859 2816 4930 aliquoties
2864 4859 3091 4925 acriter,
3148 4857 3504 4928 prophetissa
3555 4874 3668 4913 cer-

164 4944 406 5014 quisque
462 4946 520 5020 in
579 4960 705 5002 eam
753 4961 931 5018 quam
991 4946 1216 5004 affectat
1270 4964 1569 5019 personam
1628 4950 1852 5007 liberio-
1965 4959 2154 5018 nente,
2215 4950 2437 5013 vexari,
2497 4957 2552 5005 et
2595 4952 2808 5006 eversis
2882 4947 3195 5013 obtutibus,
3258 4946 3398 5002 facie
3447 4947 3664 5018 tabida,

164 5031 209 5085 ri
266 5033 564 5090 voluntate
637 5035 1014 5106 protrahitur,
1095 5050 1234 5107 erga
1283 5052 1376 5093 eos
1452 5039 1554 5108 qui
1626 5040 1854 5096 diversa
1963 5039 2129 5095 labiis
2173 5037 2602 5108 spumantibus,
2661 5035 2920 5093 dentium
2978 5037 3104 5107 ejus
3155 5034 3496 5091 stridoribus
3544 5037 3667 5107 ipsa

164 5119 430 5190 sentiunt,
463 5123 667 5178 acriori
702 5124 1004 5180 severitate
1048 5125 1360 5181 invehitur.
1414 5128 1478 5182 In
1513 5142 1688 5198 quem
1717 5144 1853 5200 ergo
1965 5127 2184 5184 terreri.
2233 5128 2524 5196 Insperato
2566 5127 2672 5181 hoc
2699 5133 2912 5180 eventu
2962 5122 3283 5193 perterrita,
3316 5125 3562 5180 recurrit
3595 5125 3666 5180 ad

163 5205 417 5273 plurimze
472 5211 850 5268 consideratio
902 5213 1082 5282 partis
1135 5213 1464 5281 incesserat,
1515 5215 1672 5272 haud
1722 5232 1852 5287 pro-
1962 5213 2305 5282 solitarium,
2361 5214 2636 5284 quodque
2683 5213 2788 5268 sibi
2846 5211 3052 5268 accidit
3093 5218 3371 5267 causatur
3431 5209 3670 5265 infortu-

165 5292 253 5347 cul
281 5292 408 5351 inde
437 5297 673 5353 oremita
717 5299 1004 5355 manebat.
1047 5298 1247 5368 Quem,
1290 5315 1464 5356 causa
1505 5302 1630 5372 ejus
1657 5317 1854 5359 essen-
1964 5304 2148 5370 nium,
2217 5311 2291 5370 et,
2353 5302 2532 5357 animi
2591 5315 2829 5371 prorsus
2882 5300 3226 5371 aegritudine
3281 5306 3665 5365 consternata,

167 5377 292 5434 tiam
327 5383 728 5454 comperiendi,
778 5386 1076 5442 scientiam
1117 5386 1565 5458 facundiamque
1615 5404 1856 5445 noscen-
1964 5399 2286 5462 przeoptare
2324 5390 2430 5446 sibi
2486 5391 2697 5447 fatetur
2747 5390 3041 5445 interitum
3092 5402 3270 5460 quam
3313 5387 3670 5444 exsecrabile

166 5465 238 5533 di,
269 5483 397 5528 cum
423 5472 628 5528 crebro
657 5474 894 5542 quidam
925 5489 1123 5531 eorum
1157 5476 1479 5548 argutiores
1517 5477 1850 5547 inviserent,
1964 5480 2244 5550 arreptitii
2278 5478 2474 5536 subire
2506 5479 2866 5550 conjugium.

232 5657 338 5729 30‘)
388 5661 463 5718 De
509 5659 738 5729 Iisdem,
788 5672 842 5720 et
875 5663 1178 5720 Mahometi
1223 5663 1444 5735 origine
1504 5665 1634 5720 vide
1675 5665 2020 5733 Cedrenum,
2053 5675 2109 5725 et
2145 5671 2570 5726 Damascenum
2602 5669 2681 5724 De
2713 5667 3049 5738 haeresibus,
3081 5667 3191 5725 sub
3226 5667 3422 5724 finem.
