  <div class='ocr_page' id='page_1' title='image "/cluster/home/n/w/nwhite01/storage/ocr_20150623/156-157/uc1.31175010662024/351.png"; bbox 0 0 3934 6412; ppageno 0'>
   <div class='ocr_carea' id='block_1_1' title="bbox 231 367 330 424">
    <p class='ocr_par' dir='ltr' id='par_1_1' title="bbox 231 367 330 424">
     <span class='ocr_line' id='line_1_1' title="bbox 231 367 330 424; baseline -0.02 -1"><span class='ocrx_word' id='word_1_1' title='bbox 231 367 330 424; x_wconf 78' lang='grc'><strong>691</strong></span> 
     </span>
    </p>
   </div>
   <div class='ocr_carea' id='block_1_2' title="bbox 1112 363 2843 426">
    <p class='ocr_par' dir='ltr' id='par_1_2' title="bbox 1112 363 2843 426">
     <span class='ocr_line' id='line_1_2' title="bbox 1112 363 2843 426; baseline 0 -6"><span class='ocrx_word' id='word_1_2' title='bbox 1112 365 1177 421; x_wconf 80' lang='grc' dir='ltr'><strong>ν.</strong></span> <span class='ocrx_word' id='word_1_3' title='bbox 1217 365 1558 423; x_wconf 77' lang='lat' dir='ltr'><strong>GUIBERTI</strong></span> <span class='ocrx_word' id='word_1_4' title='bbox 1596 366 1889 426; x_wconf 65' lang='lat' dir='ltr'><strong>ABBATIS</strong></span> <span class='ocrx_word' id='word_1_5' title='bbox 1923 364 1984 422; x_wconf 91' lang='lat' dir='ltr'><strong>S.</strong></span> <span class='ocrx_word' id='word_1_6' title='bbox 2033 365 2277 423; x_wconf 68' lang='lat' dir='ltr'><strong>MANE</strong></span> <span class='ocrx_word' id='word_1_7' title='bbox 2315 365 2407 422; x_wconf 89' lang='lat' dir='ltr'><strong>DE</strong></span> <span class='ocrx_word' id='word_1_8' title='bbox 2444 363 2843 422; x_wconf 79' lang='lat' dir='ltr'><strong>NOVIGENTO</strong></span> 
     </span>
    </p>
   </div>
   <div class='ocr_carea' id='block_1_3' title="bbox 3629 365 3740 418">
    <p class='ocr_par' dir='ltr' id='par_1_3' title="bbox 3629 365 3740 418">
     <span class='ocr_line' id='line_1_3' title="bbox 3629 365 3740 418; baseline 0 0"><span class='ocrx_word' id='word_1_9' title='bbox 3629 365 3740 418; x_wconf 81' lang='lat'><strong>692</strong></span> 
     </span>
    </p>
   </div>
   <div class='ocr_carea' id='block_1_4' title="bbox 299 498 3742 572">
    <p class='ocr_par' dir='ltr' id='par_1_4' title="bbox 299 498 3742 572">
     <span class='ocr_line' id='line_1_4' title="bbox 299 498 3742 572; baseline 0 -16"><span class='ocrx_word' id='word_1_10' title='bbox 299 501 693 558; x_wconf 78' lang='lat' dir='ltr'><strong>Mahometum</strong></span> <span class='ocrx_word' id='word_1_11' title='bbox 717 516 864 558; x_wconf 73' lang='lat' dir='ltr'><strong>uxor</strong></span> <span class='ocrx_word' id='word_1_12' title='bbox 885 500 1307 570; x_wconf 79' lang='lat' dir='ltr'><strong>repudiandum</strong></span> <span class='ocrx_word' id='word_1_13' title='bbox 1333 500 1501 566; x_wconf 87' lang='lat' dir='ltr'><strong>dicit,</strong></span> <span class='ocrx_word' id='word_1_14' title='bbox 1540 501 1642 556; x_wconf 71' lang='lat' dir='ltr'><strong>sed</strong></span> <span class='ocrx_word' id='word_1_15' title='bbox 1667 499 1918 557; x_wconf 74' lang='lat' dir='ltr'><strong>eremitz</strong></span> <span class='ocrx_word' id='word_1_16' title='bbox 1954 501 2000 554; x_wconf 78' lang='grc' dir='ltr'>Α</span> <span class='ocrx_word' id='word_1_17' title='bbox 2033 501 2345 558; x_wconf 72' lang='lat' dir='ltr'><strong>honestatis</strong></span> <span class='ocrx_word' id='word_1_18' title='bbox 2369 514 2435 557; x_wconf 91' lang='lat' dir='ltr'><strong>ac</strong></span> <span class='ocrx_word' id='word_1_19' title='bbox 2465 501 2678 572; x_wconf 83' lang='lat' dir='ltr'><strong>vigoris</strong></span> <span class='ocrx_word' id='word_1_20' title='bbox 2709 513 2784 556; x_wconf 83' lang='lat' dir='ltr'><strong>ex</strong></span> <span class='ocrx_word' id='word_1_21' title='bbox 2825 498 3277 570; x_wconf 84' lang='lat' dir='ltr'><strong>Evangeliorum</strong></span> <span class='ocrx_word' id='word_1_22' title='bbox 3304 506 3498 556; x_wconf 87' lang='lat' dir='ltr'><strong>tenore</strong></span> <span class='ocrx_word' id='word_1_23' title='bbox 3525 499 3742 556; x_wconf 86' lang='lat' dir='ltr'><strong>consti-</strong></span> 
     </span>
    </p>
   </div>
   <div class='ocr_carea' id='block_1_5' title="bbox 229 588 1926 660">
    <p class='ocr_par' dir='ltr' id='par_1_5' title="bbox 229 588 1926 660">
     <span class='ocr_line' id='line_1_5' title="bbox 229 588 1926 660; baseline 0 -16"><span class='ocrx_word' id='word_1_24' title='bbox 229 588 592 644; x_wconf 63' lang='lat' dir='ltr'><strong>suaeionibu:</strong></span> <span class='ocrx_word' id='word_1_25' title='bbox 621 590 961 646; x_wconf 82' lang='lat' dir='ltr'><strong>deterretur.</strong></span> <span class='ocrx_word' id='word_1_26' title='bbox 991 619 1060 631; x_wconf 89' lang='lat'><strong>—</strong></span> <span class='ocrx_word' id='word_1_27' title='bbox 1098 591 1428 646; x_wconf 84' lang='lat' dir='ltr'><strong>lnnumeris</strong></span> <span class='ocrx_word' id='word_1_28' title='bbox 1476 590 1672 660; x_wconf 85' lang='lat' dir='ltr'><strong>itaque</strong></span> <span class='ocrx_word' id='word_1_29' title='bbox 1723 590 1926 660; x_wconf 90' lang='lat' dir='ltr'><strong>queri-</strong></span> 
     </span>
    </p>
   </div>
   <div class='ocr_carea' id='block_1_6' title="bbox 147 677 1925 748">
    <p class='ocr_par' dir='ltr' id='par_1_6' title="bbox 147 677 1925 748">
     <span class='ocr_line' id='line_1_6' title="bbox 147 677 1925 748; baseline -0.001 -14"><span class='ocrx_word' id='word_1_30' title='bbox 147 689 160 696; x_wconf 85' lang='lat'><strong><em>‘</em></strong></span> <span class='ocrx_word' id='word_1_31' title='bbox 232 677 562 734; x_wconf 89' lang='lat' dir='ltr'><strong>moniarum</strong></span> <span class='ocrx_word' id='word_1_32' title='bbox 604 678 786 734; x_wconf 89' lang='lat' dir='ltr'><strong>modis</strong></span> <span class='ocrx_word' id='word_1_33' title='bbox 824 677 1074 734; x_wconf 72' lang='lat' dir='ltr'><strong>eremitze</strong></span> <span class='ocrx_word' id='word_1_34' title='bbox 1121 679 1485 748; x_wconf 88' lang='lat' dir='ltr'><strong>improperat,</strong></span> <span class='ocrx_word' id='word_1_35' title='bbox 1522 692 1773 747; x_wconf 84' lang='lat' dir='ltr'><strong>nequam</strong></span> <span class='ocrx_word' id='word_1_36' title='bbox 1820 678 1925 734; x_wconf 82' lang='lat' dir='ltr'><strong>sibi</strong></span> 
     </span>
    </p>
   </div>
   <div class='ocr_carea' id='block_1_7' title="bbox 233 765 1927 836">
    <p class='ocr_par' dir='ltr' id='par_1_7' title="bbox 233 765 1927 836">
     <span class='ocr_line' id='line_1_7' title="bbox 233 765 1927 836; baseline 0.001 -16"><span class='ocrx_word' id='word_1_37' title='bbox 233 765 550 836; x_wconf 63' lang='lat' dir='ltr'><strong>praebuisse</strong></span> <span class='ocrx_word' id='word_1_38' title='bbox 604 765 926 821; x_wconf 87' lang='lat' dir='ltr'><strong>consilium.</strong></span> <span class='ocrx_word' id='word_1_39' title='bbox 989 765 1063 821; x_wconf 83' lang='lat' dir='ltr'><strong>At</strong></span> <span class='ocrx_word' id='word_1_40' title='bbox 1127 765 1238 829; x_wconf 93' lang='lat' dir='ltr'><strong>ille,</strong></span> <span class='ocrx_word' id='word_1_41' title='bbox 1299 780 1434 821; x_wconf 92' lang='lat' dir='ltr'><strong>cum</strong></span> <span class='ocrx_word' id='word_1_42' title='bbox 1489 765 1927 836; x_wconf 75' lang='lat' dir='ltr'><strong>incomparabili</strong></span> 
     </span>
    </p>
   </div>
   <div class='ocr_carea' id='block_1_8' title="bbox 235 853 1925 923">
    <p class='ocr_par' dir='ltr' id='par_1_8' title="bbox 235 853 1925 923">
     <span class='ocr_line' id='line_1_8' title="bbox 235 853 1925 923; baseline 0.002 -15"><span class='ocrx_word' id='word_1_43' title='bbox 235 854 616 923; x_wconf 70' lang='lat' dir='ltr'><strong>praemunitus</strong></span> <span class='ocrx_word' id='word_1_44' title='bbox 666 861 812 910; x_wconf 89' lang='lat' dir='ltr'><strong>esset</strong></span> <span class='ocrx_word' id='word_1_45' title='bbox 855 855 1112 908; x_wconf 89' lang='lat' dir='ltr'><strong>astutia:</strong></span> <span class='ocrx_word' id='word_1_46' title='bbox 1152 874 1173 901; x_wconf 81' lang='grc' dir='ltr'>ι</span> <span class='ocrx_word' id='word_1_47' title='bbox 1213 853 1450 922; x_wconf 88' lang='lat' dir='ltr'><strong>Desipis,</strong></span> <span class='ocrx_word' id='word_1_48' title='bbox 1501 853 1713 923; x_wconf 91' lang='lat' dir='ltr'><strong>inquit,</strong></span> <span class='ocrx_word' id='word_1_49' title='bbox 1746 854 1925 922; x_wconf 90' lang='lat' dir='ltr'><strong>fatua,</strong></span> 
     </span>
    </p>
   </div>
   <div class='ocr_carea' id='block_1_9' title="bbox 234 939 1932 1012">
    <p class='ocr_par' dir='ltr' id='par_1_9' title="bbox 234 939 1932 1012">
     <span class='ocr_line' id='line_1_9' title="bbox 234 939 1932 1012; baseline 0.002 -16"><span class='ocrx_word' id='word_1_50' title='bbox 234 939 381 996; x_wconf 91' lang='lat' dir='ltr'><strong>dum</strong></span> <span class='ocrx_word' id='word_1_51' title='bbox 411 940 466 996; x_wconf 93' lang='lat' dir='ltr'><strong>id</strong></span> <span class='ocrx_word' id='word_1_52' title='bbox 497 941 650 1012; x_wconf 92' lang='lat' dir='ltr'><strong>quod</strong></span> <span class='ocrx_word' id='word_1_53' title='bbox 680 948 766 998; x_wconf 91' lang='lat' dir='ltr'><strong>est</strong></span> <span class='ocrx_word' id='word_1_54' title='bbox 795 941 1070 997; x_wconf 83' lang='lat' dir='ltr'><strong>claritatis</strong></span> <span class='ocrx_word' id='word_1_55' title='bbox 1093 950 1147 996; x_wconf 91' lang='lat' dir='ltr'><strong>et</strong></span> <span class='ocrx_word' id='word_1_56' title='bbox 1196 940 1412 1011; x_wconf 63' lang='lat' dir='ltr'><strong>gloriae,</strong></span> <span class='ocrx_word' id='word_1_57' title='bbox 1457 951 1520 998; x_wconf 92' lang='lat' dir='ltr'><strong>tu</strong></span> <span class='ocrx_word' id='word_1_58' title='bbox 1550 950 1664 998; x_wconf 63' lang='lat' dir='ltr'><strong>tua:</strong></span> <span class='ocrx_word' id='word_1_59' title='bbox 1691 943 1932 1000; x_wconf 89' lang='lat' dir='ltr'><strong>ascribis</strong></span> 
     </span>
    </p>
   </div>
   <div class='ocr_carea' id='block_1_10' title="bbox 235 1027 1932 1103">
    <p class='ocr_par' dir='ltr' id='par_1_10' title="bbox 235 1027 1932 1103">
     <span class='ocr_line' id='line_1_10' title="bbox 235 1027 1932 1103; baseline 0.003 -20"><span class='ocrx_word' id='word_1_60' title='bbox 235 1027 488 1100; x_wconf 65' lang='lat' dir='ltr'><strong>injuria).</strong></span> <span class='ocrx_word' id='word_1_61' title='bbox 539 1033 627 1084; x_wconf 83' lang='lat' dir='ltr'><strong>An</strong></span> <span class='ocrx_word' id='word_1_62' title='bbox 673 1031 876 1090; x_wconf 91' lang='lat' dir='ltr'><strong>nescis.</strong></span> <span class='ocrx_word' id='word_1_63' title='bbox 920 1029 1256 1100; x_wconf 87' lang='lat' dir='ltr'><strong>improvida,</strong></span> <span class='ocrx_word' id='word_1_64' title='bbox 1289 1030 1428 1100; x_wconf 88' lang='lat' dir='ltr'><strong>quia</strong></span> <span class='ocrx_word' id='word_1_65' title='bbox 1474 1031 1932 1103; x_wconf 86' lang='lat' dir='ltr'><strong>quotiescunque</strong></span> 
     </span>
    </p>
   </div>
   <div class='ocr_carea' id='block_1_11' title="bbox 234 1115 1970 1188">
    <p class='ocr_par' dir='ltr' id='par_1_11' title="bbox 234 1115 1970 1188">
     <span class='ocr_line' id='line_1_11' title="bbox 234 1115 1970 1188; baseline 0.002 -18"><span class='ocrx_word' id='word_1_66' title='bbox 234 1115 644 1184; x_wconf 89' lang='lat' dir='ltr'><strong>prophetarum</strong></span> <span class='ocrx_word' id='word_1_67' title='bbox 696 1115 988 1172; x_wconf 89' lang='lat' dir='ltr'><strong>mentibus</strong></span> <span class='ocrx_word' id='word_1_68' title='bbox 1032 1117 1180 1172; x_wconf 90' lang='lat' dir='ltr'><strong>Deus</strong></span> <span class='ocrx_word' id='word_1_69' title='bbox 1222 1115 1496 1184; x_wconf 87' lang='lat' dir='ltr'><strong>illabitur,</strong></span> <span class='ocrx_word' id='word_1_70' title='bbox 1541 1125 1656 1174; x_wconf 91' lang='lat' dir='ltr'><strong>tota</strong></span> <span class='ocrx_word' id='word_1_71' title='bbox 1681 1118 1970 1188; x_wconf 81' lang='lat' dir='ltr'><strong>corporis-</strong></span> 
     </span>
    </p>
   </div>
   <div class='ocr_carea' id='block_1_12' title="bbox 234 1201 1934 1275">
    <p class='ocr_par' dir='ltr' id='par_1_12' title="bbox 234 1201 1934 1275">
     <span class='ocr_line' id='line_1_12' title="bbox 234 1201 1934 1275; baseline 0.002 -17"><span class='ocrx_word' id='word_1_72' title='bbox 234 1201 477 1258; x_wconf 86' lang='lat' dir='ltr'><strong>humani</strong></span> <span class='ocrx_word' id='word_1_73' title='bbox 513 1215 698 1257; x_wconf 88' lang='lat' dir='ltr'><strong>massa</strong></span> <span class='ocrx_word' id='word_1_74' title='bbox 745 1205 1091 1270; x_wconf 89' lang='lat' dir='ltr'><strong>concutitur,</strong></span> <span class='ocrx_word' id='word_1_75' title='bbox 1133 1204 1274 1274; x_wconf 90' lang='lat' dir='ltr'><strong>quia</strong></span> <span class='ocrx_word' id='word_1_76' title='bbox 1321 1205 1467 1260; x_wconf 90' lang='lat' dir='ltr'><strong>ferre</strong></span> <span class='ocrx_word' id='word_1_77' title='bbox 1516 1220 1629 1261; x_wconf 91' lang='lat' dir='ltr'><strong>non</strong></span> <span class='ocrx_word' id='word_1_78' title='bbox 1665 1207 1934 1275; x_wconf 63' lang='lat' dir='ltr'><strong>pravalet</strong></span> 
     </span>
    </p>
   </div>
   <div class='ocr_carea' id='block_1_13' title="bbox 236 1289 1934 1363">
    <p class='ocr_par' dir='ltr' id='par_1_13' title="bbox 236 1289 1934 1363">
     <span class='ocr_line' id='line_1_13' title="bbox 236 1289 1934 1363; baseline -0.002 -16"><span class='ocrx_word' id='word_1_79' title='bbox 236 1291 429 1347; x_wconf 90' lang='lat' dir='ltr'><strong>carnis</strong></span> <span class='ocrx_word' id='word_1_80' title='bbox 461 1289 786 1357; x_wconf 83' lang='lat' dir='ltr'><strong>infirmitas,</strong></span> <span class='ocrx_word' id='word_1_81' title='bbox 828 1305 960 1346; x_wconf 90' lang='lat' dir='ltr'><strong>cum</strong></span> <span class='ocrx_word' id='word_1_82' title='bbox 981 1291 1033 1346; x_wconf 90' lang='lat' dir='ltr'><strong>ei</strong></span> <span class='ocrx_word' id='word_1_83' title='bbox 1053 1306 1111 1346; x_wconf 89' lang='lat' dir='ltr'><strong>se</strong></span> <span class='ocrx_word' id='word_1_84' title='bbox 1140 1291 1388 1360; x_wconf 82' lang='lat' dir='ltr'><strong>applicat</strong></span> <span class='ocrx_word' id='word_1_85' title='bbox 1413 1291 1610 1346; x_wconf 88' lang='lat' dir='ltr'><strong>divina</strong></span> <span class='ocrx_word' id='word_1_86' title='bbox 1632 1293 1934 1363; x_wconf 88' lang='lat' dir='ltr'><strong>majestas?</strong></span> 
     </span>
    </p>
   </div>
   <div class='ocr_carea' id='block_1_14' title="bbox 237 1379 1930 1451">
    <p class='ocr_par' dir='ltr' id='par_1_14' title="bbox 237 1379 1930 1451">
     <span class='ocr_line' id='line_1_14' title="bbox 237 1379 1930 1451; baseline 0.003 -16"><span class='ocrx_word' id='word_1_87' title='bbox 237 1379 522 1448; x_wconf 83' lang='lat' dir='ltr'><strong>Resipisce</strong></span> <span class='ocrx_word' id='word_1_88' title='bbox 553 1379 802 1446; x_wconf 86' lang='lat' dir='ltr'><strong>tandem,</strong></span> <span class='ocrx_word' id='word_1_89' title='bbox 837 1393 908 1435; x_wconf 90' lang='lat' dir='ltr'><strong>ne</strong></span> <span class='ocrx_word' id='word_1_90' title='bbox 940 1379 1177 1435; x_wconf 84' lang='lat' dir='ltr'><strong>insolitis</strong></span> <span class='ocrx_word' id='word_1_91' title='bbox 1209 1380 1527 1437; x_wconf 85' lang='lat' dir='ltr'><strong>visionibus</strong></span> <span class='ocrx_word' id='word_1_92' title='bbox 1563 1396 1930 1451; x_wconf 84' lang='lat' dir='ltr'><strong>cxpavescas,</strong></span> 
     </span>
    </p>
   </div>
   <div class='ocr_carea' id='block_1_15' title="bbox 239 1466 1935 1538">
    <p class='ocr_par' dir='ltr' id='par_1_15' title="bbox 239 1466 1935 1538">
     <span class='ocr_line' id='line_1_15' title="bbox 239 1466 1935 1538; baseline 0.004 -17"><span class='ocrx_word' id='word_1_93' title='bbox 239 1466 549 1536; x_wconf 90' lang='lat' dir='ltr'><strong>beatasque</strong></span> <span class='ocrx_word' id='word_1_94' title='bbox 605 1466 787 1521; x_wconf 89' lang='lat' dir='ltr'><strong>sancti</strong></span> <span class='ocrx_word' id='word_1_95' title='bbox 843 1466 1091 1521; x_wconf 84' lang='lat' dir='ltr'><strong>hominis</strong></span> <span class='ocrx_word' id='word_1_96' title='bbox 1166 1467 1436 1522; x_wconf 86' lang='lat' dir='ltr'><strong>tortienes</strong></span> <span class='ocrx_word' id='word_1_97' title='bbox 1494 1477 1790 1538; x_wconf 87' lang='lat' dir='ltr'><strong>gratanter</strong></span> <span class='ocrx_word' id='word_1_98' title='bbox 1843 1480 1935 1527; x_wconf 89' lang='lat' dir='ltr'><strong>at-</strong></span> 
     </span>
    </p>
   </div>
   <div class='ocr_carea' id='block_1_16' title="bbox 239 1552 1937 1626">
    <p class='ocr_par' dir='ltr' id='par_1_16' title="bbox 239 1552 1937 1626">
     <span class='ocr_line' id='line_1_16' title="bbox 239 1552 1937 1626; baseline 0.003 -18"><span class='ocrx_word' id='word_1_99' title='bbox 239 1553 425 1620; x_wconf 87' lang='lat' dir='ltr'><strong>tende,</strong></span> <span class='ocrx_word' id='word_1_100' title='bbox 482 1552 795 1622; x_wconf 74' lang='lat' dir='ltr'><strong>praesertim</strong></span> <span class='ocrx_word' id='word_1_101' title='bbox 851 1566 982 1608; x_wconf 83' lang='lat' dir='ltr'><strong>cum</strong></span> <span class='ocrx_word' id='word_1_102' title='bbox 1030 1567 1163 1608; x_wconf 91' lang='lat' dir='ltr'><strong>eum</strong></span> <span class='ocrx_word' id='word_1_103' title='bbox 1208 1560 1348 1608; x_wconf 90' lang='lat' dir='ltr'><strong>tunc</strong></span> <span class='ocrx_word' id='word_1_104' title='bbox 1389 1554 1574 1610; x_wconf 86' lang='lat' dir='ltr'><strong>virtus</strong></span> <span class='ocrx_word' id='word_1_105' title='bbox 1621 1558 1937 1626; x_wconf 89' lang='lat' dir='ltr'><strong>spiritualis</strong></span> 
     </span>
    </p>
   </div>
   <div class='ocr_carea' id='block_1_17' title="bbox 240 1639 1937 1710">
    <p class='ocr_par' dir='ltr' id='par_1_17' title="bbox 240 1639 1937 1710">
     <span class='ocr_line' id='line_1_17' title="bbox 240 1639 1937 1710; baseline 0.002 -15"><span class='ocrx_word' id='word_1_106' title='bbox 240 1639 504 1696; x_wconf 86' lang='lat' dir='ltr'><strong>instituat</strong></span> <span class='ocrx_word' id='word_1_107' title='bbox 557 1653 731 1710; x_wconf 90' lang='lat' dir='ltr'><strong>super</strong></span> <span class='ocrx_word' id='word_1_108' title='bbox 790 1639 877 1695; x_wconf 93' lang='lat' dir='ltr'><strong>bis</strong></span> <span class='ocrx_word' id='word_1_109' title='bbox 929 1639 1201 1694; x_wconf 90' lang='lat' dir='ltr'><strong>omnibus</strong></span> <span class='ocrx_word' id='word_1_110' title='bbox 1247 1655 1379 1709; x_wconf 73' lang='lat' dir='ltr'><strong>quze</strong></span> <span class='ocrx_word' id='word_1_111' title='bbox 1422 1641 1555 1696; x_wconf 89' lang='lat' dir='ltr'><strong>sciri</strong></span> <span class='ocrx_word' id='word_1_112' title='bbox 1603 1651 1657 1698; x_wconf 92' lang='lat' dir='ltr'><strong>et</strong></span> <span class='ocrx_word' id='word_1_113' title='bbox 1705 1642 1827 1699; x_wconf 80' lang='lat' dir='ltr'><strong>ﬁeri</strong></span> <span class='ocrx_word' id='word_1_114' title='bbox 1877 1643 1937 1700; x_wconf 90' lang='lat' dir='ltr'><strong>in</strong></span> 
     </span>
    </p>
   </div>
   <div class='ocr_carea' id='block_1_18' title="bbox 238 1727 1938 1798">
    <p class='ocr_par' dir='ltr' id='par_1_18' title="bbox 238 1727 1938 1798">
     <span class='ocr_line' id='line_1_18' title="bbox 238 1727 1938 1798; baseline 0.002 -14"><span class='ocrx_word' id='word_1_115' title='bbox 238 1728 508 1784; x_wconf 90' lang='lat' dir='ltr'><strong>futurum</strong></span> <span class='ocrx_word' id='word_1_116' title='bbox 539 1743 574 1783; x_wconf 92' lang='lat' dir='ltr'><strong>a</strong></span> <span class='ocrx_word' id='word_1_117' title='bbox 603 1728 764 1784; x_wconf 86' lang='lat' dir='ltr'><strong>vobis</strong></span> <span class='ocrx_word' id='word_1_118' title='bbox 786 1727 1076 1798; x_wconf 79' lang='lat' dir='ltr'><strong>expediat.</strong></span> <span class='ocrx_word' id='word_1_119' title='bbox 1107 1749 1126 1776; x_wconf 77' lang='grc' dir='ltr'><strong><em>ι</em></strong></span> <span class='ocrx_word' id='word_1_120' title='bbox 1174 1727 1275 1784; x_wconf 82' lang='lat' dir='ltr'><strong>His</strong></span> <span class='ocrx_word' id='word_1_121' title='bbox 1327 1728 1569 1786; x_wconf 89' lang='lat' dir='ltr'><strong>feminea</strong></span> <span class='ocrx_word' id='word_1_122' title='bbox 1613 1731 1811 1786; x_wconf 85' lang='lat' dir='ltr'><strong>levitas</strong></span> <span class='ocrx_word' id='word_1_123' title='bbox 1844 1747 1938 1787; x_wconf 91' lang='lat' dir='ltr'><strong>re-</strong></span> 
     </span>
    </p>
   </div>
   <div class='ocr_carea' id='block_1_19' title="bbox 2039 588 3736 659">
    <p class='ocr_par' dir='ltr' id='par_1_19' title="bbox 2039 588 3736 659">
     <span class='ocr_line' id='line_1_19' title="bbox 2039 588 3736 659; baseline 0 -15"><span class='ocrx_word' id='word_1_124' title='bbox 2039 597 2244 654; x_wconf 77' lang='lat' dir='ltr'><strong>tuerat,</strong></span> <span class='ocrx_word' id='word_1_125' title='bbox 2275 588 2527 644; x_wconf 89' lang='lat' dir='ltr'><strong>crudelis</strong></span> <span class='ocrx_word' id='word_1_126' title='bbox 2581 595 2822 647; x_wconf 87' lang='lat' dir='ltr'><strong>vocatur</strong></span> <span class='ocrx_word' id='word_1_127' title='bbox 2878 588 3180 644; x_wconf 90' lang='lat' dir='ltr'><strong>acerbitas.</strong></span> <span class='ocrx_word' id='word_1_128' title='bbox 3236 589 3308 644; x_wconf 79' lang='lat' dir='ltr'><strong>At</strong></span> <span class='ocrx_word' id='word_1_129' title='bbox 3361 597 3736 659; x_wconf 64' lang='lat' dir='ltr'><strong>praeceptum,</strong></span> 
     </span>
    </p>
   </div>
   <div class='ocr_carea' id='block_1_20' title="bbox 2037 675 3747 747">
    <p class='ocr_par' dir='ltr' id='par_1_20' title="bbox 2037 675 3747 747">
     <span class='ocr_line' id='line_1_20' title="bbox 2037 675 3747 747; baseline -0.001 -15"><span class='ocrx_word' id='word_1_130' title='bbox 2037 677 2191 746; x_wconf 86' lang='lat' dir='ltr'><strong>quod</strong></span> <span class='ocrx_word' id='word_1_131' title='bbox 2249 689 2424 732; x_wconf 81' lang='lat' dir='ltr'><strong>vacca</strong></span> <span class='ocrx_word' id='word_1_132' title='bbox 2479 675 2705 743; x_wconf 90' lang='lat' dir='ltr'><strong>detulit,</strong></span> <span class='ocrx_word' id='word_1_133' title='bbox 2765 675 3032 747; x_wconf 83' lang='lat' dir='ltr'><strong>generale</strong></span> <span class='ocrx_word' id='word_1_134' title='bbox 3098 677 3442 746; x_wconf 84' lang='lat' dir='ltr'><strong>appellatur,</strong></span> <span class='ocrx_word' id='word_1_135' title='bbox 3504 685 3560 732; x_wconf 92' lang='lat' dir='ltr'><strong>et</strong></span> <span class='ocrx_word' id='word_1_136' title='bbox 3620 677 3747 746; x_wconf 91' lang='lat' dir='ltr'><strong>ipsa</strong></span> 
     </span>
    </p>
   </div>
   <div class='ocr_carea' id='block_1_21' title="bbox 2037 763 3747 834">
    <p class='ocr_par' dir='ltr' id='par_1_21' title="bbox 2037 763 3747 834">
     <span class='ocr_line' id='line_1_21' title="bbox 2037 763 3747 834; baseline -0.002 -13"><span class='ocrx_word' id='word_1_137' title='bbox 2037 765 2224 821; x_wconf 92' lang='lat' dir='ltr'><strong>solum</strong></span> <span class='ocrx_word' id='word_1_138' title='bbox 2253 779 2287 820; x_wconf 90' lang='lat' dir='ltr'><strong>a</strong></span> <span class='ocrx_word' id='word_1_139' title='bbox 2321 765 2436 821; x_wconf 92' lang='lat' dir='ltr'><strong>Deo</strong></span> <span class='ocrx_word' id='word_1_140' title='bbox 2477 763 2876 821; x_wconf 89' lang='lat' dir='ltr'><strong>commendata</strong></span> <span class='ocrx_word' id='word_1_141' title='bbox 2907 764 3158 820; x_wconf 90' lang='lat' dir='ltr'><strong>libertas.</strong></span> <span class='ocrx_word' id='word_1_142' title='bbox 3195 764 3320 820; x_wconf 84' lang='lat' dir='ltr'><strong>Non</strong></span> <span class='ocrx_word' id='word_1_143' title='bbox 3369 765 3545 834; x_wconf 74' lang='lat' dir='ltr'><strong>Moysi</strong></span> <span class='ocrx_word' id='word_1_144' title='bbox 3596 764 3747 819; x_wconf 84' lang='lat' dir='ltr'><strong>anti-</strong></span> 
     </span>
    </p>
   </div>
   <div class='ocr_carea' id='block_1_22' title="bbox 2039 851 3737 923">
    <p class='ocr_par' dir='ltr' id='par_1_22' title="bbox 2039 851 3737 923">
     <span class='ocr_line' id='line_1_22' title="bbox 2039 851 3737 923; baseline -0.002 -15"><span class='ocrx_word' id='word_1_145' title='bbox 2039 853 2250 923; x_wconf 91' lang='lat' dir='ltr'><strong>quitas,</strong></span> <span class='ocrx_word' id='word_1_146' title='bbox 2297 867 2410 908; x_wconf 89' lang='lat' dir='ltr'><strong>non</strong></span> <span class='ocrx_word' id='word_1_147' title='bbox 2457 853 2740 908; x_wconf 84' lang='lat' dir='ltr'><strong>catholica</strong></span> <span class='ocrx_word' id='word_1_148' title='bbox 2792 853 3019 908; x_wconf 90' lang='lat' dir='ltr'><strong>novitas</strong></span> <span class='ocrx_word' id='word_1_149' title='bbox 3063 861 3388 921; x_wconf 87' lang='lat' dir='ltr'><strong>reputatur.</strong></span> <span class='ocrx_word' id='word_1_150' title='bbox 3439 851 3737 922; x_wconf 86' lang='lat' dir='ltr'><strong>Quidquid</strong></span> 
     </span>
    </p>
   </div>
   <div class='ocr_carea' id='block_1_23' title="bbox 2040 940 3744 1011">
    <p class='ocr_par' dir='ltr' id='par_1_23' title="bbox 2040 940 3744 1011">
     <span class='ocr_line' id='line_1_23' title="bbox 2040 940 3744 1011; baseline -0.001 -15"><span class='ocrx_word' id='word_1_151' title='bbox 2040 950 2172 996; x_wconf 90' lang='lat' dir='ltr'><strong>aute</strong></span> <span class='ocrx_word' id='word_1_152' title='bbox 2204 941 2406 1010; x_wconf 87' lang='lat' dir='ltr'><strong>legem,</strong></span> <span class='ocrx_word' id='word_1_153' title='bbox 2438 941 2548 998; x_wconf 90' lang='lat' dir='ltr'><strong>sub</strong></span> <span class='ocrx_word' id='word_1_154' title='bbox 2579 941 2719 1010; x_wconf 68' lang='lat' dir='ltr'><strong>lege,</strong></span> <span class='ocrx_word' id='word_1_155' title='bbox 2767 941 3052 1011; x_wconf 82' lang='lat' dir='ltr'><strong>quidquid</strong></span> <span class='ocrx_word' id='word_1_156' title='bbox 3085 942 3197 997; x_wconf 87' lang='lat' dir='ltr'><strong>sub</strong></span> <span class='ocrx_word' id='word_1_157' title='bbox 3227 941 3433 1011; x_wconf 90' lang='lat' dir='ltr'><strong>gratia,</strong></span> <span class='ocrx_word' id='word_1_158' title='bbox 3486 940 3744 1010; x_wconf 87' lang='lat' dir='ltr'><strong>inexpia-</strong></span> 
     </span>
    </p>
   </div>
   <div class='ocr_carea' id='block_1_24' title="bbox 2041 1026 3740 1097">
    <p class='ocr_par' dir='ltr' id='par_1_24' title="bbox 2041 1026 3740 1097">
     <span class='ocr_line' id='line_1_24' title="bbox 2041 1026 3740 1097; baseline -0.001 -13"><span class='ocrx_word' id='word_1_159' title='bbox 2041 1029 2140 1084; x_wconf 90' lang='lat' dir='ltr'><strong>bili</strong></span> <span class='ocrx_word' id='word_1_160' title='bbox 2185 1027 2428 1084; x_wconf 81' lang='lat' dir='ltr'><strong>falsitate</strong></span> <span class='ocrx_word' id='word_1_161' title='bbox 2481 1035 2734 1094; x_wconf 91' lang='lat' dir='ltr'><strong>notatur,</strong></span> <span class='ocrx_word' id='word_1_162' title='bbox 2767 1039 2840 1094; x_wconf 87' lang='lat' dir='ltr'><strong>et,</strong></span> <span class='ocrx_word' id='word_1_163' title='bbox 2905 1035 2967 1082; x_wconf 90' lang='lat' dir='ltr'><strong>ut</strong></span> <span class='ocrx_word' id='word_1_164' title='bbox 2996 1026 3214 1096; x_wconf 90' lang='lat' dir='ltr'><strong>psalmo</strong></span> <span class='ocrx_word' id='word_1_165' title='bbox 3247 1029 3440 1082; x_wconf 89' lang='lat' dir='ltr'><strong>minus</strong></span> <span class='ocrx_word' id='word_1_166' title='bbox 3484 1040 3740 1097; x_wconf 86' lang='lat' dir='ltr'><strong>congrue</strong></span> 
     </span>
    </p>
   </div>
   <div class='ocr_carea' id='block_1_25' title="bbox 2041 1115 3738 1186">
    <p class='ocr_par' dir='ltr' id='par_1_25' title="bbox 2041 1115 3738 1186">
     <span class='ocr_line' id='line_1_25' title="bbox 2041 1115 3738 1186; baseline -0.002 -13"><span class='ocrx_word' id='word_1_167' title='bbox 2041 1125 2192 1183; x_wconf 90' lang='lat' dir='ltr'><strong>utar,</strong></span> <span class='ocrx_word' id='word_1_168' title='bbox 2226 1117 2407 1174; x_wconf 90' lang='lat' dir='ltr'><strong>Deum</strong></span> <span class='ocrx_word' id='word_1_169' title='bbox 2459 1131 2572 1171; x_wconf 88' lang='lat' dir='ltr'><strong>non</strong></span> <span class='ocrx_word' id='word_1_170' title='bbox 2619 1116 2814 1172; x_wconf 89' lang='lat' dir='ltr'><strong>fecisse</strong></span> <span class='ocrx_word' id='word_1_171' title='bbox 2859 1115 3052 1171; x_wconf 87' lang='lat' dir='ltr'><strong>taliter</strong></span> <span class='ocrx_word' id='word_1_172' title='bbox 3081 1117 3240 1171; x_wconf 91' lang='lat' dir='ltr'><strong>omni</strong></span> <span class='ocrx_word' id='word_1_173' title='bbox 3280 1115 3521 1182; x_wconf 87' lang='lat' dir='ltr'><strong>nationi,</strong></span> <span class='ocrx_word' id='word_1_174' title='bbox 3557 1125 3612 1172; x_wconf 84' lang='lat' dir='ltr'><strong>et</strong></span> <span class='ocrx_word' id='word_1_175' title='bbox 3639 1116 3738 1186; x_wconf 86' lang='lat' dir='ltr'><strong>ju-</strong></span> 
     </span>
    </p>
   </div>
   <div class='ocr_carea' id='block_1_26' title="bbox 2041 1203 3735 1261">
    <p class='ocr_par' dir='ltr' id='par_1_26' title="bbox 2041 1203 3735 1261">
     <span class='ocr_line' id='line_1_26' title="bbox 2041 1203 3735 1261; baseline -0.001 0"><span class='ocrx_word' id='word_1_176' title='bbox 2041 1205 2189 1261; x_wconf 89' lang='lat' dir='ltr'><strong>dicia</strong></span> <span class='ocrx_word' id='word_1_177' title='bbox 2226 1219 2333 1260; x_wconf 91' lang='lat' dir='ltr'><strong>sua</strong></span> <span class='ocrx_word' id='word_1_178' title='bbox 2377 1204 2523 1260; x_wconf 91' lang='lat' dir='ltr'><strong>nulli</strong></span> <span class='ocrx_word' id='word_1_179' title='bbox 2574 1217 2609 1259; x_wconf 89' lang='lat' dir='ltr'><strong>a</strong></span> <span class='ocrx_word' id='word_1_180' title='bbox 2653 1205 2862 1260; x_wconf 69' lang='lat' dir='ltr'><strong>saeculo</strong></span> <span class='ocrx_word' id='word_1_181' title='bbox 2910 1203 3005 1259; x_wconf 89' lang='lat' dir='ltr'><strong>alii</strong></span> <span class='ocrx_word' id='word_1_182' title='bbox 3037 1204 3431 1259; x_wconf 89' lang='lat' dir='ltr'><strong>manifestasse</strong></span> <span class='ocrx_word' id='word_1_183' title='bbox 3460 1211 3735 1260; x_wconf 84' lang='lat' dir='ltr'><strong>cantatur</strong></span> 
     </span>
    </p>
   </div>
   <div class='ocr_carea' id='block_1_27' title="bbox 2044 1289 3735 1361">
    <p class='ocr_par' dir='ltr' id='par_1_27' title="bbox 2044 1289 3735 1361">
     <span class='ocr_line' id='line_1_27' title="bbox 2044 1289 3735 1361; baseline 0.001 -17"><span class='ocrx_word' id='word_1_184' title='bbox 2044 1290 2230 1358; x_wconf 70' lang='lat' dir='ltr'><strong>(Psal.</strong></span> <span class='ocrx_word' id='word_1_185' title='bbox 2280 1307 2486 1354; x_wconf 79' lang='lat' dir='ltr'><strong>chvu,</strong></span> <span class='ocrx_word' id='word_1_186' title='bbox 2535 1291 2646 1361; x_wconf 79' lang='lat'><strong>20).</strong></span> <span class='ocrx_word' id='word_1_187' title='bbox 2705 1291 2993 1347; x_wconf 86' lang='lat' dir='ltr'><strong>Profusior</strong></span> <span class='ocrx_word' id='word_1_188' title='bbox 3039 1292 3298 1347; x_wconf 89' lang='lat' dir='ltr'><strong>libidinis</strong></span> <span class='ocrx_word' id='word_1_189' title='bbox 3356 1289 3735 1360; x_wconf 58' lang='lat' dir='ltr'><strong>adimplenda;</strong></span> 
     </span>
    </p>
   </div>
   <div class='ocr_carea' id='block_1_28' title="bbox 2044 1378 3738 1449">
    <p class='ocr_par' dir='ltr' id='par_1_28' title="bbox 2044 1378 3738 1449">
     <span class='ocr_line' id='line_1_28' title="bbox 2044 1378 3738 1449; baseline -0.001 -15"><span class='ocrx_word' id='word_1_190' title='bbox 2044 1378 2305 1446; x_wconf 75' lang='lat' dir='ltr'><strong>facultas,</strong></span> <span class='ocrx_word' id='word_1_191' title='bbox 2360 1388 2415 1434; x_wconf 92' lang='lat' dir='ltr'><strong>et</strong></span> <span class='ocrx_word' id='word_1_192' title='bbox 2463 1379 2754 1434; x_wconf 88' lang='lat' dir='ltr'><strong>bestialem</strong></span> <span class='ocrx_word' id='word_1_193' title='bbox 2806 1384 2951 1432; x_wconf 72' lang='lat' dir='ltr'><strong>8N</strong></span> <span class='ocrx_word' id='word_1_194' title='bbox 3006 1379 3127 1449; x_wconf 88' lang='lat' dir='ltr'><strong>jam</strong></span> <span class='ocrx_word' id='word_1_195' title='bbox 3173 1393 3458 1448; x_wconf 87' lang='lat' dir='ltr'><strong>superans</strong></span> <span class='ocrx_word' id='word_1_196' title='bbox 3523 1378 3738 1446; x_wconf 90' lang='lat' dir='ltr'><strong>appeti-</strong></span> 
     </span>
    </p>
   </div>
   <div class='ocr_carea' id='block_1_29' title="bbox 2043 1467 3739 1538">
    <p class='ocr_par' dir='ltr' id='par_1_29' title="bbox 2043 1467 3739 1538">
     <span class='ocr_line' id='line_1_29' title="bbox 2043 1467 3739 1538; baseline -0.002 -15"><span class='ocrx_word' id='word_1_197' title='bbox 2043 1475 2187 1534; x_wconf 85' lang='lat' dir='ltr'><strong>tum,</strong></span> <span class='ocrx_word' id='word_1_198' title='bbox 2245 1483 2356 1523; x_wconf 91' lang='lat' dir='ltr'><strong>non</strong></span> <span class='ocrx_word' id='word_1_199' title='bbox 2410 1467 2814 1538; x_wconf 89' lang='lat' dir='ltr'><strong>conjugiorum</strong></span> <span class='ocrx_word' id='word_1_200' title='bbox 2863 1467 3006 1535; x_wconf 90' lang='lat' dir='ltr'><strong>jam,</strong></span> <span class='ocrx_word' id='word_1_201' title='bbox 3044 1468 3141 1522; x_wconf 88' lang='lat' dir='ltr'><strong>sed</strong></span> <span class='ocrx_word' id='word_1_202' title='bbox 3176 1476 3496 1522; x_wconf 87' lang='lat' dir='ltr'><strong>scortorum</strong></span> <span class='ocrx_word' id='word_1_203' title='bbox 3542 1481 3739 1520; x_wconf 89' lang='lat' dir='ltr'><strong>nume-</strong></span> 
     </span>
    </p>
   </div>
   <div class='ocr_carea' id='block_1_30' title="bbox 2046 1553 3736 1625">
    <p class='ocr_par' dir='ltr' id='par_1_30' title="bbox 2046 1553 3736 1625">
     <span class='ocr_line' id='line_1_30' title="bbox 2046 1553 3736 1625; baseline -0.001 -15"><span class='ocrx_word' id='word_1_204' title='bbox 2046 1553 2274 1612; x_wconf 81' lang='lat' dir='ltr'><strong>rositate</strong></span> <span class='ocrx_word' id='word_1_205' title='bbox 2318 1557 2601 1625; x_wconf 88' lang='lat' dir='ltr'><strong>voluptas,</strong></span> <span class='ocrx_word' id='word_1_206' title='bbox 2660 1554 3145 1624; x_wconf 85' lang='lat' dir='ltr'><strong>procreandorum</strong></span> <span class='ocrx_word' id='word_1_207' title='bbox 3192 1555 3503 1610; x_wconf 89' lang='lat' dir='ltr'><strong>liberorum</strong></span> <span class='ocrx_word' id='word_1_208' title='bbox 3535 1567 3736 1622; x_wconf 90' lang='lat' dir='ltr'><strong>super-</strong></span> 
     </span>
    </p>
   </div>
   <div class='ocr_carea' id='block_1_31' title="bbox 2050 1641 3740 1714">
    <p class='ocr_par' dir='ltr' id='par_1_31' title="bbox 2050 1641 3740 1714">
     <span class='ocr_line' id='line_1_31' title="bbox 2050 1641 3740 1714; baseline -0.001 -16"><span class='ocrx_word' id='word_1_209' title='bbox 2050 1643 2171 1698; x_wconf 87' lang='lat' dir='ltr'><strong>ficie</strong></span> <span class='ocrx_word' id='word_1_210' title='bbox 2213 1643 2501 1714; x_wconf 89' lang='lat' dir='ltr'><strong>palliatur.</strong></span> <span class='ocrx_word' id='word_1_211' title='bbox 2545 1644 2673 1708; x_wconf 89' lang='lat' dir='ltr'><strong>Sed,</strong></span> <span class='ocrx_word' id='word_1_212' title='bbox 2718 1643 2858 1698; x_wconf 91' lang='lat' dir='ltr'><strong>dum</strong></span> <span class='ocrx_word' id='word_1_213' title='bbox 2905 1643 2961 1697; x_wconf 91' lang='lat' dir='ltr'><strong>in</strong></span> <span class='ocrx_word' id='word_1_214' title='bbox 3012 1643 3100 1697; x_wconf 89' lang='lat' dir='ltr'><strong>his</strong></span> <span class='ocrx_word' id='word_1_215' title='bbox 3126 1657 3258 1712; x_wconf 72' lang='lat' dir='ltr'><strong>quae</strong></span> <span class='ocrx_word' id='word_1_216' title='bbox 3309 1642 3472 1712; x_wconf 85' lang='lat' dir='ltr'><strong>quasi</strong></span> <span class='ocrx_word' id='word_1_217' title='bbox 3512 1641 3740 1697; x_wconf 90' lang='lat' dir='ltr'><strong>usualia</strong></span> 
     </span>
    </p>
   </div>
   <div class='ocr_carea' id='block_1_32' title="bbox 2046 1730 3741 1802">
    <p class='ocr_par' dir='ltr' id='par_1_32' title="bbox 2046 1730 3741 1802">
     <span class='ocr_line' id='line_1_32' title="bbox 2046 1730 3741 1802; baseline -0.002 -14"><span class='ocrx_word' id='word_1_218' title='bbox 2046 1740 2201 1798; x_wconf 88' lang='lat' dir='ltr'><strong>sunt,</strong></span> <span class='ocrx_word' id='word_1_219' title='bbox 2235 1745 2605 1802; x_wconf 86' lang='lat' dir='ltr'><strong>nequaquam</strong></span> <span class='ocrx_word' id='word_1_220' title='bbox 2652 1731 2851 1786; x_wconf 86' lang='lat' dir='ltr'><strong>ﬂuxus</strong></span> <span class='ocrx_word' id='word_1_221' title='bbox 2882 1738 3105 1786; x_wconf 74' lang='lat' dir='ltr'><strong>naturze</strong></span> <span class='ocrx_word' id='word_1_222' title='bbox 3137 1730 3523 1799; x_wconf 83' lang='lat' dir='ltr'><strong>restringitur,</strong></span> <span class='ocrx_word' id='word_1_223' title='bbox 3555 1743 3741 1799; x_wconf 89' lang='lat' dir='ltr'><strong>usque</strong></span> 
     </span>
    </p>
   </div>
   <div class='ocr_carea' id='block_1_33' title="bbox 239 1792 3742 1889">
    <p class='ocr_par' dir='ltr' id='par_1_33' title="bbox 239 1792 3742 1889">
     <span class='ocr_line' id='line_1_33' title="bbox 239 1792 3742 1889; baseline 0 -17"><span class='ocrx_word' id='word_1_224' title='bbox 239 1816 426 1872; x_wconf 91' lang='lat' dir='ltr'><strong>levata</strong></span> <span class='ocrx_word' id='word_1_225' title='bbox 450 1816 836 1881; x_wconf 88' lang='lat' dir='ltr'><strong>sermonibus,</strong></span> <span class='ocrx_word' id='word_1_226' title='bbox 881 1823 1061 1871; x_wconf 92' lang='lat' dir='ltr'><strong>totum</strong></span> <span class='ocrx_word' id='word_1_227' title='bbox 1097 1815 1216 1886; x_wconf 91' lang='lat' dir='ltr'><strong>jam</strong></span> <span class='ocrx_word' id='word_1_228' title='bbox 1269 1831 1384 1872; x_wconf 92' lang='lat' dir='ltr'><strong>non</strong></span> <span class='ocrx_word' id='word_1_229' title='bbox 1419 1817 1590 1874; x_wconf 89' lang='lat' dir='ltr'><strong>modo</strong></span> <span class='ocrx_word' id='word_1_230' title='bbox 1623 1819 1932 1887; x_wconf 87' lang='lat' dir='ltr'><strong>tolerabile,</strong></span> <span class='ocrx_word' id='word_1_231' title='bbox 1975 1792 2020 1848; x_wconf 74' lang='grc' dir='ltr'>Β</span> <span class='ocrx_word' id='word_1_232' title='bbox 2047 1820 2120 1875; x_wconf 90' lang='lat' dir='ltr'><strong>ad</strong></span> <span class='ocrx_word' id='word_1_233' title='bbox 2148 1833 2215 1875; x_wconf 91' lang='lat' dir='ltr'><strong>ea</strong></span> <span class='ocrx_word' id='word_1_234' title='bbox 2251 1792 2383 1889; x_wconf 72' lang='lat' dir='ltr'><strong>quae</strong></span> <span class='ocrx_word' id='word_1_235' title='bbox 2425 1792 2540 1874; x_wconf 77' lang='lat' dir='ltr'><strong>non</strong></span> <span class='ocrx_word' id='word_1_236' title='bbox 2588 1819 2963 1884; x_wconf 91' lang='lat' dir='ltr'><strong>conveniunt,</strong></span> <span class='ocrx_word' id='word_1_237' title='bbox 3013 1832 3118 1873; x_wconf 91' lang='lat' dir='ltr'><strong>nec</strong></span> <span class='ocrx_word' id='word_1_238' title='bbox 3151 1816 3435 1872; x_wconf 90' lang='lat' dir='ltr'><strong>nominari</strong></span> <span class='ocrx_word' id='word_1_239' title='bbox 3484 1819 3542 1872; x_wconf 90' lang='lat' dir='ltr'><strong>in</strong></span> <span class='ocrx_word' id='word_1_240' title='bbox 3573 1817 3742 1872; x_wconf 89' lang='lat' dir='ltr'><strong>nobis</strong></span> 
     </span>
    </p>
   </div>
   <div class='ocr_carea' id='block_1_34' title="bbox 239 1905 1934 1978">
    <p class='ocr_par' dir='ltr' id='par_1_34' title="bbox 239 1905 1934 1978">
     <span class='ocr_line' id='line_1_34' title="bbox 239 1905 1934 1978; baseline 0.003 -19"><span class='ocrx_word' id='word_1_241' title='bbox 239 1905 335 1959; x_wconf 91' lang='lat' dir='ltr'><strong>sed</strong></span> <span class='ocrx_word' id='word_1_242' title='bbox 382 1905 554 1960; x_wconf 89' lang='lat' dir='ltr'><strong>etiam</strong></span> <span class='ocrx_word' id='word_1_243' title='bbox 598 1911 1028 1959; x_wconf 88' lang='lat' dir='ltr'><strong>sacrosanctum</strong></span> <span class='ocrx_word' id='word_1_244' title='bbox 1071 1911 1126 1959; x_wconf 93' lang='lat' dir='ltr'><strong>et</strong></span> <span class='ocrx_word' id='word_1_245' title='bbox 1171 1905 1476 1973; x_wconf 88' lang='lat' dir='ltr'><strong>spectabile</strong></span> <span class='ocrx_word' id='word_1_246' title='bbox 1519 1907 1934 1978; x_wconf 87' lang='lat' dir='ltr'><strong>arbitrabatur,</strong></span> 
     </span>
    </p>
   </div>
   <div class='ocr_carea' id='block_1_35' title="bbox 240 1991 1932 2065">
    <p class='ocr_par' dir='ltr' id='par_1_35' title="bbox 240 1991 1932 2065">
     <span class='ocr_line' id='line_1_35' title="bbox 240 1991 1932 2065; baseline 0.002 -17"><span class='ocrx_word' id='word_1_247' title='bbox 240 1992 527 2062; x_wconf 87' lang='lat' dir='ltr'><strong>quidquid</strong></span> <span class='ocrx_word' id='word_1_248' title='bbox 580 1992 740 2062; x_wconf 92' lang='lat' dir='ltr'><strong>prius</strong></span> <span class='ocrx_word' id='word_1_249' title='bbox 788 1991 1000 2048; x_wconf 77' lang='lat' dir='ltr'><strong>fmdum</strong></span> <span class='ocrx_word' id='word_1_250' title='bbox 1053 2006 1121 2047; x_wconf 90' lang='lat' dir='ltr'><strong>ac</strong></span> <span class='ocrx_word' id='word_1_251' title='bbox 1178 1993 1522 2062; x_wconf 88' lang='lat' dir='ltr'><strong>despicabile</strong></span> <span class='ocrx_word' id='word_1_252' title='bbox 1597 1997 1932 2065; x_wconf 90' lang='lat' dir='ltr'><strong>putabatur.</strong></span> 
     </span>
    </p>
   </div>
   <div class='ocr_carea' id='block_1_36' title="bbox 238 2081 1933 2154">
    <p class='ocr_par' dir='ltr' id='par_1_36' title="bbox 238 2081 1933 2154">
     <span class='ocr_line' id='line_1_36' title="bbox 238 2081 1933 2154; baseline 0.003 -17"><span class='ocrx_word' id='word_1_253' title='bbox 238 2081 460 2137; x_wconf 87' lang='lat' dir='ltr'><strong>Interea</strong></span> <span class='ocrx_word' id='word_1_254' title='bbox 509 2094 609 2150; x_wconf 91' lang='lat' dir='ltr'><strong>per</strong></span> <span class='ocrx_word' id='word_1_255' title='bbox 665 2081 997 2137; x_wconf 78' lang='lat' dir='ltr'><strong>bzereticum</strong></span> <span class='ocrx_word' id='word_1_256' title='bbox 1048 2084 1344 2138; x_wconf 89' lang='lat' dir='ltr'><strong>eremitam</strong></span> <span class='ocrx_word' id='word_1_257' title='bbox 1403 2083 1474 2139; x_wconf 89' lang='lat' dir='ltr'><strong>ad</strong></span> <span class='ocrx_word' id='word_1_258' title='bbox 1537 2085 1776 2154; x_wconf 86' lang='lat' dir='ltr'><strong>profana</strong></span> <span class='ocrx_word' id='word_1_259' title='bbox 1831 2086 1933 2142; x_wconf 87' lang='lat' dir='ltr'><strong>do-</strong></span> 
     </span>
    </p>
   </div>
   <div class='ocr_carea' id='block_1_37' title="bbox 235 2167 1933 2244">
    <p class='ocr_par' dir='ltr' id='par_1_37' title="bbox 235 2167 1933 2244">
     <span class='ocr_line' id='line_1_37' title="bbox 235 2167 1933 2244; baseline 0.005 -22"><span class='ocrx_word' id='word_1_260' title='bbox 235 2177 431 2238; x_wconf 87' lang='lat' dir='ltr'><strong>gmata</strong></span> <span class='ocrx_word' id='word_1_261' title='bbox 459 2167 574 2235; x_wconf 89' lang='lat' dir='ltr'><strong>ille,</strong></span> <span class='ocrx_word' id='word_1_262' title='bbox 597 2168 810 2224; x_wconf 89' lang='lat' dir='ltr'><strong>diaboli</strong></span> <span class='ocrx_word' id='word_1_263' title='bbox 847 2168 1058 2236; x_wconf 84' lang='lat' dir='ltr'><strong>ﬁstula,</strong></span> <span class='ocrx_word' id='word_1_264' title='bbox 1086 2169 1472 2233; x_wconf 88' lang='lat' dir='ltr'><strong>imbuebatur.</strong></span> <span class='ocrx_word' id='word_1_265' title='bbox 1503 2181 1558 2228; x_wconf 93' lang='lat' dir='ltr'><strong>et</strong></span> <span class='ocrx_word' id='word_1_266' title='bbox 1586 2173 1766 2242; x_wconf 89' lang='lat' dir='ltr'><strong>ipsius</strong></span> <span class='ocrx_word' id='word_1_267' title='bbox 1786 2188 1933 2244; x_wconf 91' lang='lat' dir='ltr'><strong>qua-</strong></span> 
     </span>
    </p>
   </div>
   <div class='ocr_carea' id='block_1_38' title="bbox 235 2258 1932 2330">
    <p class='ocr_par' dir='ltr' id='par_1_38' title="bbox 235 2258 1932 2330">
     <span class='ocr_line' id='line_1_38' title="bbox 235 2258 1932 2330; baseline 0.004 -19"><span class='ocrx_word' id='word_1_268' title='bbox 235 2270 352 2326; x_wconf 89' lang='lat' dir='ltr'><strong>qua</strong></span> <span class='ocrx_word' id='word_1_269' title='bbox 390 2271 622 2313; x_wconf 90' lang='lat' dir='ltr'><strong>versum</strong></span> <span class='ocrx_word' id='word_1_270' title='bbox 671 2266 963 2326; x_wconf 68' lang='lat' dir='ltr'><strong>praeeunte</strong></span> <span class='ocrx_word' id='word_1_271' title='bbox 1016 2258 1320 2326; x_wconf 66' lang='lat' dir='ltr'><strong>praeconio,</strong></span> <span class='ocrx_word' id='word_1_272' title='bbox 1367 2261 1647 2330; x_wconf 86' lang='lat' dir='ltr'><strong>propheta</strong></span> <span class='ocrx_word' id='word_1_273' title='bbox 1682 2262 1757 2317; x_wconf 89' lang='lat' dir='ltr'><strong>ab</strong></span> <span class='ocrx_word' id='word_1_274' title='bbox 1800 2263 1932 2318; x_wconf 91' lang='lat' dir='ltr'><strong>uni-</strong></span> 
     </span>
    </p>
   </div>
   <div class='ocr_carea' id='block_1_39' title="bbox 233 2344 720 2400">
    <p class='ocr_par' dir='ltr' id='par_1_39' title="bbox 233 2344 720 2400">
     <span class='ocr_line' id='line_1_39' title="bbox 233 2344 720 2400; baseline -0.006 0"><span class='ocrx_word' id='word_1_275' title='bbox 233 2347 416 2400; x_wconf 85' lang='lat' dir='ltr'><strong>versis</strong></span> <span class='ocrx_word' id='word_1_276' title='bbox 443 2344 720 2400; x_wconf 90' lang='lat' dir='ltr'><strong>creditur.</strong></span> 
     </span>
    </p>
   </div>
   <div class='ocr_carea' id='block_1_40' title="bbox 309 2431 1931 2508">
    <p class='ocr_par' dir='ltr' id='par_1_40' title="bbox 309 2431 1931 2508">
     <span class='ocr_line' id='line_1_40' title="bbox 309 2431 1931 2508; baseline 0.007 -24"><span class='ocrx_word' id='word_1_277' title='bbox 309 2433 431 2498; x_wconf 85' lang='lat' dir='ltr'><strong>Qua</strong></span> <span class='ocrx_word' id='word_1_278' title='bbox 443 2433 663 2486; x_wconf 72' lang='lat' dir='ltr'><strong>astutia</strong></span> <span class='ocrx_word' id='word_1_279' title='bbox 671 2433 791 2497; x_wconf 80' lang='lat' dir='ltr'><strong>fert</strong></span> <span class='ocrx_word' id='word_1_280' title='bbox 801 2432 1002 2503; x_wconf 85' lang='lat' dir='ltr'><strong>legem.</strong></span> <span class='ocrx_word' id='word_1_281' title='bbox 1017 2463 1086 2473; x_wconf 96' lang='lat'><strong><em>—</em></strong></span> <span class='ocrx_word' id='word_1_282' title='bbox 1097 2431 1278 2504; x_wconf 90' lang='lat' dir='ltr'><strong>Cumq</strong></span> <span class='ocrx_word' id='word_1_283' title='bbox 1289 2448 1360 2490; x_wconf 91' lang='lat' dir='ltr'><strong>ue</strong></span> <span class='ocrx_word' id='word_1_284' title='bbox 1366 2435 1486 2504; x_wconf 89' lang='lat' dir='ltr'><strong>jam</strong></span> <span class='ocrx_word' id='word_1_285' title='bbox 1501 2435 1667 2507; x_wconf 88' lang='lat' dir='ltr'><strong>longe</strong></span> <span class='ocrx_word' id='word_1_286' title='bbox 1683 2437 1931 2508; x_wconf 89' lang='lat' dir='ltr'><strong>lateque,</strong></span> 
     </span>
    </p>
   </div>
   <div class='ocr_carea' id='block_1_41' title="bbox 235 2517 1930 2595">
    <p class='ocr_par' dir='ltr' id='par_1_41' title="bbox 235 2517 1930 2595">
     <span class='ocr_line' id='line_1_41' title="bbox 235 2517 1930 2595; baseline 0.006 -22"><span class='ocrx_word' id='word_1_287' title='bbox 235 2517 294 2574; x_wconf 90' lang='lat' dir='ltr'><strong>in</strong></span> <span class='ocrx_word' id='word_1_288' title='bbox 324 2518 583 2576; x_wconf 89' lang='lat' dir='ltr'><strong>omnium</strong></span> <span class='ocrx_word' id='word_1_289' title='bbox 615 2520 983 2589; x_wconf 87' lang='lat' dir='ltr'><strong>opinionibus</strong></span> <span class='ocrx_word' id='word_1_290' title='bbox 1012 2521 1164 2577; x_wconf 91' lang='lat' dir='ltr'><strong>fama</strong></span> <span class='ocrx_word' id='word_1_291' title='bbox 1197 2522 1544 2591; x_wconf 82' lang='lat' dir='ltr'><strong>proficiente,</strong></span> <span class='ocrx_word' id='word_1_292' title='bbox 1579 2525 1930 2595; x_wconf 85' lang='lat' dir='ltr'><strong>claresceret,</strong></span> 
     </span>
    </p>
   </div>
   <div class='ocr_carea' id='block_1_42' title="bbox 233 2607 1933 2680">
    <p class='ocr_par' dir='ltr' id='par_1_42' title="bbox 233 2607 1933 2680">
     <span class='ocr_line' id='line_1_42' title="bbox 233 2607 1933 2680; baseline 0.006 -18"><span class='ocrx_word' id='word_1_293' title='bbox 233 2615 290 2662; x_wconf 93' lang='lat' dir='ltr'><strong>et</strong></span> <span class='ocrx_word' id='word_1_294' title='bbox 333 2607 456 2663; x_wconf 88' lang='lat' dir='ltr'><strong>suis</strong></span> <span class='ocrx_word' id='word_1_295' title='bbox 485 2607 843 2664; x_wconf 88' lang='lat' dir='ltr'><strong>documentis</strong></span> <span class='ocrx_word' id='word_1_296' title='bbox 887 2609 1421 2680; x_wconf 89' lang='lat' dir='ltr'><strong>circumjacentium</strong></span> <span class='ocrx_word' id='word_1_297' title='bbox 1463 2627 1531 2668; x_wconf 91' lang='lat' dir='ltr'><strong>ac</strong></span> <span class='ocrx_word' id='word_1_298' title='bbox 1581 2623 1933 2672; x_wconf 88' lang='lat' dir='ltr'><strong>remotarum</strong></span> 
     </span>
    </p>
   </div>
   <div class='ocr_carea' id='block_1_43' title="bbox 236 2695 1932 2770">
    <p class='ocr_par' dir='ltr' id='par_1_43' title="bbox 236 2695 1932 2770">
     <span class='ocr_line' id='line_1_43' title="bbox 236 2695 1932 2770; baseline 0.006 -20"><span class='ocrx_word' id='word_1_299' title='bbox 236 2695 670 2765; x_wconf 89' lang='lat' dir='ltr'><strong>provinciarum</strong></span> <span class='ocrx_word' id='word_1_300' title='bbox 719 2696 964 2752; x_wconf 86' lang='lat' dir='ltr'><strong>acclines</strong></span> <span class='ocrx_word' id='word_1_301' title='bbox 1021 2699 1262 2768; x_wconf 91' lang='lat' dir='ltr'><strong>populos</strong></span> <span class='ocrx_word' id='word_1_302' title='bbox 1309 2701 1714 2770; x_wconf 83' lang='lat' dir='ltr'><strong>conspexisset,</strong></span> <span class='ocrx_word' id='word_1_303' title='bbox 1771 2719 1932 2760; x_wconf 90' lang='lat' dir='ltr'><strong>com-</strong></span> 
     </span>
    </p>
   </div>
   <div class='ocr_carea' id='block_1_44' title="bbox 238 2782 1929 2861">
    <p class='ocr_par' dir='ltr' id='par_1_44' title="bbox 238 2782 1929 2861">
     <span class='ocr_line' id='line_1_44' title="bbox 238 2782 1929 2861; baseline 0.006 -23"><span class='ocrx_word' id='word_1_304' title='bbox 238 2782 534 2839; x_wconf 90' lang='lat' dir='ltr'><strong>municato</strong></span> <span class='ocrx_word' id='word_1_305' title='bbox 566 2799 699 2840; x_wconf 92' lang='lat' dir='ltr'><strong>cum</strong></span> <span class='ocrx_word' id='word_1_306' title='bbox 745 2799 851 2840; x_wconf 90' lang='lat' dir='ltr'><strong>suo</strong></span> <span class='ocrx_word' id='word_1_307' title='bbox 881 2785 1111 2842; x_wconf 90' lang='lat' dir='ltr'><strong>doctore</strong></span> <span class='ocrx_word' id='word_1_308' title='bbox 1148 2787 1406 2855; x_wconf 88' lang='lat' dir='ltr'><strong>consilio,</strong></span> <span class='ocrx_word' id='word_1_309' title='bbox 1463 2789 1643 2860; x_wconf 89' lang='lat' dir='ltr'><strong>legem</strong></span> <span class='ocrx_word' id='word_1_310' title='bbox 1683 2791 1929 2861; x_wconf 88' lang='lat' dir='ltr'><strong>scripsit,</strong></span> 
     </span>
    </p>
   </div>
   <div class='ocr_carea' id='block_1_45' title="bbox 235 2871 1930 2950">
    <p class='ocr_par' dir='ltr' id='par_1_45' title="bbox 235 2871 1930 2950">
     <span class='ocr_line' id='line_1_45' title="bbox 235 2871 1930 2950; baseline 0.006 -24"><span class='ocrx_word' id='word_1_311' title='bbox 235 2871 338 2927; x_wconf 90' lang='lat' dir='ltr'><strong>ubi</strong></span> <span class='ocrx_word' id='word_1_312' title='bbox 396 2873 516 2927; x_wconf 90' lang='lat' dir='ltr'><strong>suis</strong></span> <span class='ocrx_word' id='word_1_313' title='bbox 553 2873 902 2943; x_wconf 90' lang='lat' dir='ltr'><strong>sequacibus</strong></span> <span class='ocrx_word' id='word_1_314' title='bbox 966 2874 1140 2930; x_wconf 84' lang='lat' dir='ltr'><strong>totius</strong></span> <span class='ocrx_word' id='word_1_315' title='bbox 1189 2875 1584 2945; x_wconf 89' lang='lat' dir='ltr'><strong>turpitudinis,</strong></span> <span class='ocrx_word' id='word_1_316' title='bbox 1636 2893 1736 2948; x_wconf 90' lang='lat' dir='ltr'><strong>per</strong></span> <span class='ocrx_word' id='word_1_317' title='bbox 1778 2881 1930 2950; x_wconf 90' lang='lat' dir='ltr'><strong>quod</strong></span> 
     </span>
    </p>
   </div>
   <div class='ocr_carea' id='block_1_46' title="bbox 237 2960 1931 3032">
    <p class='ocr_par' dir='ltr' id='par_1_46' title="bbox 237 2960 1931 3032">
     <span class='ocr_line' id='line_1_46' title="bbox 237 2960 1931 3032; baseline 0.006 -19"><span class='ocrx_word' id='word_1_318' title='bbox 237 2960 422 3029; x_wconf 89' lang='lat' dir='ltr'><strong>magis</strong></span> <span class='ocrx_word' id='word_1_319' title='bbox 471 2961 858 3028; x_wconf 86' lang='lat' dir='ltr'><strong>traherentur,</strong></span> <span class='ocrx_word' id='word_1_320' title='bbox 923 2961 1087 3018; x_wconf 89' lang='lat' dir='ltr'><strong>frena</strong></span> <span class='ocrx_word' id='word_1_321' title='bbox 1128 2965 1362 3020; x_wconf 89' lang='lat' dir='ltr'><strong>remisit.</strong></span> <span class='ocrx_word' id='word_1_322' title='bbox 1416 2964 1538 3032; x_wconf 90' lang='lat' dir='ltr'><strong>Quo</strong></span> <span class='ocrx_word' id='word_1_323' title='bbox 1591 2967 1758 3030; x_wconf 90' lang='lat' dir='ltr'><strong>facto,</strong></span> <span class='ocrx_word' id='word_1_324' title='bbox 1809 2969 1931 3024; x_wconf 84' lang='lat' dir='ltr'><strong>intl-</strong></span> 
     </span>
    </p>
   </div>
   <div class='ocr_carea' id='block_1_47' title="bbox 2044 1905 3740 1976">
    <p class='ocr_par' dir='ltr' id='par_1_47' title="bbox 2044 1905 3740 1976">
     <span class='ocr_line' id='line_1_47' title="bbox 2044 1905 3740 1976; baseline -0.002 -13"><span class='ocrx_word' id='word_1_325' title='bbox 2044 1907 2270 1974; x_wconf 92' lang='lat' dir='ltr'><strong>debent,</strong></span> <span class='ocrx_word' id='word_1_326' title='bbox 2326 1907 2512 1963; x_wconf 90' lang='lat' dir='ltr'><strong>brutis</strong></span> <span class='ocrx_word' id='word_1_327' title='bbox 2558 1905 2730 1962; x_wconf 90' lang='lat' dir='ltr'><strong>etiam</strong></span> <span class='ocrx_word' id='word_1_328' title='bbox 2786 1906 3091 1976; x_wconf 89' lang='lat' dir='ltr'><strong>pecoribus</strong></span> <span class='ocrx_word' id='word_1_329' title='bbox 3132 1906 3448 1974; x_wconf 90' lang='lat' dir='ltr'><strong>inexperta,</strong></span> <span class='ocrx_word' id='word_1_330' title='bbox 3489 1918 3740 1961; x_wconf 89' lang='lat' dir='ltr'><strong>concur—</strong></span> 
     </span>
    </p>
   </div>
   <div class='ocr_carea' id='block_1_48' title="bbox 2045 1997 2214 2052">
    <p class='ocr_par' dir='ltr' id='par_1_48' title="bbox 2045 1997 2214 2052">
     <span class='ocr_line' id='line_1_48' title="bbox 2045 1997 2214 2052; baseline -0.012 0"><span class='ocrx_word' id='word_1_331' title='bbox 2045 1997 2214 2052; x_wconf 91' lang='lat' dir='ltr'><strong>ritur.</strong></span> 
     </span>
    </p>
   </div>
   <div class='ocr_carea' id='block_1_49' title="bbox 2119 2080 3741 2153">
    <p class='ocr_par' dir='ltr' id='par_1_49' title="bbox 2119 2080 3741 2153">
     <span class='ocr_line' id='line_1_49' title="bbox 2119 2080 3741 2153; baseline -0.002 -15"><span class='ocrx_word' id='word_1_332' title='bbox 2119 2082 2304 2153; x_wconf 83' lang='lat' dir='ltr'><strong>Hujus</strong></span> <span class='ocrx_word' id='word_1_333' title='bbox 2332 2081 2566 2138; x_wconf 73' lang='lat' dir='ltr'><strong>nefariae</strong></span> <span class='ocrx_word' id='word_1_334' title='bbox 2599 2081 2972 2138; x_wconf 89' lang='lat' dir='ltr'><strong>institutionis</strong></span> <span class='ocrx_word' id='word_1_335' title='bbox 2999 2081 3322 2138; x_wconf 88' lang='lat' dir='ltr'><strong>obscuritas</strong></span> <span class='ocrx_word' id='word_1_336' title='bbox 3351 2080 3741 2136; x_wconf 90' lang='lat' dir='ltr'><strong>Christianum</strong></span> 
     </span>
    </p>
   </div>
   <div class='ocr_carea' id='block_1_50' title="bbox 2041 2166 3743 2240">
    <p class='ocr_par' dir='ltr' id='par_1_50' title="bbox 2041 2166 3743 2240">
     <span class='ocr_line' id='line_1_50' title="bbox 2041 2166 3743 2240; baseline -0.002 -13"><span class='ocrx_word' id='word_1_337' title='bbox 2041 2178 2182 2227; x_wconf 93' lang='lat' dir='ltr'><strong>tunc</strong></span> <span class='ocrx_word' id='word_1_338' title='bbox 2235 2185 2444 2226; x_wconf 90' lang='lat' dir='ltr'><strong>nomen</strong></span> <span class='ocrx_word' id='word_1_339' title='bbox 2473 2169 2706 2235; x_wconf 83' lang='lat' dir='ltr'><strong>obtexit,</strong></span> <span class='ocrx_word' id='word_1_340' title='bbox 2759 2177 2813 2225; x_wconf 93' lang='lat' dir='ltr'><strong>et</strong></span> <span class='ocrx_word' id='word_1_341' title='bbox 2857 2170 3048 2225; x_wconf 90' lang='lat' dir='ltr'><strong>adhuc</strong></span> <span class='ocrx_word' id='word_1_342' title='bbox 3092 2169 3435 2239; x_wconf 90' lang='lat' dir='ltr'><strong>pertinentia</strong></span> <span class='ocrx_word' id='word_1_343' title='bbox 3469 2166 3599 2240; x_wconf 86' lang='lat' dir='ltr'><strong>[at.,</strong></span> <span class='ocrx_word' id='word_1_344' title='bbox 3646 2181 3743 2237; x_wconf 90' lang='lat' dir='ltr'><strong>per</strong></span> 
     </span>
    </p>
   </div>
   <div class='ocr_carea' id='block_1_51' title="bbox 2039 2256 3742 2328">
    <p class='ocr_par' dir='ltr' id='par_1_51' title="bbox 2039 2256 3742 2328">
     <span class='ocr_line' id='line_1_51' title="bbox 2039 2256 3742 2328; baseline -0.003 -12"><span class='ocrx_word' id='word_1_345' title='bbox 2039 2258 2305 2328; x_wconf 88' lang='lat' dir='ltr'><strong>Orientis]</strong></span> <span class='ocrx_word' id='word_1_346' title='bbox 2362 2273 2505 2328; x_wconf 88' lang='lat' dir='ltr'><strong>pene</strong></span> <span class='ocrx_word' id='word_1_347' title='bbox 2553 2259 2830 2319; x_wconf 86' lang='lat' dir='ltr'><strong>universi.</strong></span> <span class='ocrx_word' id='word_1_348' title='bbox 2877 2257 3076 2314; x_wconf 62' lang='lat' dir='ltr'><strong>Africa;</strong></span> <span class='ocrx_word' id='word_1_349' title='bbox 3135 2258 3386 2328; x_wconf 66' lang='lat' dir='ltr'><strong>Egypti,</strong></span> <span class='ocrx_word' id='word_1_350' title='bbox 3435 2256 3742 2325; x_wconf 57' lang='lat' dir='ltr'><strong>.Ethiopiaa</strong></span> 
     </span>
    </p>
   </div>
   <div class='ocr_carea' id='block_1_52' title="bbox 2041 2345 3741 2416">
    <p class='ocr_par' dir='ltr' id='par_1_52' title="bbox 2041 2345 3741 2416">
     <span class='ocr_line' id='line_1_52' title="bbox 2041 2345 3741 2416; baseline -0.002 -14"><span class='ocrx_word' id='word_1_351' title='bbox 2041 2347 2251 2416; x_wconf 68' lang='lat' dir='ltr'><strong>Lybiae,</strong></span> <span class='ocrx_word' id='word_1_352' title='bbox 2302 2355 2356 2403; x_wconf 92' lang='lat' dir='ltr'><strong>et</strong></span> <span class='ocrx_word' id='word_1_353' title='bbox 2387 2347 2560 2416; x_wconf 88' lang='lat' dir='ltr'><strong>juxta</strong></span> <span class='ocrx_word' id='word_1_354' title='bbox 2616 2361 2720 2402; x_wconf 91' lang='lat' dir='ltr'><strong>nos</strong></span> <span class='ocrx_word' id='word_1_355' title='bbox 2772 2345 3056 2414; x_wconf 70' lang='lat' dir='ltr'><strong>Hispaniae</strong></span> <span class='ocrx_word' id='word_1_356' title='bbox 3104 2345 3508 2402; x_wconf 90' lang='lat' dir='ltr'><strong>remotissimos</strong></span> <span class='ocrx_word' id='word_1_357' title='bbox 3553 2345 3741 2413; x_wconf 89' lang='lat' dir='ltr'><strong>sinus,</strong></span> 
     </span>
    </p>
   </div>
   <div class='ocr_carea' id='block_1_53' title="bbox 2040 2431 3744 2502">
    <p class='ocr_par' dir='ltr' id='par_1_53' title="bbox 2040 2431 3744 2502">
     <span class='ocr_line' id='line_1_53' title="bbox 2040 2431 3744 2502; baseline -0.004 -10"><span class='ocrx_word' id='word_1_358' title='bbox 2040 2436 2348 2492; x_wconf 89' lang='lat' dir='ltr'><strong>oblitterat.</strong></span> <span class='ocrx_word' id='word_1_359' title='bbox 2377 2435 2483 2490; x_wconf 87' lang='lat' dir='ltr'><strong>Sed</strong></span> <span class='ocrx_word' id='word_1_360' title='bbox 2519 2434 2673 2489; x_wconf 89' lang='lat' dir='ltr'><strong>hunc</strong></span> <span class='ocrx_word' id='word_1_361' title='bbox 2707 2441 2931 2490; x_wconf 92' lang='lat' dir='ltr'><strong>tantum</strong></span> <span class='ocrx_word' id='word_1_362' title='bbox 2967 2443 3199 2502; x_wconf 88' lang='lat' dir='ltr'><strong>tamque</strong></span> <span class='ocrx_word' id='word_1_363' title='bbox 3235 2433 3541 2488; x_wconf 88' lang='lat' dir='ltr'><strong>mirificum</strong></span> <span class='ocrx_word' id='word_1_364' title='bbox 3577 2431 3744 2502; x_wconf 89' lang='lat' dir='ltr'><strong>legis-</strong></span> 
     </span>
    </p>
   </div>
   <div class='ocr_carea' id='block_1_54' title="bbox 2043 2521 3738 2592">
    <p class='ocr_par' dir='ltr' id='par_1_54' title="bbox 2043 2521 3738 2592">
     <span class='ocr_line' id='line_1_54' title="bbox 2043 2521 3738 2592; baseline -0.004 -12"><span class='ocrx_word' id='word_1_365' title='bbox 2043 2523 2279 2580; x_wconf 86' lang='lat' dir='ltr'><strong>latorem</strong></span> <span class='ocrx_word' id='word_1_366' title='bbox 2312 2523 2444 2592; x_wconf 90' lang='lat' dir='ltr'><strong>quis</strong></span> <span class='ocrx_word' id='word_1_367' title='bbox 2471 2521 2662 2578; x_wconf 85' lang='lat' dir='ltr'><strong>exitus</strong></span> <span class='ocrx_word' id='word_1_368' title='bbox 2701 2523 2769 2578; x_wconf 92' lang='lat' dir='ltr'><strong>de</strong></span> <span class='ocrx_word' id='word_1_369' title='bbox 2802 2521 2987 2576; x_wconf 91' lang='lat' dir='ltr'><strong>medio</strong></span> <span class='ocrx_word' id='word_1_370' title='bbox 3036 2521 3250 2586; x_wconf 89' lang='lat' dir='ltr'><strong>tulerit,</strong></span> <span class='ocrx_word' id='word_1_371' title='bbox 3292 2521 3600 2576; x_wconf 89' lang='lat' dir='ltr'><strong>dicendum</strong></span> <span class='ocrx_word' id='word_1_372' title='bbox 3631 2527 3738 2575; x_wconf 91' lang='lat' dir='ltr'><strong>est.</strong></span> 
     </span>
    </p>
   </div>
   <div class='ocr_carea' id='block_1_55' title="bbox 2041 2611 3740 2680">
    <p class='ocr_par' dir='ltr' id='par_1_55' title="bbox 2041 2611 3740 2680">
     <span class='ocr_line' id='line_1_55' title="bbox 2041 2611 3740 2680; baseline -0.003 -10"><span class='ocrx_word' id='word_1_373' title='bbox 2041 2616 2183 2670; x_wconf 92' lang='lat' dir='ltr'><strong>Cum</strong></span> <span class='ocrx_word' id='word_1_374' title='bbox 2237 2611 2537 2667; x_wconf 89' lang='lat' dir='ltr'><strong>subitaneo</strong></span> <span class='ocrx_word' id='word_1_375' title='bbox 2571 2611 2684 2666; x_wconf 91' lang='lat' dir='ltr'><strong>ictu</strong></span> <span class='ocrx_word' id='word_1_376' title='bbox 2709 2611 3020 2680; x_wconf 90' lang='lat' dir='ltr'><strong>epilepseos</strong></span> <span class='ocrx_word' id='word_1_377' title='bbox 3071 2624 3218 2678; x_wconf 67' lang='lat' dir='ltr'><strong>saepe</strong></span> <span class='ocrx_word' id='word_1_378' title='bbox 3259 2613 3580 2676; x_wconf 86' lang='lat' dir='ltr'><strong>corrueret,</strong></span> <span class='ocrx_word' id='word_1_379' title='bbox 3621 2623 3740 2679; x_wconf 92' lang='lat' dir='ltr'><strong>quo</strong></span> 
     </span>
    </p>
   </div>
   <div class='ocr_carea' id='block_1_56' title="bbox 2039 2697 3738 2770">
    <p class='ocr_par' dir='ltr' id='par_1_56' title="bbox 2039 2697 3738 2770">
     <span class='ocr_line' id='line_1_56' title="bbox 2039 2697 3738 2770; baseline -0.002 -13"><span class='ocrx_word' id='word_1_380' title='bbox 2039 2716 2172 2758; x_wconf 88' lang='lat' dir='ltr'><strong>eum</strong></span> <span class='ocrx_word' id='word_1_381' title='bbox 2219 2701 2486 2770; x_wconf 90' lang='lat' dir='ltr'><strong>superius</strong></span> <span class='ocrx_word' id='word_1_382' title='bbox 2516 2698 2772 2754; x_wconf 86' lang='lat' dir='ltr'><strong>diximus</strong></span> <span class='ocrx_word' id='word_1_383' title='bbox 2802 2698 3083 2764; x_wconf 87' lang='lat' dir='ltr'><strong>laborare,</strong></span> <span class='ocrx_word' id='word_1_384' title='bbox 3131 2697 3338 2752; x_wconf 90' lang='lat' dir='ltr'><strong>accidit</strong></span> <span class='ocrx_word' id='word_1_385' title='bbox 3367 2697 3562 2764; x_wconf 87' lang='lat' dir='ltr'><strong>semel,</strong></span> <span class='ocrx_word' id='word_1_386' title='bbox 3593 2697 3738 2753; x_wconf 90' lang='lat' dir='ltr'><strong>dum</strong></span> 
     </span>
    </p>
   </div>
   <div class='ocr_carea' id='block_1_57' title="bbox 2041 2785 3741 2854">
    <p class='ocr_par' dir='ltr' id='par_1_57' title="bbox 2041 2785 3741 2854">
     <span class='ocr_line' id='line_1_57' title="bbox 2041 2785 3741 2854; baseline -0.003 -8"><span class='ocrx_word' id='word_1_387' title='bbox 2041 2790 2198 2847; x_wconf 91' lang='lat' dir='ltr'><strong>solus</strong></span> <span class='ocrx_word' id='word_1_388' title='bbox 2229 2787 2583 2854; x_wconf 85' lang='lat' dir='ltr'><strong>obambulat,</strong></span> <span class='ocrx_word' id='word_1_389' title='bbox 2616 2795 2680 2842; x_wconf 92' lang='lat' dir='ltr'><strong>ut</strong></span> <span class='ocrx_word' id='word_1_390' title='bbox 2720 2787 2918 2841; x_wconf 92' lang='lat' dir='ltr'><strong>morbo</strong></span> <span class='ocrx_word' id='word_1_391' title='bbox 2959 2785 3136 2841; x_wconf 90' lang='lat' dir='ltr'><strong>elisus</strong></span> <span class='ocrx_word' id='word_1_392' title='bbox 3177 2787 3373 2840; x_wconf 88' lang='lat' dir='ltr'><strong>eodem</strong></span> <span class='ocrx_word' id='word_1_393' title='bbox 3403 2786 3649 2852; x_wconf 87' lang='lat' dir='ltr'><strong>caderet,</strong></span> <span class='ocrx_word' id='word_1_394' title='bbox 3683 2793 3741 2841; x_wconf 91' lang='lat' dir='ltr'><strong>et</strong></span> 
     </span>
    </p>
   </div>
   <div class='ocr_carea' id='block_1_58' title="bbox 2040 2873 3742 2945">
    <p class='ocr_par' dir='ltr' id='par_1_58' title="bbox 2040 2873 3742 2945">
     <span class='ocr_line' id='line_1_58' title="bbox 2040 2873 3742 2945; baseline -0.003 -12"><span class='ocrx_word' id='word_1_395' title='bbox 2040 2877 2328 2943; x_wconf 89' lang='lat' dir='ltr'><strong>inventus,</strong></span> <span class='ocrx_word' id='word_1_396' title='bbox 2373 2877 2512 2932; x_wconf 92' lang='lat' dir='ltr'><strong>dum</strong></span> <span class='ocrx_word' id='word_1_397' title='bbox 2558 2876 2678 2945; x_wconf 89' lang='lat' dir='ltr'><strong>ipsa</strong></span> <span class='ocrx_word' id='word_1_398' title='bbox 2723 2875 2979 2944; x_wconf 88' lang='lat' dir='ltr'><strong>passione</strong></span> <span class='ocrx_word' id='word_1_399' title='bbox 3025 2881 3348 2944; x_wconf 90' lang='lat' dir='ltr'><strong>torquetur,</strong></span> <span class='ocrx_word' id='word_1_400' title='bbox 3395 2887 3431 2928; x_wconf 93' lang='lat' dir='ltr'><strong>a</strong></span> <span class='ocrx_word' id='word_1_401' title='bbox 3461 2873 3647 2943; x_wconf 85' lang='lat' dir='ltr'><strong>porcis</strong></span> <span class='ocrx_word' id='word_1_402' title='bbox 3680 2875 3742 2929; x_wconf 91' lang='lat' dir='ltr'><strong>in</strong></span> 
     </span>
    </p>
   </div>
   <div class='ocr_carea' id='block_1_59' title="bbox 2040 2960 3744 3033">
    <p class='ocr_par' dir='ltr' id='par_1_59' title="bbox 2040 2960 3744 3033">
     <span class='ocr_line' id='line_1_59' title="bbox 2040 2960 3744 3033; baseline -0.003 -12"><span class='ocrx_word' id='word_1_403' title='bbox 2040 2972 2265 3022; x_wconf 88' lang='lat' dir='ltr'><strong>tantum</strong></span> <span class='ocrx_word' id='word_1_404' title='bbox 2297 2963 2640 3033; x_wconf 86' lang='lat' dir='ltr'><strong>discerpitur</strong></span> <span class='ocrx_word' id='word_1_405' title='bbox 2686 2971 2748 3019; x_wconf 89' lang='lat' dir='ltr'><strong>ut</strong></span> <span class='ocrx_word' id='word_1_406' title='bbox 2793 2963 2966 3018; x_wconf 73' lang='lat' dir='ltr'><strong>nullze</strong></span> <span class='ocrx_word' id='word_1_407' title='bbox 3017 2961 3144 3031; x_wconf 83' lang='lat' dir='ltr'><strong>ejus</strong></span> <span class='ocrx_word' id='word_1_408' title='bbox 3197 2971 3404 3032; x_wconf 58' lang='lat' dir='ltr'><strong>praeter</strong></span> <span class='ocrx_word' id='word_1_409' title='bbox 3446 2961 3587 3018; x_wconf 88' lang='lat' dir='ltr'><strong>talos</strong></span> <span class='ocrx_word' id='word_1_410' title='bbox 3613 2960 3744 3017; x_wconf 84' lang='lat' dir='ltr'><strong>reli-</strong></span> 
     </span>
    </p>
   </div>
   <div class='ocr_carea' id='block_1_60' title="bbox 235 3047 3740 3128">
    <p class='ocr_par' dir='ltr' id='par_1_60' title="bbox 235 3047 3740 3128">
     <span class='ocr_line' id='line_1_60' title="bbox 235 3047 3740 3128; baseline 0 -26"><span class='ocrx_word' id='word_1_411' title='bbox 235 3047 372 3103; x_wconf 67' lang='lat' dir='ltr'><strong>nitas</strong></span> <span class='ocrx_word' id='word_1_412' title='bbox 393 3048 780 3104; x_wconf 89' lang='lat' dir='ltr'><strong>multitudinis</strong></span> <span class='ocrx_word' id='word_1_413' title='bbox 813 3048 1024 3121; x_wconf 90' lang='lat' dir='ltr'><strong>vulgus</strong></span> <span class='ocrx_word' id='word_1_414' title='bbox 1052 3060 1350 3123; x_wconf 90' lang='lat' dir='ltr'><strong>aggregat,</strong></span> <span class='ocrx_word' id='word_1_415' title='bbox 1384 3061 1440 3109; x_wconf 90' lang='lat' dir='ltr'><strong>et</strong></span> <span class='ocrx_word' id='word_1_416' title='bbox 1471 3061 1534 3110; x_wconf 91' lang='lat' dir='ltr'><strong>ut</strong></span> <span class='ocrx_word' id='word_1_417' title='bbox 1562 3057 1746 3126; x_wconf 90' lang='lat' dir='ltr'><strong>magis</strong></span> <span class='ocrx_word' id='word_1_418' title='bbox 1781 3071 1931 3128; x_wconf 87' lang='lat' dir='ltr'><strong>vaga</strong></span> <span class='ocrx_word' id='word_1_419' title='bbox 1969 3067 2009 3122; x_wconf 75' lang='grc' dir='ltr'><strong>ί]</strong></span> <span class='ocrx_word' id='word_1_420' title='bbox 2041 3050 2193 3120; x_wconf 64' lang='grc' dir='ltr'><strong>(παίω</strong></span> <span class='ocrx_word' id='word_1_421' title='bbox 2262 3049 2676 3104; x_wconf 89' lang='lat' dir='ltr'><strong>invenirentur.</strong></span> <span class='ocrx_word' id='word_1_422' title='bbox 2755 3048 2897 3102; x_wconf 87' lang='lat' dir='ltr'><strong>Ecce</strong></span> <span class='ocrx_word' id='word_1_423' title='bbox 2968 3047 3167 3118; x_wconf 85' lang='lat' dir='ltr'><strong>legifer</strong></span> <span class='ocrx_word' id='word_1_424' title='bbox 3247 3047 3517 3116; x_wconf 90' lang='lat' dir='ltr'><strong>optimus,</strong></span> <span class='ocrx_word' id='word_1_425' title='bbox 3597 3047 3740 3103; x_wconf 89' lang='lat' dir='ltr'><strong>dum</strong></span> 
     </span>
    </p>
   </div>
   <div class='ocr_carea' id='block_1_61' title="bbox 236 3135 1934 3216">
    <p class='ocr_par' dir='ltr' id='par_1_61' title="bbox 236 3135 1934 3216">
     <span class='ocr_line' id='line_1_61' title="bbox 236 3135 1934 3216; baseline 0.007 -26"><span class='ocrx_word' id='word_1_426' title='bbox 236 3135 407 3191; x_wconf 88' lang='lat' dir='ltr'><strong>corda</strong></span> <span class='ocrx_word' id='word_1_427' title='bbox 437 3138 730 3205; x_wconf 80' lang='lat' dir='ltr'><strong>praemissa</strong></span> <span class='ocrx_word' id='word_1_428' title='bbox 759 3137 1031 3208; x_wconf 87' lang='lat' dir='ltr'><strong>religione</strong></span> <span class='ocrx_word' id='word_1_429' title='bbox 1073 3139 1374 3209; x_wconf 90' lang='lat' dir='ltr'><strong>deciperet,</strong></span> <span class='ocrx_word' id='word_1_430' title='bbox 1425 3142 1618 3199; x_wconf 88' lang='lat' dir='ltr'><strong>triduo</strong></span> <span class='ocrx_word' id='word_1_431' title='bbox 1659 3143 1742 3199; x_wconf 91' lang='lat' dir='ltr'><strong>eis</strong></span> <span class='ocrx_word' id='word_1_432' title='bbox 1781 3145 1934 3216; x_wconf 90' lang='lat' dir='ltr'><strong>jeju-</strong></span> 
     </span>
    </p>
   </div>
   <div class='ocr_carea' id='block_1_62' title="bbox 237 3224 1934 3304">
    <p class='ocr_par' dir='ltr' id='par_1_62' title="bbox 237 3224 1934 3304">
     <span class='ocr_line' id='line_1_62' title="bbox 237 3224 1934 3304; baseline 0.006 -26"><span class='ocrx_word' id='word_1_433' title='bbox 237 3237 378 3279; x_wconf 87' lang='lat' dir='ltr'><strong>nare</strong></span> <span class='ocrx_word' id='word_1_434' title='bbox 409 3224 671 3294; x_wconf 88' lang='lat' dir='ltr'><strong>imperat,</strong></span> <span class='ocrx_word' id='word_1_435' title='bbox 703 3234 757 3281; x_wconf 91' lang='lat' dir='ltr'><strong>et</strong></span> <span class='ocrx_word' id='word_1_436' title='bbox 781 3234 844 3282; x_wconf 92' lang='lat' dir='ltr'><strong>ut</strong></span> <span class='ocrx_word' id='word_1_437' title='bbox 871 3227 1053 3282; x_wconf 91' lang='lat' dir='ltr'><strong>Deum</strong></span> <span class='ocrx_word' id='word_1_438' title='bbox 1093 3236 1305 3285; x_wconf 91' lang='lat' dir='ltr'><strong>attente</strong></span> <span class='ocrx_word' id='word_1_439' title='bbox 1350 3231 1635 3299; x_wconf 91' lang='lat' dir='ltr'><strong>postulent</strong></span> <span class='ocrx_word' id='word_1_440' title='bbox 1655 3247 1757 3302; x_wconf 93' lang='lat' dir='ltr'><strong>pro</strong></span> <span class='ocrx_word' id='word_1_441' title='bbox 1795 3233 1934 3304; x_wconf 89' lang='lat' dir='ltr'><strong>legis</strong></span> 
     </span>
    </p>
   </div>
   <div class='ocr_carea' id='block_1_63' title="bbox 237 3312 1930 3390">
    <p class='ocr_par' dir='ltr' id='par_1_63' title="bbox 237 3312 1930 3390">
     <span class='ocr_line' id='line_1_63' title="bbox 237 3312 1930 3390; baseline 0.006 -24"><span class='ocrx_word' id='word_1_442' title='bbox 237 3312 565 3380; x_wconf 87' lang='lat' dir='ltr'><strong>acceptione</strong></span> <span class='ocrx_word' id='word_1_443' title='bbox 627 3313 912 3370; x_wconf 90' lang='lat' dir='ltr'><strong>sollicitat.</strong></span> <span class='ocrx_word' id='word_1_444' title='bbox 971 3315 1090 3371; x_wconf 88' lang='lat' dir='ltr'><strong>Hoc</strong></span> <span class='ocrx_word' id='word_1_445' title='bbox 1149 3317 1320 3372; x_wconf 89' lang='lat' dir='ltr'><strong>etiam</strong></span> <span class='ocrx_word' id='word_1_446' title='bbox 1372 3317 1454 3372; x_wconf 90' lang='lat' dir='ltr'><strong>eis</strong></span> <span class='ocrx_word' id='word_1_447' title='bbox 1503 3318 1738 3390; x_wconf 89' lang='lat' dir='ltr'><strong>signum</strong></span> <span class='ocrx_word' id='word_1_448' title='bbox 1785 3321 1930 3377; x_wconf 89' lang='lat' dir='ltr'><strong>dat:</strong></span> 
     </span>
    </p>
   </div>
   <div class='ocr_carea' id='block_1_64' title="bbox 237 3395 1934 3472">
    <p class='ocr_par' dir='ltr' id='par_1_64' title="bbox 237 3395 1934 3472">
     <span class='ocr_line' id='line_1_64' title="bbox 237 3395 1934 3472; baseline 0.006 -20"><span class='ocrx_word' id='word_1_449' title='bbox 237 3395 384 3462; x_wconf 89' lang='lat' dir='ltr'><strong>Quia</strong></span> <span class='ocrx_word' id='word_1_450' title='bbox 408 3398 456 3454; x_wconf 92' lang='lat' dir='ltr'><strong>si</strong></span> <span class='ocrx_word' id='word_1_451' title='bbox 492 3399 606 3456; x_wconf 87' lang='lat' dir='ltr'><strong>Deo</strong></span> <span class='ocrx_word' id='word_1_452' title='bbox 634 3399 742 3456; x_wconf 89' lang='lat' dir='ltr'><strong>sibi</strong></span> <span class='ocrx_word' id='word_1_453' title='bbox 783 3401 965 3471; x_wconf 87' lang='lat' dir='ltr'><strong>legem</strong></span> <span class='ocrx_word' id='word_1_454' title='bbox 1004 3401 1143 3458; x_wconf 89' lang='lat' dir='ltr'><strong>dare</strong></span> <span class='ocrx_word' id='word_1_455' title='bbox 1200 3403 1498 3472; x_wconf 88' lang='lat' dir='ltr'><strong>placuerit,</strong></span> <span class='ocrx_word' id='word_1_456' title='bbox 1550 3420 1708 3462; x_wconf 90' lang='lat' dir='ltr'><strong>more</strong></span> <span class='ocrx_word' id='word_1_457' title='bbox 1739 3407 1823 3462; x_wconf 90' lang='lat' dir='ltr'><strong>eis</strong></span> <span class='ocrx_word' id='word_1_458' title='bbox 1849 3409 1934 3463; x_wconf 92' lang='lat' dir='ltr'><strong>in-</strong></span> 
     </span>
    </p>
   </div>
   <div class='ocr_carea' id='block_1_65' title="bbox 235 3486 1930 3562">
    <p class='ocr_par' dir='ltr' id='par_1_65' title="bbox 235 3486 1930 3562">
     <span class='ocr_line' id='line_1_65' title="bbox 235 3486 1930 3562; baseline 0.005 -22"><span class='ocrx_word' id='word_1_459' title='bbox 235 3486 416 3554; x_wconf 76' lang='lat' dir='ltr'><strong>SUlito,</strong></span> <span class='ocrx_word' id='word_1_460' title='bbox 449 3495 504 3543; x_wconf 92' lang='lat' dir='ltr'><strong>et</strong></span> <span class='ocrx_word' id='word_1_461' title='bbox 553 3502 654 3558; x_wconf 92' lang='lat' dir='ltr'><strong>per</strong></span> <span class='ocrx_word' id='word_1_462' title='bbox 696 3503 958 3554; x_wconf 91' lang='lat' dir='ltr'><strong>manum,</strong></span> <span class='ocrx_word' id='word_1_463' title='bbox 1000 3490 1070 3545; x_wconf 87' lang='lat' dir='ltr'><strong>de</strong></span> <span class='ocrx_word' id='word_1_464' title='bbox 1113 3505 1232 3560; x_wconf 92' lang='lat' dir='ltr'><strong>qua</strong></span> <span class='ocrx_word' id='word_1_465' title='bbox 1270 3507 1385 3546; x_wconf 92' lang='lat' dir='ltr'><strong>non</strong></span> <span class='ocrx_word' id='word_1_466' title='bbox 1417 3501 1703 3562; x_wconf 90' lang='lat' dir='ltr'><strong>speratur,</strong></span> <span class='ocrx_word' id='word_1_467' title='bbox 1753 3496 1930 3552; x_wconf 92' lang='lat' dir='ltr'><strong>dabit.</strong></span> 
     </span>
    </p>
   </div>
   <div class='ocr_carea' id='block_1_66' title="bbox 236 3574 1934 3648">
    <p class='ocr_par' dir='ltr' id='par_1_66' title="bbox 236 3574 1934 3648">
     <span class='ocr_line' id='line_1_66' title="bbox 236 3574 1934 3648; baseline 0.007 -20"><span class='ocrx_word' id='word_1_468' title='bbox 236 3574 472 3629; x_wconf 90' lang='lat' dir='ltr'><strong>Interim</strong></span> <span class='ocrx_word' id='word_1_469' title='bbox 533 3589 768 3632; x_wconf 86' lang='lat' dir='ltr'><strong>vaccam</strong></span> <span class='ocrx_word' id='word_1_470' title='bbox 832 3576 1101 3644; x_wconf 88' lang='lat' dir='ltr'><strong>habebat,</strong></span> <span class='ocrx_word' id='word_1_471' title='bbox 1176 3592 1354 3648; x_wconf 91' lang='lat' dir='ltr'><strong>quam</strong></span> <span class='ocrx_word' id='word_1_472' title='bbox 1411 3581 1490 3635; x_wconf 90' lang='lat' dir='ltr'><strong>ita</strong></span> <span class='ocrx_word' id='word_1_473' title='bbox 1557 3583 1758 3638; x_wconf 89' lang='lat' dir='ltr'><strong>manui</strong></span> <span class='ocrx_word' id='word_1_474' title='bbox 1814 3599 1934 3640; x_wconf 76' lang='lat' dir='ltr'><strong>suae</strong></span> 
     </span>
    </p>
   </div>
   <div class='ocr_carea' id='block_1_67' title="bbox 236 3661 1935 3738">
    <p class='ocr_par' dir='ltr' id='par_1_67' title="bbox 236 3661 1935 3738">
     <span class='ocr_line' id='line_1_67' title="bbox 236 3661 1935 3738; baseline 0.006 -22"><span class='ocrx_word' id='word_1_475' title='bbox 236 3661 619 3720; x_wconf 84' lang='lat' dir='ltr'><strong>assuefecerat</strong></span> <span class='ocrx_word' id='word_1_476' title='bbox 654 3671 716 3720; x_wconf 92' lang='lat' dir='ltr'><strong>ut</strong></span> <span class='ocrx_word' id='word_1_477' title='bbox 766 3665 1226 3736; x_wconf 86' lang='lat' dir='ltr'><strong>quotiescunque</strong></span> <span class='ocrx_word' id='word_1_478' title='bbox 1271 3675 1372 3724; x_wconf 89' lang='lat' dir='ltr'><strong>aut</strong></span> <span class='ocrx_word' id='word_1_479' title='bbox 1404 3668 1582 3738; x_wconf 92' lang='lat' dir='ltr'><strong>hujus</strong></span> <span class='ocrx_word' id='word_1_480' title='bbox 1613 3683 1808 3726; x_wconf 90' lang='lat' dir='ltr'><strong>vocem</strong></span> <span class='ocrx_word' id='word_1_481' title='bbox 1833 3685 1935 3727; x_wconf 91' lang='lat' dir='ltr'><strong>au-</strong></span> 
     </span>
    </p>
   </div>
   <div class='ocr_carea' id='block_1_68' title="bbox 237 3748 1934 3822">
    <p class='ocr_par' dir='ltr' id='par_1_68' title="bbox 237 3748 1934 3822">
     <span class='ocr_line' id='line_1_68' title="bbox 237 3748 1934 3822; baseline 0.006 -17"><span class='ocrx_word' id='word_1_482' title='bbox 237 3748 404 3817; x_wconf 89' lang='lat' dir='ltr'><strong>diret,</strong></span> <span class='ocrx_word' id='word_1_483' title='bbox 435 3750 521 3806; x_wconf 87' lang='lat' dir='ltr'><strong>vel</strong></span> <span class='ocrx_word' id='word_1_484' title='bbox 553 3751 769 3807; x_wconf 89' lang='lat' dir='ltr'><strong>videret</strong></span> <span class='ocrx_word' id='word_1_485' title='bbox 801 3755 1183 3822; x_wconf 74' lang='lat' dir='ltr'><strong>praesentiam,</strong></span> <span class='ocrx_word' id='word_1_486' title='bbox 1218 3755 1316 3811; x_wconf 87' lang='lat' dir='ltr'><strong>vix</strong></span> <span class='ocrx_word' id='word_1_487' title='bbox 1345 3769 1471 3812; x_wconf 89' lang='lat' dir='ltr'><strong>eam</strong></span> <span class='ocrx_word' id='word_1_488' title='bbox 1504 3757 1589 3812; x_wconf 90' lang='lat' dir='ltr'><strong>vis</strong></span> <span class='ocrx_word' id='word_1_489' title='bbox 1625 3757 1742 3813; x_wconf 91' lang='lat' dir='ltr'><strong>ulla</strong></span> <span class='ocrx_word' id='word_1_490' title='bbox 1772 3766 1934 3814; x_wconf 92' lang='lat' dir='ltr'><strong>tene-</strong></span> 
     </span>
    </p>
   </div>
   <div class='ocr_carea' id='block_1_69' title="bbox 235 3837 1934 3912">
    <p class='ocr_par' dir='ltr' id='par_1_69' title="bbox 235 3837 1934 3912">
     <span class='ocr_line' id='line_1_69' title="bbox 235 3837 1934 3912; baseline 0.005 -20"><span class='ocrx_word' id='word_1_491' title='bbox 235 3844 318 3892; x_wconf 90' lang='lat' dir='ltr'><strong>ret</strong></span> <span class='ocrx_word' id='word_1_492' title='bbox 348 3837 492 3907; x_wconf 91' lang='lat' dir='ltr'><strong>quin</strong></span> <span class='ocrx_word' id='word_1_493' title='bbox 521 3839 592 3893; x_wconf 89' lang='lat' dir='ltr'><strong>ad</strong></span> <span class='ocrx_word' id='word_1_494' title='bbox 623 3853 755 3895; x_wconf 92' lang='lat' dir='ltr'><strong>eum</strong></span> <span class='ocrx_word' id='word_1_495' title='bbox 809 3840 1152 3897; x_wconf 89' lang='lat' dir='ltr'><strong>intolerabili</strong></span> <span class='ocrx_word' id='word_1_496' title='bbox 1193 3843 1447 3912; x_wconf 90' lang='lat' dir='ltr'><strong>quadam</strong></span> <span class='ocrx_word' id='word_1_497' title='bbox 1499 3843 1774 3901; x_wconf 88' lang='lat' dir='ltr'><strong>aviditate</strong></span> <span class='ocrx_word' id='word_1_498' title='bbox 1803 3861 1934 3901; x_wconf 86' lang='lat' dir='ltr'><strong>con-</strong></span> 
     </span>
    </p>
   </div>
   <div class='ocr_carea' id='block_1_70' title="bbox 236 3926 1932 3999">
    <p class='ocr_par' dir='ltr' id='par_1_70' title="bbox 236 3926 1932 3999">
     <span class='ocr_line' id='line_1_70' title="bbox 236 3926 1932 3999; baseline 0.006 -20"><span class='ocrx_word' id='word_1_499' title='bbox 236 3933 514 3980; x_wconf 91' lang='lat' dir='ltr'><strong>curreret.</strong></span> <span class='ocrx_word' id='word_1_500' title='bbox 564 3926 804 3983; x_wconf 90' lang='lat' dir='ltr'><strong>Factum</strong></span> <span class='ocrx_word' id='word_1_501' title='bbox 836 3928 1016 3999; x_wconf 87' lang='lat' dir='ltr'><strong>igitur</strong></span> <span class='ocrx_word' id='word_1_502' title='bbox 1064 3929 1318 3986; x_wconf 90' lang='lat' dir='ltr'><strong>libellum</strong></span> <span class='ocrx_word' id='word_1_503' title='bbox 1360 3931 1632 3987; x_wconf 89' lang='lat' dir='ltr'><strong>cornibus</strong></span> <span class='ocrx_word' id='word_1_504' title='bbox 1665 3932 1932 3989; x_wconf 89' lang='lat' dir='ltr'><strong>animalis</strong></span> 
     </span>
    </p>
   </div>
   <div class='ocr_carea' id='block_1_71' title="bbox 233 4011 1932 4089">
    <p class='ocr_par' dir='ltr' id='par_1_71' title="bbox 233 4011 1932 4089">
     <span class='ocr_line' id='line_1_71' title="bbox 233 4011 1932 4089; baseline 0.007 -23"><span class='ocrx_word' id='word_1_505' title='bbox 233 4011 670 4085; x_wconf 89' lang='lat' dir='ltr'><strong>circumligatet</strong></span> <span class='ocrx_word' id='word_1_506' title='bbox 694 4017 749 4071; x_wconf 91' lang='lat' dir='ltr'><strong>in</strong></span> <span class='ocrx_word' id='word_1_507' title='bbox 774 4018 1016 4074; x_wconf 91' lang='lat' dir='ltr'><strong>tentorio</strong></span> <span class='ocrx_word' id='word_1_508' title='bbox 1037 4033 1153 4089; x_wconf 92' lang='lat' dir='ltr'><strong>quo</strong></span> <span class='ocrx_word' id='word_1_509' title='bbox 1180 4019 1520 4076; x_wconf 90' lang='lat' dir='ltr'><strong>versabatur</strong></span> <span class='ocrx_word' id='word_1_510' title='bbox 1559 4020 1700 4076; x_wconf 90' lang='lat' dir='ltr'><strong>illud</strong></span> <span class='ocrx_word' id='word_1_511' title='bbox 1741 4023 1932 4078; x_wconf 92' lang='lat' dir='ltr'><strong>occul-</strong></span> 
     </span>
    </p>
   </div>
   <div class='ocr_carea' id='block_1_72' title="bbox 233 4101 1932 4178">
    <p class='ocr_par' dir='ltr' id='par_1_72' title="bbox 233 4101 1932 4178">
     <span class='ocr_line' id='line_1_72' title="bbox 233 4101 1932 4178; baseline 0.007 -23"><span class='ocrx_word' id='word_1_512' title='bbox 233 4107 334 4156; x_wconf 88' lang='lat' dir='ltr'><strong>tat.</strong></span> <span class='ocrx_word' id='word_1_513' title='bbox 371 4101 556 4158; x_wconf 84' lang='lat' dir='ltr'><strong>Tertio</strong></span> <span class='ocrx_word' id='word_1_514' title='bbox 586 4103 835 4174; x_wconf 88' lang='lat' dir='ltr'><strong>denique</strong></span> <span class='ocrx_word' id='word_1_515' title='bbox 863 4105 956 4161; x_wconf 91' lang='lat' dir='ltr'><strong>die</strong></span> <span class='ocrx_word' id='word_1_516' title='bbox 983 4121 1158 4176; x_wconf 89' lang='lat' dir='ltr'><strong>super</strong></span> <span class='ocrx_word' id='word_1_517' title='bbox 1187 4122 1416 4162; x_wconf 89' lang='lat' dir='ltr'><strong>omnem</strong></span> <span class='ocrx_word' id='word_1_518' title='bbox 1455 4109 1554 4178; x_wconf 91' lang='lat' dir='ltr'><strong>qui</strong></span> <span class='ocrx_word' id='word_1_519' title='bbox 1587 4119 1932 4167; x_wconf 89' lang='lat' dir='ltr'><strong>convenerat</strong></span> 
     </span>
    </p>
   </div>
   <div class='ocr_carea' id='block_1_73' title="bbox 237 4189 1932 4262">
    <p class='ocr_par' dir='ltr' id='par_1_73' title="bbox 237 4189 1932 4262">
     <span class='ocr_line' id='line_1_73' title="bbox 237 4189 1932 4262; baseline 0.006 -18"><span class='ocrx_word' id='word_1_520' title='bbox 237 4189 514 4258; x_wconf 83' lang='lat' dir='ltr'><strong>populum</strong></span> <span class='ocrx_word' id='word_1_521' title='bbox 564 4192 844 4260; x_wconf 90' lang='lat' dir='ltr'><strong>eminens,</strong></span> <span class='ocrx_word' id='word_1_522' title='bbox 886 4193 1140 4250; x_wconf 91' lang='lat' dir='ltr'><strong>tribunal</strong></span> <span class='ocrx_word' id='word_1_523' title='bbox 1190 4195 1464 4262; x_wconf 89' lang='lat' dir='ltr'><strong>ascendit,</strong></span> <span class='ocrx_word' id='word_1_524' title='bbox 1511 4206 1566 4252; x_wconf 88' lang='lat' dir='ltr'><strong>et</strong></span> <span class='ocrx_word' id='word_1_525' title='bbox 1610 4198 1932 4256; x_wconf 90' lang='lat' dir='ltr'><strong>declamare</strong></span> 
     </span>
    </p>
   </div>
   <div class='ocr_carea' id='block_1_74' title="bbox 233 4277 1931 4354">
    <p class='ocr_par' dir='ltr' id='par_1_74' title="bbox 233 4277 1931 4354">
     <span class='ocr_line' id='line_1_74' title="bbox 233 4277 1931 4354; baseline 0.008 -23"><span class='ocrx_word' id='word_1_526' title='bbox 233 4277 525 4346; x_wconf 85' lang='lat' dir='ltr'><strong>productis</strong></span> <span class='ocrx_word' id='word_1_527' title='bbox 555 4279 794 4336; x_wconf 89' lang='lat' dir='ltr'><strong>vocibus</strong></span> <span class='ocrx_word' id='word_1_528' title='bbox 828 4281 901 4336; x_wconf 88' lang='lat' dir='ltr'><strong>ad</strong></span> <span class='ocrx_word' id='word_1_529' title='bbox 946 4283 1226 4352; x_wconf 78' lang='lat' dir='ltr'><strong>populum</strong></span> <span class='ocrx_word' id='word_1_530' title='bbox 1259 4285 1448 4354; x_wconf 56' lang='lat' dir='ltr'><strong>capit.</strong></span> <span class='ocrx_word' id='word_1_531' title='bbox 1482 4285 1640 4352; x_wconf 51' lang='lat' dir='ltr'><strong>‘Quze</strong></span> <span class='ocrx_word' id='word_1_532' title='bbox 1678 4301 1832 4354; x_wconf 91' lang='lat' dir='ltr'><strong>cum,</strong></span> <span class='ocrx_word' id='word_1_533' title='bbox 1865 4296 1931 4344; x_wconf 88' lang='lat' dir='ltr'><strong>ut</strong></span> 
     </span>
    </p>
   </div>
   <div class='ocr_carea' id='block_1_75' title="bbox 233 4364 2012 4447">
    <p class='ocr_par' dir='ltr' id='par_1_75' title="bbox 233 4364 2012 4447">
     <span class='ocr_line' id='line_1_75' title="bbox 233 4364 2012 4447; baseline 0.006 -27"><span class='ocrx_word' id='word_1_534' title='bbox 233 4364 317 4421; x_wconf 87' lang='lat' dir='ltr'><strong>ita</strong></span> <span class='ocrx_word' id='word_1_535' title='bbox 362 4366 627 4431; x_wconf 85' lang='lat' dir='ltr'><strong>dixerim,</strong></span> <span class='ocrx_word' id='word_1_536' title='bbox 680 4381 909 4425; x_wconf 89' lang='lat' dir='ltr'><strong>summa</strong></span> <span class='ocrx_word' id='word_1_537' title='bbox 965 4385 1062 4426; x_wconf 92' lang='lat' dir='ltr'><strong>ore</strong></span> <span class='ocrx_word' id='word_1_538' title='bbox 1107 4373 1416 4428; x_wconf 89' lang='lat' dir='ltr'><strong>verborum</strong></span> <span class='ocrx_word' id='word_1_539' title='bbox 1457 4389 1662 4430; x_wconf 90' lang='lat' dir='ltr'><strong>sonum</strong></span> <span class='ocrx_word' id='word_1_540' title='bbox 1706 4377 1925 4447; x_wconf 87' lang='lat' dir='ltr'><strong>attigis-</strong></span> <span class='ocrx_word' id='word_1_541' title='bbox 1968 4365 2012 4418; x_wconf 81' lang='grc' dir='ltr'><strong>Ι)</strong></span> 
     </span>
    </p>
   </div>
   <div class='ocr_carea' id='block_1_76' title="bbox 233 4455 1932 4534">
    <p class='ocr_par' dir='ltr' id='par_1_76' title="bbox 233 4455 1932 4534">
     <span class='ocr_line' id='line_1_76' title="bbox 233 4455 1932 4534; baseline 0.006 -24"><span class='ocrx_word' id='word_1_542' title='bbox 233 4461 338 4522; x_wconf 86' lang='lat' dir='ltr'><strong>set,</strong></span> <span class='ocrx_word' id='word_1_543' title='bbox 367 4469 398 4509; x_wconf 93' lang='lat' dir='ltr'><strong>e</strong></span> <span class='ocrx_word' id='word_1_544' title='bbox 429 4455 670 4510; x_wconf 90' lang='lat' dir='ltr'><strong>tentorio</strong></span> <span class='ocrx_word' id='word_1_545' title='bbox 721 4457 1132 4529; x_wconf 91' lang='lat' dir='ltr'><strong>subterjacenti</strong></span> <span class='ocrx_word' id='word_1_546' title='bbox 1171 4461 1466 4518; x_wconf 80' lang='lat' dir='ltr'><strong>confestim</strong></span> <span class='ocrx_word' id='word_1_547' title='bbox 1519 4464 1832 4534; x_wconf 90' lang='lat' dir='ltr'><strong>egreditur,</strong></span> <span class='ocrx_word' id='word_1_548' title='bbox 1877 4472 1932 4520; x_wconf 90' lang='lat' dir='ltr'><strong>et</strong></span> 
     </span>
    </p>
   </div>
   <div class='ocr_carea' id='block_1_77' title="bbox 231 4543 1932 4620">
    <p class='ocr_par' dir='ltr' id='par_1_77' title="bbox 231 4543 1932 4620">
     <span class='ocr_line' id='line_1_77' title="bbox 231 4543 1932 4620; baseline 0.008 -24"><span class='ocrx_word' id='word_1_549' title='bbox 231 4555 338 4614; x_wconf 76' lang='lat' dir='ltr'><strong>per</strong></span> <span class='ocrx_word' id='word_1_550' title='bbox 369 4543 583 4600; x_wconf 83' lang='lat' dir='ltr'><strong>medias</strong></span> <span class='ocrx_word' id='word_1_551' title='bbox 609 4546 1065 4604; x_wconf 85' lang='lat' dir='ltr'><strong>coadunatarum</strong></span> <span class='ocrx_word' id='word_1_552' title='bbox 1090 4549 1348 4619; x_wconf 89' lang='lat' dir='ltr'><strong>gentium</strong></span> <span class='ocrx_word' id='word_1_553' title='bbox 1368 4557 1610 4620; x_wconf 90' lang='lat' dir='ltr'><strong>turmas,</strong></span> <span class='ocrx_word' id='word_1_554' title='bbox 1640 4552 1932 4610; x_wconf 92' lang='lat' dir='ltr'><strong>volumine</strong></span> 
     </span>
    </p>
   </div>
   <div class='ocr_carea' id='block_1_78' title="bbox 233 4631 1931 4712">
    <p class='ocr_par' dir='ltr' id='par_1_78' title="bbox 233 4631 1931 4712">
     <span class='ocr_line' id='line_1_78' title="bbox 233 4631 1931 4712; baseline 0.005 -25"><span class='ocrx_word' id='word_1_555' title='bbox 233 4631 508 4689; x_wconf 90' lang='lat' dir='ltr'><strong>cornibus</strong></span> <span class='ocrx_word' id='word_1_556' title='bbox 539 4632 820 4704; x_wconf 91' lang='lat' dir='ltr'><strong>imposito,</strong></span> <span class='ocrx_word' id='word_1_557' title='bbox 861 4637 935 4692; x_wconf 90' lang='lat' dir='ltr'><strong>ad</strong></span> <span class='ocrx_word' id='word_1_558' title='bbox 970 4638 1140 4708; x_wconf 89' lang='lat' dir='ltr'><strong>pedes</strong></span> <span class='ocrx_word' id='word_1_559' title='bbox 1171 4638 1456 4710; x_wconf 91' lang='lat' dir='ltr'><strong>loquentis</strong></span> <span class='ocrx_word' id='word_1_560' title='bbox 1483 4641 1648 4710; x_wconf 84' lang='lat' dir='ltr'><strong>quasi</strong></span> <span class='ocrx_word' id='word_1_561' title='bbox 1679 4655 1931 4712; x_wconf 88' lang='lat' dir='ltr'><strong>congra-</strong></span> 
     </span>
    </p>
   </div>
   <div class='ocr_carea' id='block_1_79' title="bbox 232 4720 1929 4800">
    <p class='ocr_par' dir='ltr' id='par_1_79' title="bbox 232 4720 1929 4800">
     <span class='ocr_line' id='line_1_79' title="bbox 232 4720 1929 4800; baseline 0.006 -26"><span class='ocrx_word' id='word_1_562' title='bbox 232 4720 492 4776; x_wconf 90' lang='lat' dir='ltr'><strong>tulatura</strong></span> <span class='ocrx_word' id='word_1_563' title='bbox 543 4737 716 4780; x_wconf 88' lang='lat' dir='ltr'><strong>vacca</strong></span> <span class='ocrx_word' id='word_1_564' title='bbox 768 4727 1082 4782; x_wconf 85' lang='lat' dir='ltr'><strong>contendit.</strong></span> <span class='ocrx_word' id='word_1_565' title='bbox 1131 4727 1416 4784; x_wconf 83' lang='lat' dir='ltr'><strong>Mirantur</strong></span> <span class='ocrx_word' id='word_1_566' title='bbox 1452 4743 1669 4796; x_wconf 90' lang='lat' dir='ltr'><strong>omnes,</strong></span> <span class='ocrx_word' id='word_1_567' title='bbox 1719 4730 1929 4800; x_wconf 89' lang='lat' dir='ltr'><strong>raptim</strong></span> 
     </span>
    </p>
   </div>
   <div class='ocr_carea' id='block_1_80' title="bbox 229 4807 1932 4887">
    <p class='ocr_par' dir='ltr' id='par_1_80' title="bbox 229 4807 1932 4887">
     <span class='ocr_line' id='line_1_80' title="bbox 229 4807 1932 4887; baseline 0.007 -25"><span class='ocrx_word' id='word_1_568' title='bbox 229 4807 502 4866; x_wconf 89' lang='lat' dir='ltr'><strong>volumen</strong></span> <span class='ocrx_word' id='word_1_569' title='bbox 553 4811 863 4880; x_wconf 91' lang='lat' dir='ltr'><strong>evolvitur,</strong></span> <span class='ocrx_word' id='word_1_570' title='bbox 915 4813 1209 4870; x_wconf 90' lang='lat' dir='ltr'><strong>anhelanti</strong></span> <span class='ocrx_word' id='word_1_571' title='bbox 1257 4814 1442 4871; x_wconf 69' lang='lat' dir='ltr'><strong>turbae</strong></span> <span class='ocrx_word' id='word_1_572' title='bbox 1481 4817 1814 4887; x_wconf 88' lang='lat' dir='ltr'><strong>exponitur,</strong></span> <span class='ocrx_word' id='word_1_573' title='bbox 1847 4831 1932 4886; x_wconf 88' lang='lat' dir='ltr'><strong>pe-</strong></span> 
     </span>
    </p>
   </div>
   <div class='ocr_carea' id='block_1_81' title="bbox 231 4895 1924 4974">
    <p class='ocr_par' dir='ltr' id='par_1_81' title="bbox 231 4895 1924 4974">
     <span class='ocr_line' id='line_1_81' title="bbox 231 4895 1924 4974; baseline 0.004 -24"><span class='ocrx_word' id='word_1_574' title='bbox 231 4895 478 4956; x_wconf 91' lang='lat' dir='ltr'><strong>tulantia</strong></span> <span class='ocrx_word' id='word_1_575' title='bbox 524 4901 679 4969; x_wconf 88' lang='lat' dir='ltr'><strong>turpi</strong></span> <span class='ocrx_word' id='word_1_576' title='bbox 737 4901 857 4972; x_wconf 89' lang='lat' dir='ltr'><strong>lege</strong></span> <span class='ocrx_word' id='word_1_577' title='bbox 899 4901 1196 4972; x_wconf 89' lang='lat' dir='ltr'><strong>permissa,</strong></span> <span class='ocrx_word' id='word_1_578' title='bbox 1247 4903 1566 4974; x_wconf 83' lang='lat' dir='ltr'><strong>gaudenter</strong></span> <span class='ocrx_word' id='word_1_579' title='bbox 1619 4905 1924 4974; x_wconf 89' lang='lat' dir='ltr'><strong>excipitur.</strong></span> 
     </span>
    </p>
   </div>
   <div class='ocr_carea' id='block_1_82' title="bbox 231 4982 1926 5063">
    <p class='ocr_par' dir='ltr' id='par_1_82' title="bbox 231 4982 1926 5063">
     <span class='ocr_line' id='line_1_82' title="bbox 231 4982 1926 5063; baseline 0.005 -24"><span class='ocrx_word' id='word_1_580' title='bbox 231 4982 378 5050; x_wconf 87' lang='lat' dir='ltr'><strong>Quid</strong></span> <span class='ocrx_word' id='word_1_581' title='bbox 435 4986 642 5055; x_wconf 87' lang='lat' dir='ltr'><strong>plura?</strong></span> <span class='ocrx_word' id='word_1_582' title='bbox 696 4989 874 5045; x_wconf 92' lang='lat' dir='ltr'><strong>oblati</strong></span> <span class='ocrx_word' id='word_1_583' title='bbox 931 4989 1065 5047; x_wconf 92' lang='lat' dir='ltr'><strong>libri</strong></span> <span class='ocrx_word' id='word_1_584' title='bbox 1120 4991 1468 5048; x_wconf 91' lang='lat' dir='ltr'><strong>miraculum</strong></span> <span class='ocrx_word' id='word_1_585' title='bbox 1527 4992 1926 5063; x_wconf 90' lang='lat' dir='ltr'><strong>centuplicatis</strong></span> 
     </span>
    </p>
   </div>
   <div class='ocr_carea' id='block_1_83' title="bbox 231 5071 896 5132">
    <p class='ocr_par' dir='ltr' id='par_1_83' title="bbox 231 5071 896 5132">
     <span class='ocr_line' id='line_1_83' title="bbox 231 5071 896 5132; baseline 0.009 -6"><span class='ocrx_word' id='word_1_586' title='bbox 231 5071 527 5130; x_wconf 87' lang='lat' dir='ltr'><strong>favoribus</strong></span> <span class='ocrx_word' id='word_1_587' title='bbox 555 5075 896 5132; x_wconf 90' lang='lat' dir='ltr'><strong>celebratur.</strong></span> 
     </span>
    </p>
   </div>
   <div class='ocr_carea' id='block_1_84' title="bbox 301 5159 1928 5236">
    <p class='ocr_par' dir='ltr' id='par_1_84' title="bbox 301 5159 1928 5236">
     <span class='ocr_line' id='line_1_84' title="bbox 301 5159 1928 5236; baseline 0.007 -22"><span class='ocrx_word' id='word_1_588' title='bbox 301 5159 660 5230; x_wconf 88' lang='lat' dir='ltr'><strong>Propagatur</strong></span> <span class='ocrx_word' id='word_1_589' title='bbox 689 5163 908 5234; x_wconf 89' lang='lat' dir='ltr'><strong>ubique</strong></span> <span class='ocrx_word' id='word_1_590' title='bbox 945 5165 1202 5235; x_wconf 89' lang='lat' dir='ltr'><strong>gentium</strong></span> <span class='ocrx_word' id='word_1_591' title='bbox 1237 5167 1400 5236; x_wconf 91' lang='lat' dir='ltr'><strong>quasi</strong></span> <span class='ocrx_word' id='word_1_592' title='bbox 1441 5169 1664 5226; x_wconf 74' lang='lat' dir='ltr'><strong>cmlitus</strong></span> <span class='ocrx_word' id='word_1_593' title='bbox 1691 5169 1928 5226; x_wconf 89' lang='lat' dir='ltr'><strong>veniens</strong></span> 
     </span>
    </p>
   </div>
   <div class='ocr_carea' id='block_1_85' title="bbox 233 5247 1926 5332">
    <p class='ocr_par' dir='ltr' id='par_1_85' title="bbox 233 5247 1926 5332">
     <span class='ocr_line' id='line_1_85' title="bbox 233 5247 1926 5332; baseline 0.008 -31"><span class='ocrx_word' id='word_1_594' title='bbox 233 5247 623 5306; x_wconf 78' lang='lat' dir='ltr'><strong>indifferenter</strong></span> <span class='ocrx_word' id='word_1_595' title='bbox 649 5252 894 5308; x_wconf 88' lang='lat' dir='ltr'><strong>coeundi</strong></span> <span class='ocrx_word' id='word_1_596' title='bbox 924 5267 1076 5310; x_wconf 89' lang='lat' dir='ltr'><strong>nova</strong></span> <span class='ocrx_word' id='word_1_597' title='bbox 1111 5254 1358 5312; x_wconf 90' lang='lat' dir='ltr'><strong>licentia.</strong></span> <span class='ocrx_word' id='word_1_598' title='bbox 1389 5257 1460 5314; x_wconf 89' lang='lat' dir='ltr'><strong>Et</strong></span> <span class='ocrx_word' id='word_1_599' title='bbox 1491 5266 1711 5332; x_wconf 80' lang='lat' dir='ltr'><strong>quanto</strong></span> <span class='ocrx_word' id='word_1_600' title='bbox 1739 5258 1926 5328; x_wconf 87' lang='lat' dir='ltr'><strong>magis</strong></span> 
     </span>
    </p>
   </div>
   <div class='ocr_carea' id='block_1_86' title="bbox 229 5332 1930 5416">
    <p class='ocr_par' dir='ltr' id='par_1_86' title="bbox 229 5332 1930 5416">
     <span class='ocr_line' id='line_1_86' title="bbox 229 5332 1930 5416; baseline 0.009 -28"><span class='ocrx_word' id='word_1_601' title='bbox 229 5332 598 5402; x_wconf 90' lang='lat' dir='ltr'><strong>pollutionem</strong></span> <span class='ocrx_word' id='word_1_602' title='bbox 627 5351 1028 5396; x_wconf 89' lang='lat' dir='ltr'><strong>concessarum</strong></span> <span class='ocrx_word' id='word_1_603' title='bbox 1047 5342 1326 5400; x_wconf 88' lang='lat' dir='ltr'><strong>exuberat</strong></span> <span class='ocrx_word' id='word_1_604' title='bbox 1349 5344 1532 5415; x_wconf 86' lang='lat' dir='ltr'><strong>copia,</strong></span> <span class='ocrx_word' id='word_1_605' title='bbox 1567 5351 1722 5402; x_wconf 90' lang='lat' dir='ltr'><strong>tanto</strong></span> <span class='ocrx_word' id='word_1_606' title='bbox 1742 5345 1930 5416; x_wconf 88' lang='lat' dir='ltr'><strong>magis</strong></span> 
     </span>
    </p>
   </div>
   <div class='ocr_carea' id='block_1_87' title="bbox 231 5423 1926 5503">
    <p class='ocr_par' dir='ltr' id='par_1_87' title="bbox 231 5423 1926 5503">
     <span class='ocr_line' id='line_1_87' title="bbox 231 5423 1926 5503; baseline 0.006 -25"><span class='ocrx_word' id='word_1_607' title='bbox 231 5423 401 5480; x_wconf 92' lang='lat' dir='ltr'><strong>tacito</strong></span> <span class='ocrx_word' id='word_1_608' title='bbox 477 5423 746 5482; x_wconf 79' lang='lat' dir='ltr'><strong>fmditatis</strong></span> <span class='ocrx_word' id='word_1_609' title='bbox 812 5428 1066 5496; x_wconf 87' lang='lat' dir='ltr'><strong>nomine,</strong></span> <span class='ocrx_word' id='word_1_610' title='bbox 1118 5431 1216 5487; x_wconf 90' lang='lat' dir='ltr'><strong>Dei</strong></span> <span class='ocrx_word' id='word_1_611' title='bbox 1270 5432 1599 5490; x_wconf 86' lang='lat' dir='ltr'><strong>remissiora</strong></span> <span class='ocrx_word' id='word_1_612' title='bbox 1667 5441 1926 5503; x_wconf 90' lang='lat' dir='ltr'><strong>tempora</strong></span> 
     </span>
    </p>
   </div>
   <div class='ocr_carea' id='block_1_88' title="bbox 234 5509 1926 5590">
    <p class='ocr_par' dir='ltr' id='par_1_88' title="bbox 234 5509 1926 5590">
     <span class='ocr_line' id='line_1_88' title="bbox 234 5509 1926 5590; baseline 0.006 -24"><span class='ocrx_word' id='word_1_613' title='bbox 234 5509 588 5584; x_wconf 86' lang='lat' dir='ltr'><strong>indulgentis</strong></span> <span class='ocrx_word' id='word_1_614' title='bbox 634 5515 983 5585; x_wconf 67' lang='lat' dir='ltr'><strong>praedicatur</strong></span> <span class='ocrx_word' id='word_1_615' title='bbox 1027 5519 1234 5590; x_wconf 89' lang='lat' dir='ltr'><strong>gratia.</strong></span> <span class='ocrx_word' id='word_1_616' title='bbox 1289 5521 1430 5578; x_wconf 88' lang='lat' dir='ltr'><strong>Tota</strong></span> <span class='ocrx_word' id='word_1_617' title='bbox 1474 5519 1926 5578; x_wconf 86' lang='lat' dir='ltr'><strong>Christianitatis</strong></span> 
     </span>
    </p>
   </div>
   <div class='ocr_carea' id='block_1_89' title="bbox 228 5601 1920 5680">
    <p class='ocr_par' dir='ltr' id='par_1_89' title="bbox 228 5601 1920 5680">
     <span class='ocr_line' id='line_1_89' title="bbox 228 5601 1920 5680; baseline 0.006 -25"><span class='ocrx_word' id='word_1_618' title='bbox 228 5613 476 5657; x_wconf 87' lang='lat' dir='ltr'><strong>censura</strong></span> <span class='ocrx_word' id='word_1_619' title='bbox 513 5601 778 5660; x_wconf 89' lang='lat' dir='ltr'><strong>convitiis</strong></span> <span class='ocrx_word' id='word_1_620' title='bbox 812 5603 964 5661; x_wconf 91' lang='lat' dir='ltr'><strong>mille</strong></span> <span class='ocrx_word' id='word_1_621' title='bbox 1009 5606 1341 5675; x_wconf 90' lang='lat' dir='ltr'><strong>damnatur,</strong></span> <span class='ocrx_word' id='word_1_622' title='bbox 1378 5616 1433 5665; x_wconf 91' lang='lat' dir='ltr'><strong>et</strong></span> <span class='ocrx_word' id='word_1_623' title='bbox 1463 5609 1751 5680; x_wconf 91' lang='lat' dir='ltr'><strong>quidquid</strong></span> <span class='ocrx_word' id='word_1_624' title='bbox 1784 5607 1920 5665; x_wconf 93' lang='lat' dir='ltr'><strong>olim</strong></span> 
     </span>
    </p>
   </div>
   <div class='ocr_carea' id='block_1_90' title="bbox 2041 3133 3742 3208">
    <p class='ocr_par' dir='ltr' id='par_1_90' title="bbox 2041 3133 3742 3208">
     <span class='ocr_line' id='line_1_90' title="bbox 2041 3133 3742 3208; baseline -0.001 -16"><span class='ocrx_word' id='word_1_625' title='bbox 2041 3138 2412 3208; x_wconf 90' lang='lat' dir='ltr'><strong>Epicureum,</strong></span> <span class='ocrx_word' id='word_1_626' title='bbox 2463 3150 2637 3206; x_wconf 88' lang='lat' dir='ltr'><strong>quem</strong></span> <span class='ocrx_word' id='word_1_627' title='bbox 2688 3135 2806 3191; x_wconf 90' lang='lat' dir='ltr'><strong>veri</strong></span> <span class='ocrx_word' id='word_1_628' title='bbox 2859 3133 3046 3202; x_wconf 90' lang='lat' dir='ltr'><strong>Stoici,</strong></span> <span class='ocrx_word' id='word_1_629' title='bbox 3105 3134 3311 3190; x_wconf 87' lang='lat' dir='ltr'><strong>Christi</strong></span> <span class='ocrx_word' id='word_1_630' title='bbox 3359 3134 3572 3190; x_wconf 91' lang='lat' dir='ltr'><strong>scilicet</strong></span> <span class='ocrx_word' id='word_1_631' title='bbox 3608 3134 3742 3191; x_wconf 92' lang='lat' dir='ltr'><strong>cul-</strong></span> 
     </span>
    </p>
   </div>
   <div class='ocr_carea' id='block_1_91' title="bbox 2041 3223 3743 3294">
    <p class='ocr_par' dir='ltr' id='par_1_91' title="bbox 2041 3223 3743 3294">
     <span class='ocr_line' id='line_1_91' title="bbox 2041 3223 3743 3294; baseline -0.002 -11"><span class='ocrx_word' id='word_1_632' title='bbox 2041 3233 2211 3289; x_wconf 88' lang='lat' dir='ltr'><strong>tores,</strong></span> <span class='ocrx_word' id='word_1_633' title='bbox 2259 3224 2602 3290; x_wconf 89' lang='lat' dir='ltr'><strong>occiderant,</strong></span> <span class='ocrx_word' id='word_1_634' title='bbox 2660 3237 2894 3294; x_wconf 87' lang='lat' dir='ltr'><strong>porcum</strong></span> <span class='ocrx_word' id='word_1_635' title='bbox 2947 3223 3286 3279; x_wconf 90' lang='lat' dir='ltr'><strong>resuscitare</strong></span> <span class='ocrx_word' id='word_1_636' title='bbox 3324 3223 3578 3286; x_wconf 85' lang='lat' dir='ltr'><strong>molitur,</strong></span> <span class='ocrx_word' id='word_1_637' title='bbox 3626 3223 3743 3280; x_wconf 93' lang='lat' dir='ltr'><strong>imo</strong></span> 
     </span>
    </p>
   </div>
   <div class='ocr_carea' id='block_1_92' title="bbox 2040 3312 3737 3385">
    <p class='ocr_par' dir='ltr' id='par_1_92' title="bbox 2040 3312 3737 3385">
     <span class='ocr_line' id='line_1_92' title="bbox 2040 3312 3737 3385; baseline -0.001 -15"><span class='ocrx_word' id='word_1_638' title='bbox 2040 3329 2278 3385; x_wconf 89' lang='lat' dir='ltr'><strong>prorsus</strong></span> <span class='ocrx_word' id='word_1_639' title='bbox 2333 3314 2654 3381; x_wconf 89' lang='lat' dir='ltr'><strong>resuscitat,</strong></span> <span class='ocrx_word' id='word_1_640' title='bbox 2709 3327 2917 3382; x_wconf 90' lang='lat' dir='ltr'><strong>porcus</strong></span> <span class='ocrx_word' id='word_1_641' title='bbox 2967 3313 3080 3382; x_wconf 90' lang='lat' dir='ltr'><strong>ipse</strong></span> <span class='ocrx_word' id='word_1_642' title='bbox 3133 3312 3316 3382; x_wconf 92' lang='lat' dir='ltr'><strong>porcis</strong></span> <span class='ocrx_word' id='word_1_643' title='bbox 3363 3312 3737 3369; x_wconf 91' lang='lat' dir='ltr'><strong>devorandus</strong></span> 
     </span>
    </p>
   </div>
   <div class='ocr_carea' id='block_1_93' title="bbox 2039 3399 3745 3471">
    <p class='ocr_par' dir='ltr' id='par_1_93' title="bbox 2039 3399 3745 3471">
     <span class='ocr_line' id='line_1_93' title="bbox 2039 3399 3745 3471; baseline -0.002 -13"><span class='ocrx_word' id='word_1_644' title='bbox 2039 3402 2369 3471; x_wconf 88' lang='lat' dir='ltr'><strong>exponitur,</strong></span> <span class='ocrx_word' id='word_1_645' title='bbox 2444 3408 2508 3457; x_wconf 91' lang='lat' dir='ltr'><strong>ut</strong></span> <span class='ocrx_word' id='word_1_646' title='bbox 2563 3400 2932 3458; x_wconf 86' lang='lat' dir='ltr'><strong>obscenitatis</strong></span> <span class='ocrx_word' id='word_1_647' title='bbox 2991 3401 3387 3470; x_wconf 87' lang='lat' dir='ltr'><strong>magisterium</strong></span> <span class='ocrx_word' id='word_1_648' title='bbox 3456 3399 3745 3456; x_wconf 86' lang='lat' dir='ltr'><strong>obscenis-</strong></span> 
     </span>
    </p>
   </div>
   <div class='ocr_carea' id='block_1_94' title="bbox 2038 3487 3739 3559">
    <p class='ocr_par' dir='ltr' id='par_1_94' title="bbox 2038 3487 3739 3559">
     <span class='ocr_line' id='line_1_94' title="bbox 2038 3487 3739 3559; baseline -0.002 -13"><span class='ocrx_word' id='word_1_649' title='bbox 2038 3489 2203 3556; x_wconf 90' lang='lat' dir='ltr'><strong>simo,</strong></span> <span class='ocrx_word' id='word_1_650' title='bbox 2241 3489 2324 3546; x_wconf 91' lang='lat' dir='ltr'><strong>uti</strong></span> <span class='ocrx_word' id='word_1_651' title='bbox 2373 3490 2660 3557; x_wconf 92' lang='lat' dir='ltr'><strong>convenit,</strong></span> <span class='ocrx_word' id='word_1_652' title='bbox 2715 3488 2826 3544; x_wconf 86' lang='lat' dir='ltr'><strong>fine</strong></span> <span class='ocrx_word' id='word_1_653' title='bbox 2864 3489 3192 3545; x_wconf 89' lang='lat' dir='ltr'><strong>concludat.</strong></span> <span class='ocrx_word' id='word_1_654' title='bbox 3233 3488 3400 3544; x_wconf 89' lang='lat' dir='ltr'><strong>Tales</strong></span> <span class='ocrx_word' id='word_1_655' title='bbox 3439 3487 3570 3559; x_wconf 89' lang='lat' dir='ltr'><strong>jure</strong></span> <span class='ocrx_word' id='word_1_656' title='bbox 3600 3488 3739 3544; x_wconf 88' lang='lat' dir='ltr'><strong>reli-</strong></span> 
     </span>
    </p>
   </div>
   <div class='ocr_carea' id='block_1_95' title="bbox 2039 3577 3744 3650">
    <p class='ocr_par' dir='ltr' id='par_1_95' title="bbox 2039 3577 3744 3650">
     <span class='ocr_line' id='line_1_95' title="bbox 2039 3577 3744 3650; baseline -0.001 -16"><span class='ocrx_word' id='word_1_657' title='bbox 2039 3579 2188 3650; x_wconf 91' lang='lat' dir='ltr'><strong>quit,</strong></span> <span class='ocrx_word' id='word_1_658' title='bbox 2219 3579 2360 3648; x_wconf 90' lang='lat' dir='ltr'><strong>quia</strong></span> <span class='ocrx_word' id='word_1_659' title='bbox 2392 3577 2645 3648; x_wconf 74' lang='lat' dir='ltr'><strong>perfidiae</strong></span> <span class='ocrx_word' id='word_1_660' title='bbox 2675 3591 2742 3633; x_wconf 93' lang='lat' dir='ltr'><strong>ac</strong></span> <span class='ocrx_word' id='word_1_661' title='bbox 2791 3578 3170 3647; x_wconf 90' lang='lat' dir='ltr'><strong>turpitudinis</strong></span> <span class='ocrx_word' id='word_1_662' title='bbox 3199 3577 3459 3648; x_wconf 88' lang='lat' dir='ltr'><strong>vestigia,</strong></span> <span class='ocrx_word' id='word_1_663' title='bbox 3491 3577 3744 3646; x_wconf 89' lang='lat' dir='ltr'><strong>deceptis</strong></span> 
     </span>
    </p>
   </div>
   <div class='ocr_carea' id='block_1_96' title="bbox 2037 3665 3741 3736">
    <p class='ocr_par' dir='ltr' id='par_1_96' title="bbox 2037 3665 3741 3736">
     <span class='ocr_line' id='line_1_96' title="bbox 2037 3665 3741 3736; baseline -0.001 -12"><span class='ocrx_word' id='word_1_664' title='bbox 2037 3667 2438 3724; x_wconf 89' lang='lat' dir='ltr'><strong>miserabiliter</strong></span> <span class='ocrx_word' id='word_1_665' title='bbox 2465 3666 2770 3722; x_wconf 88' lang='lat' dir='ltr'><strong>animabus</strong></span> <span class='ocrx_word' id='word_1_666' title='bbox 2816 3665 3024 3722; x_wconf 84' lang='lat' dir='ltr'><strong>infixit.</strong></span> <span class='ocrx_word' id='word_1_667' title='bbox 3053 3665 3233 3736; x_wconf 90' lang='lat' dir='ltr'><strong>Cujus</strong></span> <span class='ocrx_word' id='word_1_668' title='bbox 3278 3665 3524 3721; x_wconf 91' lang='lat' dir='ltr'><strong>talorum</strong></span> <span class='ocrx_word' id='word_1_669' title='bbox 3572 3665 3741 3722; x_wconf 89' lang='lat' dir='ltr'><strong>titulo</strong></span> 
     </span>
    </p>
   </div>
   <div class='ocr_carea' id='block_1_97' title="bbox 2036 3752 3735 3827">
    <p class='ocr_par' dir='ltr' id='par_1_97' title="bbox 2036 3752 3735 3827">
     <span class='ocr_line' id='line_1_97' title="bbox 2036 3752 3735 3827; baseline -0.001 -15"><span class='ocrx_word' id='word_1_670' title='bbox 2036 3757 2337 3827; x_wconf 87' lang='lat' dir='ltr'><strong>exegimus</strong></span> <span class='ocrx_word' id='word_1_671' title='bbox 2389 3755 2759 3819; x_wconf 88' lang='lat' dir='ltr'><strong>tetrasticum.</strong></span> <span class='ocrx_word' id='word_1_672' title='bbox 2815 3754 2988 3826; x_wconf 90' lang='lat' dir='ltr'><strong>juxta</strong></span> <span class='ocrx_word' id='word_1_673' title='bbox 3040 3763 3265 3826; x_wconf 88' lang='lat' dir='ltr'><strong>poetam</strong></span> <span class='ocrx_word' id='word_1_674' title='bbox 3324 3753 3566 3824; x_wconf 71' lang='lat' dir='ltr'><strong>(Honu.</strong></span> <span class='ocrx_word' id='word_1_675' title='bbox 3626 3752 3735 3811; x_wconf 87' lang='lat' dir='ltr'><strong>Od.</strong></span> 
     </span>
    </p>
   </div>
   <div class='ocr_carea' id='block_1_98' title="bbox 2038 3847 2954 3986">
    <p class='ocr_par' dir='ltr' id='par_1_98' title="bbox 2038 3847 2954 3986">
     <span class='ocr_line' id='line_1_98' title="bbox 2038 3847 2954 3986; baseline -0.003 -16"><span class='ocrx_word' id='word_1_676' title='bbox 2038 3859 2175 3912; x_wconf 56' lang='lat' dir='ltr'><strong>xxx,</strong></span> <span class='ocrx_word' id='word_1_677' title='bbox 2210 3848 2257 3913; x_wconf 41' lang='lat' dir='ltr'><strong>ﬁ,</strong></span> <span class='ocrx_word' id='word_1_678' title='bbox 2293 3847 2370 3911; x_wconf 58' lang='lat'><strong>2):</strong></span> <span class='ocrx_word' id='word_1_679' title='bbox 2464 3917 2593 3970; x_wconf 73' lang='lat' dir='ltr'><strong>Ere</strong></span> <span class='ocrx_word' id='word_1_680' title='bbox 2621 3913 2954 3986; x_wconf 69' lang='lat' dir='ltr'><strong>perennius,</strong></span> 
     </span>
    </p>
   </div>
   <div class='ocr_carea' id='block_1_99' title="bbox 2320 4001 3378 4075">
    <p class='ocr_par' dir='ltr' id='par_1_99' title="bbox 2320 4001 3378 4075">
     <span class='ocr_line' id='line_1_99' title="bbox 2320 4001 3378 4075; baseline -0.003 -16"><span class='ocrx_word' id='word_1_681' title='bbox 2320 4002 2631 4075; x_wconf 82' lang='lat' dir='ltr'><strong>Regalique</strong></span> <span class='ocrx_word' id='word_1_682' title='bbox 2652 4001 2769 4058; x_wconf 68' lang='lat' dir='ltr'><strong>situ</strong></span> <span class='ocrx_word' id='word_1_683' title='bbox 2792 4001 3150 4075; x_wconf 84' lang='lat' dir='ltr'><strong>piramidum</strong></span> <span class='ocrx_word' id='word_1_684' title='bbox 3179 4001 3378 4069; x_wconf 68' lang='lat' dir='ltr'><strong>altius,</strong></span> 
     </span>
    </p>
   </div>
   <div class='ocr_carea' id='block_1_100' title="bbox 2037 4108 3737 4180">
    <p class='ocr_par' dir='ltr' id='par_1_100' title="bbox 2037 4108 3737 4180">
     <span class='ocr_line' id='line_1_100' title="bbox 2037 4108 3737 4180; baseline 0 -13"><span class='ocrx_word' id='word_1_685' title='bbox 2037 4117 2102 4167; x_wconf 91' lang='lat' dir='ltr'><strong>ut</strong></span> <span class='ocrx_word' id='word_1_686' title='bbox 2145 4110 2234 4166; x_wconf 91' lang='lat' dir='ltr'><strong>vir</strong></span> <span class='ocrx_word' id='word_1_687' title='bbox 2263 4110 2534 4180; x_wconf 90' lang='lat' dir='ltr'><strong>egregius</strong></span> <span class='ocrx_word' id='word_1_688' title='bbox 2578 4109 2733 4165; x_wconf 91' lang='lat' dir='ltr'><strong>omni</strong></span> <span class='ocrx_word' id='word_1_689' title='bbox 2771 4110 2891 4179; x_wconf 89' lang='lat' dir='ltr'><strong>jam</strong></span> <span class='ocrx_word' id='word_1_690' title='bbox 2923 4123 3092 4179; x_wconf 89' lang='lat' dir='ltr'><strong>porco</strong></span> <span class='ocrx_word' id='word_1_691' title='bbox 3135 4108 3351 4164; x_wconf 88' lang='lat' dir='ltr'><strong>felicior</strong></span> <span class='ocrx_word' id='word_1_692' title='bbox 3389 4123 3526 4165; x_wconf 89' lang='lat' dir='ltr'><strong>cum</strong></span> <span class='ocrx_word' id='word_1_693' title='bbox 3569 4117 3737 4180; x_wconf 88' lang='lat' dir='ltr'><strong>poeta</strong></span> 
     </span>
    </p>
   </div>
   <div class='ocr_carea' id='block_1_101' title="bbox 2035 4197 3082 4269">
    <p class='ocr_par' dir='ltr' id='par_1_101' title="bbox 2035 4197 3082 4269">
     <span class='ocr_line' id='line_1_101' title="bbox 2035 4197 3082 4269; baseline -0.003 -14"><span class='ocrx_word' id='word_1_694' title='bbox 2035 4199 2233 4255; x_wconf 89' lang='lat' dir='ltr'><strong>eodem</strong></span> <span class='ocrx_word' id='word_1_695' title='bbox 2266 4197 2461 4269; x_wconf 87' lang='lat' dir='ltr'><strong>(Ibid.,</strong></span> <span class='ocrx_word' id='word_1_696' title='bbox 2485 4198 2602 4268; x_wconf 87' lang='lat'><strong>6-7)</strong></span> <span class='ocrx_word' id='word_1_697' title='bbox 2633 4197 2818 4253; x_wconf 91' lang='lat' dir='ltr'><strong>dicere</strong></span> <span class='ocrx_word' id='word_1_698' title='bbox 2849 4197 3037 4253; x_wconf 90' lang='lat' dir='ltr'><strong>valeat</strong></span> <span class='ocrx_word' id='word_1_699' title='bbox 3069 4211 3082 4252; x_wconf 91' lang='lat'><strong>:</strong></span> 
     </span>
    </p>
   </div>
   <div class='ocr_carea' id='block_1_102' title="bbox 2318 4283 3583 4358">
    <p class='ocr_par' dir='ltr' id='par_1_102' title="bbox 2318 4283 3583 4358">
     <span class='ocr_line' id='line_1_102' title="bbox 2318 4283 3583 4358; baseline -0.002 -16"><span class='ocrx_word' id='word_1_700' title='bbox 2318 4287 2456 4342; x_wconf 84' lang='lat' dir='ltr'><strong>Non</strong></span> <span class='ocrx_word' id='word_1_701' title='bbox 2482 4285 2669 4342; x_wconf 79' lang='lat' dir='ltr'><strong>omnis</strong></span> <span class='ocrx_word' id='word_1_702' title='bbox 2699 4284 2936 4354; x_wconf 83' lang='lat' dir='ltr'><strong>moriar,</strong></span> <span class='ocrx_word' id='word_1_703' title='bbox 2967 4285 3269 4356; x_wconf 84' lang='lat' dir='ltr'><strong>multaque</strong></span> <span class='ocrx_word' id='word_1_704' title='bbox 3297 4301 3438 4358; x_wconf 72' lang='lat' dir='ltr'><strong>pars</strong></span> <span class='ocrx_word' id='word_1_705' title='bbox 3465 4283 3583 4340; x_wconf 86' lang='lat' dir='ltr'><strong>mei</strong></span> 
     </span>
    </p>
   </div>
   <div class='ocr_carea' id='block_1_103' title="bbox 2511 4370 3096 4427">
    <p class='ocr_par' dir='ltr' id='par_1_103' title="bbox 2511 4370 3096 4427">
     <span class='ocr_line' id='line_1_103' title="bbox 2511 4370 3096 4427; baseline 0 -1"><span class='ocrx_word' id='word_1_706' title='bbox 2511 4370 2732 4427; x_wconf 77' lang='lat' dir='ltr'><strong>Vitabit</strong></span> <span class='ocrx_word' id='word_1_707' title='bbox 2761 4371 3096 4426; x_wconf 72' lang='lat' dir='ltr'><strong>Libitinam.</strong></span> 
     </span>
    </p>
   </div>
   <div class='ocr_carea' id='block_1_104' title="bbox 2113 4461 2418 4526">
    <p class='ocr_par' dir='ltr' id='par_1_104' title="bbox 2113 4461 2418 4526">
     <span class='ocr_line' id='line_1_104' title="bbox 2113 4461 2418 4526; baseline -0.01 -9"><span class='ocrx_word' id='word_1_708' title='bbox 2113 4461 2275 4526; x_wconf 88' lang='lat' dir='ltr'><strong>Quod</strong></span> <span class='ocrx_word' id='word_1_709' title='bbox 2301 4468 2418 4516; x_wconf 88' lang='lat' dir='ltr'><strong>est:</strong></span> 
     </span>
    </p>
   </div>
   <div class='ocr_carea' id='block_1_105' title="bbox 2038 4547 3608 4627">
    <p class='ocr_par' dir='ltr' id='par_1_105' title="bbox 2038 4547 3608 4627">
     <span class='ocr_line' id='line_1_105' title="bbox 2038 4547 3608 4627; baseline -0.001 -22"><span class='ocrx_word' id='word_1_710' title='bbox 2038 4549 2332 4605; x_wconf 81' lang='lat' dir='ltr'><strong>Manditur</strong></span> <span class='ocrx_word' id='word_1_711' title='bbox 2357 4565 2454 4605; x_wconf 78' lang='lat' dir='ltr'><strong>ore</strong></span> <span class='ocrx_word' id='word_1_712' title='bbox 2471 4563 2662 4616; x_wconf 69' lang='lat' dir='ltr'><strong>suum,</strong></span> <span class='ocrx_word' id='word_1_713' title='bbox 2687 4547 2789 4620; x_wconf 84' lang='lat' dir='ltr'><strong>qui</strong></span> <span class='ocrx_word' id='word_1_714' title='bbox 2802 4563 3041 4620; x_wconf 86' lang='lat' dir='ltr'><strong>porcum</strong></span> <span class='ocrx_word' id='word_1_715' title='bbox 3071 4547 3319 4614; x_wconf 72' lang='lat' dir='ltr'><strong>dixerat;</strong></span> <span class='ocrx_word' id='word_1_716' title='bbox 3355 4547 3526 4620; x_wconf 65' lang='lat' dir='ltr'><strong>hujus</strong></span> <span class='ocrx_word' id='word_1_717' title='bbox 3601 4619 3608 4627; x_wconf 26' lang='grc' dir='ltr'>ι</span> 
     </span>
    </p>
   </div>
   <div class='ocr_carea' id='block_1_106' title="bbox 2111 4635 3388 4708">
    <p class='ocr_par' dir='ltr' id='par_1_106' title="bbox 2111 4635 3388 4708">
     <span class='ocr_line' id='line_1_106' title="bbox 2111 4635 3388 4708; baseline -0.003 -13"><span class='ocrx_word' id='word_1_718' title='bbox 2111 4639 2365 4696; x_wconf 80' lang='lat' dir='ltr'><strong>Membra</strong></span> <span class='ocrx_word' id='word_1_719' title='bbox 2401 4637 2570 4692; x_wconf 86' lang='lat' dir='ltr'><strong>beata</strong></span> <span class='ocrx_word' id='word_1_720' title='bbox 2586 4635 3012 4708; x_wconf 83' lang='lat' dir='ltr'><strong>cluunt,podice</strong></span> <span class='ocrx_word' id='word_1_721' title='bbox 3022 4637 3175 4704; x_wconf 66' lang='lat' dir='ltr'><strong>fusa</strong></span> <span class='ocrx_word' id='word_1_722' title='bbox 3201 4653 3388 4691; x_wconf 75' lang='lat' dir='ltr'><strong>mum.</strong></span> 
     </span>
    </p>
   </div>
   <div class='ocr_carea' id='block_1_107' title="bbox 2040 4724 3324 4796">
    <p class='ocr_par' dir='ltr' id='par_1_107' title="bbox 2040 4724 3324 4796">
     <span class='ocr_line' id='line_1_107' title="bbox 2040 4724 3324 4796; baseline -0.004 -13"><span class='ocrx_word' id='word_1_723' title='bbox 2040 4727 2170 4783; x_wconf 84' lang='lat' dir='ltr'><strong>Cum</strong></span> <span class='ocrx_word' id='word_1_724' title='bbox 2195 4726 2344 4780; x_wconf 72' lang='lat' dir='ltr'><strong>talo:</strong></span> <span class='ocrx_word' id='word_1_725' title='bbox 2371 4725 2480 4793; x_wconf 82' lang='lat' dir='ltr'><strong>ori,</strong></span> <span class='ocrx_word' id='word_1_726' title='bbox 2507 4727 2627 4780; x_wconf 87' lang='lat' dir='ltr'><strong>tum</strong></span> <span class='ocrx_word' id='word_1_727' title='bbox 2651 4725 2801 4796; x_wconf 87' lang='lat' dir='ltr'><strong>quod</strong></span> <span class='ocrx_word' id='word_1_728' title='bbox 2823 4741 2922 4778; x_wconf 65' lang='lat' dir='ltr'><strong>sua</strong></span> <span class='ocrx_word' id='word_1_729' title='bbox 2959 4724 3113 4786; x_wconf 82' lang='lat' dir='ltr'><strong>fudit</strong></span> <span class='ocrx_word' id='word_1_730' title='bbox 3143 4724 3324 4792; x_wconf 88' lang='lat' dir='ltr'><strong>odori,</strong></span> 
     </span>
    </p>
   </div>
   <div class='ocr_carea' id='block_1_108' title="bbox 2107 4812 3339 4887">
    <p class='ocr_par' dir='ltr' id='par_1_108' title="bbox 2107 4812 3339 4887">
     <span class='ocr_line' id='line_1_108' title="bbox 2107 4812 3339 4887; baseline -0.002 -17"><span class='ocrx_word' id='word_1_731' title='bbox 2107 4813 2286 4887; x_wconf 80' lang='lat' dir='ltr'><strong>Digna</strong></span> <span class='ocrx_word' id='word_1_732' title='bbox 2310 4813 2414 4885; x_wconf 83' lang='lat' dir='ltr'><strong>qui</strong></span> <span class='ocrx_word' id='word_1_733' title='bbox 2441 4812 2692 4870; x_wconf 83' lang='lat' dir='ltr'><strong>celebrat</strong></span> <span class='ocrx_word' id='word_1_734' title='bbox 2718 4813 2910 4870; x_wconf 78' lang='lat' dir='ltr'><strong>cultor</strong></span> <span class='ocrx_word' id='word_1_735' title='bbox 2937 4813 3147 4868; x_wconf 77' lang='lat' dir='ltr'><strong>honore</strong></span> <span class='ocrx_word' id='word_1_736' title='bbox 3163 4813 3339 4878; x_wconf 85' lang='lat' dir='ltr'><strong>ferat.</strong></span> 
     </span>
    </p>
   </div>
   <div class='ocr_carea' id='block_1_109' title="bbox 2105 4900 3728 4972">
    <p class='ocr_par' dir='ltr' id='par_1_109' title="bbox 2105 4900 3728 4972">
     <span class='ocr_line' id='line_1_109' title="bbox 2105 4900 3728 4972; baseline -0.001 -13"><span class='ocrx_word' id='word_1_737' title='bbox 2105 4902 2269 4970; x_wconf 94' lang='lat' dir='ltr'><strong>Quod</strong></span> <span class='ocrx_word' id='word_1_738' title='bbox 2299 4904 2343 4958; x_wconf 92' lang='lat' dir='ltr'><strong>si</strong></span> <span class='ocrx_word' id='word_1_739' title='bbox 2377 4902 2824 4958; x_wconf 72' lang='lat' dir='ltr'><strong>Manichaeorum</strong></span> <span class='ocrx_word' id='word_1_740' title='bbox 2860 4910 2997 4958; x_wconf 91' lang='lat' dir='ltr'><strong>sunt</strong></span> <span class='ocrx_word' id='word_1_741' title='bbox 3040 4915 3178 4958; x_wconf 87' lang='lat' dir='ltr'><strong>vera</strong></span> <span class='ocrx_word' id='word_1_742' title='bbox 3218 4900 3494 4972; x_wconf 88' lang='lat' dir='ltr'><strong>repurgia</strong></span> <span class='ocrx_word' id='word_1_743' title='bbox 3544 4909 3728 4965; x_wconf 66' lang='lat' dir='ltr'><strong>sectae,</strong></span> 
     </span>
    </p>
   </div>
   <div class='ocr_carea' id='block_1_110' title="bbox 2035 4990 3732 5061">
    <p class='ocr_par' dir='ltr' id='par_1_110' title="bbox 2035 4990 3732 5061">
     <span class='ocr_line' id='line_1_110' title="bbox 2035 4990 3732 5061; baseline -0.001 -13"><span class='ocrx_word' id='word_1_744' title='bbox 2035 4998 2102 5048; x_wconf 92' lang='lat' dir='ltr'><strong>ut</strong></span> <span class='ocrx_word' id='word_1_745' title='bbox 2139 4991 2200 5046; x_wconf 90' lang='lat' dir='ltr'><strong>in</strong></span> <span class='ocrx_word' id='word_1_746' title='bbox 2244 4991 2403 5047; x_wconf 92' lang='lat' dir='ltr'><strong>omni</strong></span> <span class='ocrx_word' id='word_1_747' title='bbox 2449 4990 2606 5061; x_wconf 90' lang='lat' dir='ltr'><strong>quod</strong></span> <span class='ocrx_word' id='word_1_748' title='bbox 2651 4990 2970 5047; x_wconf 84' lang='lat' dir='ltr'><strong>eomeditur</strong></span> <span class='ocrx_word' id='word_1_749' title='bbox 3011 5004 3145 5060; x_wconf 90' lang='lat' dir='ltr'><strong>pars</strong></span> <span class='ocrx_word' id='word_1_750' title='bbox 3196 4991 3464 5060; x_wconf 67' lang='lat' dir='ltr'><strong>quaedam</strong></span> <span class='ocrx_word' id='word_1_751' title='bbox 3503 4997 3732 5046; x_wconf 89' lang='lat' dir='ltr'><strong>maneat</strong></span> 
     </span>
    </p>
   </div>
   <div class='ocr_carea' id='block_1_111' title="bbox 2035 5077 3732 5147">
    <p class='ocr_par' dir='ltr' id='par_1_111' title="bbox 2035 5077 3732 5147">
     <span class='ocr_line' id='line_1_111' title="bbox 2035 5077 3732 5147; baseline 0 -12"><span class='ocrx_word' id='word_1_752' title='bbox 2035 5079 2454 5136; x_wconf 88' lang='lat' dir='ltr'><strong>commaculata</strong></span> <span class='ocrx_word' id='word_1_753' title='bbox 2487 5078 2622 5147; x_wconf 91' lang='lat' dir='ltr'><strong>Dei;</strong></span> <span class='ocrx_word' id='word_1_754' title='bbox 2661 5088 2716 5135; x_wconf 90' lang='lat' dir='ltr'><strong>et</strong></span> <span class='ocrx_word' id='word_1_755' title='bbox 2754 5079 3012 5136; x_wconf 91' lang='lat' dir='ltr'><strong>dentium</strong></span> <span class='ocrx_word' id='word_1_756' title='bbox 3047 5077 3497 5135; x_wconf 89' lang='lat' dir='ltr'><strong>comminutione</strong></span> <span class='ocrx_word' id='word_1_757' title='bbox 3537 5086 3593 5134; x_wconf 91' lang='lat' dir='ltr'><strong>et</strong></span> <span class='ocrx_word' id='word_1_758' title='bbox 3621 5086 3732 5135; x_wconf 89' lang='lat' dir='ltr'><strong>sto-</strong></span> 
     </span>
    </p>
   </div>
   <div class='ocr_carea' id='block_1_112' title="bbox 2034 5167 3727 5238">
    <p class='ocr_par' dir='ltr' id='par_1_112' title="bbox 2034 5167 3727 5238">
     <span class='ocr_line' id='line_1_112' title="bbox 2034 5167 3727 5238; baseline 0 -14"><span class='ocrx_word' id='word_1_759' title='bbox 2034 5167 2225 5224; x_wconf 89' lang='lat' dir='ltr'><strong>machi</strong></span> <span class='ocrx_word' id='word_1_760' title='bbox 2275 5167 2634 5224; x_wconf 86' lang='lat' dir='ltr'><strong>concoctione</strong></span> <span class='ocrx_word' id='word_1_761' title='bbox 2671 5181 2804 5238; x_wconf 90' lang='lat' dir='ltr'><strong>pars</strong></span> <span class='ocrx_word' id='word_1_762' title='bbox 2847 5169 2971 5238; x_wconf 86' lang='lat' dir='ltr'><strong>ipsa</strong></span> <span class='ocrx_word' id='word_1_763' title='bbox 3011 5168 3111 5224; x_wconf 91' lang='lat' dir='ltr'><strong>Dei</strong></span> <span class='ocrx_word' id='word_1_764' title='bbox 3151 5175 3464 5238; x_wconf 88' lang='lat' dir='ltr'><strong>purgetur;</strong></span> <span class='ocrx_word' id='word_1_765' title='bbox 3506 5175 3562 5223; x_wconf 92' lang='lat' dir='ltr'><strong>et</strong></span> <span class='ocrx_word' id='word_1_766' title='bbox 3590 5181 3727 5237; x_wconf 88' lang='lat' dir='ltr'><strong>pur-</strong></span> 
     </span>
    </p>
   </div>
   <div class='ocr_carea' id='block_1_113' title="bbox 2035 5255 3730 5328">
    <p class='ocr_par' dir='ltr' id='par_1_113' title="bbox 2035 5255 3730 5328">
     <span class='ocr_line' id='line_1_113' title="bbox 2035 5255 3730 5328; baseline 0.001 -17"><span class='ocrx_word' id='word_1_767' title='bbox 2035 5263 2168 5328; x_wconf 91' lang='lat' dir='ltr'><strong>gata</strong></span> <span class='ocrx_word' id='word_1_768' title='bbox 2207 5256 2328 5326; x_wconf 90' lang='lat' dir='ltr'><strong>jam</strong></span> <span class='ocrx_word' id='word_1_769' title='bbox 2373 5255 2435 5310; x_wconf 90' lang='lat' dir='ltr'><strong>in</strong></span> <span class='ocrx_word' id='word_1_770' title='bbox 2483 5255 2717 5327; x_wconf 89' lang='lat' dir='ltr'><strong>angelos</strong></span> <span class='ocrx_word' id='word_1_771' title='bbox 2758 5264 3148 5322; x_wconf 85' lang='lat' dir='ltr'><strong>convertatur,</strong></span> <span class='ocrx_word' id='word_1_772' title='bbox 3204 5255 3307 5325; x_wconf 91' lang='lat' dir='ltr'><strong>qui</strong></span> <span class='ocrx_word' id='word_1_773' title='bbox 3365 5255 3629 5312; x_wconf 91' lang='lat' dir='ltr'><strong>ructibus</strong></span> <span class='ocrx_word' id='word_1_774' title='bbox 3675 5262 3730 5312; x_wconf 88' lang='lat' dir='ltr'><strong>et</strong></span> 
     </span>
    </p>
   </div>
   <div class='ocr_carea' id='block_1_114' title="bbox 2033 5342 3728 5414">
    <p class='ocr_par' dir='ltr' id='par_1_114' title="bbox 2033 5342 3728 5414">
     <span class='ocr_line' id='line_1_114' title="bbox 2033 5342 3728 5414; baseline -0.001 -14"><span class='ocrx_word' id='word_1_775' title='bbox 2033 5343 2371 5400; x_wconf 87' lang='lat' dir='ltr'><strong>ventositate</strong></span> <span class='ocrx_word' id='word_1_776' title='bbox 2399 5351 2565 5400; x_wconf 88' lang='lat' dir='ltr'><strong>extra</strong></span> <span class='ocrx_word' id='word_1_777' title='bbox 2597 5359 2701 5400; x_wconf 92' lang='lat' dir='ltr'><strong>nos</strong></span> <span class='ocrx_word' id='word_1_778' title='bbox 2727 5343 2954 5414; x_wconf 85' lang='lat' dir='ltr'><strong>prodire</strong></span> <span class='ocrx_word' id='word_1_779' title='bbox 2979 5345 3266 5409; x_wconf 89' lang='lat' dir='ltr'><strong>dicantur,</strong></span> <span class='ocrx_word' id='word_1_780' title='bbox 3290 5357 3424 5400; x_wconf 91' lang='lat' dir='ltr'><strong>sues</strong></span> <span class='ocrx_word' id='word_1_781' title='bbox 3453 5343 3522 5399; x_wconf 90' lang='lat' dir='ltr'><strong>de</strong></span> <span class='ocrx_word' id='word_1_782' title='bbox 3551 5342 3728 5414; x_wconf 89' lang='lat' dir='ltr'><strong>hujus</strong></span> 
     </span>
    </p>
   </div>
   <div class='ocr_carea' id='block_1_115' title="bbox 2031 5430 3728 5504">
    <p class='ocr_par' dir='ltr' id='par_1_115' title="bbox 2031 5430 3728 5504">
     <span class='ocr_line' id='line_1_115' title="bbox 2031 5430 3728 5504; baseline -0.002 -14"><span class='ocrx_word' id='word_1_783' title='bbox 2031 5433 2308 5490; x_wconf 85' lang='lat' dir='ltr'><strong>carnibus</strong></span> <span class='ocrx_word' id='word_1_784' title='bbox 2364 5440 2574 5502; x_wconf 86' lang='lat' dir='ltr'><strong>pastas,</strong></span> <span class='ocrx_word' id='word_1_785' title='bbox 2627 5433 2782 5504; x_wconf 90' lang='lat' dir='ltr'><strong>quod</strong></span> <span class='ocrx_word' id='word_1_786' title='bbox 2837 5432 3127 5489; x_wconf 89' lang='lat' dir='ltr'><strong>credimus</strong></span> <span class='ocrx_word' id='word_1_787' title='bbox 3196 5431 3430 5504; x_wconf 90' lang='lat' dir='ltr'><strong>angelos</strong></span> <span class='ocrx_word' id='word_1_788' title='bbox 3479 5430 3728 5488; x_wconf 70' lang='lat' dir='ltr'><strong>effecisse</strong></span> 
     </span>
    </p>
   </div>
   <div class='ocr_carea' id='block_1_116' title="bbox 2033 5518 3727 5592">
    <p class='ocr_par' dir='ltr' id='par_1_116' title="bbox 2033 5518 3727 5592">
     <span class='ocr_line' id='line_1_116' title="bbox 2033 5518 3727 5592; baseline -0.002 -15"><span class='ocrx_word' id='word_1_789' title='bbox 2033 5529 2087 5577; x_wconf 88' lang='lat' dir='ltr'><strong>et</strong></span> <span class='ocrx_word' id='word_1_790' title='bbox 2141 5521 2324 5592; x_wconf 90' lang='lat' dir='ltr'><strong>magis</strong></span> <span class='ocrx_word' id='word_1_791' title='bbox 2377 5521 2512 5578; x_wconf 88' lang='lat' dir='ltr'><strong>hinc</strong></span> <span class='ocrx_word' id='word_1_792' title='bbox 2565 5521 2699 5578; x_wconf 88' lang='lat' dir='ltr'><strong>inde</strong></span> <span class='ocrx_word' id='word_1_793' title='bbox 2749 5521 2984 5577; x_wconf 86' lang='lat' dir='ltr'><strong>ﬂatibus</strong></span> <span class='ocrx_word' id='word_1_794' title='bbox 3037 5520 3334 5576; x_wconf 90' lang='lat' dir='ltr'><strong>emisisse?</strong></span> <span class='ocrx_word' id='word_1_795' title='bbox 3365 5519 3470 5576; x_wconf 91' lang='lat' dir='ltr'><strong>Sed</strong></span> <span class='ocrx_word' id='word_1_796' title='bbox 3502 5518 3727 5576; x_wconf 91' lang='lat' dir='ltr'><strong>omissis</strong></span> 
     </span>
    </p>
   </div>
   <div class='ocr_carea' id='block_1_117' title="bbox 2027 5607 3722 5681">
    <p class='ocr_par' dir='ltr' id='par_1_117' title="bbox 2027 5607 3722 5681">
     <span class='ocr_line' id='line_1_117' title="bbox 2027 5607 3722 5681; baseline 0 -17"><span class='ocrx_word' id='word_1_797' title='bbox 2027 5607 2388 5680; x_wconf 88' lang='lat' dir='ltr'><strong>jocularibus</strong></span> <span class='ocrx_word' id='word_1_798' title='bbox 2417 5624 2548 5680; x_wconf 70' lang='lat' dir='ltr'><strong>quae</strong></span> <span class='ocrx_word' id='word_1_799' title='bbox 2576 5623 2680 5681; x_wconf 89' lang='lat' dir='ltr'><strong>pro</strong></span> <span class='ocrx_word' id='word_1_800' title='bbox 2726 5609 3063 5680; x_wconf 89' lang='lat' dir='ltr'><strong>sequacium</strong></span> <span class='ocrx_word' id='word_1_801' title='bbox 3093 5608 3377 5664; x_wconf 88' lang='lat' dir='ltr'><strong>derisione</strong></span> <span class='ocrx_word' id='word_1_802' title='bbox 3423 5607 3722 5675; x_wconf 88' lang='lat' dir='ltr'><strong>dicuntur,</strong></span> 
     </span>
    </p>
   </div>
  </div>
