3936 6480
124 382 243 433 693

1305 384 1523 440 GESTA
1561 382 1676 438 DEI
1720 384 1860 439 PER
1902 383 2234 440 FBANCOS.
2262 413 2331 424 —
2357 384 2493 439 LIB.
2544 386 2585 439 Ι.

3604 393 3709 446 694-

123 516 246 572 hoc
278 524 381 573 est
418 517 859 576 insinuandum
881 518 1038 589 quod
1070 532 1185 574 non
1214 533 1348 575 eum
1378 518 1570 587 deum,
1603 527 1669 576 ut
1715 519 1897 590 aliqui
1933 521 1982 574 Α
2010 520 2098 577 ria
2125 528 2180 577 et
2209 534 2393 577 scena
2427 520 2646 577 ﬁerent.
2674 521 2848 577 Porro
2885 521 2954 578 de
2990 521 3411 585 Catholicorum
3468 524 3708 582 necibus

125 598 485 673 aestimant,
553 608 890 678 opinantur,
941 606 1038 662 sed
1092 607 1379 665 homniem
1425 608 1670 676 justum,
1725 622 1894 664 eum-

125 693 415 764 demque
452 703 800 765 patronum,
843 709 942 764 per
972 709 1144 765 quem
1192 694 1347 766 leges
1392 695 1605 753 divina
1654 697 1895 752 tradan-

125 789 253 837 tur.
287 783 491 838 Hunc
526 784 754 840 cmlitus
779 791 1146 853 assumptum
1179 792 1472 851 astruunt,
1505 792 1559 839 et
1579 786 1727 840 solos
1754 784 1895 840 talos

130 870 391 927 reiictos
413 873 502 929 ad
527 887 772 930 suorum
795 872 1048 927 ﬁdelium
1073 880 1534 940 monumentum,
1558 888 1705 943 quos
1722 874 1894 929 etiam

130 956 390 1015 inﬁnita
420 962 812 1017 veneratione
842 961 1138 1029 revisunt;
1179 974 1484 1030 porcorum
1516 976 1651 1018 vero
1704 976 1893 1030 esum,

126 1046 305 1117 justa
374 1063 642 1118 prorsus
697 1050 917 1105 ratione
981 1056 1383 1115 contemnunt,
1452 1050 1554 1120 qui
1610 1036 1901 1107 morsibus

130 1148 358 1190 eorum
375 1135 701 1192 dominum
730 1143 1230 1205 consumpserunt.

864 1223 1094 1280 CAPUT
1134 1224 1232 1281 IV.

216 1312 343 1383 [V.]
382 1313 502 1369 Ha
536 1312 715 1383 igitur
744 1326 891 1383 quas
942 1326 1121 1382 supra
1170 1311 1427 1369 diximus
1470 1320 1684 1383 gentes,
1736 1320 1896 1382 post-

138 1415 342 1473 quam
380 1416 501 1471 per
548 1401 717 1473 longa
762 1410 1037 1471 tempora,
1089 1409 1213 1470 post
1262 1402 1474 1457 multas
1522 1402 1892 1471 posteritates,

138 1504 323 1547 error
366 1495 587 1560 erepta
631 1490 963 1562 gentilitatis
1014 1490 1279 1558 invaluit,
1331 1506 1464 1547 cum
1514 1491 1892 1559 Palastinam,

138 1586 280 1635 tum
340 1578 777 1647 Jerosolymam
830 1591 897 1632 ac
955 1576 1290 1645 sepulcrum
1342 1578 1568 1633 Domini
1624 1593 1894 1647 pervase-

138 1674 322 1728 runt,
383 1664 871 1734 Armeniamque,
932 1664 1177 1733 Syriam,
1242 1674 1582 1735 partemque
1638 1665 1892 1735 Gracia,

140 1768 302 1822 pene
358 1768 566 1823 usque
618 1752 689 1808 ad
738 1752 885 1807 illud
933 1766 1090 1807 mare
1133 1753 1288 1822 quod
1339 1753 1650 1809 Brachium
1699 1753 1892 1809 Sancti

138 1839 398 1912 Georgii
468 1840 706 1905 dicitur,
751 1839 1145 1896 obtinuerunt.
1202 1841 1359 1897 Inter
1402 1842 1595 1897 omnia
1644 1841 1894 1898 Orientis

136 1942 344 1998 regna
396 1928 820 1999 Babylonicum
866 1928 1195 1997 imperium,
1245 1931 1321 1985 ab
1385 1929 1626 2000 antiquo
1673 1944 1894 2000 prapo-

143 2016 569 2072 tentissimum
604 2015 729 2082 fuit,
758 2025 811 2071 et
842 2015 1037 2086 regnis
1077 2016 1528 2087 quampluribus
1568 2017 1891 2088 imperavit.

139 2106 441 2160 Attamen
493 2104 838 2159 Parthorum
868 2118 1134 2175 regnum,
1180 2120 1327 2175 quos
1373 2106 1589 2161 Turcos
1626 2114 1895 2178 corrupto

140 2191 405 2248 nomine
474 2194 814 2260 vocitamus,
859 2193 920 2249 in
982 2208 1041 2249 re
1084 2194 1321 2250 militari
1375 2203 1431 2251 et
1479 2196 1730 2266 equestri
1774 2195 1895 2251 ele-

144 2280 387 2350 gantia,
426 2279 616 2336 animi
645 2280 817 2336 etiam
849 2282 1063 2337 virtute
1097 2283 1418 2351 prapollet;
1461 2283 1559 2337 sed
1604 2291 1891 2339 terrarum

146 2368 565 2437 amplitudine
610 2368 802 2424 minus
850 2376 1018 2438 patet.
1071 2370 1389 2439 Imperator
1418 2369 1614 2439 itaque
1661 2371 1899 2441 Babylo-

147 2455 333 2511 nicus
364 2470 477 2512 eas
510 2470 659 2526 quas
688 2457 1070 2526 praemisimus
1114 2458 1439 2528 provincias
1479 2472 1689 2529 magno
1734 2473 1895 2515 exer-

148 2543 279 2600 citu
342 2553 702 2615 occuparat;
751 2545 846 2601 sed
899 2546 1171 2615 temporis
1230 2561 1519 2615 processu,
1571 2547 1893 2603 Turcorum

149 2641 513 2703 emergente
538 2634 720 2703 copia,
751 2632 997 2703 Assyriis
1027 2634 1229 2690 evictis
1254 2634 1549 2691 amiserat.

228 2720 407 2774 Petit
457 2720 783 2791 imperator
834 2724 1164 2777 Gracorum
1220 2738 1259 2779 a
1300 2723 1547 2778 Roberto
1604 2722 1893 2779 Flandria

150 2811 379 2865 comite
419 2810 676 2866 auxilia.
724 2812 813 2866 Hii
848 2806 1027 2882 igitur
1068 2813 1245 2867 armis
1298 2813 1632 2880 vivaciores,
1666 2820 1720 2868 et
1748 2827 1891 2868 con-

150 2899 395 2954 suetius
432 2906 661 2954 utentes
690 2898 953 2965 audacia,
1004 2898 1145 2954 dum
1195 2898 1888 2969 Constantinopolitanum

156 2994 460 3057 urgerent
508 2986 836 3056 imperium,
875 2995 929 3042 et
968 2986 1151 3043 eidem
1202 2987 1330 3043 urbi
1384 3002 1525 3057 pene
1562 2987 1888 3043 obsidenda

2004 609 2219 665 frustra
2266 623 2517 680 agerem,
2543 624 2678 665 cum
2712 611 2954 666 mortuis
2988 612 3047 666 in
3083 611 3211 679 ﬁde,
3246 613 3377 670 vita
3418 614 3707 670 aternalis

2001 695 2297 752 videretur
2327 698 2539 752 instare
2582 697 3010 763 concambium,
3063 701 3401 769 superstites
3446 701 3555 757 sub
3606 701 3708 756 mi-

2002 784 2111 839 seri
2139 784 2284 855 jugo
2318 785 2632 841 famulatus
2671 786 2852 841 vitam
2907 796 3190 856 gererent,
3237 788 3392 858 ipsis,
3442 796 3507 844 ut
3552 788 3706 844 arbi-

2006 881 2141 941 tror,
2202 874 2482 930 mortibus
2551 876 2847 930 acriorem.
2910 875 3177 946 Virgines
3230 875 3387 931 enim
3451 874 3705 933 ﬁdelium

2002 959 2389 1028 deprehensa,
2424 961 2722 1032 publicum
2756 963 2878 1018 ﬁeri
2908 963 3389 1033 pracipiebantur
3433 970 3703 1028 scortum,

2003 1062 2136 1104 cum
2177 1065 2467 1119 nusquam
2522 1052 2724 1121 pudori
2756 1052 3077 1108 deferretur
3121 1066 3188 1108 ac
3238 1053 3520 1109 honestati
3562 1068 3708 1108 con-

1998 1136 2229 1208 jugum.
2264 1139 2471 1195 Matres
2495 1147 2778 1208 corrupta
2808 1139 2867 1194 in
2898 1148 3210 1209 conspectu
3242 1140 3513 1207 ﬁliarum,
3557 1140 3705 1196 mul-

2002 1225 2272 1295 tipliciter
2309 1227 2561 1296 repetitis
2601 1227 2961 1283 diversorum
3012 1228 3274 1295 coitibus,
3320 1229 3705 1293 vexabantur,

2002 1327 2135 1369 cum
2181 1313 2310 1369 ﬁlia
2358 1314 2701 1381 assistentes,
2762 1315 3023 1370 carmina
3077 1317 3383 1385 pracinere
3443 1317 3707 1373 saltando

2003 1400 2224 1456 nefaria
2259 1401 2406 1457 inter
2459 1402 2789 1472 hujusmodi
2837 1410 3200 1473 cogerentur.
3255 1404 3470 1459 Eadem
3514 1405 3703 1459 statim

2005 1490 2213 1560 passio,
2244 1490 2398 1559 quod
2430 1490 2536 1545 dici
2563 1492 2797 1560 quidem
2827 1499 2882 1546 et
2932 1492 3095 1547 dolor
3131 1500 3185 1547 et
3232 1493 3418 1562 pudor
3461 1501 3564 1560 est,
3617 1507 3705 1548 re-

2003 1578 2345 1634 volvebatur
2402 1579 2474 1633 ad
2546 1578 2713 1644 ﬁlias,
2764 1594 2896 1649 qua
2945 1581 3116 1635 etiam
3173 1580 3397 1635 faditas
3447 1580 3708 1637 obscenis

2003 1666 2319 1721 infelicium
2384 1674 2635 1722 matrum
2696 1667 3064 1723 cantionibus
3122 1668 3462 1724 ornabatur.
3512 1669 3708 1725 Totius

2003 1755 2255 1825 denique
2301 1755 2552 1810 nominis
2612 1756 2933 1811 reverentia
2983 1755 3314 1823 Christiani,
3390 1757 3707 1826 prostibulo

1932 1813 1975 1870 Β
2008 1813 2360 1898 tradebatur.
2427 1843 2688 1914 Cumque
2728 1844 2894 1899 sexui
2955 1844 3250 1912 feminino,
3300 1813 3456 1915 quod
3515 1854 3706 1901 tamen

2003 1932 2269 1989 excusari
2302 1933 2526 2000 poterit,
2564 1946 2665 2002 pro
2708 1933 3050 2002 competenti
3098 1941 3312 1989 natura
3357 1948 3472 1989 non
3517 1933 3704 2003 parci-

2004 2025 2121 2086 tur,
2154 2020 2213 2075 in
2257 2020 2641 2076 masculinum
2691 2021 3031 2090 pecualitate
3077 2030 3455 2092 transgressa,
3505 2021 3705 2078 solutis

2003 2107 2432 2164 humanitatum
2465 2108 2708 2180 legibus,
2749 2109 2881 2164 itur.
2920 2131 2940 2158 ι

2075 2196 2252 2264 Unde,
2293 2205 2354 2252 ut
2384 2198 2560 2252 unius
2596 2198 2951 2253 exsecranda
2979 2204 3034 2253 et
3080 2197 3313 2267 penitus
3360 2198 3702 2254 intolerabili

2001 2285 2246 2342 auribus
2282 2285 2575 2355 majestate
2604 2285 2826 2355 ﬂagitii,
2863 2286 2978 2354 illa,
3031 2301 3163 2356 qua
3206 2286 3265 2340 in
3310 2287 3622 2342 mediocres
3649 2295 3703 2342 et

2002 2372 2248 2440 inﬁmos,
2330 2372 2629 2429 defurebat
2710 2374 3047 2442 petulantia,
3116 2374 3483 2443 panderetur,
3566 2375 3703 2430 dicit

2002 2462 2310 2533 quemdam
2338 2477 2434 2518 eos
2466 2463 2743 2518 abusione
2774 2463 3117 2519 Sodomitica
3155 2463 3525 2519 intervenisse
3573 2463 3656 2533 [al
3685 2506 3698 2529 ,

2002 2551 2373 2622 interemisse]
2430 2550 2782 2621 episcopum.
2830 2574 2849 2600 ι
2902 2553 2974 2607 Et
3022 2552 3310 2622 quomodo
3362 2566 3610 2621 praceps
3646 2558 3702 2606 et

1999 2637 2269 2694 omnibus
2314 2637 2568 2693 omnimo
2616 2636 2869 2693 vesaniis
2918 2638 3273 2707 praferenda
3320 2638 3517 2705 libido,
3567 2653 3700 2708 qua

2000 2738 2224 2795 semper
2270 2723 2503 2807 consilii
2542 2724 2865 2795 frontisque
2915 2724 3095 2795 fugax
3151 2733 3425 2794 perpetuo
3481 2724 3700 2794 impetu

1999 2813 2214 2884 agitur,
2272 2821 2327 2869 et
2383 2828 2500 2883 quo
2552 2813 2814 2869 crebrius
2866 2811 3281 2883 exstinguitur,
3333 2826 3398 2868 eo
3443 2813 3701 2868 vivacior

1999 2900 2232 2956 ﬂamma
2270 2901 2473 2956 iterato
2504 2901 2896 2968 succenditur,
2928 2915 3067 2971 erga
3108 2900 3367 2956 humana
3408 2914 3467 2956 se
3495 2909 3701 2972 tempe-

1999 2998 2104 3055 ret,
2140 3004 2271 3060 qua
2305 2989 2608 3045 brutorum
2641 2989 2979 3045 animalium
3009 2988 3302 3057 inauditis,
3332 2996 3387 3045 et
3419 2989 3506 3045 ori
3536 2990 3699 3046 Chri-

151 3074 524 3132 viderentur
572 3075 911 3144 irrumpere,
965 3074 1279 3145 imperator
1348 3078 1675 3133 Gracorum
1721 3075 1889 3131 minis
1927 3079 2184 3167 cstiano
2238 3077 2428 3133 vetitis
2479 3076 2976 3133 commistionibus
3023 3076 3253 3133 sordet?
3312 3079 3381 3135 Et
3438 3091 3571 3133 cum
3628 3078 3701 3134 sit

153 3177 374 3220 eorum
432 3163 855 3233 frequentibus,
899 3170 954 3218 et
995 3163 1241 3219 assiduis
1302 3163 1730 3220 incursionibus
1774 3172 1884 3219 tre-

156 3251 484 3319 mefactus,
549 3251 699 3307 misit
761 3252 818 3306 in
876 3251 1200 3318 Franciam,
1266 3252 1526 3307 scribens
1577 3252 1886 3308 Rothberto

157 3341 382 3397 seniori
434 3340 879 3396 Flandrensium
932 3340 1119 3396 comiti
1171 3340 1489 3410 epistolam,
1544 3341 1887 3410 multiplices

157 3430 211 3486 ei
268 3431 580 3501 objectans
631 3443 855 3497 causas,
916 3430 1132 3500 quibus
1175 3431 1410 3486 excitari
1472 3433 1600 3501 ejus
1654 3431 1886 3486 animus

158 3526 355 3587 posset
391 3520 468 3575 ad
511 3518 924 3574 defendendam
962 3518 1378 3587 periclitantem
1410 3518 1710 3575 Graciam.
1759 3518 1883 3575 Non

162 3614 365 3662 autem
403 3606 533 3662 ideo
580 3606 920 3662 sollicitabat
958 3607 1223 3662 eumdem
1267 3608 1480 3675 virum,
1522 3608 1678 3679 quod
1725 3615 1884 3664 tanto

162 3695 431 3764 negotio,
456 3694 636 3750 solius
668 3694 848 3763 ipsius
888 3696 1197 3751 astimaret
1236 3697 1499 3752 sufﬁcere
1548 3710 1709 3766 posse
1741 3711 1883 3753 con-

163 3797 439 3851 cursum,
471 3782 600 3839 licet
638 3783 952 3840 ditissimus
997 3794 1159 3851 esset,
1195 3793 1250 3841 et
1294 3799 1562 3855 magnam
1614 3784 1883 3840 valuisset

164 3872 429 3929 conﬂare
478 3886 737 3940 manum,
770 3872 862 3929 sed
913 3872 1053 3943 quia
1101 3888 1215 3928 non
1263 3872 1568 3943 ignorabat
1623 3872 1800 3942 quod,
1832 3871 1880 3927 si

165 3959 261 4014 vir
296 3960 446 4017 adeo
504 3968 705 4031 potens
751 3961 998 4030 idipsum
1046 3961 1456 4033 aggrederetur
1498 3960 1622 4029 iter,
1672 3968 1881 4016 nostra

166 4062 368 4105 secum
414 4049 604 4122 gentis
639 4050 858 4106 auxilia
908 4050 1159 4120 plurima
1190 4064 1291 4119 pro
1338 4050 1459 4105 sola
1500 4050 1751 4105 novitate
1797 4048 1882 4105 rei

166 4139 559 4195 contraheret.
600 4139 733 4195 Fuit
761 4152 897 4195 vero
926 4153 1114 4195 comes
1144 4137 1341 4206 isdem,
1375 4147 1663 4208 quantum
1697 4152 1875 4209 sagax

167 4225 227 4281 in
280 4227 465 4284 rebus
515 4226 747 4294 bellicis,
810 4234 1037 4283 tantum
1084 4227 1383 4297 perspicax
1436 4234 1491 4283 et
1549 4224 1770 4282 facetus
1821 4225 1876 4281 in

167 4312 398 4371 litteris.
457 4316 510 4370 Is
559 4314 968 4385 Jerosolymam
1014 4314 1288 4370 orationis
1323 4314 1507 4385 gratia
1564 4313 1878 4384 aliquando

1998 3166 2218 3222 miseris
2247 3167 2524 3236 permissa
2563 3180 2667 3220 suo
2712 3165 2967 3235 ipsorum
3017 3165 3257 3221 arbitrio
3304 3165 3700 3235 multiplicitas

1998 3255 2364 3321 feminarum,
2420 3267 2628 3323 parum
2673 3261 2757 3308 est
2816 3253 2967 3322 apud
3023 3266 3118 3308 eos
3168 3252 3276 3308 nisi
3333 3260 3389 3308 et
3445 3252 3698 3323 dignitas

1997 3351 2169 3400 tanta
2220 3342 2509 3412 spurcitia
2556 3342 2856 3398 volutabro
2912 3340 3363 3397 commaculetur
3423 3342 3692 3398 marium.

1992 3432 2108 3489 Nec
2139 3431 2349 3487 mirum
2399 3430 2447 3486 si
2493 3433 2643 3486 Deus
2684 3431 2968 3487 exoletam
3002 3444 3201 3486 eorum
3241 3430 3580 3500 nequitiam,
3639 3438 3695 3487 et

1994 3520 2055 3577 in
2106 3520 2413 3576 clamorem
2463 3534 2685 3575 versam
2742 3519 3102 3588 impatienter
3143 3518 3356 3585 tulerit,
3417 3526 3693 3589 tantaque

1992 3609 2350 3666 funestorum
2400 3608 2809 3664 habitatorum-
2846 3615 3296 3670 exsecramenta,
3339 3622 3495 3663 more
3535 3608 3692 3664 anti-

1991 3712 2129 3770 quo,
2164 3706 2316 3754 terra
2349 3697 2650 3754 vomuerit.
2688 3718 2709 3745 ι

2060 3789 2201 3843 Cum
2251 3800 2387 3856 ergo
2430 3786 2500 3842 de
2555 3782 3178 3854 Constantinopolitana
3221 3798 3398 3854 quam
3465 3784 3689 3853 potissi-

1988 3888 2150 3931 mum
2173 3874 2499 3940 verebatur,
2527 3881 2582 3929 et
2612 3887 2744 3942 qua
2779 3872 3017 3927 transito
3048 3870 3235 3927 Sancti
3285 3870 3512 3942 Georgii
3547 3872 3686 3926 Bra-

1988 3963 2117 4020 chio
2148 3963 2481 4019 imminebat
2521 3961 2833 4022 obsidione,
2881 3958 3064 4015 multa
3112 3959 3349 4029 querela
3398 3966 3687 4026 tractaret,

1990 4053 2138 4108 inter
2179 4060 2385 4107 catera
2428 4050 2660 4105 intulit:
2711 4070 2732 4097 ε
2790 4047 2952 4111 Quod
3012 4046 3270 4102 videlicet
3318 4046 3365 4101 si
3413 4062 3526 4102 non
3577 4047 3691 4111 alia

1986 4140 2363 4197 subveniendi
2433 4139 2540 4196 sibi
2594 4138 2887 4194 videretur
2964 4136 3128 4192 nobis
3178 4136 3420 4201 occasio,
3487 4135 3689 4192 saltem

1988 4237 2218 4300 propter
2288 4242 2472 4294 senos,
2531 4240 2783 4297 quorum
2838 4237 3077 4293 corpora
3135 4222 3340 4279 ibidem
3399 4224 3689 4280 tumulata

1986 4318 2296 4379 habentur,
2329 4316 2627 4386 apostolos,
2655 4328 2724 4368 ne
2753 4313 2827 4369 ab
2855 4312 3062 4382 impiis,
3104 4319 3205 4367 aut
3246 4312 3509 4367 incendio
3546 4328 3688 4368 con—

169 4404 487 4471 profectus,
551 4402 787 4459 forsitan
852 4402 1405 4472 Constantinopolim
1464 4402 1719 4473 perviam
1775 4402 1877 4457 ha-
1915 4408 1961 4463 D
1991 4405 2328 4476 ﬁagrentur,
2360 4411 2461 4460 aut
2507 4403 2567 4458 in
2615 4401 2921 4472 voragines
2964 4402 3397 4471 demergantur,
3431 4401 3685 4458 celeber-

170 4488 336 4558 bens,
399 4506 537 4549 eum
594 4491 715 4562 ipso
769 4499 854 4547 est
919 4492 1259 4561 imperatore
1310 4490 1554 4557 locutus,
1618 4488 1774 4546 unde
1825 4497 1880 4546 et

171 4581 327 4649 apud
360 4596 500 4639 eum
531 4589 762 4652 sumpta
812 4582 1028 4652 majore
1081 4579 1313 4646 ﬁducia,
1353 4581 1421 4636 de
1468 4580 1768 4651 adjutoriis
1795 4587 1878 4637 est

170 4671 513 4737 expetendis
532 4669 843 4740 ,appulsus.
886 4671 1072 4740 Ipsam
1106 4679 1297 4726 autem
1329 4669 1652 4741 epistolam,
1700 4683 1876 4739 quam

171 4752 439 4815 inserere
469 4757 747 4827 opusculo
797 4756 889 4813 isti
917 4757 1152 4813 omnino
1198 4757 1402 4828 piguit,
1452 4756 1719 4827 quadam
1769 4757 1875 4813 ibi-

171 4841 299 4900 dem
329 4846 643 4915 dictorum,
690 4845 883 4902 verbis
925 4853 1116 4902 tamen
1163 4846 1366 4902 vestita
1417 4846 1577 4911 meis,
1626 4844 1878 4915 proferre

171 4926 360 4988 libuit.

242 5020 627 5093 Imperatoris
679 5020 945 5093 epistola.
1003 5052 1074 5061 —-
1134 5042 1155 5069 ε
1216 5021 1294 5076 De
1351 5019 1617 5076 Ecclesiis
1680 5019 1878 5091 queri-

177 5109 365 5165 monia
392 5118 501 5178 est,
537 5124 684 5181 quas
715 5110 1001 5181 siquidem
1031 5109 1321 5181 gentilitas
1348 5123 1548 5165 eversa
1596 5108 1877 5165 Christia-

175 5193 346 5254 nitate
402 5199 655 5266 tenebat,
716 5199 775 5254 in
827 5198 1045 5270 quibus
1099 5212 1408 5269 equorum,
1457 5210 1523 5252 ac
1585 5196 1873 5253 mulorum

178 5291 630 5358 caterorumque
709 5287 1049 5343 animalium
1129 5285 1399 5342 catabula
1483 5285 1872 5341 construebat.

177 5367 329 5435 Quod
360 5376 418 5432 in
447 5384 676 5433 tantum
709 5390 911 5432 verum
956 5375 1064 5431 fuit
1102 5381 1167 5431 ut
1203 5374 1375 5429 etiam
1421 5372 1555 5429 fana
1584 5386 1708 5435 sua,
1743 5387 1874 5443 qua

181 5456 580 5521 Mathomarias
620 5471 846 5535 vocant,
880 5462 1022 5519 inibi
1071 5462 1435 5518 instituerent
1480 5460 1606 5530 [at.,
1657 5461 1872 5517 consti-

179 5550 440 5624 tuerent],
498 5558 553 5608 et
583 5550 820 5607 inﬁnita
850 5564 1085 5622 quoque
1115 5549 1493 5619 turpitudinis
1533 5548 1876 5605 commercia

183 5646 526 5708 exercerent,
560 5647 625 5696 ut
669 5645 815 5695 315
864 5654 979 5695 non
1014 5639 1136 5710 jam
1180 5637 1450 5699 basilica,
1496 5637 1594 5693 sed
1645 5640 1875 5694 merito-

1988 4493 2193 4548 rimam
2252 4491 2513 4561 perhibet
2567 4489 2857 4545 civitatem
2926 4489 3256 4544 omnimoda
3310 4490 3686 4559 opitulatione

1987 4580 2401 4652 dignissimam.
2436 4600 2456 4627 ι
2494 4579 2565 4634 Et
2592 4585 2743 4634 certe
2774 4576 2918 4632 nihil
2938 4576 3153 4632 verius.
3181 4577 3348 4633 Urbis
3374 4578 3527 4633 enim
3563 4578 3682 4646 illa,

1985 4683 2100 4725 non
2134 4668 2298 4724 modo
2328 4674 2659 4723 sanctorum
2692 4666 2919 4721 illorum
2952 4665 3341 4720 monumentis
3376 4666 3681 4732 excellens,

1986 4759 2081 4814 sed
2128 4765 2183 4813 et
2229 4755 2480 4812 auctoris
2526 4755 2728 4810 merito
2777 4759 2832 4809 et
2877 4752 3110 4808 nomine
3148 4753 3484 4822 praecluens,
3532 4768 3685 4823 pra-

1984 4845 2177 4903 sertim
2210 4858 2341 4899 cum
2382 4857 2455 4898 ex
2503 4842 2850 4898 revelatione
2878 4854 3148 4910 superna,
3180 4855 3253 4896 ex
3297 4842 3683 4897 vetustissimo

1983 4931 2256 5003 oppidulo
2286 4944 2413 4986 eam
2454 4930 2551 4985 toti
2610 4928 2830 4985 mundo
2883 4926 3267 4997 spectabilem,
3326 4928 3683 5000 Romamque

1983 5020 2296 5077 secundam
2350 5018 2564 5085 fecerit,
2637 5015 2917 5085 universi,
2982 5015 3030 5072 si
3074 5014 3195 5070 ﬁeri
3263 5024 3468 5087 posset,
3527 5018 3682 5074 orbis

1983 5123 2271 5167 concursu
2294 5116 2349 5164 et
2377 5106 2652 5177 suffragio
2681 5104 2857 5176 digna
2875 5102 3002 5160 fuit.

2056 5198 2243 5267 Caput
2287 5196 2356 5249 Β.
2380 5192 2636 5251 Joannis
2667 5192 2943 5265 Baptista
2986 5192 3510 5264 Constantinopoli.
3545 5195 3682 5250 Non

1978 5286 2185 5356 probat
2222 5288 2424 5340 auctor
2453 5298 2762 5339 sacrarum
2824 5279 3198 5353 reliquiarum
3252 5280 3677 5339 ostentationes.

1985 5379 2188 5446 Quare.
2225 5403 2286 5414 -
2340 5373 2615 5444 Sequitur
2661 5372 2893 5428 demum
2941 5378 3066 5441 post
3113 5370 3498 5440 apostolorum
3549 5373 3681 5428 illa-

1983 5463 2216 5529 tionem,
2263 5470 2318 5518 et
2374 5460 2511 5517 dicit
2570 5482 2591 5509 ι
2636 5460 2790 5530 apud
2834 5474 2892 5514 se
2942 5458 3091 5514 beati
3138 5459 3373 5514 Joannis
3415 5460 3680 5530 Baptista

1982 5556 2156 5620 caput
2184 5549 2404 5605 haberi.
2445 5569 2467 5595 ι
2521 5546 2704 5615 Quod,
2758 5546 3027 5617 quamvis
3076 5545 3219 5601 falso
3266 5546 3459 5602 dicat:
3498 5567 3518 5595 ι
3569 5547 3675 5601 Ho-

1982 5638 2211 5710 dieque,
2245 5651 2314 5694 ac
2340 5637 2388 5694 si
2418 5636 2667 5693 viventis
2704 5634 2947 5705 capillis,
2978 5642 3034 5692 et
3064 5640 3195 5691 cute
3232 5635 3499 5691 videatur
3536 5634 3677 5691 insi-
