3934 6460
227 399 332 455 695

1112 392 1178 447 ν.
1219 391 1556 450 GUIBERTI
1593 390 1884 448 ABBATIS
1922 393 1978 447 S.
2022 392 2258 447 ΜΑΒΙᾸΞ
2293 391 2388 447 DE

2450 391 2835 449 NOVIGENTO
3628 392 3760 448 696

229 526 401 600 gniri.
433 547 457 576 ι
491 524 652 593 Quod
683 525 732 581 si
761 537 967 581 verum
1001 531 1106 591 est,
1154 522 1534 594 quaerendum
1578 522 1734 592 apud
1779 522 1925 593 Age-
1966 524 2014 577 A
2040 523 2276 579 enervia
2312 536 2379 578 ac
2422 521 2748 579 effeminata
2793 522 3124 588 reddiderit,
3172 534 3304 594 qum
3349 522 3555 580 usibus
3591 523 3766 579 mili-

228 618 514 674 riacenses
542 622 627 671 est
673 613 1003 681 monachos,
1044 612 1113 669 de
1164 613 1334 683 cujus
1380 611 1642 681 Baptistae
1695 610 1932 666 Joannis

231 705 413 775 capite
438 702 780 776 glorientur,
820 716 953 758 cum
980 715 1084 771 pro
1123 709 1275 756 certo
1326 701 1641 769 habeamus
1675 715 1688 755 :
1740 714 1931 770 neque

230 793 375 849 duos
403 795 650 848 Joannes
682 790 858 846 fuisse
901 790 1204 859 Baptistas,
1244 803 1433 859 neque
1481 802 1664 845 unum
1712 789 1927 858 ipsum,

231 880 389 952 quod
456 879 567 935 dici
618 879 779 935 nefas
853 885 956 946 est,
1015 877 1134 932 ﬁeri
1192 877 1440 946 potuisse
1507 876 1816 947 bicipitem.
1860 877 1931 933 Et

230 968 682 1025 considerandus
730 967 900 1023 etiam
949 965 1058 1022 sub
1116 966 1224 1021 hac
1274 965 1589 1027 occasione,
1644 964 1931 1034 plurimus

232 1057 485 1128 quidem,
533 1056 629 1113 sed
661 1070 780 1111 non
828 1054 1182 1125 perniciosus
1224 1068 1404 1121 error,
1455 1055 1553 1123 qui
1609 1052 1931 1109 Gallicanas

232 1146 540 1217 praecipue,
594 1145 663 1201 de
721 1153 1049 1200 sanctorum
1098 1142 1437 1213 corporibus
1473 1142 1694 1198 obsedit
1744 1142 1931 1198 Eccle-

231 1232 346 1290 sias
379 1233 519 1304 (3i);
553 1232 673 1288 istis
726 1232 910 1300 illum,
965 1231 1074 1287 illis
1103 1231 1392 1295 eumdem,
1438 1245 1540 1286 seu
1596 1237 1926 1300 martyrem,

228 1334 332 1376 seu
388 1319 769 1376 confessorem
830 1334 889 1375 se
937 1319 1147 1374 habere
1194 1318 1570 1389 jactantibus,
1622 1333 1755 1374 cum
1812 1318 1928 1374 duo

230 1408 352 1464 loca
379 1422 493 1463 non
528 1407 715 1463 valeat
746 1421 1028 1477 occupare
1061 1406 1279 1477 integer
1310 1420 1482 1462 unus.
1534 1406 1693 1470 Quod
1745 1414 1927 1462 totum

230 1496 610 1552 contentionis
643 1496 862 1552 malum
904 1496 1039 1551 inde
1084 1495 1261 1551 sumit
1290 1495 1573 1566 originem
1604 1495 1757 1565 quod
1803 1509 1931 1550 san-

230 1584 301 1639 cti
336 1598 450 1639 non
492 1583 909 1653 permittuntur
952 1582 1162 1638 habere
1201 1581 1406 1637 debitae
1454 1589 1509 1637 et
1553 1581 1929 1637 immutabilis

228 1672 541 1741 sepulturae
590 1672 860 1742 quietem.
911 1672 980 1727 Et
1009 1671 1174 1741 plane
1221 1684 1293 1725 ex
1334 1670 1541 1740 pietate
1571 1669 1929 1725 descendisse

228 1774 346 1815 non
377 1760 606 1831 ambigo
637 1760 793 1830 quod
821 1773 1022 1816 eorum
1065 1773 1304 1829 corpora
1360 1767 1598 1830 argento
1654 1757 1927 1829 operiun-

2040 611 2132 667 tize
2169 611 2291 682 jam
2345 627 2460 668 non
2502 612 2824 668 habeantur
2871 612 3055 677 utilia,
3117 610 3231 667 imo
3282 612 3353 667 ad
3410 609 3759 667 detrimenti

2040 700 2361 768 cumulum,
2396 700 2727 757 abscidatur
2752 701 2813 756 in
2836 700 2974 770 ipsis
3001 713 3253 770 propago
3284 699 3504 768 futura,
3569 701 3761 769 cujus

2039 787 2405 845 incrementis
2450 788 2665 860 sperari
2711 788 2965 844 valerent
3022 796 3223 844 contra
3268 788 3457 844 hostes
3491 788 3751 844 auxilia.

2038 875 2144 940 Qui
2175 892 2311 948 ergo
2346 878 2709 933 damnaverit
2740 878 2892 933 ultro
2932 891 3040 934 sua
3062 878 3183 949 jam
3231 891 3491 948 quaerere
3531 877 3755 933 merito

2038 964 2266 1035 cogitur
2293 965 2502 1022 aliena.

2108 1053 2214 1109 Sed
2270 1054 2680 1111 attendendum
2735 1054 2907 1110 etiam
2955 1053 3111 1124 quod
3156 1053 3203 1109 is
3260 1053 3379 1124 ipse
3427 1053 3756 1124 imperator

2035 1155 2153 1197 non
2197 1156 2269 1197 ex
2320 1143 2574 1214 legitima
2620 1157 2941 1213 purpuram
2987 1143 3343 1198 successione
3391 1143 3751 1212 susceperit;

2036 1230 2135 1286 sed
2164 1245 2295 1287 cum
2325 1232 2393 1286 de
2421 1231 2761 1288 officialibus
2789 1231 2983 1302 palatii
3006 1232 3112 1287 sub
3145 1230 3416 1301 principe,
3450 1231 3572 1301 qui,
3625 1229 3752 1285 nisi

2038 1319 2220 1386 fallor,
2272 1319 2513 1374 Michael
2561 1319 2898 1387 vocabatur,
2960 1323 3107 1373 316
3176 1327 3340 1385 esset,
3402 1325 3457 1374 et
3504 1317 3749 1373 cuidam

2038 1407 2282 1478 portioni
2324 1407 2588 1477 plurimae
2645 1406 3085 1463 occidentalium
3150 1408 3395 1463 militum
3450 1414 3746 1476 praeesset,

2039 1510 2184 1566 quos
2221 1495 2649 1551 excellentiores
2688 1495 2840 1567 apud
2903 1493 3165 1551 Graecum
3212 1495 3632 1564 imperatorem,
3681 1501 3753 1549 et

2039 1583 2110 1638 ad
2142 1582 2268 1652 ejus
2296 1581 2615 1638 custodiam
2654 1582 2841 1652 magis
2892 1582 3191 1651 contiguos
3230 1581 3488 1652 ingenita
3534 1595 3748 1637 eorum

2037 1670 2291 1740 probitas
2341 1669 2490 1738 fecit,
2523 1668 2759 1725 collecta
2788 1683 2861 1724 ex
2901 1669 3174 1740 subjectis
3217 1668 3496 1726 militibus
3555 1669 3746 1725 auda—

2039 1759 2147 1825 cia,
2194 1772 2373 1814 novas
2412 1772 2502 1813 res
2549 1765 2749 1813 contra
2790 1758 2980 1827 ipsum
3032 1758 3346 1827 principem
3388 1757 3575 1813 moliri
3622 1772 3749 1813 οω-

231 1854 329 1903 tur
357 1855 413 1903 et
442 1820 614 1913 auro;
640 1820 737 1903 sed
775 1847 897 1918 jam
927 1820 1183 1904 evidenti
1213 1854 1268 1903 et
1300 1820 1547 1902 nimium
1576 1820 1732 1916 turpi
1781 1859 1927 1901 ava-
1969 1820 2010 1874 Β
2041 1820 2143 1916 pit.
2192 1845 2302 1913 Qui
2367 1820 2998 1915 Constantinopolitana
3032 1820 3264 1901 -contr-a
3337 1846 3741 1916 imperatorem

230 1933 375 1989 ritiae
409 1934 676 1996 militant,
717 1943 773 1991 et
818 1936 1034 1991 ossium
1065 1935 1431 2003 ostensiones,
1465 1940 1520 1991 et
1563 1935 1926 2002 feretrorum,

230 2022 303 2077 ad
355 2022 629 2092 pecunias
673 2024 1063 2095 corrogandas
1088 2023 1571 2080 circumlationes.
1621 2025 1757 2088 Quaa
1806 2037 1926 2078 om-

204 2111 329 2165 ‘nia
384 2110 741 2177 desivissent,
789 2111 837 2167 si
893 2126 1117 2179 eorum,
1161 2120 1226 2168 ut
1270 2111 1448 2182 ipsius
1492 2110 1723 2166 Domini
1772 2112 1926 2179 Jesu,

230 2197 362 2254 forti
409 2199 663 2268 apposito
731 2199 892 2255 obice
936 2199 1211 2256 immobili
1280 2200 1690 2256 clauderentur
1749 2214 1927 2255 mem-

230 2286 335 2342 bra
412 2287 693 2355 sepulcro.
768 2286 878 2343 Sed
934 2286 1025 2343 his
1088 2288 1312 2343 omissis
1368 2287 1668 2358 sequentia
1750 2285 1930 2342 attin-

232 2387 459 2446 gamus.

305 2463 489 2528 Quam
551 2478 827 2536 perversa
877 2462 1248 2535 imperatoris
1289 2478 1468 2519 mens.
1525 2492 1595 2505 —-
1650 2464 1929 2520 Praeterea

229 2553 426 2624 adjicit
455 2562 538 2623 ut,
578 2576 601 2604 ι
633 2555 682 2610 si
708 2568 825 2609 non
847 2553 994 2609 tanti
1018 2552 1288 2609 cohibitio
1316 2551 1474 2619 mali,
1514 2551 1561 2607 si
1609 2566 1725 2606 non
1777 2565 1929 2621 prte-

229 2643 476 2700 fatorum
547 2651 878 2699 sanctorum
937 2642 1009 2697 ad
1089 2643 1199 2697 hoc
1254 2641 1444 2712 ipsum
1492 2655 1587 2697 eos
1650 2640 1930 2697 animaret

229 2746 412 2797 amor,
453 2731 652 2788 saltem
704 2731 833 2786 auri
879 2730 1239 2801 argentique,
1292 2745 1541 2800 quorum
1591 2730 1929 2785 innumera-

228 2818 372 2874 biles
413 2818 530 2874 illic
577 2818 866 2874 habentur
923 2819 1119 2888 copiae,
1161 2818 1444 2887 cupiditas
1488 2817 1739 2872 illiceret.
1777 2838 1797 2866 ι
1844 2818 1930 2872 ln-

228 2906 335 2961 fert
364 2906 613 2977 denique
642 2914 697 2963 et
727 2905 1004 2977 quiddam
1058 2906 1340 2962 bonorum
1374 2906 1628 2961 virorum
1680 2904 1925 2977 frugali-

228 2994 331 3049 tati
386 2995 795 3065 incompetens,
842 3001 907 3050 ut
956 2994 1235 3062 videlicet,
1288 3015 1309 3043 ε
1362 3003 1569 3064 praeter
1614 2994 1737 3050 htec
1791 2993 1928 3051 uni-

227 3095 396 3138 versa
447 3083 972 3153 pulcherrimarum
1028 3082 1374 3139 feminarum
1446 3083 1739 3153 voluptate
1812 3090 1929 3138 tra-

2038 1935 2268 1991 civitate
2308 1948 2568 2005 pervasa,
2610 1942 2844 2004 captum
2894 1934 3159 1990 eumdem
3211 1933 3531 1989 luminibus
3588 1933 3748 1989 illico

2040 2023 2287 2079 feraliter
2307 2023 2513 2092 privat,
2554 2029 2608 2078 et
2648 2022 2706 2076 in
2759 2022 3011 2092 quodam
3060 2022 3376 2091 municipio
3424 2029 3595 2077 arctae
3642 2036 3749 2077 cu-

2038 2112 2233 2169 stodite
2270 2111 2579 2181 mancipat,
2610 2118 2665 2166 et
2689 2110 2827 2181 jura
2862 2110 3084 2180 imperii
3134 2111 3307 2166 totius
3352 2124 3560 2181 expers
3586 2110 3748 2180 juris

2039 2208 2300 2270 usurpat.
2360 2199 2464 2267 Qui
2519 2200 2767 2255 Francos
2822 2200 3074 2270 quidem,
3136 2213 3204 2254 ea
3246 2212 3425 2269 quam
3481 2198 3746 2254 diximus

2041 2291 2370 2345 necessitate
2453 2288 2799 2358 compulsus,
2897 2288 3158 2357 expetiit;
3236 2288 3335 2343 sed
3431 2296 3745 2358 postquam

2042 2386 2213 2434 tantae
2271 2378 2568 2448 dignitatis
2624 2391 2886 2447 proceres
2932 2376 3265 2431 convenisse
3314 2376 3454 2431 adeo
3513 2376 3745 2431 instru-

2040 2474 2158 2521 ctos
2206 2465 2482 2521 modestia
2538 2468 2594 2520 et
2640 2466 2835 2531 armis,
2880 2464 3105 2534 equites
3159 2463 3321 2531 vidit,
3375 2462 3740 2519 multitudini

2041 2555 2311 2623 multum,
2338 2555 2435 2609 sed
2472 2554 2652 2609 multo
2696 2553 2946 2623 amplius
2986 2553 3303 2623 prudentiae
3351 2566 3550 2608 eorum
3597 2552 3744 2607 invi-

2041 2644 2142 2699 dit.
2185 2644 2283 2699 Ast
2333 2642 2432 2698 ubi
2468 2642 2539 2697 ad
2591 2640 2855 2698 effectum
2908 2656 3108 2697 eorum
3162 2640 3418 2711 pervenit
3472 2640 3735 2709 intentio,

2041 2732 2221 2788 crevit
2246 2732 2423 2802 hujus
2451 2737 2652 2786 contra
2697 2738 3022 2785 nostrorum
3054 2728 3367 2784 efficaciam
3403 2729 3740 2786 invidentias

2040 2819 2397 2889 magnitudo,
2454 2818 2592 2873 dum
2651 2824 2778 2888 post
2839 2817 3369 2887 Jerosolymitanam
3432 2817 3739 2873 victoriam

2039 2916 2290 2975 veretur,
2337 2922 2408 2962 ne
2450 2906 2705 2962 victricia
2748 2906 2805 2961 in
2846 2920 2904 2961 se
2946 2919 3109 2961 arma
3156 2913 3543 2976 retorqueant,
3596 2920 3740 2977 prte-

2038 2996 2233 3051 sertim
2261 3009 2393 3050 cum
2424 3009 2489 3050 eo
2521 2995 2794 3064 potiorem
2818 2993 2924 3050 sibi
2946 2994 3243 3063 aemulum,
3283 2995 3430 3051 inter
3467 2996 3740 3053 nationes

2038 3098 2412 3155 nequaquam
2450 3097 2571 3138 esse
2615 3082 2952 3138 didicerant.
3008 3082 3287 3139 Auditum
3327 3091 3516 3139 tamen
3567 3085 3740 3143 nobis

228 3169 464 3239 bantur,
494 3192 523 3221 »
555 3173 719 3241 quasi
759 3171 1088 3228 Graecarum
1142 3171 1452 3227 mulierum
1508 3172 1723 3241 species
1772 3178 1931 3227 tanta
1969 3163 2011 3220 C
2042 3179 2280 3237 constat,
2313 3178 2444 3227 ante
2476 3171 2653 3242 hujus
2695 3171 2804 3227 vite
2842 3178 3197 3241 compertum
3242 3172 3574 3242 primordia,
3610 3187 3736 3230 ma-

226 3266 390 3328 esset,
425 3267 487 3316 ut
510 3260 739 3317 Gallicis
773 3260 940 3317 modo
981 3261 1236 3331 quolibet
1282 3261 1705 3330 praeferrentur,
1775 3259 1931 3316 sola-

229 3361 343 3417 que
380 3361 580 3404 earum
613 3363 789 3405 causa
824 3350 1177 3405 Francorum
1204 3348 1492 3404 exercitus
1521 3348 1581 3403 in
1624 3348 1926 3404 Thraciam

228 3445 515 3505 ageretur.
547 3438 698 3493 Dum
728 3438 851 3493 haec
882 3436 1311 3493 sordidissimus
1354 3436 1447 3492 ille
1486 3444 1770 3506 tyrannus
1807 3436 1926 3492 edi-

226 3533 398 3593 ceret,
442 3526 770 3582 meminisse
820 3526 1096 3581 debuerat
1124 3524 1280 3594 quod
1309 3525 1380 3580 ob
1415 3525 1523 3579 hoc
1553 3525 1761 3594 ipsum,
1806 3525 1927 3579 haec

226 3612 334 3668 sibi
394 3616 632 3684 suisque
685 3613 1001 3669 adversitas
1053 3608 1412 3683 potissimum
1472 3613 1764 3683 ingeneret
1796 3612 1924 3682 [al.,

227 3700 562 3772 ingrueret],
596 3701 735 3771 quia
779 3701 964 3757 evicto
1010 3700 1240 3768 celebri,
1289 3700 1357 3757 de
1388 3700 1654 3770 pluribus
1701 3701 1929 3757 univer-

225 3804 419 3845 sorum
476 3790 725 3856 ﬁliabus,
785 3802 964 3846 unam
1022 3803 1123 3859 per
1175 3804 1342 3845 omne
1400 3789 1705 3859 imperium
1752 3803 1925 3845 suum

225 3878 493 3947 prostitui
516 3878 762 3949 juberet,
794 3887 849 3934 et
882 3879 1016 3934 fisco
1060 3878 1294 3948 proprio
1322 3879 1549 3934 lucrum
1600 3877 1924 3935 foedissimae

224 3966 503 4035 passionis
534 3966 786 4023 inferret.
813 3967 929 4023 Nec
961 3967 1154 4022 minus
1178 3966 1340 4031 illud,
1373 3966 1530 4037 quod
1561 3967 1629 4022 de
1658 3966 1925 4037 pluribus

224 4053 376 4121 filiis,
409 4069 595 4111 unum
624 4054 1016 4123 eunuchizari,
1069 4055 1204 4111 data
1246 4055 1511 4124 praecepti
1560 4055 1918 4124 auctoritate,

223 4143 602 4207 mandaverit,
648 4152 704 4200 et
759 4157 999 4215 corpora
1052 4143 1300 4199 marium
1365 4143 1645 4213 ademptis
1700 4143 1922 4202 viribus

2039 3268 2182 3318 trem
2205 3260 2362 3316 hunc
2393 3259 2659 3315 habuisse
2684 3260 3037 3330 sortilegam;
3082 3275 3212 3331 quae
3241 3260 3349 3316 sibi
3390 3275 3539 3331 saepe
3585 3275 3733 3331 prae-

2037 3350 2267 3416 diceret,
2315 3349 2454 3419 quia
2499 3362 2572 3404 ex
2608 3348 2843 3403 Francis
2897 3348 3177 3419 originem
3226 3348 3477 3415 duceret,
3531 3352 3631 3420 qui
3679 3352 3735 3408 ei

2036 3437 2340 3507 imperium
2381 3437 2675 3508 vitamque
2708 3437 3001 3493 adimeret.
3053 3437 3233 3508 Cujus
3279 3438 3579 3494 oraculum
3620 3439 3735 3510 ipsi

2033 3525 2327 3581 effectibus
2370 3526 2599 3595 explere
2643 3525 2879 3582 forsitan
2918 3526 3286 3581 Boemundus
3317 3525 3562 3582 affectat.
3622 3527 3735 3594 Qui

2033 3622 2328 3684 tantopere
2374 3614 2453 3670 illi
2503 3613 2731 3680 insistit,
2790 3620 2852 3669 ut
2892 3628 3284 3683 saepenumero
3331 3629 3464 3671 cum
3529 3615 3733 3671 eodem

2032 3703 2346 3773 conﬂigens
2397 3711 2619 3758 vertere
2675 3710 2835 3772 terga
2882 3701 3242 3771 compulerit,
3306 3710 3360 3758 et
3417 3702 3733 3773 plurimam

2032 3790 2456 3860 provinciarum
2509 3790 2635 3861 ejus
2687 3797 2907 3859 partem
2974 3803 3093 3845 suae
3150 3789 3352 3846 ditioni
3421 3790 3728 3847 addixerit.

2031 3878 2296 3946 Quicum
2327 3893 2508 3950 genus
2528 3892 2601 3934 ex
2648 3878 3066 3934 Northmanuia
3110 3879 3281 3935 ducat
3319 3893 3497 3950 quam
3543 3881 3733 3936 Fran-

2030 3968 2132 4023 ciae
2166 3974 2388 4037 partem
2425 3981 2544 4022 esse
2583 3975 2821 4035 constat,
2854 3967 2927 4022 ob
2974 3966 3079 4022 hoc
3108 3967 3199 4022 vel
3240 3967 3493 4023 maxime
3541 3968 3732 4023 Fran-

2030 4069 2133 4112 cus
2155 4056 2484 4125 habebitur,
2526 4056 2665 4127 quia
2690 4057 2841 4127 regis
2889 4057 3243 4112 Francorum
3277 4055 3411 4112 ﬁliae
3458 4057 3731 4131 conjugio

2025 4144 2147 4215 jam
2178 4144 2412 4215 potitur.

1444 4400 1783 4489 LIBER
1847 4400 2480 4495 SECUNDUS.

783 4712 1017 4773 CAPUT
1054 4714 1350 4775 PRIMUM.

287 4854 377 4927 [L]
403 4854 631 4914 Urbani
650 4872 818 4930 papa:
834 4856 1138 4929 praeconia.
1172 4859 1314 4913 Post
1331 4860 1572 4913 mortem
1589 4857 1785 4913 clarus
1806 4857 1917 4914 mi-

213 4943 450 4999 raculis.
479 4973 552 4986 —
577 4945 845 5002 Urbanus
876 4960 1041 5016 papa,
1079 4954 1212 5003 ante
1257 4955 1533 5017 papatum
1581 4948 1699 5006 Odo
1746 4963 1913 5005 voca-

213 5030 404 5101 batur,
435 5047 509 5088 ex
531 5032 767 5090 Francis
795 5034 950 5091 claro
1001 5035 1258 5106 germine
1291 5036 1594 5105 oriundus,
1639 5051 1713 5093 ex
1755 5037 1915 5094 terri-

214 5121 359 5176 torio
398 5128 453 5177 et
481 5121 631 5178 clero
673 5123 957 5191 Remensi,
1002 5131 1058 5181 et
1085 5125 1358 5193 existens,
1413 5133 1477 5182 ut
1538 5126 1749 5192 ferunt,
1800 5128 1909 5184 nisi

212 5206 515 5277 falluntur,
540 5221 690 5279 papa
719 5209 941 5279 primus
959 5224 1033 5267 ex
1065 5206 1315 5268 Francis.
1350 5214 1404 5269 Is
1436 5214 1694 5271 Cluniaci
1727 5214 1910 5271 factus

1954 4680 1999 4735 D
2028 4679 2218 4752 Ostiae,
2245 4681 2503 4754 Gregorii
2531 4681 2754 4753 septimi
2786 4695 2948 4753 papae
2991 4682 3183 4754 jussu,
3235 4683 3559 4741 destinatur
3603 4684 3717 4754 epi-

2023 4785 2262 4844 scOpus;
2315 4772 2388 4828 ad
2450 4778 2777 4828 extremum
2846 4771 3168 4841 apostolicae
3236 4772 3356 4828 sedi
3410 4773 3722 4843 praeficitur

2024 4860 2279 4930 pontifex
2300 4873 2581 4916 summus.
2613 4857 2793 4929 Cujus
2819 4866 3040 4929 quanta
3060 4860 3508 4930 magnanimitas
3543 4860 3721 4917 exsti-

2024 4948 2109 5017 tit,
2144 4949 2321 5019 hujus
2342 4946 2706 5018 profectionis
2734 4947 3021 5004 incentivo
3059 4947 3329 5016 innotuit,
3367 4948 3523 5019 quod
3580 4949 3716 5006 dum

2021 5037 2246 5107 primus
2272 5037 2390 5107 ipse
2433 5035 2693 5106 praebuit,
2743 5049 2996 5106 quonam
3041 5045 3205 5107 pacto
3244 5037 3298 5093 id
3350 5038 3521 5099 fieret,
3570 5045 3718 5095 totus

2021 5126 2276 5181 mundus
2327 5124 2643 5193 obstupuit.
2714 5129 3025 5182 Attestatur
3087 5126 3261 5182 statui
3310 5127 3517 5183 mentis
3588 5127 3718 5182 finis

2016 5214 2142 5285 ejus
2191 5212 2494 5283 splendens
2543 5213 2858 5270 miraculis.
2919 5214 3198 5271 Defuncto
3247 5215 3457 5270 etenim
3529 5228 3597 5271 ac
3637 5229 3717 5272 se-

211 5309 285 5350 ex
305 5295 509 5352 clerico
532 5298 869 5367 monachus,
914 5306 1039 5369 post
1067 5300 1333 5358 abbatem
1377 5302 1639 5374 gloriosae
1685 5317 1909 5359 memo-

210 5382 311 5440 riae
339 5384 441 5454 qui
472 5383 698 5455 adjuvit
724 5386 1024 5458 Hugonem
1054 5402 1171 5444 non
1200 5389 1382 5446 multo
1415 5397 1541 5460 post
1578 5389 1730 5446 rexit
1777 5389 1908 5445 offi-

209 5472 364 5529 cium
422 5473 732 5544 prioratus.
794 5476 933 5533 Inde
993 5477 1320 5548 proficiente
1385 5479 1605 5547 merito,
1686 5478 1904 5535 civitati

2018 5302 2177 5373 pulto
2207 5316 2292 5369 eo,
2316 5302 2465 5358 sicut
2491 5302 2801 5359 succedens
2826 5303 2879 5359 ei
2907 5302 3182 5359 Ostiensis
3219 5303 3446 5373 scripsit
3503 5304 3714 5374 episco-

2015 5404 2143 5461 pus,
2172 5404 2305 5447 cum
2331 5389 2583 5460 plurima
2610 5390 2776 5462 signa
2801 5391 2922 5463 jam
2970 5392 3188 5460 fierent,
3236 5392 3414 5448 astitit
3473 5392 3711 5463 quidam

2012 5478 2270 5548 sepulcro
2297 5479 2453 5536 illius
2467 5480 2720 5552 juvenis,
2750 5487 2806 5537 et
2848 5482 3238 5537 membrorum
3282 5481 3560 5537 damnum
3602 5480 3709 5538 sibi

280 5594 396 5667 (3t)
434 5595 720 5654 Prolixius
749 5598 818 5656 de
872 5598 960 5657 his
1012 5599 1070 5656 in
1129 5607 1380 5657 tractatu
1434 5601 1514 5658 De
1543 5600 1884 5673 pignoribus
1912 5608 2266 5671 sanctorum,
2303 5601 2403 5660 lib.
2428 5617 2467 5659 ι.
