3934 6404
96 399 191 450 697

1138 366 1154 378 ’
1207 396 1433 452 GESTA
1469 396 1591 452 DEI
1633 397 1773 452 PER
1815 397 2244 453 FRANCOS.—
2271 399 2400 455 LIB.
2444 401 2514 454 ιι.

3516 411 3620 464 698

99 531 457 600 imprecatus
485 535 590 591 est,
625 528 673 583 si
700 541 801 598 per
830 528 1052 585 Urbani
1084 529 1307 596 merita,
1360 529 1460 600 qui
1497 528 1616 584 Odo
1667 530 1822 585 dice-
1860 533 1906 584 A
1936 530 2147 601 aliquae
2174 531 2405 587 mundae
2435 541 2792 590 manserunt.
2827 535 2896 590 Hi
2928 543 3062 592 sunt
3089 537 3212 608 qui,
3240 538 3377 594 dum
3429 540 3622 598 adhuc

95 626 269 685 retur,
303 619 548 688 signum
580 631 842 687 unquam
873 615 1093 672 factum
1125 616 1295 672 fuerit
1335 631 1401 671 ac
1447 617 1622 672 ﬁeret.
1661 617 1805 672 Nec-

96 708 226 763 dum
264 708 474 777 pedem
507 722 542 762 a
590 708 711 762 loco
763 706 1072 770 extulerat,
1119 720 1253 760 cum
1295 705 1480 760 ofﬁcio
1531 706 1810 760 sermonis

97 795 322 862 amisso,
387 802 446 850 et
523 794 702 848 altero
769 792 1014 847 laterum
1077 792 1322 861 paralysi
1390 791 1810 848 intercurrente

97 891 374 954 correpto,
455 883 746 953 postridie,
816 881 1034 938 Urbani
1102 881 1388 936 virtutum
1483 879 1810 936 testimonia

98 980 366 1028 mortuus
401 972 524 1042 ipse
552 970 863 1041 perhibuit.

159 1060 485 1132 Suppetias
513 1061 587 1115 ab
615 1059 852 1130 antiquo
879 1057 1042 1113 soliti
1069 1061 1202 1112 sunt
1223 1056 1475 1112 Romani
1503 1056 1808 1128 pontiﬁces

93 1149 408 1205 aFrancis
434 1152 719 1220 expetere.
773 1179 841 1186 —
885 1149 938 1203 Is
989 1148 1185 1217 itaque
1233 1147 1323 1202 vir
1364 1146 1630 1210 eximius,
1675 1160 1807 1202 cum

96 1243 163 1298 ab
221 1244 395 1299 Alexi
459 1243 788 1299 Graecorum
832 1241 1093 1311 principe
1153 1241 1383 1311 magnis
1427 1242 1809 1296 honoraretur

95 1331 414 1401 exsequiis,
451 1338 504 1386 et
537 1329 804 1399 precibus
833 1329 1090 1398 quidem,
1129 1329 1224 1384 sed
1256 1329 1438 1384 multo
1471 1329 1810 1399 propensius

97 1418 352 1490 generali
437 1417 884 1473 Christianitatis
958 1416 1212 1485 periculo
1288 1417 1808 1486 pulsat‘eturzqum

94 1501 461 1571 quotidianis
485 1501 793 1556 Gentilium
828 1498 1199 1555 minuebatur
1229 1499 1557 1555 incursibus
1582 1499 1656 1570 (et
1685 1501 1812 1555 Sar-

93 1604 446 1646 racenorum
477 1604 732 1660 namque
776 1589 1198 1659 irruptionibus
1249 1588 1554 1658 Hispanias
1610 1587 1808 1644 audie-

93 1679 188 1735 bat
218 1679 539 1748 saapissime
568 1679 947 1745 conturbari),
988 1693 1092 1747 pro
1121 1678 1229 1732 hoc
1270 1678 1408 1746 ipso,
1459 1691 1578 1732 suae
1626 1678 1809 1746 gentis

91 1768 514 1824 sollicitaturus
551 1767 832 1834 homines,
871 1775 1254 1822 commeatum
1305 1766 1490 1821 facere
1541 1766 1802 1821 destina-

89 1856 173 1911 vit
205 1855 265 1911 in
299 1855 632 1922 Franciam,
665 1829 983 1924 apostolicae
1016 1869 1218 1924 nempe
1247 1853 1396 1910 sedis
1436 1853 1804 1924 pontiﬁcibus
1845 1829 1889 1886 Β

91 1944 163 1999 ab
223 1944 475 2014 antiquo
541 1944 1115 2000 consuetudinarium
1167 1943 1294 2009 fuit,
1351 1941 1397 1997 si
1441 1955 1618 2012 quam
1673 1948 1810 1996 sunt

101 2035 250 2104 passi
307 2047 340 2088 a
400 2031 646 2088 ﬁnitima
700 2041 867 2103 gente
923 2031 1263 2096 molestiam,
1320 2029 1541 2084 auxilia
1591 2042 1811 2096 semper

98 2128 372 2191 expetere
405 2134 440 2176 a
472 2120 724 2175 Francis.
759 2118 1081 2189 Stephanus
1121 2126 1176 2174 et
1218 2117 1525 2172 Zacharias
1574 2115 1810 2186 pontiﬁ—

94 2223 202 2275 ces,
238 2215 495 2277 uterque
534 2206 642 2262 sub
687 2206 926 2276 Pippino
972 2213 1024 2262 et
1075 2205 1274 2262 Carolo
1319 2205 1554 2275 regibus
1602 2203 1808 2258 confu-

94 2297 254 2367 gium
309 2296 445 2351 fecit
493 2295 563 2349 ad
610 2295 780 2364 ipsos.
827 2295 1085 2362 Quorum
1129 2295 1308 2364 prior,
1365 2309 1396 2348 e
1442 2292 1808 2363 pontiﬁcibus

91 2391 458 2456 sequentem,
494 2381 644 2439 facta
694 2397 882 2452 usque
929 2383 1192 2438 Ticinum
1251 2382 1631 2452 expeditione,
1695 2383 1808 2437 Ec-

91 2471 278 2526 clesiae
306 2485 485 2526 suum
528 2471 941 2540 patrimonium
992 2471 1336 2541 reparando,
1390 2469 1635 2539 propriae
1687 2469 1806 2525 sedi

93 2562 387 2627 restituit;
424 2561 782 2616 Desiderium
815 2575 1030 2631 regem,
1072 2560 1171 2630 qui
1214 2560 1545 2615 violentiam
1597 2558 1805 2615 intule-

91 2657 199 2714 rat,
232 2649 308 2704 ad
339 2662 549 2704 eorum
595 2663 727 2718 quae
765 2649 1085 2718 diripuerat
1121 2649 1496 2705 redditionem
1543 2648 1664 2705 sola
1706 2663 1806 2704 ar-

92 2751 321 2794 morum
367 2738 747 2793 intentatione
805 2739 1006 2809 coegit.
1062 2737 1294 2794 Caeteris
1334 2737 1486 2792 enim
1539 2736 1808 2808 gentibus

90 2841 228 2896 erga
279 2828 521 2884 beatum
575 2827 806 2882 Petrum
856 2840 1110 2898 ergaque
1165 2826 1516 2895 pontiﬁcalia
1558 2827 1801 2894 decreta,

90 2913 424 2969 timoratius
455 2913 853 2983 humiliusque
895 2927 954 2969 se
997 2913 1201 2969 habuit
1247 2928 1389 2984 gens
1433 2913 1650 2981 eadem,
1701 2929 1807 2970 nec

87 3003 433 3069 temeritate,
478 3015 598 3072 qua
645 3002 742 3056 alii
796 3003 1060 3070 assolent,
1111 3003 1371 3058 velamen
1426 3003 1661 3058 malitia)
1710 3016 1803 3058 ar-

87 3090 277 3160 ripere
304 3097 511 3145 contra
539 3090 721 3146 Deum
753 3091 933 3147 voluit
963 3091 1308 3147 libertatem.

157 3177 524 3231 Francorum
577 3193 714 3248 erga
755 3194 1040 3232 summum
1061 3176 1390 3252 pontiﬁcem
1421 3177 1639 3234 devotio
1667 3195 1802 3232 con-

89 3267 341 3320 tinuala.
397 3296 467 3305 —-
510 3265 795 3333 Vidimus,
838 3267 957 3337 jam
1010 3268 1179 3322 annis
1226 3269 1473 3324 emensis
1516 3268 1798 3337 pluribus,

87 3355 456 3421 Teutonicos,
511 3355 622 3410 imo
675 3355 850 3411 totius
895 3356 1282 3426 Lotharingim
1336 3371 1601 3427 regnum,
1651 3356 1800 3413 beati

88 3441 241 3498 Petri
280 3443 531 3513 ejusque
579 3443 915 3512 pontiﬁcum
963 3445 1263 3514 praeceptis
1307 3445 1613 3501 barbarica
1660 3459 1802 3516 qua-

89 3531 225 3587 dam
285 3531 672 3587 obstinatione
729 3532 918 3600 reniti,
982 3541 1038 3589 et
1082 3534 1397 3590 ambientes
1457 3534 1626 3589 malle
1699 3542 1800 3591 aut

88 3620 376 3676 diuturno
444 3621 566 3676 sive
636 3621 982 3690 sempiterno
1069 3623 1424 3678 anathemati
1499 3623 1800 3694 subjacere

88 3722 268 3778 quam
300 3708 532 3779 subjici.
563 3709 774 3764 Audivi
807 3723 961 3765 anno
994 3711 1304 3780 praeterito,
1339 3711 1478 3767 dum
1518 3726 1650 3767 cum
1698 3725 1798 3767 ar-

87 3796 430 3852 chidiacono
477 3797 729 3867 quodam
774 3798 1104 3869 Magontino
1149 3813 1325 3868 super
1374 3813 1481 3855 sua
1542 3800 1796 3869 ipsorum

86 3885 402 3940 rebellione
448 3885 847 3956 congrederer,
896 3886 1050 3956 quod
1107 3901 1299 3957 regem
1352 3895 1617 3943 nostrum
1663 3902 1795 3944 cum

86 3973 296 4043 populo
335 3974 393 4028 in
449 3981 673 4030 tantum
719 3974 1097 4043 vilipenderit,
1148 3975 1220 4031 ob
1263 3976 1369 4030 hoc
1420 3975 1606 4031 solum
1655 3975 1797 4046 quia

87 4060 392 4115 dominum
423 4073 629 4130 papam
658 4061 987 4116 Paschalem
1025 4067 1170 4116 3"
1222 4077 1354 4118 cum
1403 4063 1526 4118 suis
1575 4063 1794 4134 princi-

89 4149 262 4218 pibus
318 4156 482 4220 grate
533 4149 752 4219 ubique
802 4151 1134 4220 susceperit,
1193 4159 1256 4206 ut
1311 4166 1406 4206 eos
1466 4166 1580 4207 non
1630 4152 1796 4207 modo

91 4238 345 4292 Francos
375 4239 685 4294 vocaverit.
712 4238 819 4295 Cui
852 4240 1092 4310 inquam
1123 4257 1136 4294 :
1179 4262 1200 4288 α
1235 4239 1290 4295 Si
1326 4241 1404 4295 ita
1450 4254 1545 4296 eos
1586 4241 1796 4297 inertes

90 4325 396 4381 arbitraris
439 4333 495 4380 et
536 4327 820 4382 marcidos
869 4334 935 4382 ut
982 4328 1417 4384 celeberrimum
1479 4343 1665 4399 usque
1734 4331 1793 4386 in

1917 619 2027 675 sub
2053 633 2246 674 errore
2280 619 2478 690 gentili
2513 620 2698 690 positi,
2745 621 3062 690 Gallorum,
3117 625 3212 679 sed
3260 626 3617 684 Christiano-

1916 723 2047 764 rum
2109 723 2252 763 arva
2311 713 2562 779 pugnaci
2625 710 2938 766 intentione
2992 713 3349 784 subigerent,
3402 717 3618 773 nemini

1917 809 2179 866 unquam
2209 809 2312 864 pro
2342 796 2550 851 Christi
2594 795 2702 851 ﬁde
2744 805 2845 853 aut
2894 813 3092 868 poenas
3143 800 3464 856 intulerunt
3517 812 3620 860 aut

1917 895 2190 952 mortem;
2225 887 2318 941 sed
2350 901 2444 942 eos
2472 901 2617 956 quos
2655 889 2913 942 Romana
2956 888 3228 944 severitas
3277 890 3426 944 ferro
3477 890 3621 961 igni-

1916 989 2030 1044 que
2061 973 2348 1044 punierat,
2389 988 2531 1029 auro
2582 983 2938 1044 argentoque
2987 977 3322 1044 recondidit,
3380 979 3620 1048 gemmis

1915 1063 2237 1132 electroque
2274 1063 2528 1118 contexit
2579 1063 2830 1132 ingenita
2881 1063 3189 1119 liberalitas
3244 1066 3446 1135 gentis.
3500 1067 3618 1122 Nec

1915 1151 2101 1206 solum
2129 1151 2279 1205 intra
2306 1165 2362 1206 se
2393 1165 2607 1220 passos,
2655 1151 2743 1206 his
2788 1151 3108 1208 honoribus
3149 1153 3446 1208 contendit
3498 1168 3619 1210 am-

1916 1241 2084 1310 bire;
2127 1240 2221 1295 sed
2275 1247 2329 1294 et
2380 1239 2668 1308 Hispaniis
2726 1247 2827 1294 aut
2891 1241 3052 1295 Italia
3107 1255 3208 1296 seu
3262 1242 3618 1311 quibuslibet

1917 1330 2185 1400 gentibus
2215 1329 2502 1397 advectos,
2546 1336 2718 1384 tantae
2766 1329 3044 1384 desiderio
3097 1329 3412 1384 affectionis
3454 1345 3619 1385 exco-

1918 1420 2041 1486 luit,
2076 1426 2139 1475 ut
2171 1426 2493 1486 martyrum
2526 1432 2627 1472 seu
2669 1418 3080 1484 confessorum,
3135 1432 3281 1488 quos
3325 1425 3618 1488 tantopere

1916 1513 2124 1572 servat,
2187 1519 2348 1559 amor
2396 1512 2449 1560 et
2503 1504 2782 1559 celebrem
2841 1505 3152 1560 reddiderit
3201 1513 3255 1560 et
3310 1504 3612 1572 illustrem,

1918 1596 2164 1663 ﬁdeique
2197 1592 2483 1647 irremisso
2526 1598 2716 1646 tenore
2774 1591 3111 1661 donaverit;
3167 1592 3236 1646 ad
3289 1600 3616 1647 extremum

1919 1680 2095 1749 hujus
2133 1678 2620 1747 Jerosolymitanaa
2666 1677 2921 1733 victoriae
2964 1678 3275 1747 triumphis
3320 1678 3614 1733 extulerit.

1917 1767 2062 1833 Quia
2091 1766 2242 1821 enim
2283 1764 2529 1834 portavit
2571 1766 2782 1835 jugum
2830 1766 2902 1821 ab
2953 1765 3354 1830 adolescentia,
3401 1765 3617 1820 sedebit

1919 1855 2196 1921 solitaria,
2248 1855 2397 1910 inter
2442 1854 2703 1909 omnium
2744 1853 3005 1910 videlicet
3049 1855 3304 1924 gentium
3356 1853 3614 1924 proprie-

1919 1953 2082 2012 tates,
2139 1958 2279 2014 gens
2325 1943 2552 2008 nobilis,
2608 1943 2882 2012 prudens,
2932 1943 3218 2010 bellicosa,
3263 1941 3501 2012 dapsilis
3549 1956 3616 1998 ac

1917 2033 2118 2088 nitida.
2153 2032 2374 2099 Quibus
2406 2032 2706 2101 proprium
2742 2047 2874 2088 cum
2923 2033 2992 2088 sit
3042 2047 3271 2098 nomen,
3326 2045 3615 2102 quarum-

1917 2135 2150 2191 cunque
2201 2119 2502 2175 nationum
2560 2119 2838 2185 homines,
2891 2126 3154 2175 mutuato
3206 2120 3318 2175 imo
3361 2119 3614 2188 prmstito

1918 2209 2174 2279 ipsorum
2205 2207 2510 2279 agnomine
2539 2207 2920 2262 honorantur.
2953 2207 3105 2273 Quos
3127 2206 3289 2275 fenim
3339 2207 3610 2274 Britones,

1917 2296 2151 2366 Anglos,
2189 2296 2446 2365 Ligures,
2479 2293 2524 2348 si
2554 2293 2715 2348 bonis
2738 2308 2833 2349 eos
2860 2294 3118 2349 moribus
3145 2293 3466 2360 videamus,
3496 2307 3614 2348 non

1916 2383 2065 2438 illico
2098 2384 2348 2438 Francos
2377 2380 2634 2437 homines
2663 2381 3058 2450 appellemus?
3093 2381 3198 2437 Sed
3225 2381 3344 2452 jam
3381 2381 3453 2437 ad
3480 2394 3610 2452 pro-

1916 2470 2101 2540 posita
2130 2470 2452 2526 redeamus.

2589 2558 2812 2614 CAPUT
2865 2558 2934 2612 II.

1988 2647 2107 2718 [11.]
2138 2649 2300 2719 Papa
2325 2648 2483 2702 venit
2501 2646 2562 2700 in
2583 2647 2842 2701 Galliam
2865 2648 3244 2716 connocatque
3266 2645 3616 2701 Claromonti

1914 2736 2240 2791 concilium.
2273 2737 2418 2801 Quot
2462 2735 2607 2790 inibi
2650 2736 2960 2792 antistites.
3012 2738 3191 2806 Papa
3219 2734 3516 2806 facundia
3560 2739 3616 2790 et

1913 2825 2169 2897 qutitas.
2203 2856 2270 2864 —
2302 2824 2456 2893 Papa
2486 2823 2665 2894 igitur
2702 2824 2991 2890 Urbanus,
3035 2823 3197 2894 regni
3242 2823 3422 2879 nostri
3474 2823 3614 2879 ﬁnes

1914 2914 2260 2985 ingrediens,
2304 2919 2463 2966 tanta
2496 2911 2755 2976 urbium,
2806 2911 3166 2981 oppidorum,
3221 2910 3614 2981 villarumque

1916 3003 2109 3059 lzetitia
2140 3009 2194 3057 et
2223 3001 2600 3057 concursione
2633 3001 2922 3070 excipitur
2953 3007 3173 3069 quanto
3204 2999 3465 3054 omnium
3509 2999 3611 3069 qui

1842 3128 1883 3184 Ο
1915 3091 2248 3147 adviverent
2280 3089 2570 3146 memoriis
2602 3091 3020 3160 incompertum
3051 3087 3260 3156 fuerat,
3301 3089 3456 3160 quod
3502 3089 3615 3144 ali-

1913 3180 2147 3251 quando
2205 3179 2526 3249 apostolicze
2587 3179 2733 3233 sedis
2805 3178 3040 3233 antistes
3094 3177 3153 3231 in
3201 3178 3458 3247 regiones
3508 3178 3614 3232 has

1911 3269 2135 3325 venisse
2181 3269 2493 3324 videretur.
2561 3269 2768 3323 Annus
2826 3269 3020 3337 itaque
3089 3265 3371 3320 incarnati
3437 3264 3612 3322 Verbi

1912 3357 2250 3412 millesimus
2294 3356 2703 3426 nonagesimus
2743 3355 2983 3425 quintus
3021 3351 3365 3423 properabat
3402 3350 3609 3417 evolvi,

1910 3459 2040 3500 cum
2074 3444 2282 3515 praesul
2309 3444 2475 3505 idem,
2513 3441 2677 3497 valde
2709 3442 2980 3511 frequens
3013 3439 3350 3495 acceleravit
3396 3451 3612 3493 convo-

1910 3547 2040 3588 care
2070 3531 2395 3597 concilium,
2426 3529 2517 3585 cui
2551 3529 2778 3585 tandem
2814 3528 2870 3582 in
2899 3527 3043 3583 urbe
3072 3525 3408 3588 Arvernica,
3453 3523 3614 3578 scho-

1908 3621 2267 3677 lasticissimo
2296 3619 2556 3676 omnium
2591 3617 2902 3688 praesulum
2937 3615 3167 3672 Sidonio
3199 3614 3466 3684 gloriosa,
3513 3611 3610 3666 de-

1909 3711 1990 3766 dit
2020 3710 2230 3776 locum,
2261 3710 2353 3764 cui
2391 3716 2581 3764 tamen
2622 3707 2942 3762 immutata:
2994 3703 3341 3762 Claromonti
3390 3707 3612 3756 constat

1906 3815 2026 3857 esse
2071 3797 2441 3854 vocabulum.
2499 3796 2659 3860 Quod
2704 3795 2809 3850 fuit
2854 3801 3011 3849 tanto
3059 3792 3344 3848 celebrius
3393 3796 3611 3860 quanto

1906 3887 2236 3943 excellentis
2264 3893 2318 3941 et
2351 3885 2640 3940 inusitatae
2674 3897 2928 3953 personae
2979 3896 3082 3937 ora
3132 3895 3384 3946 cernere,
3432 3878 3613 3934 verba

1907 3976 2108 4032 audire
2139 3983 2261 4030 erat
2291 3971 2745 4029 desiderabilius.
2783 3969 2923 4035 Illic,
2958 3977 3164 4037 praeter
3212 3967 3610 4036 episcoporum

1905 4072 1959 4119 et
2012 4064 2287 4119 abbatum
2338 4060 2629 4126 examina,
2685 4072 2830 4128 quos
2877 4057 3104 4112 circiter
3154 4055 3612 4125 quadringentos

1906 4167 2004 4223 per
2035 4152 2419 4222 prominentes
2446 4149 2662 4206 ferulas
2692 4149 2863 4204 fuisse
2907 4146 3089 4217 aliqui
3135 4148 3606 4217 numeraverant,

1904 4240 2082 4298 totius
2127 4241 2382 4295 Franciae
2443 4247 2497 4295 et
2526 4237 2930 4309 appendicium
2971 4234 3349 4291 comitatuum
3401 4232 3612 4288 littera-

1906 4335 2039 4384 tura
2070 4327 2369 4382 conﬂuxit.
2400 4326 2540 4381 Erat
2586 4326 2664 4381 ibi
2710 4331 2967 4394 spectare
3013 4336 3191 4392 quam
3242 4333 3445 4376 serena
3485 4333 3613 4391 gra-

87 4413 385 4469 Oceanum
438 4413 702 4469 Indicum
751 4428 980 4480 nomen,
1035 4414 1178 4470 mede
1231 4415 1537 4485 garriendo
1601 4416 1792 4472 detor-
1832 4431 1878 4485 ι)
1909 4415 2104 4480 vitate,
2138 4415 2458 4484 ponderosa
2487 4413 2754 4469 comitate
2794 4411 3144 4481 praesideret,
3178 4416 3233 4466 et
3279 4417 3344 4465 ut
3388 4407 3611 4478 praefati

89 4515 290 4572 queas,
326 4499 420 4556 dic
449 4501 592 4556 mihi
620 4502 689 4557 ad
722 4516 868 4572 quos
900 4515 1049 4572 papa
1072 4503 1344 4558 Urbanus
1366 4510 1566 4559 contra
1582 4504 1799 4560 Turcos

93 4589 369 4659 praesidia
407 4595 814 4646 contracturus
843 4589 1074 4645 divertit
1099 4591 1128 4644 ?
1153 4605 1344 4646 nonne
1383 4591 1455 4646 ad
1505 4592 1802 4648 Francos?

88 4678 170 4736 hii
208 4677 322 4733 nisi
384 4677 683 4748 praissent
735 4687 788 4735 et
839 4678 1166 4735 barbariem
1212 4680 1602 4751 undecunque
1653 4697 1796 4737 con-

88 4765 398 4823 ﬂuentium
433 4767 692 4837 gentium
720 4768 908 4824 vivaci
940 4767 1224 4824 industria
1253 4775 1308 4824 et
1360 4769 1664 4838 impavidis
1708 4770 1795 4825 vi-

85 4855 252 4912 ribus
321 4855 816 4924 constrinxissent,
903 4855 1350 4911 Teutonicorum
1443 4864 1789 4923 vestrorum,

87 4957 342 5013 quorum
373 4956 446 4998 ne
474 4956 682 4999 nomen
717 4943 950 5013 quidem
984 4943 1061 4999 ibi
1092 4942 1304 5010 sonuit,
1360 4943 1581 4999 auxilia
1631 4944 1793 5000 nulla

85 5029 349 5086 fuissent.
390 5051 411 5078 ι
451 5030 584 5086 Haec
608 5031 678 5086 ad
714 5032 899 5087 illum.

157 5118 340 5183 Quam
391 5117 594 5186 ﬁrmia
638 5135 1126 5192 perseveramque
1197 5121 1553 5174 Francorum
1617 5119 1787 5190 fides.

83 5235 152 5247 —-
183 5209 388 5263 Fateor
413 5221 549 5264 vero
593 5215 648 5264 et
683 5209 956 5265 omnibus
1002 5209 1274 5266 credibile
1316 5218 1401 5265 est
1444 5211 1581 5266 huic
1630 5218 1790 5266 tanto

85 5303 312 5366 gentem
384 5295 551 5352 istam
631 5297 814 5354 Deum
881 5311 1204 5354 reservasse
1293 5299 1539 5369 negotio,
1636 5313 1789 5368 prae-

83 5385 275 5440 sertim
307 5399 443 5441 cum
473 5399 574 5455 pro
604 5394 757 5442 certo
786 5388 1118 5443 noverimus
1148 5387 1289 5458 quia
1312 5402 1384 5443 ex
1417 5402 1535 5458 quo
1561 5387 1690 5443 ﬁdei
1712 5388 1790 5442 si-

85 5487 284 5544 gnum,
319 5475 484 5530 beato
510 5475 771 5546 Remigio
797 5475 1076 5538 tradente,
1131 5483 1525 5545 sumpserunt,
1568 5475 1788 5532 nullius

86 5575 345 5632 unquam
381 5562 635 5632 perﬁdiae
665 5563 957 5633 suscipere
993 5565 1325 5634 contagium
1351 5565 1442 5618 vel
1471 5564 1541 5618 ad
1584 5564 1784 5619 horam

84 5652 519 5722 acquieverunt,
565 5666 683 5724 quo
734 5651 860 5721 vix,
908 5659 1011 5708 aut
1057 5651 1218 5710 nullo
1266 5651 1457 5718 modo,
1519 5651 1782 5708 nationes

1909 4503 2121 4560 Sidonii
2149 4503 2340 4559 verbis
2369 4511 2524 4568 utar,
2567 4515 2743 4572 quam
2781 4521 2809 4549 ‹‹
2843 4501 3096 4569 piperata
3127 4499 3422 4569 facundia,
3456 4518 3484 4547 »
3539 4497 3610 4552 ad

1906 4593 2127 4662 objecta
2156 4590 2430 4662 quaelibet
2472 4603 2622 4660 papa
2666 4587 3075 4644 disertissimus
3121 4587 3436 4642 detonaret.
3486 4585 3608 4642 No—-

1904 4682 2139 4738 tabatur
2199 4687 2421 4750 quanta
2470 4680 2562 4734 vir
2608 4677 2962 4734 clarissimus
3011 4675 3287 4732 modestia
3333 4675 3611 4730 tolerabat

1903 4785 2039 4826 suas
2068 4770 2424 4825 tumultuose
2453 4781 2659 4824 causas
2707 4765 3114 4837 ingerentium,
3160 4761 3607 4832 loquacitatem;

1904 4873 2080 4929 quam
2133 4871 2339 4928 parum
2384 4857 2841 4927 appretiabatur,
2891 4854 2999 4909 nisi
3047 4851 3367 4908 secundum
3419 4850 3600 4907 Deum

1901 4947 2227 5018 cujuspiam
2258 4947 2744 5016 personalitatem.

1974 5035 2118 5107 [111.]
2155 5033 2484 5107 Philippum
2501 5051 2687 5107 regem
2706 5050 2745 5088 a
2762 5031 2987 5104 piorum
3009 5034 3152 5085 coetu
3171 5028 3349 5098 ejicit.
3375 5059 3438 5070 —
3469 5029 3610 5084 Inde

1900 5126 2232 5195 Philippum
2272 5139 2462 5195 regem
2507 5127 2880 5186 Francorum,
2924 5122 3094 5191 cujus
3131 5118 3463 5190 trigesimus
3511 5133 3606 5174 se-

1897 5215 2111 5284 ptimus
2152 5221 2289 5269 tunc
2330 5211 2490 5282 regni
2519 5211 2926 5266 recensebatur
2963 5223 3172 5276 annus,
3210 5208 3311 5278 qui
3351 5207 3605 5278 propria,

1898 5303 2104 5358 Bertha
2141 5301 2393 5366 nomine,
2438 5313 2620 5354 uxore
2655 5299 2870 5364 relicta,
2914 5298 3349 5367 Andegavensis
3385 5297 3609 5352 comitis

1895 5403 2137 5446 uxorem
2179 5387 2307 5451 sibi,
2351 5386 2680 5442 Bertradam
2713 5386 3013 5451 vocabulo,
3054 5385 3414 5451 devinxerat,
3447 5391 3608 5440 tanta

1893 5477 2230 5534 auctoritate
2255 5475 2781 5530 excommunicavit
2810 5482 2874 5529 ut
2915 5473 3348 5529 intercessiones
3379 5480 3603 5542 specta-

1893 5564 2097 5619 bilium
2131 5575 2528 5632 personarum,
2559 5569 2614 5616 et
2647 5561 3056 5630 multiplicium
3108 5573 3420 5616 munerum
3469 5559 3605 5614 illa—

1893 5653 2074 5710 tiones
2101 5650 2520 5724 contempserit,
2564 5657 2619 5706 et
2671 5650 2828 5729 quod
2881 5649 3032 5707 intra
3080 5649 3243 5722 regni
3287 5647 3471 5724 ipsius
3509 5647 3604 5710 de-
