  <div class='ocr_page' id='page_1' title='image "/cluster/home/n/w/nwhite01/storage/ocr_20150623/156-157/uc1.31175010662024/355.png"; bbox 0 0 3936 6414; ppageno 0'>
   <div class='ocr_carea' id='block_1_1' title="bbox 355 393 458 446">
    <p class='ocr_par' dir='ltr' id='par_1_1' title="bbox 355 393 458 446">
     <span class='ocr_line' id='line_1_1' title="bbox 355 393 458 446; baseline -0.019 0"><span class='ocrx_word' id='word_1_1' title='bbox 355 393 458 446; x_wconf 83' lang='lat'><strong>699</strong></span> 
     </span>
    </p>
   </div>
   <div class='ocr_carea' id='block_1_2' title="bbox 1293 371 2990 436">
    <p class='ocr_par' dir='ltr' id='par_1_2' title="bbox 1293 371 2990 436">
     <span class='ocr_line' id='line_1_2' title="bbox 1293 371 2990 436; baseline -0.002 -4"><span class='ocrx_word' id='word_1_2' title='bbox 1293 380 1356 433; x_wconf 83' lang='lat' dir='ltr'><strong>V.</strong></span> <span class='ocrx_word' id='word_1_3' title='bbox 1399 379 1722 436; x_wconf 78' lang='lat' dir='ltr'><strong>GUIBERTI</strong></span> <span class='ocrx_word' id='word_1_4' title='bbox 1759 377 2050 433; x_wconf 77' lang='lat' dir='ltr'><strong>ABBATIS</strong></span> <span class='ocrx_word' id='word_1_5' title='bbox 2087 373 2146 428; x_wconf 88' lang='lat' dir='ltr'><strong>S.</strong></span> <span class='ocrx_word' id='word_1_6' title='bbox 2187 373 2427 429; x_wconf 67' lang='lat' dir='ltr'><strong>MARIE</strong></span> <span class='ocrx_word' id='word_1_7' title='bbox 2467 374 2556 428; x_wconf 86' lang='lat' dir='ltr'><strong>DE</strong></span> <span class='ocrx_word' id='word_1_8' title='bbox 2593 371 2990 429; x_wconf 85' lang='lat' dir='ltr'><strong>NOVIGENTO</strong></span> 
     </span>
    </p>
   </div>
   <div class='ocr_carea' id='block_1_3' title="bbox 3762 374 3865 426">
    <p class='ocr_par' dir='ltr' id='par_1_3' title="bbox 3762 374 3865 426">
     <span class='ocr_line' id='line_1_3' title="bbox 3762 374 3865 426; baseline 0 0"><span class='ocrx_word' id='word_1_9' title='bbox 3762 374 3865 426; x_wconf 84' lang='lat'><strong>700</strong></span> 
     </span>
    </p>
   </div>
   <div class='ocr_carea' id='block_1_4' title="bbox 355 500 3869 578">
    <p class='ocr_par' dir='ltr' id='par_1_4' title="bbox 355 500 3869 578">
     <span class='ocr_line' id='line_1_4' title="bbox 355 500 3869 578; baseline -0.005 -4"><span class='ocrx_word' id='word_1_10' title='bbox 355 515 692 574; x_wconf 80' lang='lat' dir='ltr'><strong>morabatur</strong></span> <span class='ocrx_word' id='word_1_11' title='bbox 718 511 928 569; x_wconf 77' lang='lat' dir='ltr'><strong>limites</strong></span> <span class='ocrx_word' id='word_1_12' title='bbox 964 523 1080 566; x_wconf 94' lang='lat' dir='ltr'><strong>non</strong></span> <span class='ocrx_word' id='word_1_13' title='bbox 1108 509 1459 566; x_wconf 89' lang='lat' dir='ltr'><strong>extimuerit.</strong></span> <span class='ocrx_word' id='word_1_14' title='bbox 1495 509 1561 562; x_wconf 90' lang='lat' dir='ltr'><strong>In</strong></span> <span class='ocrx_word' id='word_1_15' title='bbox 1591 509 1698 564; x_wconf 91' lang='lat' dir='ltr'><strong>hoc</strong></span> <span class='ocrx_word' id='word_1_16' title='bbox 1744 507 1866 578; x_wconf 92' lang='lat' dir='ltr'><strong>ipso</strong></span> <span class='ocrx_word' id='word_1_17' title='bbox 1909 520 2046 561; x_wconf 89' lang='lat' dir='ltr'><strong>con-</strong></span> <span class='ocrx_word' id='word_1_18' title='bbox 2082 506 2128 558; x_wconf 84' lang='lat' dir='ltr'><strong>A</strong></span> <span class='ocrx_word' id='word_1_19' title='bbox 2159 518 2290 575; x_wconf 69' lang='lat' dir='ltr'><strong>quae</strong></span> <span class='ocrx_word' id='word_1_20' title='bbox 2322 503 2377 559; x_wconf 92' lang='lat' dir='ltr'><strong>in</strong></span> <span class='ocrx_word' id='word_1_21' title='bbox 2410 509 2561 558; x_wconf 88' lang='lat' dir='ltr'><strong>terra</strong></span> <span class='ocrx_word' id='word_1_22' title='bbox 2590 509 2726 559; x_wconf 91' lang='lat' dir='ltr'><strong>sunt</strong></span> <span class='ocrx_word' id='word_1_23' title='bbox 2762 501 3137 573; x_wconf 73' lang='lat' dir='ltr'><strong>vestigiorum</strong></span> <span class='ocrx_word' id='word_1_24' title='bbox 3156 501 3284 573; x_wconf 84' lang='lat' dir='ltr'><strong>ejus</strong></span> <span class='ocrx_word' id='word_1_25' title='bbox 3313 500 3481 573; x_wconf 85' lang='lat' dir='ltr'><strong>signa</strong></span> <span class='ocrx_word' id='word_1_26' title='bbox 3511 501 3778 572; x_wconf 88' lang='lat' dir='ltr'><strong>diligitis,</strong></span> <span class='ocrx_word' id='word_1_27' title='bbox 3819 503 3869 558; x_wconf 88' lang='lat' dir='ltr'><strong>si</strong></span> 
     </span>
    </p>
   </div>
   <div class='ocr_carea' id='block_1_5' title="bbox 357 597 2058 671">
    <p class='ocr_par' dir='ltr' id='par_1_5' title="bbox 357 597 2058 671">
     <span class='ocr_line' id='line_1_5' title="bbox 357 597 2058 671; baseline -0.008 -10"><span class='ocrx_word' id='word_1_28' title='bbox 357 605 508 671; x_wconf 91' lang='lat' dir='ltr'><strong>cilio,</strong></span> <span class='ocrx_word' id='word_1_29' title='bbox 539 601 708 659; x_wconf 90' lang='lat' dir='ltr'><strong>sicuti</strong></span> <span class='ocrx_word' id='word_1_30' title='bbox 744 608 1058 670; x_wconf 89' lang='lat' dir='ltr'><strong>antequam</strong></span> <span class='ocrx_word' id='word_1_31' title='bbox 1099 599 1170 654; x_wconf 91' lang='lat' dir='ltr'><strong>ab</strong></span> <span class='ocrx_word' id='word_1_32' title='bbox 1213 597 1354 654; x_wconf 86' lang='lat' dir='ltr'><strong>urbe</strong></span> <span class='ocrx_word' id='word_1_33' title='bbox 1402 597 1800 666; x_wconf 85' lang='lat' dir='ltr'><strong>digrederetur</strong></span> <span class='ocrx_word' id='word_1_34' title='bbox 1845 609 2058 665; x_wconf 87' lang='lat' dir='ltr'><strong>propo-</strong></span> 
     </span>
    </p>
   </div>
   <div class='ocr_carea' id='block_1_6' title="bbox 356 681 2057 760">
    <p class='ocr_par' dir='ltr' id='par_1_6' title="bbox 356 681 2057 760">
     <span class='ocr_line' id='line_1_6' title="bbox 356 681 2057 760; baseline -0.008 -11"><span class='ocrx_word' id='word_1_35' title='bbox 356 699 573 752; x_wconf 87' lang='lat' dir='ltr'><strong>suerat,</strong></span> <span class='ocrx_word' id='word_1_36' title='bbox 607 691 832 760; x_wconf 90' lang='lat' dir='ltr'><strong>hacque</strong></span> <span class='ocrx_word' id='word_1_37' title='bbox 863 689 930 744; x_wconf 92' lang='lat' dir='ltr'><strong>de</strong></span> <span class='ocrx_word' id='word_1_38' title='bbox 957 701 1135 744; x_wconf 90' lang='lat' dir='ltr'><strong>causa</strong></span> <span class='ocrx_word' id='word_1_39' title='bbox 1167 687 1414 741; x_wconf 86' lang='lat' dir='ltr'><strong>Francos</strong></span> <span class='ocrx_word' id='word_1_40' title='bbox 1443 699 1512 740; x_wconf 87' lang='lat' dir='ltr'><strong>ex</strong></span> <span class='ocrx_word' id='word_1_41' title='bbox 1520 684 1816 754; x_wconf 83' lang='lat' dir='ltr'><strong>petiverat,</strong></span> <span class='ocrx_word' id='word_1_42' title='bbox 1863 681 2057 738; x_wconf 89' lang='lat' dir='ltr'><strong>maxi-</strong></span> 
     </span>
    </p>
   </div>
   <div class='ocr_carea' id='block_1_7' title="bbox 357 771 2057 838">
    <p class='ocr_par' dir='ltr' id='par_1_7' title="bbox 357 771 2057 838">
     <span class='ocr_line' id='line_1_7' title="bbox 357 771 2057 838; baseline -0.007 0"><span class='ocrx_word' id='word_1_43' title='bbox 357 795 514 838; x_wconf 91' lang='lat' dir='ltr'><strong>mam</strong></span> <span class='ocrx_word' id='word_1_44' title='bbox 543 780 614 835; x_wconf 91' lang='lat' dir='ltr'><strong>ad</strong></span> <span class='ocrx_word' id='word_1_45' title='bbox 636 779 746 835; x_wconf 87' lang='lat' dir='ltr'><strong>sibi</strong></span> <span class='ocrx_word' id='word_1_46' title='bbox 795 777 1122 832; x_wconf 88' lang='lat' dir='ltr'><strong>assistentes</strong></span> <span class='ocrx_word' id='word_1_47' title='bbox 1164 774 1494 828; x_wconf 88' lang='lat' dir='ltr'><strong>concionem</strong></span> <span class='ocrx_word' id='word_1_48' title='bbox 1538 773 1758 838; x_wconf 84' lang='lat' dir='ltr'><strong>habuit,</strong></span> <span class='ocrx_word' id='word_1_49' title='bbox 1813 779 1868 828; x_wconf 92' lang='lat' dir='ltr'><strong>et</strong></span> <span class='ocrx_word' id='word_1_50' title='bbox 1909 771 2057 826; x_wconf 91' lang='lat' dir='ltr'><strong>inter</strong></span> 
     </span>
    </p>
   </div>
   <div class='ocr_carea' id='block_1_8' title="bbox 357 858 2058 936">
    <p class='ocr_par' dir='ltr' id='par_1_8' title="bbox 357 858 2058 936">
     <span class='ocr_line' id='line_1_8' title="bbox 357 858 2058 936; baseline -0.008 -11"><span class='ocrx_word' id='word_1_51' title='bbox 357 876 584 930; x_wconf 68' lang='lat' dir='ltr'><strong>caetera,</strong></span> <span class='ocrx_word' id='word_1_52' title='bbox 634 881 766 936; x_wconf 62' lang='lat' dir='ltr'><strong>qua;</strong></span> <span class='ocrx_word' id='word_1_53' title='bbox 819 877 1110 920; x_wconf 81' lang='lat' dir='ltr'><strong>excessere</strong></span> <span class='ocrx_word' id='word_1_54' title='bbox 1179 861 1485 916; x_wconf 88' lang='lat' dir='ltr'><strong>memorias</strong></span> <span class='ocrx_word' id='word_1_55' title='bbox 1541 860 1896 925; x_wconf 90' lang='lat' dir='ltr'><strong>auditorum,</strong></span> <span class='ocrx_word' id='word_1_56' title='bbox 1950 858 2058 913; x_wconf 90' lang='lat' dir='ltr'><strong>hac</strong></span> 
     </span>
    </p>
   </div>
   <div class='ocr_carea' id='block_1_9' title="bbox 359 945 2056 1020">
    <p class='ocr_par' dir='ltr' id='par_1_9' title="bbox 359 945 2056 1020">
     <span class='ocr_line' id='line_1_9' title="bbox 359 945 2056 1020; baseline -0.005 -10"><span class='ocrx_word' id='word_1_57' title='bbox 359 953 670 1012; x_wconf 86' lang='lat' dir='ltr'><strong>intentione</strong></span> <span class='ocrx_word' id='word_1_58' title='bbox 700 952 986 1008; x_wconf 90' lang='lat' dir='ltr'><strong>disseruit.</strong></span> <span class='ocrx_word' id='word_1_59' title='bbox 1019 950 1160 1020; x_wconf 86' lang='lat' dir='ltr'><strong>Ejus</strong></span> <span class='ocrx_word' id='word_1_60' title='bbox 1196 948 1349 1004; x_wconf 90' lang='lat' dir='ltr'><strong>enim</strong></span> <span class='ocrx_word' id='word_1_61' title='bbox 1381 949 1630 1002; x_wconf 75' lang='lat' dir='ltr'><strong>scientiae</strong></span> <span class='ocrx_word' id='word_1_62' title='bbox 1669 946 1894 1002; x_wconf 89' lang='lat' dir='ltr'><strong>litterali</strong></span> <span class='ocrx_word' id='word_1_63' title='bbox 1935 945 2056 1001; x_wconf 90' lang='lat' dir='ltr'><strong>elo-</strong></span> 
     </span>
    </p>
   </div>
   <div class='ocr_carea' id='block_1_10' title="bbox 361 1031 2056 1114">
    <p class='ocr_par' dir='ltr' id='par_1_10' title="bbox 361 1031 2056 1114">
     <span class='ocr_line' id='line_1_10' title="bbox 361 1031 2056 1114; baseline -0.006 -16"><span class='ocrx_word' id='word_1_64' title='bbox 361 1043 610 1114; x_wconf 59' lang='lat' dir='ltr'><strong>quentiae</strong></span> <span class='ocrx_word' id='word_1_65' title='bbox 670 1039 1084 1108; x_wconf 88' lang='lat' dir='ltr'><strong>cooperabatur</strong></span> <span class='ocrx_word' id='word_1_66' title='bbox 1120 1035 1367 1106; x_wconf 82' lang='lat' dir='ltr'><strong>agilitas,</strong></span> <span class='ocrx_word' id='word_1_67' title='bbox 1409 1050 1523 1090; x_wconf 92' lang='lat' dir='ltr'><strong>non</strong></span> <span class='ocrx_word' id='word_1_68' title='bbox 1569 1034 1721 1089; x_wconf 90' lang='lat' dir='ltr'><strong>enim</strong></span> <span class='ocrx_word' id='word_1_69' title='bbox 1772 1034 1960 1089; x_wconf 91' lang='lat' dir='ltr'><strong>minor</strong></span> <span class='ocrx_word' id='word_1_70' title='bbox 2006 1031 2056 1088; x_wconf 92' lang='lat' dir='ltr'><strong>ei</strong></span> 
     </span>
    </p>
   </div>
   <div class='ocr_carea' id='block_1_11' title="bbox 358 1122 2058 1195">
    <p class='ocr_par' dir='ltr' id='par_1_11' title="bbox 358 1122 2058 1195">
     <span class='ocr_line' id='line_1_11' title="bbox 358 1122 2058 1195; baseline -0.006 -10"><span class='ocrx_word' id='word_1_71' title='bbox 358 1129 666 1186; x_wconf 83' lang='lat' dir='ltr'><strong>videbatur</strong></span> <span class='ocrx_word' id='word_1_72' title='bbox 694 1127 752 1181; x_wconf 92' lang='lat' dir='ltr'><strong>in</strong></span> <span class='ocrx_word' id='word_1_73' title='bbox 789 1126 1003 1182; x_wconf 72' lang='lat' dir='ltr'><strong>Latinae</strong></span> <span class='ocrx_word' id='word_1_74' title='bbox 1043 1123 1435 1195; x_wconf 89' lang='lat' dir='ltr'><strong>prosecutione</strong></span> <span class='ocrx_word' id='word_1_75' title='bbox 1475 1122 1778 1179; x_wconf 90' lang='lat' dir='ltr'><strong>locutionis</strong></span> <span class='ocrx_word' id='word_1_76' title='bbox 1826 1122 2058 1178; x_wconf 86' lang='lat' dir='ltr'><strong>ubertas</strong></span> 
     </span>
    </p>
   </div>
   <div class='ocr_carea' id='block_1_12' title="bbox 361 1211 2060 1291">
    <p class='ocr_par' dir='ltr' id='par_1_12' title="bbox 361 1211 2060 1291">
     <span class='ocr_line' id='line_1_12' title="bbox 361 1211 2060 1291; baseline -0.006 -17"><span class='ocrx_word' id='word_1_77' title='bbox 361 1232 538 1291; x_wconf 90' lang='lat' dir='ltr'><strong>quam</strong></span> <span class='ocrx_word' id='word_1_78' title='bbox 587 1214 791 1270; x_wconf 78' lang='lat' dir='ltr'><strong>forensi</strong></span> <span class='ocrx_word' id='word_1_79' title='bbox 847 1213 1082 1268; x_wconf 90' lang='lat' dir='ltr'><strong>cuilibet</strong></span> <span class='ocrx_word' id='word_1_80' title='bbox 1123 1221 1303 1281; x_wconf 89' lang='lat' dir='ltr'><strong>potest</strong></span> <span class='ocrx_word' id='word_1_81' title='bbox 1341 1226 1460 1267; x_wconf 87' lang='lat' dir='ltr'><strong>esse</strong></span> <span class='ocrx_word' id='word_1_82' title='bbox 1505 1211 1564 1266; x_wconf 90' lang='lat' dir='ltr'><strong>in</strong></span> <span class='ocrx_word' id='word_1_83' title='bbox 1626 1219 1883 1266; x_wconf 89' lang='lat' dir='ltr'><strong>materno</strong></span> <span class='ocrx_word' id='word_1_84' title='bbox 1934 1222 2060 1264; x_wconf 84' lang='lat' dir='ltr'><strong>ser-</strong></span> 
     </span>
    </p>
   </div>
   <div class='ocr_carea' id='block_1_13' title="bbox 360 1299 2059 1373">
    <p class='ocr_par' dir='ltr' id='par_1_13' title="bbox 360 1299 2059 1373">
     <span class='ocr_line' id='line_1_13' title="bbox 360 1299 2059 1373; baseline -0.004 -11"><span class='ocrx_word' id='word_1_85' title='bbox 360 1319 525 1362; x_wconf 90' lang='lat' dir='ltr'><strong>mone</strong></span> <span class='ocrx_word' id='word_1_86' title='bbox 578 1302 904 1373; x_wconf 71' lang='lat' dir='ltr'><strong>pernicitas.</strong></span> <span class='ocrx_word' id='word_1_87' title='bbox 973 1301 1088 1358; x_wconf 84' lang='lat' dir='ltr'><strong>Nec</strong></span> <span class='ocrx_word' id='word_1_88' title='bbox 1149 1299 1556 1356; x_wconf 90' lang='lat' dir='ltr'><strong>altercantium</strong></span> <span class='ocrx_word' id='word_1_89' title='bbox 1608 1299 1919 1355; x_wconf 88' lang='lat' dir='ltr'><strong>multitudo</strong></span> <span class='ocrx_word' id='word_1_90' title='bbox 1962 1299 2059 1356; x_wconf 86' lang='lat' dir='ltr'><strong>ob-</strong></span> 
     </span>
    </p>
   </div>
   <div class='ocr_carea' id='block_1_14' title="bbox 357 1386 2061 1458">
    <p class='ocr_par' dir='ltr' id='par_1_14' title="bbox 357 1386 2061 1458">
     <span class='ocr_line' id='line_1_14' title="bbox 357 1386 2061 1458; baseline -0.003 -10"><span class='ocrx_word' id='word_1_91' title='bbox 357 1391 636 1448; x_wconf 91' lang='lat' dir='ltr'><strong>tundebat</strong></span> <span class='ocrx_word' id='word_1_92' title='bbox 678 1389 1071 1445; x_wconf 91' lang='lat' dir='ltr'><strong>concionantis</strong></span> <span class='ocrx_word' id='word_1_93' title='bbox 1101 1389 1424 1458; x_wconf 88' lang='lat' dir='ltr'><strong>ingenium,</strong></span> <span class='ocrx_word' id='word_1_94' title='bbox 1473 1387 1568 1442; x_wconf 90' lang='lat' dir='ltr'><strong>sed</strong></span> <span class='ocrx_word' id='word_1_95' title='bbox 1614 1386 1745 1442; x_wconf 92' lang='lat' dir='ltr'><strong>licet</strong></span> <span class='ocrx_word' id='word_1_96' title='bbox 1789 1388 2061 1457; x_wconf 71' lang='lat' dir='ltr'><strong>praedica-</strong></span> 
     </span>
    </p>
   </div>
   <div class='ocr_carea' id='block_1_15' title="bbox 358 1475 2059 1548">
    <p class='ocr_par' dir='ltr' id='par_1_15' title="bbox 358 1475 2059 1548">
     <span class='ocr_line' id='line_1_15' title="bbox 358 1475 2059 1548; baseline -0.003 -12"><span class='ocrx_word' id='word_1_97' title='bbox 358 1479 560 1536; x_wconf 91' lang='lat' dir='ltr'><strong>bilium</strong></span> <span class='ocrx_word' id='word_1_98' title='bbox 595 1476 1104 1548; x_wconf 82' lang='lat' dir='ltr'><strong>grammaticorum</strong></span> <span class='ocrx_word' id='word_1_99' title='bbox 1137 1475 1415 1545; x_wconf 84' lang='lat' dir='ltr'><strong>elegantis</strong></span> <span class='ocrx_word' id='word_1_100' title='bbox 1451 1475 1788 1542; x_wconf 86' lang='lat' dir='ltr'><strong>ambiretur,</strong></span> <span class='ocrx_word' id='word_1_101' title='bbox 1821 1483 1877 1530; x_wconf 93' lang='lat' dir='ltr'><strong>et</strong></span> <span class='ocrx_word' id='word_1_102' title='bbox 1915 1489 2059 1532; x_wconf 84' lang='lat' dir='ltr'><strong>cau-</strong></span> 
     </span>
    </p>
   </div>
   <div class='ocr_carea' id='block_1_16' title="bbox 356 1562 2061 1634">
    <p class='ocr_par' dir='ltr' id='par_1_16' title="bbox 356 1562 2061 1634">
     <span class='ocr_line' id='line_1_16' title="bbox 356 1562 2061 1634; baseline -0.002 -11"><span class='ocrx_word' id='word_1_103' title='bbox 356 1580 552 1624; x_wconf 87' lang='lat' dir='ltr'><strong>sarum</strong></span> <span class='ocrx_word' id='word_1_104' title='bbox 600 1563 1017 1634; x_wconf 87' lang='lat' dir='ltr'><strong>emergentium</strong></span> <span class='ocrx_word' id='word_1_105' title='bbox 1068 1563 1295 1619; x_wconf 87' lang='lat' dir='ltr'><strong>nebulis</strong></span> <span class='ocrx_word' id='word_1_106' title='bbox 1339 1562 1562 1619; x_wconf 80' lang='lat' dir='ltr'><strong>olTundi</strong></span> <span class='ocrx_word' id='word_1_107' title='bbox 1616 1565 1930 1632; x_wconf 87' lang='lat' dir='ltr'><strong>videretur,</strong></span> <span class='ocrx_word' id='word_1_108' title='bbox 2005 1571 2061 1620; x_wconf 85' lang='lat' dir='ltr'><strong>et</strong></span> 
     </span>
    </p>
   </div>
   <div class='ocr_carea' id='block_1_17' title="bbox 356 1650 2062 1722">
    <p class='ocr_par' dir='ltr' id='par_1_17' title="bbox 356 1650 2062 1722">
     <span class='ocr_line' id='line_1_17' title="bbox 356 1650 2062 1722; baseline -0.002 -12"><span class='ocrx_word' id='word_1_109' title='bbox 356 1662 648 1711; x_wconf 89' lang='lat' dir='ltr'><strong>oratorum</strong></span> <span class='ocrx_word' id='word_1_110' title='bbox 675 1651 1150 1722; x_wconf 89' lang='lat' dir='ltr'><strong>superexundare</strong></span> <span class='ocrx_word' id='word_1_111' title='bbox 1178 1650 1389 1720; x_wconf 87' lang='lat' dir='ltr'><strong>copias,</strong></span> <span class='ocrx_word' id='word_1_112' title='bbox 1432 1665 1499 1706; x_wconf 91' lang='lat' dir='ltr'><strong>ac</strong></span> <span class='ocrx_word' id='word_1_113' title='bbox 1543 1664 1873 1706; x_wconf 85' lang='lat' dir='ltr'><strong>sermonum</strong></span> <span class='ocrx_word' id='word_1_114' title='bbox 1923 1666 2062 1722; x_wconf 79' lang='lat' dir='ltr'><strong>quo-</strong></span> 
     </span>
    </p>
   </div>
   <div class='ocr_carea' id='block_1_18' title="bbox 357 1738 2056 1810">
    <p class='ocr_par' dir='ltr' id='par_1_18' title="bbox 357 1738 2056 1810">
     <span class='ocr_line' id='line_1_18' title="bbox 357 1738 2056 1810; baseline -0.001 -12"><span class='ocrx_word' id='word_1_115' title='bbox 357 1755 726 1810; x_wconf 87' lang='lat' dir='ltr'><strong>rumcunque</strong></span> <span class='ocrx_word' id='word_1_116' title='bbox 758 1738 986 1795; x_wconf 82' lang='lat' dir='ltr'><strong>facetias</strong></span> <span class='ocrx_word' id='word_1_117' title='bbox 1012 1753 1252 1808; x_wconf 87' lang='lat' dir='ltr'><strong>supereq</strong></span> <span class='ocrx_word' id='word_1_118' title='bbox 1266 1740 1447 1794; x_wconf 89' lang='lat' dir='ltr'><strong>uitare</strong></span> <span class='ocrx_word' id='word_1_119' title='bbox 1479 1739 1701 1794; x_wconf 58' lang='lat' dir='ltr'><strong>litterali</strong></span> <span class='ocrx_word' id='word_1_120' title='bbox 1745 1739 2056 1796; x_wconf 89' lang='lat' dir='ltr'><strong>luculentia</strong></span> 
     </span>
    </p>
   </div>
   <div class='ocr_carea' id='block_1_19' title="bbox 356 1826 2056 1900">
    <p class='ocr_par' dir='ltr' id='par_1_19' title="bbox 356 1826 2056 1900">
     <span class='ocr_line' id='line_1_19' title="bbox 356 1826 2056 1900; baseline -0.001 -16"><span class='ocrx_word' id='word_1_121' title='bbox 356 1828 692 1900; x_wconf 86' lang='lat' dir='ltr'><strong>putabatur.</strong></span> <span class='ocrx_word' id='word_1_122' title='bbox 732 1827 828 1882; x_wconf 83' lang='lat' dir='ltr'><strong>His</strong></span> <span class='ocrx_word' id='word_1_123' title='bbox 853 1840 1011 1897; x_wconf 89' lang='lat' dir='ltr'><strong>ergo,</strong></span> <span class='ocrx_word' id='word_1_124' title='bbox 1052 1827 1156 1882; x_wconf 89' lang='lat' dir='ltr'><strong>etsi</strong></span> <span class='ocrx_word' id='word_1_125' title='bbox 1203 1840 1319 1882; x_wconf 89' lang='lat' dir='ltr'><strong>non</strong></span> <span class='ocrx_word' id='word_1_126' title='bbox 1349 1826 1560 1893; x_wconf 88' lang='lat' dir='ltr'><strong>verbis,</strong></span> <span class='ocrx_word' id='word_1_127' title='bbox 1603 1833 1792 1883; x_wconf 91' lang='lat' dir='ltr'><strong>tamen</strong></span> <span class='ocrx_word' id='word_1_128' title='bbox 1864 1827 2056 1883; x_wconf 91' lang='lat' dir='ltr'><strong>inten-</strong></span> 
     </span>
    </p>
   </div>
   <div class='ocr_carea' id='block_1_20' title="bbox 360 1917 928 1999">
    <p class='ocr_par' dir='ltr' id='par_1_20' title="bbox 360 1917 928 1999">
     <span class='ocr_line' id='line_1_20' title="bbox 360 1917 928 1999; baseline -0.007 -26"><span class='ocrx_word' id='word_1_129' title='bbox 360 1917 615 1999; x_wconf 71' lang='lat' dir='ltr'><strong>tionibus</strong></span> <span class='ocrx_word' id='word_1_130' title='bbox 645 1929 787 1972; x_wconf 87' lang='lat' dir='ltr'><strong>usus</strong></span> <span class='ocrx_word' id='word_1_131' title='bbox 825 1922 928 1970; x_wconf 90' lang='lat' dir='ltr'><strong>est.</strong></span> 
     </span>
    </p>
   </div>
   <div class='ocr_carea' id='block_1_21' title="bbox 435 2000 2058 2076">
    <p class='ocr_par' dir='ltr' id='par_1_21' title="bbox 435 2000 2058 2076">
     <span class='ocr_line' id='line_1_21' title="bbox 435 2000 2058 2076; baseline -0.002 -15"><span class='ocrx_word' id='word_1_132' title='bbox 435 2003 658 2061; x_wconf 77' lang='lat' dir='ltr'><strong>Urbani</strong></span> <span class='ocrx_word' id='word_1_133' title='bbox 681 2002 975 2076; x_wconf 71' lang='lat' dir='ltr'><strong>ponti/Eois</strong></span> <span class='ocrx_word' id='word_1_134' title='bbox 1003 2001 1190 2057; x_wconf 85' lang='lat' dir='ltr'><strong>oratio</strong></span> <span class='ocrx_word' id='word_1_135' title='bbox 1219 2001 1420 2056; x_wconf 83' lang='lat' dir='ltr'><strong>habita</strong></span> <span class='ocrx_word' id='word_1_136' title='bbox 1446 2000 1510 2056; x_wconf 88' lang='lat' dir='ltr'><strong>in</strong></span> <span class='ocrx_word' id='word_1_137' title='bbox 1538 2003 1803 2058; x_wconf 75' lang='lat' dir='ltr'><strong>concilio.</strong></span> <span class='ocrx_word' id='word_1_138' title='bbox 1837 2034 1904 2044; x_wconf 92' lang='lat'><strong>—</strong></span> <span class='ocrx_word' id='word_1_139' title='bbox 1946 2023 1974 2054; x_wconf 73' lang='grc' dir='ltr'><strong>«ι</strong></span> <span class='ocrx_word' id='word_1_140' title='bbox 2003 2003 2058 2061; x_wconf 90' lang='lat' dir='ltr'><strong>Si</strong></span> 
     </span>
    </p>
   </div>
   <div class='ocr_carea' id='block_1_22' title="bbox 357 2090 2060 2162">
    <p class='ocr_par' dir='ltr' id='par_1_22' title="bbox 357 2090 2060 2162">
     <span class='ocr_line' id='line_1_22' title="bbox 357 2090 2060 2162; baseline 0 -12"><span class='ocrx_word' id='word_1_141' title='bbox 357 2093 508 2150; x_wconf 90' lang='lat' dir='ltr'><strong>inter</strong></span> <span class='ocrx_word' id='word_1_142' title='bbox 536 2093 816 2149; x_wconf 85' lang='lat' dir='ltr'><strong>Ecclesias</strong></span> <span class='ocrx_word' id='word_1_143' title='bbox 852 2099 967 2148; x_wconf 89' lang='lat' dir='ltr'><strong>toto</strong></span> <span class='ocrx_word' id='word_1_144' title='bbox 1005 2091 1142 2150; x_wconf 80' lang='lat' dir='ltr'><strong>urbe</strong></span> <span class='ocrx_word' id='word_1_145' title='bbox 1167 2090 1407 2146; x_wconf 73' lang='lat' dir='ltr'><strong>diiiusas</strong></span> <span class='ocrx_word' id='word_1_146' title='bbox 1437 2091 1562 2146; x_wconf 74' lang='lat' dir='ltr'><strong>aliae</strong></span> <span class='ocrx_word' id='word_1_147' title='bbox 1592 2105 1709 2162; x_wconf 64' lang='lat' dir='ltr'><strong>pra;</strong></span> <span class='ocrx_word' id='word_1_148' title='bbox 1743 2092 1873 2148; x_wconf 89' lang='lat' dir='ltr'><strong>aliis</strong></span> <span class='ocrx_word' id='word_1_149' title='bbox 1905 2106 2060 2150; x_wconf 86' lang='lat' dir='ltr'><strong>reve-</strong></span> 
     </span>
    </p>
   </div>
   <div class='ocr_carea' id='block_1_23' title="bbox 356 2180 2058 2252">
    <p class='ocr_par' dir='ltr' id='par_1_23' title="bbox 356 2180 2058 2252">
     <span class='ocr_line' id='line_1_23' title="bbox 356 2180 2058 2252; baseline -0.002 -13"><span class='ocrx_word' id='word_1_150' title='bbox 356 2183 600 2239; x_wconf 90' lang='lat' dir='ltr'><strong>rentiam</strong></span> <span class='ocrx_word' id='word_1_151' title='bbox 635 2195 736 2252; x_wconf 94' lang='lat' dir='ltr'><strong>pro</strong></span> <span class='ocrx_word' id='word_1_152' title='bbox 768 2180 1023 2251; x_wconf 74' lang='lat' dir='ltr'><strong>personis</strong></span> <span class='ocrx_word' id='word_1_153' title='bbox 1054 2180 1306 2249; x_wconf 87' lang='lat' dir='ltr'><strong>iocisque</strong></span> <span class='ocrx_word' id='word_1_154' title='bbox 1337 2188 1672 2236; x_wconf 88' lang='lat' dir='ltr'><strong>merentur:</strong></span> <span class='ocrx_word' id='word_1_155' title='bbox 1711 2193 1812 2248; x_wconf 90' lang='lat' dir='ltr'><strong>pro</strong></span> <span class='ocrx_word' id='word_1_156' title='bbox 1862 2195 2058 2250; x_wconf 89' lang='lat' dir='ltr'><strong>perso-</strong></span> 
     </span>
    </p>
   </div>
   <div class='ocr_carea' id='block_1_24' title="bbox 355 2267 2060 2340">
    <p class='ocr_par' dir='ltr' id='par_1_24' title="bbox 355 2267 2060 2340">
     <span class='ocr_line' id='line_1_24' title="bbox 355 2267 2060 2340; baseline 0 -16"><span class='ocrx_word' id='word_1_157' title='bbox 355 2271 465 2338; x_wconf 92' lang='lat' dir='ltr'><strong>nis,</strong></span> <span class='ocrx_word' id='word_1_158' title='bbox 511 2273 770 2340; x_wconf 89' lang='lat' dir='ltr'><strong>inquam,</strong></span> <span class='ocrx_word' id='word_1_159' title='bbox 813 2269 950 2324; x_wconf 89' lang='lat' dir='ltr'><strong>dum</strong></span> <span class='ocrx_word' id='word_1_160' title='bbox 984 2267 1308 2338; x_wconf 86' lang='lat' dir='ltr'><strong>apostolicis</strong></span> <span class='ocrx_word' id='word_1_161' title='bbox 1332 2267 1564 2324; x_wconf 88' lang='lat' dir='ltr'><strong>sedibus</strong></span> <span class='ocrx_word' id='word_1_162' title='bbox 1591 2267 1892 2338; x_wconf 87' lang='lat' dir='ltr'><strong>privilegia</strong></span> <span class='ocrx_word' id='word_1_163' title='bbox 1931 2283 2060 2324; x_wconf 90' lang='lat' dir='ltr'><strong>ma-</strong></span> 
     </span>
    </p>
   </div>
   <div class='ocr_carea' id='block_1_25' title="bbox 350 2355 2060 2429">
    <p class='ocr_par' dir='ltr' id='par_1_25' title="bbox 350 2355 2060 2429">
     <span class='ocr_line' id='line_1_25' title="bbox 350 2355 2060 2429; baseline -0.001 -16"><span class='ocrx_word' id='word_1_164' title='bbox 350 2357 481 2429; x_wconf 90' lang='lat' dir='ltr'><strong>jora</strong></span> <span class='ocrx_word' id='word_1_165' title='bbox 511 2358 862 2426; x_wconf 88' lang='lat' dir='ltr'><strong>traduntur;</strong></span> <span class='ocrx_word' id='word_1_166' title='bbox 896 2371 996 2426; x_wconf 92' lang='lat' dir='ltr'><strong>pro</strong></span> <span class='ocrx_word' id='word_1_167' title='bbox 1041 2355 1179 2411; x_wconf 89' lang='lat' dir='ltr'><strong>locis</strong></span> <span class='ocrx_word' id='word_1_168' title='bbox 1210 2369 1368 2420; x_wconf 91' lang='lat' dir='ltr'><strong>vero,</strong></span> <span class='ocrx_word' id='word_1_169' title='bbox 1419 2355 1558 2410; x_wconf 90' lang='lat' dir='ltr'><strong>dum</strong></span> <span class='ocrx_word' id='word_1_170' title='bbox 1608 2355 1780 2426; x_wconf 88' lang='lat' dir='ltr'><strong>regiis</strong></span> <span class='ocrx_word' id='word_1_171' title='bbox 1817 2355 2060 2412; x_wconf 87' lang='lat' dir='ltr'><strong>urbibus</strong></span> 
     </span>
    </p>
   </div>
   <div class='ocr_carea' id='block_1_26' title="bbox 355 2442 2060 2516">
    <p class='ocr_par' dir='ltr' id='par_1_26' title="bbox 355 2442 2060 2516">
     <span class='ocr_line' id='line_1_26' title="bbox 355 2442 2060 2516; baseline 0 -16"><span class='ocrx_word' id='word_1_172' title='bbox 355 2445 552 2501; x_wconf 89' lang='lat' dir='ltr'><strong>eadem</strong></span> <span class='ocrx_word' id='word_1_173' title='bbox 582 2460 714 2516; x_wconf 67' lang='lat' dir='ltr'><strong>quae</strong></span> <span class='ocrx_word' id='word_1_174' title='bbox 745 2444 1004 2515; x_wconf 83' lang='lat' dir='ltr'><strong>personis</strong></span> <span class='ocrx_word' id='word_1_175' title='bbox 1026 2443 1296 2514; x_wconf 87' lang='lat' dir='ltr'><strong>dignitas,</strong></span> <span class='ocrx_word' id='word_1_176' title='bbox 1333 2442 1412 2498; x_wconf 90' lang='lat' dir='ltr'><strong>uti</strong></span> <span class='ocrx_word' id='word_1_177' title='bbox 1444 2450 1528 2498; x_wconf 90' lang='lat' dir='ltr'><strong>est</strong></span> <span class='ocrx_word' id='word_1_178' title='bbox 1557 2443 1762 2498; x_wconf 85' lang='lat' dir='ltr'><strong>civitas</strong></span> <span class='ocrx_word' id='word_1_179' title='bbox 1789 2444 2060 2501; x_wconf 90' lang='lat' dir='ltr'><strong>Constan-</strong></span> 
     </span>
    </p>
   </div>
   <div class='ocr_carea' id='block_1_27' title="bbox 353 2529 2058 2603">
    <p class='ocr_par' dir='ltr' id='par_1_27' title="bbox 353 2529 2058 2603">
     <span class='ocr_line' id='line_1_27' title="bbox 353 2529 2058 2603; baseline 0 -15"><span class='ocrx_word' id='word_1_180' title='bbox 353 2533 748 2602; x_wconf 89' lang='lat' dir='ltr'><strong>tin0politana,</strong></span> <span class='ocrx_word' id='word_1_181' title='bbox 782 2532 1118 2602; x_wconf 58' lang='lat' dir='ltr'><strong>praebetur:</strong></span> <span class='ocrx_word' id='word_1_182' title='bbox 1156 2529 1279 2603; x_wconf 84' lang='lat' dir='ltr'><strong>[IV]</strong></span> <span class='ocrx_word' id='word_1_183' title='bbox 1323 2530 1405 2586; x_wconf 90' lang='lat' dir='ltr'><strong>illi</strong></span> <span class='ocrx_word' id='word_1_184' title='bbox 1458 2531 1814 2600; x_wconf 89' lang='lat' dir='ltr'><strong>potissimum</strong></span> <span class='ocrx_word' id='word_1_185' title='bbox 1858 2533 2058 2588; x_wconf 91' lang='lat' dir='ltr'><strong>Eccle—</strong></span> 
     </span>
    </p>
   </div>
   <div class='ocr_carea' id='block_1_28' title="bbox 355 2618 2056 2692">
    <p class='ocr_par' dir='ltr' id='par_1_28' title="bbox 355 2618 2056 2692">
     <span class='ocr_line' id='line_1_28' title="bbox 355 2618 2056 2692; baseline 0.001 -18"><span class='ocrx_word' id='word_1_186' title='bbox 355 2618 453 2676; x_wconf 73' lang='lat' dir='ltr'><strong>siae</strong></span> <span class='ocrx_word' id='word_1_187' title='bbox 496 2619 859 2686; x_wconf 88' lang='lat' dir='ltr'><strong>deberemus,</strong></span> <span class='ocrx_word' id='word_1_188' title='bbox 908 2633 982 2674; x_wconf 87' lang='lat' dir='ltr'><strong>ex</strong></span> <span class='ocrx_word' id='word_1_189' title='bbox 1051 2633 1170 2689; x_wconf 91' lang='lat' dir='ltr'><strong>qua</strong></span> <span class='ocrx_word' id='word_1_190' title='bbox 1230 2620 1478 2689; x_wconf 79' lang='lat' dir='ltr'><strong>gratiam</strong></span> <span class='ocrx_word' id='word_1_191' title='bbox 1533 2619 1957 2692; x_wconf 83' lang='lat' dir='ltr'><strong>redemptionis,</strong></span> <span class='ocrx_word' id='word_1_192' title='bbox 2002 2629 2056 2676; x_wconf 93' lang='lat' dir='ltr'><strong>et</strong></span> 
     </span>
    </p>
   </div>
   <div class='ocr_carea' id='block_1_29' title="bbox 353 2707 2057 2778">
    <p class='ocr_par' dir='ltr' id='par_1_29' title="bbox 353 2707 2057 2778">
     <span class='ocr_line' id='line_1_29' title="bbox 353 2707 2057 2778; baseline 0 -14"><span class='ocrx_word' id='word_1_193' title='bbox 353 2707 530 2764; x_wconf 88' lang='lat' dir='ltr'><strong>totius</strong></span> <span class='ocrx_word' id='word_1_194' title='bbox 575 2707 857 2778; x_wconf 83' lang='lat' dir='ltr'><strong>originem</strong></span> <span class='ocrx_word' id='word_1_195' title='bbox 901 2708 1347 2764; x_wconf 84' lang='lat' dir='ltr'><strong>Christianitatis</strong></span> <span class='ocrx_word' id='word_1_196' title='bbox 1404 2711 1747 2778; x_wconf 89' lang='lat' dir='ltr'><strong>accepimus.</strong></span> <span class='ocrx_word' id='word_1_197' title='bbox 1800 2709 1855 2766; x_wconf 90' lang='lat' dir='ltr'><strong>Si</strong></span> <span class='ocrx_word' id='word_1_198' title='bbox 1903 2709 2057 2765; x_wconf 90' lang='lat' dir='ltr'><strong>enim</strong></span> 
     </span>
    </p>
   </div>
   <div class='ocr_carea' id='block_1_30' title="bbox 353 2796 2056 2868">
    <p class='ocr_par' dir='ltr' id='par_1_30' title="bbox 353 2796 2056 2868">
     <span class='ocr_line' id='line_1_30' title="bbox 353 2796 2056 2868; baseline 0.002 -18"><span class='ocrx_word' id='word_1_199' title='bbox 353 2809 558 2852; x_wconf 90' lang='lat' dir='ltr'><strong>verum</strong></span> <span class='ocrx_word' id='word_1_200' title='bbox 590 2802 812 2851; x_wconf 87' lang='lat' dir='ltr'><strong>constat</strong></span> <span class='ocrx_word' id='word_1_201' title='bbox 839 2797 992 2866; x_wconf 90' lang='lat' dir='ltr'><strong>quod</strong></span> <span class='ocrx_word' id='word_1_202' title='bbox 1023 2809 1057 2850; x_wconf 92' lang='lat' dir='ltr'><strong>a</strong></span> <span class='ocrx_word' id='word_1_203' title='bbox 1097 2797 1336 2852; x_wconf 89' lang='lat' dir='ltr'><strong>Domino</strong></span> <span class='ocrx_word' id='word_1_204' title='bbox 1366 2797 1598 2865; x_wconf 90' lang='lat' dir='ltr'><strong>dicitur,</strong></span> <span class='ocrx_word' id='word_1_205' title='bbox 1630 2798 1769 2868; x_wconf 90' lang='lat' dir='ltr'><strong>quia</strong></span> <span class='ocrx_word' id='word_1_206' title='bbox 1795 2796 2056 2854; x_wconf 88' lang='lat' dir='ltr'><strong>videlicet</strong></span> 
     </span>
    </p>
   </div>
   <div class='ocr_carea' id='block_1_31' title="bbox 351 2883 2052 2956">
    <p class='ocr_par' dir='ltr' id='par_1_31' title="bbox 351 2883 2052 2956">
     <span class='ocr_line' id='line_1_31' title="bbox 351 2883 2052 2956; baseline 0.001 -18"><span class='ocrx_word' id='word_1_207' title='bbox 351 2883 515 2938; x_wconf 71' lang='lat' dir='ltr'><strong>salus</strong></span> <span class='ocrx_word' id='word_1_208' title='bbox 541 2900 610 2938; x_wconf 80' lang='lat' dir='ltr'><strong>ea:</strong></span> <span class='ocrx_word' id='word_1_209' title='bbox 650 2884 876 2940; x_wconf 65' lang='lat' dir='ltr'><strong>Judaei:</strong></span> <span class='ocrx_word' id='word_1_210' title='bbox 903 2889 982 2938; x_wconf 66' lang='lat' dir='ltr'><strong>est</strong></span> <span class='ocrx_word' id='word_1_211' title='bbox 1012 2886 1208 2952; x_wconf 88' lang='lat' dir='ltr'><strong>(Joan.</strong></span> <span class='ocrx_word' id='word_1_212' title='bbox 1263 2901 1340 2951; x_wconf 83' lang='lat' dir='ltr'><strong>tv,</strong></span> <span class='ocrx_word' id='word_1_213' title='bbox 1383 2886 1494 2956; x_wconf 76' lang='lat'><strong>22),</strong></span> <span class='ocrx_word' id='word_1_214' title='bbox 1528 2894 1582 2942; x_wconf 89' lang='lat' dir='ltr'><strong>et</strong></span> <span class='ocrx_word' id='word_1_215' title='bbox 1615 2887 1922 2942; x_wconf 86' lang='lat' dir='ltr'><strong>Dominum</strong></span> <span class='ocrx_word' id='word_1_216' title='bbox 1956 2885 2052 2940; x_wconf 91' lang='lat' dir='ltr'><strong>Sa-</strong></span> 
     </span>
    </p>
   </div>
   <div class='ocr_carea' id='block_1_32' title="bbox 355 2971 2054 3043">
    <p class='ocr_par' dir='ltr' id='par_1_32' title="bbox 355 2971 2054 3043">
     <span class='ocr_line' id='line_1_32' title="bbox 355 2971 2054 3043; baseline 0.002 -17"><span class='ocrx_word' id='word_1_217' title='bbox 355 2971 527 3027; x_wconf 89' lang='lat' dir='ltr'><strong>baoth</strong></span> <span class='ocrx_word' id='word_1_218' title='bbox 559 2977 705 3028; x_wconf 69' lang='lat' dir='ltr'><strong>me</strong></span> <span class='ocrx_word' id='word_1_219' title='bbox 752 2987 945 3028; x_wconf 87' lang='lat' dir='ltr'><strong>semen</strong></span> <span class='ocrx_word' id='word_1_220' title='bbox 987 2972 1150 3028; x_wconf 89' lang='lat' dir='ltr'><strong>nobis</strong></span> <span class='ocrx_word' id='word_1_221' title='bbox 1181 2973 1481 3043; x_wconf 89' lang='lat' dir='ltr'><strong>reliquisse</strong></span> <span class='ocrx_word' id='word_1_222' title='bbox 1511 2981 1752 3042; x_wconf 89' lang='lat' dir='ltr'><strong>constat,</strong></span> <span class='ocrx_word' id='word_1_223' title='bbox 1796 2988 1868 3028; x_wconf 89' lang='lat' dir='ltr'><strong>ne</strong></span> <span class='ocrx_word' id='word_1_224' title='bbox 1902 2975 2054 3029; x_wconf 84' lang='lat' dir='ltr'><strong>sicut</strong></span> 
     </span>
    </p>
   </div>
   <div class='ocr_carea' id='block_1_33' title="bbox 2163 590 3868 662">
    <p class='ocr_par' dir='ltr' id='par_1_33' title="bbox 2163 590 3868 662">
     <span class='ocr_line' id='line_1_33' title="bbox 2163 590 3868 662; baseline -0.002 -14"><span class='ocrx_word' id='word_1_225' title='bbox 2163 593 2445 662; x_wconf 84' lang='lat' dir='ltr'><strong>expetitis,</strong></span> <span class='ocrx_word' id='word_1_226' title='bbox 2477 593 2588 647; x_wconf 91' lang='lat' dir='ltr'><strong>Deo</strong></span> <span class='ocrx_word' id='word_1_227' title='bbox 2615 605 2716 647; x_wconf 91' lang='lat' dir='ltr'><strong>vos</strong></span> <span class='ocrx_word' id='word_1_228' title='bbox 2737 597 3052 661; x_wconf 66' lang='lat' dir='ltr'><strong>praeeunte,</strong></span> <span class='ocrx_word' id='word_1_229' title='bbox 3075 592 3187 647; x_wconf 90' lang='lat' dir='ltr'><strong>Deo</strong></span> <span class='ocrx_word' id='word_1_230' title='bbox 3219 605 3320 660; x_wconf 85' lang='lat' dir='ltr'><strong>pro</strong></span> <span class='ocrx_word' id='word_1_231' title='bbox 3345 590 3511 646; x_wconf 88' lang='lat' dir='ltr'><strong>vobis</strong></span> <span class='ocrx_word' id='word_1_232' title='bbox 3543 591 3868 661; x_wconf 73' lang='lat' dir='ltr'><strong>prteliante,</strong></span> 
     </span>
    </p>
   </div>
   <div class='ocr_carea' id='block_1_34' title="bbox 2163 681 3469 738">
    <p class='ocr_par' dir='ltr' id='par_1_34' title="bbox 2163 681 3469 738">
     <span class='ocr_line' id='line_1_34' title="bbox 2163 681 3469 738; baseline -0.006 0"><span class='ocrx_word' id='word_1_233' title='bbox 2163 681 2498 738; x_wconf 90' lang='lat' dir='ltr'><strong>mundetur.</strong></span> <span class='ocrx_word' id='word_1_234' title='bbox 3457 720 3469 730; x_wconf 81' lang='lat'><strong>.</strong></span> 
     </span>
    </p>
   </div>
   <div class='ocr_carea' id='block_1_35' title="bbox 2234 765 3872 841">
    <p class='ocr_par' dir='ltr' id='par_1_35' title="bbox 2234 765 3872 841">
     <span class='ocr_line' id='line_1_35' title="bbox 2234 765 3872 841; baseline -0.002 -15"><span class='ocrx_word' id='word_1_235' title='bbox 2234 771 2506 826; x_wconf 76' lang='lat' dir='ltr'><strong>Rationes</strong></span> <span class='ocrx_word' id='word_1_236' title='bbox 2532 768 2736 841; x_wconf 69' lang='lat' dir='ltr'><strong>quibus</strong></span> <span class='ocrx_word' id='word_1_237' title='bbox 2765 767 3126 825; x_wconf 68' lang='lat' dir='ltr'><strong>Christianos</strong></span> <span class='ocrx_word' id='word_1_238' title='bbox 3148 766 3226 821; x_wconf 90' lang='lat' dir='ltr'><strong>ad</strong></span> <span class='ocrx_word' id='word_1_239' title='bbox 3253 765 3672 838; x_wconf 69' lang='lat' dir='ltr'><strong>expeditionem</strong></span> <span class='ocrx_word' id='word_1_240' title='bbox 3695 769 3872 822; x_wconf 85' lang='lat' dir='ltr'><strong>Jero-</strong></span> 
     </span>
    </p>
   </div>
   <div class='ocr_carea' id='block_1_36' title="bbox 2155 856 3868 928">
    <p class='ocr_par' dir='ltr' id='par_1_36' title="bbox 2155 856 3868 928">
     <span class='ocr_line' id='line_1_36' title="bbox 2155 856 3868 928; baseline -0.002 -16"><span class='ocrx_word' id='word_1_241' title='bbox 2155 857 2569 928; x_wconf 72' lang='lat' dir='ltr'><strong>rotymitanam</strong></span> <span class='ocrx_word' id='word_1_242' title='bbox 2613 874 2782 912; x_wconf 86' lang='lat' dir='ltr'><strong>arma</strong></span> <span class='ocrx_word' id='word_1_243' title='bbox 2810 857 3055 914; x_wconf 77' lang='lat' dir='ltr'><strong>induere</strong></span> <span class='ocrx_word' id='word_1_244' title='bbox 3099 856 3443 911; x_wconf 77' lang='lat' dir='ltr'><strong>adhortatur</strong></span> <span class='ocrx_word' id='word_1_245' title='bbox 3471 856 3758 928; x_wconf 65' lang='lat' dir='ltr'><strong>pontifex.</strong></span> <span class='ocrx_word' id='word_1_246' title='bbox 3799 887 3868 895; x_wconf 92' lang='lat'><strong><em>—</em></strong></span> 
     </span>
    </p>
   </div>
   <div class='ocr_carea' id='block_1_37' title="bbox 2167 944 3876 1014">
    <p class='ocr_par' dir='ltr' id='par_1_37' title="bbox 2167 944 3876 1014">
     <span class='ocr_line' id='line_1_37' title="bbox 2167 944 3876 1014; baseline -0.001 -15"><span class='ocrx_word' id='word_1_247' title='bbox 2167 966 2196 999; x_wconf 74' lang='grc' dir='ltr'><strong>α</strong></span> <span class='ocrx_word' id='word_1_248' title='bbox 2231 948 2283 1002; x_wconf 91' lang='lat' dir='ltr'><strong>Si</strong></span> <span class='ocrx_word' id='word_1_249' title='bbox 2326 947 2670 1002; x_wconf 81' lang='lat' dir='ltr'><strong>Macbabaeis</strong></span> <span class='ocrx_word' id='word_1_250' title='bbox 2707 947 2844 1002; x_wconf 89' lang='lat' dir='ltr'><strong>olim</strong></span> <span class='ocrx_word' id='word_1_251' title='bbox 2897 947 2969 1000; x_wconf 89' lang='lat' dir='ltr'><strong>ad</strong></span> <span class='ocrx_word' id='word_1_252' title='bbox 3017 945 3331 1000; x_wconf 79' lang='lat' dir='ltr'><strong>maximam</strong></span> <span class='ocrx_word' id='word_1_253' title='bbox 3381 945 3594 1014; x_wconf 89' lang='lat' dir='ltr'><strong>profuit</strong></span> <span class='ocrx_word' id='word_1_254' title='bbox 3640 944 3876 1011; x_wconf 87' lang='lat' dir='ltr'><strong>pietatis</strong></span> 
     </span>
    </p>
   </div>
   <div class='ocr_carea' id='block_1_38' title="bbox 2162 1033 3873 1106">
    <p class='ocr_par' dir='ltr' id='par_1_38' title="bbox 2162 1033 3873 1106">
     <span class='ocr_line' id='line_1_38' title="bbox 2162 1033 3873 1106; baseline -0.002 -15"><span class='ocrx_word' id='word_1_255' title='bbox 2162 1034 2412 1097; x_wconf 88' lang='lat' dir='ltr'><strong>laudem,</strong></span> <span class='ocrx_word' id='word_1_256' title='bbox 2441 1037 2582 1106; x_wconf 90' lang='lat' dir='ltr'><strong>quia</strong></span> <span class='ocrx_word' id='word_1_257' title='bbox 2622 1049 2723 1104; x_wconf 86' lang='lat' dir='ltr'><strong>pro</strong></span> <span class='ocrx_word' id='word_1_258' title='bbox 2763 1033 3120 1090; x_wconf 62' lang='lat' dir='ltr'><strong>caeremoniis</strong></span> <span class='ocrx_word' id='word_1_259' title='bbox 3149 1043 3207 1089; x_wconf 90' lang='lat' dir='ltr'><strong>et</strong></span> <span class='ocrx_word' id='word_1_260' title='bbox 3241 1033 3449 1103; x_wconf 91' lang='lat' dir='ltr'><strong>templo</strong></span> <span class='ocrx_word' id='word_1_261' title='bbox 3501 1040 3873 1103; x_wconf 88' lang='lat' dir='ltr'><strong>pugnarunt,</strong></span> 
     </span>
    </p>
   </div>
   <div class='ocr_carea' id='block_1_39' title="bbox 2163 1121 3878 1192">
    <p class='ocr_par' dir='ltr' id='par_1_39' title="bbox 2163 1121 3878 1192">
     <span class='ocr_line' id='line_1_39' title="bbox 2163 1121 3878 1192; baseline -0.003 -12"><span class='ocrx_word' id='word_1_262' title='bbox 2163 1132 2219 1180; x_wconf 89' lang='lat' dir='ltr'><strong>et</strong></span> <span class='ocrx_word' id='word_1_263' title='bbox 2244 1125 2421 1192; x_wconf 89' lang='lat' dir='ltr'><strong>vobis,</strong></span> <span class='ocrx_word' id='word_1_264' title='bbox 2449 1139 2483 1180; x_wconf 91' lang='grc' dir='ltr'>ο</span> <span class='ocrx_word' id='word_1_265' title='bbox 2515 1123 2721 1179; x_wconf 87' lang='lat' dir='ltr'><strong>milites</strong></span> <span class='ocrx_word' id='word_1_266' title='bbox 2759 1121 3086 1189; x_wconf 87' lang='lat' dir='ltr'><strong>Christiani,</strong></span> <span class='ocrx_word' id='word_1_267' title='bbox 3139 1121 3387 1192; x_wconf 86' lang='lat' dir='ltr'><strong>legitime</strong></span> <span class='ocrx_word' id='word_1_268' title='bbox 3434 1121 3777 1177; x_wconf 87' lang='lat' dir='ltr'><strong>conceditur</strong></span> <span class='ocrx_word' id='word_1_269' title='bbox 3811 1127 3878 1176; x_wconf 88' lang='lat' dir='ltr'><strong>ut</strong></span> 
     </span>
    </p>
   </div>
   <div class='ocr_carea' id='block_1_40' title="bbox 2165 1208 3875 1284">
    <p class='ocr_par' dir='ltr' id='par_1_40' title="bbox 2165 1208 3875 1284">
     <span class='ocr_line' id='line_1_40' title="bbox 2165 1208 3875 1284; baseline -0.004 -15"><span class='ocrx_word' id='word_1_270' title='bbox 2165 1226 2460 1269; x_wconf 90' lang='lat' dir='ltr'><strong>armorum</strong></span> <span class='ocrx_word' id='word_1_271' title='bbox 2499 1213 2688 1268; x_wconf 90' lang='lat' dir='ltr'><strong>studio</strong></span> <span class='ocrx_word' id='word_1_272' title='bbox 2733 1211 3058 1268; x_wconf 88' lang='lat' dir='ltr'><strong>libertatem</strong></span> <span class='ocrx_word' id='word_1_273' title='bbox 3089 1211 3287 1280; x_wconf 65' lang='lat' dir='ltr'><strong>patriae</strong></span> <span class='ocrx_word' id='word_1_274' title='bbox 3318 1209 3750 1284; x_wconf 40' lang='lat' dir='ltr'><strong>defendatis.,Si</strong></span> <span class='ocrx_word' id='word_1_275' title='bbox 3805 1208 3875 1264; x_wconf 90' lang='lat' dir='ltr'><strong>li-</strong></span> 
     </span>
    </p>
   </div>
   <div class='ocr_carea' id='block_1_41' title="bbox 2167 1299 3879 1369">
    <p class='ocr_par' dir='ltr' id='par_1_41' title="bbox 2167 1299 3879 1369">
     <span class='ocr_line' id='line_1_41' title="bbox 2167 1299 3879 1369; baseline -0.003 -12"><span class='ocrx_word' id='word_1_276' title='bbox 2167 1301 2324 1357; x_wconf 92' lang='lat' dir='ltr'><strong>mina</strong></span> <span class='ocrx_word' id='word_1_277' title='bbox 2377 1300 2546 1356; x_wconf 87' lang='lat' dir='ltr'><strong>etiam</strong></span> <span class='ocrx_word' id='word_1_278' title='bbox 2597 1299 3007 1369; x_wconf 85' lang='lat' dir='ltr'><strong>apostolorum,</strong></span> <span class='ocrx_word' id='word_1_279' title='bbox 3072 1299 3158 1354; x_wconf 88' lang='lat' dir='ltr'><strong>vel</strong></span> <span class='ocrx_word' id='word_1_280' title='bbox 3206 1307 3535 1354; x_wconf 88' lang='lat' dir='ltr'><strong>sanctorum</strong></span> <span class='ocrx_word' id='word_1_281' title='bbox 3591 1311 3879 1368; x_wconf 86' lang='lat' dir='ltr'><strong>quorum-</strong></span> 
     </span>
    </p>
   </div>
   <div class='ocr_carea' id='block_1_42' title="bbox 2161 1386 3869 1456">
    <p class='ocr_par' dir='ltr' id='par_1_42' title="bbox 2161 1386 3869 1456">
     <span class='ocr_line' id='line_1_42' title="bbox 2161 1386 3869 1456; baseline -0.003 -12"><span class='ocrx_word' id='word_1_282' title='bbox 2161 1389 2318 1454; x_wconf 89' lang='lat' dir='ltr'><strong>libet,</strong></span> <span class='ocrx_word' id='word_1_283' title='bbox 2373 1395 2528 1444; x_wconf 88' lang='lat' dir='ltr'><strong>tanto</strong></span> <span class='ocrx_word' id='word_1_284' title='bbox 2585 1389 2792 1444; x_wconf 88' lang='lat' dir='ltr'><strong>sudore</strong></span> <span class='ocrx_word' id='word_1_285' title='bbox 2845 1388 3087 1456; x_wconf 89' lang='lat' dir='ltr'><strong>petenda</strong></span> <span class='ocrx_word' id='word_1_286' title='bbox 3138 1387 3371 1456; x_wconf 88' lang='lat' dir='ltr'><strong>putatis,</strong></span> <span class='ocrx_word' id='word_1_287' title='bbox 3420 1386 3561 1456; x_wconf 91' lang='lat' dir='ltr'><strong>quid</strong></span> <span class='ocrx_word' id='word_1_288' title='bbox 3605 1400 3869 1451; x_wconf 85' lang='lat' dir='ltr'><strong>crucem,</strong></span> 
     </span>
    </p>
   </div>
   <div class='ocr_carea' id='block_1_43' title="bbox 2167 1473 3875 1549">
    <p class='ocr_par' dir='ltr' id='par_1_43' title="bbox 2167 1473 3875 1549">
     <span class='ocr_line' id='line_1_43' title="bbox 2167 1473 3875 1549; baseline -0.003 -16"><span class='ocrx_word' id='word_1_289' title='bbox 2167 1479 2310 1549; x_wconf 89' lang='lat' dir='ltr'><strong>quid</strong></span> <span class='ocrx_word' id='word_1_290' title='bbox 2359 1477 2724 1547; x_wconf 85' lang='lat' dir='ltr'><strong>sanguinem,</strong></span> <span class='ocrx_word' id='word_1_291' title='bbox 2773 1477 2914 1546; x_wconf 88' lang='lat' dir='ltr'><strong>quid</strong></span> <span class='ocrx_word' id='word_1_292' title='bbox 2965 1485 3407 1532; x_wconf 88' lang='lat' dir='ltr'><strong>monumentum</strong></span> <span class='ocrx_word' id='word_1_293' title='bbox 3456 1489 3680 1540; x_wconf 85' lang='lat' dir='ltr'><strong>eruere,</strong></span> <span class='ocrx_word' id='word_1_294' title='bbox 3724 1473 3875 1544; x_wconf 87' lang='lat' dir='ltr'><strong>quid</strong></span> 
     </span>
    </p>
   </div>
   <div class='ocr_carea' id='block_1_44' title="bbox 2166 1561 3882 1636">
    <p class='ocr_par' dir='ltr' id='par_1_44' title="bbox 2166 1561 3882 1636">
     <span class='ocr_line' id='line_1_44' title="bbox 2166 1561 3882 1636; baseline -0.003 -14"><span class='ocrx_word' id='word_1_295' title='bbox 2166 1567 2419 1631; x_wconf 85' lang='lat' dir='ltr'><strong>visitare,</strong></span> <span class='ocrx_word' id='word_1_296' title='bbox 2472 1566 2610 1636; x_wconf 88' lang='lat' dir='ltr'><strong>quid</strong></span> <span class='ocrx_word' id='word_1_297' title='bbox 2673 1579 2774 1636; x_wconf 91' lang='lat' dir='ltr'><strong>pro</strong></span> <span class='ocrx_word' id='word_1_298' title='bbox 2820 1565 2909 1620; x_wconf 88' lang='lat' dir='ltr'><strong>his</strong></span> <span class='ocrx_word' id='word_1_299' title='bbox 2956 1565 3228 1620; x_wconf 80' lang='lat' dir='ltr'><strong>emendis</strong></span> <span class='ocrx_word' id='word_1_300' title='bbox 3296 1563 3624 1619; x_wconf 88' lang='lat' dir='ltr'><strong>animarum</strong></span> <span class='ocrx_word' id='word_1_301' title='bbox 3689 1561 3882 1633; x_wconf 90' lang='lat' dir='ltr'><strong>pretia</strong></span> 
     </span>
    </p>
   </div>
   <div class='ocr_carea' id='block_1_45' title="bbox 2168 1649 3882 1722">
    <p class='ocr_par' dir='ltr' id='par_1_45' title="bbox 2168 1649 3882 1722">
     <span class='ocr_line' id='line_1_45' title="bbox 2168 1649 3882 1722; baseline -0.003 -14"><span class='ocrx_word' id='word_1_302' title='bbox 2168 1653 2495 1722; x_wconf 88' lang='lat' dir='ltr'><strong>impendere</strong></span> <span class='ocrx_word' id='word_1_303' title='bbox 2524 1652 2896 1708; x_wconf 87' lang='lat' dir='ltr'><strong>detrectatis?</strong></span> <span class='ocrx_word' id='word_1_304' title='bbox 2925 1652 3181 1708; x_wconf 86' lang='lat' dir='ltr'><strong>Indebita</strong></span> <span class='ocrx_word' id='word_1_305' title='bbox 3218 1651 3499 1706; x_wconf 86' lang='lat' dir='ltr'><strong>hactenus</strong></span> <span class='ocrx_word' id='word_1_306' title='bbox 3539 1649 3688 1706; x_wconf 88' lang='lat' dir='ltr'><strong>bella</strong></span> <span class='ocrx_word' id='word_1_307' title='bbox 3740 1663 3882 1718; x_wconf 84' lang='lat' dir='ltr'><strong>ges-</strong></span> 
     </span>
    </p>
   </div>
   <div class='ocr_carea' id='block_1_46' title="bbox 2167 1737 3882 1810">
    <p class='ocr_par' dir='ltr' id='par_1_46' title="bbox 2167 1737 3882 1810">
     <span class='ocr_line' id='line_1_46' title="bbox 2167 1737 3882 1810; baseline -0.003 -12"><span class='ocrx_word' id='word_1_308' title='bbox 2167 1743 2340 1807; x_wconf 88' lang='lat' dir='ltr'><strong>sistis,</strong></span> <span class='ocrx_word' id='word_1_309' title='bbox 2373 1742 2430 1797; x_wconf 92' lang='lat' dir='ltr'><strong>in</strong></span> <span class='ocrx_word' id='word_1_310' title='bbox 2465 1750 2698 1797; x_wconf 86' lang='lat' dir='ltr'><strong>mutuas</strong></span> <span class='ocrx_word' id='word_1_311' title='bbox 2725 1741 2924 1803; x_wconf 62' lang='lat' dir='ltr'><strong>carries,</strong></span> <span class='ocrx_word' id='word_1_312' title='bbox 2962 1754 3168 1796; x_wconf 78' lang='lat' dir='ltr'><strong>vesana</strong></span> <span class='ocrx_word' id='word_1_313' title='bbox 3200 1739 3508 1810; x_wconf 86' lang='lat' dir='ltr'><strong>aliquoties</strong></span> <span class='ocrx_word' id='word_1_314' title='bbox 3550 1739 3662 1794; x_wconf 89' lang='lat' dir='ltr'><strong>tela</strong></span> <span class='ocrx_word' id='word_1_315' title='bbox 3693 1737 3882 1793; x_wconf 90' lang='lat' dir='ltr'><strong>solius</strong></span> 
     </span>
    </p>
   </div>
   <div class='ocr_carea' id='block_1_47' title="bbox 2168 1828 3880 1900">
    <p class='ocr_par' dir='ltr' id='par_1_47' title="bbox 2168 1828 3880 1900">
     <span class='ocr_line' id='line_1_47' title="bbox 2168 1828 3880 1900; baseline -0.004 -14"><span class='ocrx_word' id='word_1_316' title='bbox 2168 1830 2498 1900; x_wconf 87' lang='lat' dir='ltr'><strong>cupiditatis</strong></span> <span class='ocrx_word' id='word_1_317' title='bbox 2523 1837 2624 1886; x_wconf 91' lang='lat' dir='ltr'><strong>aut</strong></span> <span class='ocrx_word' id='word_1_318' title='bbox 2653 1830 2942 1900; x_wconf 69' lang='lat' dir='ltr'><strong>superbiae</strong></span> <span class='ocrx_word' id='word_1_319' title='bbox 2970 1842 3148 1885; x_wconf 87' lang='lat' dir='ltr'><strong>causa</strong></span> <span class='ocrx_word' id='word_1_320' title='bbox 3179 1828 3457 1897; x_wconf 87' lang='lat' dir='ltr'><strong>torsistis;</strong></span> <span class='ocrx_word' id='word_1_321' title='bbox 3496 1841 3569 1884; x_wconf 91' lang='lat' dir='ltr'><strong>ex</strong></span> <span class='ocrx_word' id='word_1_322' title='bbox 3599 1841 3718 1897; x_wconf 88' lang='lat' dir='ltr'><strong>quo</strong></span> <span class='ocrx_word' id='word_1_323' title='bbox 3748 1839 3880 1896; x_wconf 89' lang='lat' dir='ltr'><strong>per-</strong></span> 
     </span>
    </p>
   </div>
   <div class='ocr_carea' id='block_1_48' title="bbox 2169 1915 3872 1988">
    <p class='ocr_par' dir='ltr' id='par_1_48' title="bbox 2169 1915 3872 1988">
     <span class='ocr_line' id='line_1_48' title="bbox 2169 1915 3872 1988; baseline -0.004 -14"><span class='ocrx_word' id='word_1_324' title='bbox 2169 1926 2368 1988; x_wconf 90' lang='lat' dir='ltr'><strong>petuos</strong></span> <span class='ocrx_word' id='word_1_325' title='bbox 2421 1919 2706 1982; x_wconf 91' lang='lat' dir='ltr'><strong>interitus,</strong></span> <span class='ocrx_word' id='word_1_326' title='bbox 2757 1925 2811 1973; x_wconf 89' lang='lat' dir='ltr'><strong>et</strong></span> <span class='ocrx_word' id='word_1_327' title='bbox 2855 1927 3010 1972; x_wconf 86' lang='lat' dir='ltr'><strong>certa</strong></span> <span class='ocrx_word' id='word_1_328' title='bbox 3073 1916 3464 1972; x_wconf 89' lang='lat' dir='ltr'><strong>damnationis</strong></span> <span class='ocrx_word' id='word_1_329' title='bbox 3517 1915 3697 1971; x_wconf 87' lang='lat' dir='ltr'><strong>exitia</strong></span> <span class='ocrx_word' id='word_1_330' title='bbox 3755 1929 3872 1970; x_wconf 85' lang='lat' dir='ltr'><strong>me-</strong></span> 
     </span>
    </p>
   </div>
   <div class='ocr_carea' id='block_1_49' title="bbox 2170 2003 3874 2076">
    <p class='ocr_par' dir='ltr' id='par_1_49' title="bbox 2170 2003 3874 2076">
     <span class='ocr_line' id='line_1_49' title="bbox 2170 2003 3874 2076; baseline -0.003 -14"><span class='ocrx_word' id='word_1_331' title='bbox 2170 2007 2390 2062; x_wconf 90' lang='lat' dir='ltr'><strong>ruistis.</strong></span> <span class='ocrx_word' id='word_1_332' title='bbox 2421 2007 2590 2063; x_wconf 90' lang='lat' dir='ltr'><strong>Nunc</strong></span> <span class='ocrx_word' id='word_1_333' title='bbox 2619 2006 2783 2062; x_wconf 87' lang='lat' dir='ltr'><strong>vobis</strong></span> <span class='ocrx_word' id='word_1_334' title='bbox 2813 2006 2961 2062; x_wconf 89' lang='lat' dir='ltr'><strong>bella</strong></span> <span class='ocrx_word' id='word_1_335' title='bbox 2987 2005 3360 2076; x_wconf 91' lang='lat' dir='ltr'><strong>proponimus</strong></span> <span class='ocrx_word' id='word_1_336' title='bbox 3389 2019 3520 2074; x_wconf 66' lang='lat' dir='ltr'><strong>quae</strong></span> <span class='ocrx_word' id='word_1_337' title='bbox 3565 2005 3620 2058; x_wconf 93' lang='lat' dir='ltr'><strong>in</strong></span> <span class='ocrx_word' id='word_1_338' title='bbox 3668 2018 3729 2059; x_wconf 86' lang='lat' dir='ltr'><strong>se</strong></span> <span class='ocrx_word' id='word_1_339' title='bbox 3764 2003 3874 2058; x_wconf 89' lang='lat' dir='ltr'><strong>ba-</strong></span> 
     </span>
    </p>
   </div>
   <div class='ocr_carea' id='block_1_50' title="bbox 2168 2093 3876 2164">
    <p class='ocr_par' dir='ltr' id='par_1_50' title="bbox 2168 2093 3876 2164">
     <span class='ocr_line' id='line_1_50' title="bbox 2168 2093 3876 2164; baseline -0.002 -14"><span class='ocrx_word' id='word_1_340' title='bbox 2168 2094 2308 2150; x_wconf 90' lang='lat' dir='ltr'><strong>hent</strong></span> <span class='ocrx_word' id='word_1_341' title='bbox 2336 2095 2649 2164; x_wconf 89' lang='lat' dir='ltr'><strong>gloriosum</strong></span> <span class='ocrx_word' id='word_1_342' title='bbox 2687 2095 2948 2163; x_wconf 87' lang='lat' dir='ltr'><strong>martyrii</strong></span> <span class='ocrx_word' id='word_1_343' title='bbox 2981 2108 3215 2160; x_wconf 89' lang='lat' dir='ltr'><strong>munus,</strong></span> <span class='ocrx_word' id='word_1_344' title='bbox 3257 2093 3474 2163; x_wconf 89' lang='lat' dir='ltr'><strong>quibus</strong></span> <span class='ocrx_word' id='word_1_345' title='bbox 3507 2095 3678 2147; x_wconf 83' lang='lat' dir='ltr'><strong>restat</strong></span> <span class='ocrx_word' id='word_1_346' title='bbox 3716 2105 3876 2160; x_wconf 73' lang='lat' dir='ltr'><strong>prte—</strong></span> 
     </span>
    </p>
   </div>
   <div class='ocr_carea' id='block_1_51' title="bbox 2167 2178 3876 2238">
    <p class='ocr_par' dir='ltr' id='par_1_51' title="bbox 2167 2178 3876 2238">
     <span class='ocr_line' id='line_1_51' title="bbox 2167 2178 3876 2238; baseline -0.004 0"><span class='ocrx_word' id='word_1_347' title='bbox 2167 2184 2344 2238; x_wconf 89' lang='lat' dir='ltr'><strong>sentis</strong></span> <span class='ocrx_word' id='word_1_348' title='bbox 2387 2190 2442 2238; x_wconf 90' lang='lat' dir='ltr'><strong>et</strong></span> <span class='ocrx_word' id='word_1_349' title='bbox 2488 2190 2718 2238; x_wconf 69' lang='lat' dir='ltr'><strong>aeternae</strong></span> <span class='ocrx_word' id='word_1_350' title='bbox 2765 2181 2954 2237; x_wconf 89' lang='lat' dir='ltr'><strong>laudis</strong></span> <span class='ocrx_word' id='word_1_351' title='bbox 2996 2181 3216 2237; x_wconf 90' lang='lat' dir='ltr'><strong>titulus.</strong></span> <span class='ocrx_word' id='word_1_352' title='bbox 3260 2181 3548 2236; x_wconf 88' lang='lat' dir='ltr'><strong>Ponamus</strong></span> <span class='ocrx_word' id='word_1_353' title='bbox 3595 2179 3764 2234; x_wconf 90' lang='lat' dir='ltr'><strong>modo</strong></span> <span class='ocrx_word' id='word_1_354' title='bbox 3815 2178 3876 2233; x_wconf 92' lang='lat' dir='ltr'><strong>in</strong></span> 
     </span>
    </p>
   </div>
   <div class='ocr_carea' id='block_1_52' title="bbox 2164 2267 3872 2339">
    <p class='ocr_par' dir='ltr' id='par_1_52' title="bbox 2164 2267 3872 2339">
     <span class='ocr_line' id='line_1_52' title="bbox 2164 2267 3872 2339; baseline -0.002 -14"><span class='ocrx_word' id='word_1_355' title='bbox 2164 2270 2477 2326; x_wconf 82' lang='lat' dir='ltr'><strong>Jerusalem</strong></span> <span class='ocrx_word' id='word_1_356' title='bbox 2507 2269 2800 2326; x_wconf 90' lang='lat' dir='ltr'><strong>Christum</strong></span> <span class='ocrx_word' id='word_1_357' title='bbox 2829 2283 3017 2339; x_wconf 90' lang='lat' dir='ltr'><strong>neque</strong></span> <span class='ocrx_word' id='word_1_358' title='bbox 3049 2277 3363 2328; x_wconf 84' lang='lat' dir='ltr'><strong>mortuum.</strong></span> <span class='ocrx_word' id='word_1_359' title='bbox 3402 2282 3506 2323; x_wconf 90' lang='lat' dir='ltr'><strong>nec</strong></span> <span class='ocrx_word' id='word_1_360' title='bbox 3550 2267 3872 2337; x_wconf 90' lang='lat' dir='ltr'><strong>sepultum,</strong></span> 
     </span>
    </p>
   </div>
   <div class='ocr_carea' id='block_1_53' title="bbox 2163 2355 3870 2427">
    <p class='ocr_par' dir='ltr' id='par_1_53' title="bbox 2163 2355 3870 2427">
     <span class='ocr_line' id='line_1_53' title="bbox 2163 2355 3870 2427; baseline -0.003 -13"><span class='ocrx_word' id='word_1_361' title='bbox 2163 2373 2269 2414; x_wconf 91' lang='lat' dir='ltr'><strong>nec</strong></span> <span class='ocrx_word' id='word_1_362' title='bbox 2302 2358 2512 2414; x_wconf 90' lang='lat' dir='ltr'><strong>ibidem</strong></span> <span class='ocrx_word' id='word_1_363' title='bbox 2564 2358 2778 2414; x_wconf 77' lang='lat' dir='ltr'><strong>vixisse</strong></span> <span class='ocrx_word' id='word_1_364' title='bbox 2818 2357 3151 2427; x_wconf 85' lang='lat' dir='ltr'><strong>aliquando.</strong></span> <span class='ocrx_word' id='word_1_365' title='bbox 3205 2357 3386 2424; x_wconf 87' lang='lat' dir='ltr'><strong>Certe,</strong></span> <span class='ocrx_word' id='word_1_366' title='bbox 3437 2356 3482 2410; x_wconf 88' lang='lat' dir='ltr'><strong>si</strong></span> <span class='ocrx_word' id='word_1_367' title='bbox 3536 2357 3656 2412; x_wconf 75' lang='lat' dir='ltr'><strong>haec</strong></span> <span class='ocrx_word' id='word_1_368' title='bbox 3705 2355 3870 2410; x_wconf 85' lang='lat' dir='ltr'><strong>dees-</strong></span> 
     </span>
    </p>
   </div>
   <div class='ocr_carea' id='block_1_54' title="bbox 2166 2444 3874 2513">
    <p class='ocr_par' dir='ltr' id='par_1_54' title="bbox 2166 2444 3874 2513">
     <span class='ocr_line' id='line_1_54' title="bbox 2166 2444 3874 2513; baseline -0.001 -13"><span class='ocrx_word' id='word_1_369' title='bbox 2166 2452 2293 2501; x_wconf 82' lang='lat' dir='ltr'><strong>sent</strong></span> <span class='ocrx_word' id='word_1_370' title='bbox 2322 2445 2537 2513; x_wconf 87' lang='lat' dir='ltr'><strong>omnia,</strong></span> <span class='ocrx_word' id='word_1_371' title='bbox 2567 2445 2754 2501; x_wconf 88' lang='lat' dir='ltr'><strong>solum</strong></span> <span class='ocrx_word' id='word_1_372' title='bbox 2786 2445 2948 2513; x_wconf 89' lang='lat' dir='ltr'><strong>illud,</strong></span> <span class='ocrx_word' id='word_1_373' title='bbox 2987 2445 3058 2500; x_wconf 92' lang='lat' dir='ltr'><strong>ad</strong></span> <span class='ocrx_word' id='word_1_374' title='bbox 3101 2444 3558 2501; x_wconf 89' lang='lat' dir='ltr'><strong>subveniendum</strong></span> <span class='ocrx_word' id='word_1_375' title='bbox 3603 2452 3774 2500; x_wconf 60' lang='lat' dir='ltr'><strong>terra;</strong></span> <span class='ocrx_word' id='word_1_376' title='bbox 3816 2451 3874 2498; x_wconf 91' lang='lat' dir='ltr'><strong>et</strong></span> 
     </span>
    </p>
   </div>
   <div class='ocr_carea' id='block_1_55' title="bbox 2165 2531 3872 2604">
    <p class='ocr_par' dir='ltr' id='par_1_55' title="bbox 2165 2531 3872 2604">
     <span class='ocr_line' id='line_1_55' title="bbox 2165 2531 3872 2604; baseline -0.002 -15"><span class='ocrx_word' id='word_1_377' title='bbox 2165 2533 2379 2590; x_wconf 81' lang='lat' dir='ltr'><strong>civitati</strong></span> <span class='ocrx_word' id='word_1_378' title='bbox 2409 2549 2508 2589; x_wconf 84' lang='lat' dir='ltr'><strong>vos</strong></span> <span class='ocrx_word' id='word_1_379' title='bbox 2547 2534 2798 2590; x_wconf 87' lang='lat' dir='ltr'><strong>excitare</strong></span> <span class='ocrx_word' id='word_1_380' title='bbox 2843 2533 3139 2600; x_wconf 90' lang='lat' dir='ltr'><strong>debuerat,</strong></span> <span class='ocrx_word' id='word_1_381' title='bbox 3185 2534 3324 2604; x_wconf 91' lang='lat' dir='ltr'><strong>quia</strong></span> <span class='ocrx_word' id='word_1_382' title='bbox 3369 2533 3438 2588; x_wconf 90' lang='lat' dir='ltr'><strong>de</strong></span> <span class='ocrx_word' id='word_1_383' title='bbox 3476 2533 3611 2588; x_wconf 91' lang='lat' dir='ltr'><strong>Sion</strong></span> <span class='ocrx_word' id='word_1_384' title='bbox 3657 2531 3872 2588; x_wconf 81' lang='lat' dir='ltr'><strong>exierit</strong></span> 
     </span>
    </p>
   </div>
   <div class='ocr_carea' id='block_1_56' title="bbox 2165 2619 3869 2691">
    <p class='ocr_par' dir='ltr' id='par_1_56' title="bbox 2165 2619 3869 2691">
     <span class='ocr_line' id='line_1_56' title="bbox 2165 2619 3869 2691; baseline -0.001 -15"><span class='ocrx_word' id='word_1_385' title='bbox 2165 2621 2278 2689; x_wconf 87' lang='lat' dir='ltr'><strong>lex,</strong></span> <span class='ocrx_word' id='word_1_386' title='bbox 2311 2630 2367 2678; x_wconf 91' lang='lat' dir='ltr'><strong>et</strong></span> <span class='ocrx_word' id='word_1_387' title='bbox 2398 2622 2641 2678; x_wconf 90' lang='lat' dir='ltr'><strong>verbum</strong></span> <span class='ocrx_word' id='word_1_388' title='bbox 2675 2623 2899 2678; x_wconf 88' lang='lat' dir='ltr'><strong>Domini</strong></span> <span class='ocrx_word' id='word_1_389' title='bbox 2930 2622 3000 2678; x_wconf 89' lang='lat' dir='ltr'><strong>de</strong></span> <span class='ocrx_word' id='word_1_390' title='bbox 3025 2621 3338 2678; x_wconf 87' lang='lat' dir='ltr'><strong>Jerusalem</strong></span> <span class='ocrx_word' id='word_1_391' title='bbox 3380 2622 3522 2691; x_wconf 70' lang='lat' dir='ltr'><strong>(lea.</strong></span> <span class='ocrx_word' id='word_1_392' title='bbox 3576 2635 3636 2688; x_wconf 83' lang='grc' dir='ltr'><strong>ιι,</strong></span> <span class='ocrx_word' id='word_1_393' title='bbox 3682 2622 3758 2688; x_wconf 87' lang='lat'><strong>3).</strong></span> <span class='ocrx_word' id='word_1_394' title='bbox 3811 2619 3869 2674; x_wconf 89' lang='lat' dir='ltr'><strong>Si</strong></span> 
     </span>
    </p>
   </div>
   <div class='ocr_carea' id='block_1_57' title="bbox 2162 2709 3865 2780">
    <p class='ocr_par' dir='ltr' id='par_1_57' title="bbox 2162 2709 3865 2780">
     <span class='ocr_line' id='line_1_57' title="bbox 2162 2709 3865 2780; baseline -0.001 -14"><span class='ocrx_word' id='word_1_395' title='bbox 2162 2711 2314 2766; x_wconf 90' lang='lat' dir='ltr'><strong>enim</strong></span> <span class='ocrx_word' id='word_1_396' title='bbox 2345 2724 2417 2766; x_wconf 80' lang='lat' dir='ltr'><strong>ex</strong></span> <span class='ocrx_word' id='word_1_397' title='bbox 2446 2711 2942 2779; x_wconf 85' lang='lat' dir='ltr'><strong>Jerosolymitana,</strong></span> <span class='ocrx_word' id='word_1_398' title='bbox 2993 2710 3279 2780; x_wconf 92' lang='lat' dir='ltr'><strong>quidquid</strong></span> <span class='ocrx_word' id='word_1_399' title='bbox 3323 2709 3662 2766; x_wconf 59' lang='lat' dir='ltr'><strong>Christiana</strong></span> <span class='ocrx_word' id='word_1_400' title='bbox 3709 2721 3865 2778; x_wconf 72' lang='lat' dir='ltr'><strong>prae-</strong></span> 
     </span>
    </p>
   </div>
   <div class='ocr_carea' id='block_1_58' title="bbox 2163 2797 3868 2868">
    <p class='ocr_par' dir='ltr' id='par_1_58' title="bbox 2163 2797 3868 2868">
     <span class='ocr_line' id='line_1_58' title="bbox 2163 2797 3868 2868; baseline -0.002 -14"><span class='ocrx_word' id='word_1_401' title='bbox 2163 2797 2464 2854; x_wconf 88' lang='lat' dir='ltr'><strong>dicationis</strong></span> <span class='ocrx_word' id='word_1_402' title='bbox 2487 2807 2572 2854; x_wconf 90' lang='lat' dir='ltr'><strong>est</strong></span> <span class='ocrx_word' id='word_1_403' title='bbox 2621 2799 2772 2854; x_wconf 90' lang='lat' dir='ltr'><strong>fonte</strong></span> <span class='ocrx_word' id='word_1_404' title='bbox 2815 2799 3093 2864; x_wconf 88' lang='lat' dir='ltr'><strong>manavit,</strong></span> <span class='ocrx_word' id='word_1_405' title='bbox 3144 2797 3340 2864; x_wconf 89' lang='lat' dir='ltr'><strong>rivuli,</strong></span> <span class='ocrx_word' id='word_1_406' title='bbox 3385 2810 3868 2868; x_wconf 87' lang='lat' dir='ltr'><strong>quaquaversum</strong></span> 
     </span>
    </p>
   </div>
   <div class='ocr_carea' id='block_1_59' title="bbox 2165 2884 3869 2956">
    <p class='ocr_par' dir='ltr' id='par_1_59' title="bbox 2165 2884 3869 2956">
     <span class='ocr_line' id='line_1_59' title="bbox 2165 2884 3869 2956; baseline -0.003 -14"><span class='ocrx_word' id='word_1_407' title='bbox 2165 2889 2279 2942; x_wconf 84' lang='lat' dir='ltr'><strong>toto</strong></span> <span class='ocrx_word' id='word_1_408' title='bbox 2325 2896 2609 2942; x_wconf 90' lang='lat' dir='ltr'><strong>terrarum</strong></span> <span class='ocrx_word' id='word_1_409' title='bbox 2645 2888 2784 2943; x_wconf 91' lang='lat' dir='ltr'><strong>orbe</strong></span> <span class='ocrx_word' id='word_1_410' title='bbox 2825 2886 3083 2956; x_wconf 87' lang='lat' dir='ltr'><strong>dispersi,</strong></span> <span class='ocrx_word' id='word_1_411' title='bbox 3132 2885 3425 2942; x_wconf 71' lang='lat' dir='ltr'><strong>catholicae</strong></span> <span class='ocrx_word' id='word_1_412' title='bbox 3473 2884 3869 2941; x_wconf 90' lang='lat' dir='ltr'><strong>multitudinis</strong></span> 
     </span>
    </p>
   </div>
   <div class='ocr_carea' id='block_1_60' title="bbox 2163 2972 3866 3044">
    <p class='ocr_par' dir='ltr' id='par_1_60' title="bbox 2163 2972 3866 3044">
     <span class='ocr_line' id='line_1_60' title="bbox 2163 2972 3866 3044; baseline -0.002 -14"><span class='ocrx_word' id='word_1_413' title='bbox 2163 2976 2338 3032; x_wconf 92' lang='lat' dir='ltr'><strong>corda</strong></span> <span class='ocrx_word' id='word_1_414' title='bbox 2366 2984 2760 3044; x_wconf 88' lang='lat' dir='ltr'><strong>retorqueant,</strong></span> <span class='ocrx_word' id='word_1_415' title='bbox 2807 2984 2868 3031; x_wconf 91' lang='lat' dir='ltr'><strong>ut</strong></span> <span class='ocrx_word' id='word_1_416' title='bbox 2916 2977 3152 3031; x_wconf 91' lang='lat' dir='ltr'><strong>solerter</strong></span> <span class='ocrx_word' id='word_1_417' title='bbox 3197 2975 3496 3030; x_wconf 88' lang='lat' dir='ltr'><strong>attendant</strong></span> <span class='ocrx_word' id='word_1_418' title='bbox 3535 2973 3678 3043; x_wconf 87' lang='lat' dir='ltr'><strong>quid</strong></span> <span class='ocrx_word' id='word_1_419' title='bbox 3721 2972 3866 3027; x_wconf 90' lang='lat' dir='ltr'><strong>fonti</strong></span> 
     </span>
    </p>
   </div>
   <div class='ocr_carea' id='block_1_61' title="bbox 353 3059 3865 3134">
    <p class='ocr_par' dir='ltr' id='par_1_61' title="bbox 353 3059 3865 3134">
     <span class='ocr_line' id='line_1_61' title="bbox 353 3059 3865 3134; baseline -0.001 -19"><span class='ocrx_word' id='word_1_420' title='bbox 353 3059 599 3116; x_wconf 90' lang='lat' dir='ltr'><strong>Sodoma</strong></span> <span class='ocrx_word' id='word_1_421' title='bbox 627 3060 807 3116; x_wconf 90' lang='lat' dir='ltr'><strong>simus</strong></span> <span class='ocrx_word' id='word_1_422' title='bbox 860 3068 914 3117; x_wconf 92' lang='lat' dir='ltr'><strong>et</strong></span> <span class='ocrx_word' id='word_1_423' title='bbox 951 3062 1282 3117; x_wconf 64' lang='lat' dir='ltr'><strong>Gomorrhas</strong></span> <span class='ocrx_word' id='word_1_424' title='bbox 1329 3062 1544 3118; x_wconf 90' lang='lat' dir='ltr'><strong>similes</strong></span> <span class='ocrx_word' id='word_1_425' title='bbox 1591 3063 1801 3117; x_wconf 80' lang='lat' dir='ltr'><strong>fiamus</strong></span> <span class='ocrx_word' id='word_1_426' title='bbox 1849 3062 2044 3130; x_wconf 84' lang='lat' dir='ltr'><strong>(Rom.</strong></span> <span class='ocrx_word' id='word_1_427' title='bbox 2090 3070 2278 3130; x_wconf 84' lang='lat' dir='ltr'><strong>ctam</strong></span> <span class='ocrx_word' id='word_1_428' title='bbox 2332 3063 2554 3134; x_wconf 89' lang='lat' dir='ltr'><strong>irriguo</strong></span> <span class='ocrx_word' id='word_1_429' title='bbox 2599 3063 2862 3119; x_wconf 88' lang='lat' dir='ltr'><strong>debeant.</strong></span> <span class='ocrx_word' id='word_1_430' title='bbox 2911 3063 2968 3119; x_wconf 91' lang='lat' dir='ltr'><strong>Si</strong></span> <span class='ocrx_word' id='word_1_431' title='bbox 2992 3063 3070 3117; x_wconf 88' lang='lat' dir='ltr'><strong>ad</strong></span> <span class='ocrx_word' id='word_1_432' title='bbox 3101 3063 3292 3118; x_wconf 79' lang='lat' dir='ltr'><strong>locum</strong></span> <span class='ocrx_word' id='word_1_433' title='bbox 3319 3061 3468 3116; x_wconf 84' lang='lat' dir='ltr'><strong>unde</strong></span> <span class='ocrx_word' id='word_1_434' title='bbox 3497 3063 3722 3127; x_wconf 68' lang='lat' dir='ltr'><strong>exeunt,</strong></span> <span class='ocrx_word' id='word_1_435' title='bbox 3757 3061 3865 3116; x_wconf 82' lang='lat' dir='ltr'><strong>ﬂu-</strong></span> 
     </span>
    </p>
   </div>
   <div class='ocr_carea' id='block_1_62' title="bbox 353 3149 2056 3221">
    <p class='ocr_par' dir='ltr' id='par_1_62' title="bbox 353 3149 2056 3221">
     <span class='ocr_line' id='line_1_62' title="bbox 353 3149 2056 3221; baseline 0.001 -17"><span class='ocrx_word' id='word_1_436' title='bbox 353 3163 430 3216; x_wconf 86' lang='lat' dir='ltr'><strong>tx,</strong></span> <span class='ocrx_word' id='word_1_437' title='bbox 465 3151 572 3216; x_wconf 74' lang='lat'><strong>&#39;29),</strong></span> <span class='ocrx_word' id='word_1_438' title='bbox 605 3157 660 3206; x_wconf 90' lang='lat' dir='ltr'><strong>et</strong></span> <span class='ocrx_word' id='word_1_439' title='bbox 685 3163 876 3205; x_wconf 89' lang='lat' dir='ltr'><strong>semen</strong></span> <span class='ocrx_word' id='word_1_440' title='bbox 919 3157 1182 3207; x_wconf 91' lang='lat' dir='ltr'><strong>nostrum</strong></span> <span class='ocrx_word' id='word_1_441' title='bbox 1215 3149 1476 3207; x_wconf 89' lang='lat' dir='ltr'><strong>Christus</strong></span> <span class='ocrx_word' id='word_1_442' title='bbox 1506 3158 1608 3218; x_wconf 88' lang='lat' dir='ltr'><strong>est,</strong></span> <span class='ocrx_word' id='word_1_443' title='bbox 1643 3150 1702 3206; x_wconf 94' lang='lat' dir='ltr'><strong>in</strong></span> <span class='ocrx_word' id='word_1_444' title='bbox 1741 3165 1858 3221; x_wconf 92' lang='lat' dir='ltr'><strong>quo</strong></span> <span class='ocrx_word' id='word_1_445' title='bbox 1897 3150 2056 3206; x_wconf 87' lang='lat' dir='ltr'><strong>salus</strong></span> 
     </span>
    </p>
   </div>
   <div class='ocr_carea' id='block_1_63' title="bbox 351 3237 2054 3308">
    <p class='ocr_par' dir='ltr' id='par_1_63' title="bbox 351 3237 2054 3308">
     <span class='ocr_line' id='line_1_63' title="bbox 351 3237 2054 3308; baseline 0 -15"><span class='ocrx_word' id='word_1_446' title='bbox 351 3244 406 3293; x_wconf 91' lang='lat' dir='ltr'><strong>et</strong></span> <span class='ocrx_word' id='word_1_447' title='bbox 461 3237 722 3294; x_wconf 91' lang='lat' dir='ltr'><strong>omnium</strong></span> <span class='ocrx_word' id='word_1_448' title='bbox 766 3237 1026 3308; x_wconf 87' lang='lat' dir='ltr'><strong>gentium</strong></span> <span class='ocrx_word' id='word_1_449' title='bbox 1077 3238 1395 3294; x_wconf 91' lang='lat' dir='ltr'><strong>benedictio</strong></span> <span class='ocrx_word' id='word_1_450' title='bbox 1447 3246 1577 3294; x_wconf 91' lang='lat' dir='ltr'><strong>est:</strong></span> <span class='ocrx_word' id='word_1_451' title='bbox 1623 3239 1748 3308; x_wconf 91' lang='lat' dir='ltr'><strong>ipsa</strong></span> <span class='ocrx_word' id='word_1_452' title='bbox 1803 3247 1955 3294; x_wconf 87' lang='lat' dir='ltr'><strong>terra</strong></span> <span class='ocrx_word' id='word_1_453' title='bbox 1998 3245 2054 3294; x_wconf 91' lang='lat' dir='ltr'><strong>et</strong></span> 
     </span>
    </p>
   </div>
   <div class='ocr_carea' id='block_1_64' title="bbox 352 3325 2052 3397">
    <p class='ocr_par' dir='ltr' id='par_1_64' title="bbox 352 3325 2052 3397">
     <span class='ocr_line' id='line_1_64' title="bbox 352 3325 2052 3397; baseline 0.001 -17"><span class='ocrx_word' id='word_1_454' title='bbox 352 3325 557 3382; x_wconf 88' lang='lat' dir='ltr'><strong>civitas</strong></span> <span class='ocrx_word' id='word_1_455' title='bbox 586 3325 646 3380; x_wconf 90' lang='lat' dir='ltr'><strong>in</strong></span> <span class='ocrx_word' id='word_1_456' title='bbox 687 3340 805 3397; x_wconf 91' lang='lat' dir='ltr'><strong>qua</strong></span> <span class='ocrx_word' id='word_1_457' title='bbox 836 3326 1120 3383; x_wconf 87' lang='lat' dir='ltr'><strong>habitavit</strong></span> <span class='ocrx_word' id='word_1_458' title='bbox 1145 3334 1201 3382; x_wconf 92' lang='lat' dir='ltr'><strong>et</strong></span> <span class='ocrx_word' id='word_1_459' title='bbox 1234 3340 1439 3395; x_wconf 89' lang='lat' dir='ltr'><strong>passus</strong></span> <span class='ocrx_word' id='word_1_460' title='bbox 1469 3334 1572 3394; x_wconf 86' lang='lat' dir='ltr'><strong>est,</strong></span> <span class='ocrx_word' id='word_1_461' title='bbox 1619 3326 2052 3397; x_wconf 86' lang='lat' dir='ltr'><strong>Scripturarum</strong></span> 
     </span>
    </p>
   </div>
   <div class='ocr_carea' id='block_1_65' title="bbox 350 3413 2052 3483">
    <p class='ocr_par' dir='ltr' id='par_1_65' title="bbox 350 3413 2052 3483">
     <span class='ocr_line' id='line_1_65' title="bbox 350 3413 2052 3483; baseline -0.001 -13"><span class='ocrx_word' id='word_1_462' title='bbox 350 3413 676 3470; x_wconf 90' lang='lat' dir='ltr'><strong>testimonio</strong></span> <span class='ocrx_word' id='word_1_463' title='bbox 719 3423 918 3470; x_wconf 89' lang='lat' dir='ltr'><strong>sancta</strong></span> <span class='ocrx_word' id='word_1_464' title='bbox 966 3422 1230 3470; x_wconf 89' lang='lat' dir='ltr'><strong>vocatur.</strong></span> <span class='ocrx_word' id='word_1_465' title='bbox 1275 3415 1326 3469; x_wconf 94' lang='lat' dir='ltr'><strong>Si</strong></span> <span class='ocrx_word' id='word_1_466' title='bbox 1369 3415 1522 3470; x_wconf 91' lang='lat' dir='ltr'><strong>enim</strong></span> <span class='ocrx_word' id='word_1_467' title='bbox 1562 3415 1684 3471; x_wconf 74' lang='lat' dir='ltr'><strong>haec</strong></span> <span class='ocrx_word' id='word_1_468' title='bbox 1737 3423 1910 3483; x_wconf 89' lang='lat' dir='ltr'><strong>terra,</strong></span> <span class='ocrx_word' id='word_1_469' title='bbox 1957 3413 2052 3470; x_wconf 91' lang='lat' dir='ltr'><strong>Dei</strong></span> 
     </span>
    </p>
   </div>
   <div class='ocr_carea' id='block_1_66' title="bbox 350 3501 2055 3573">
    <p class='ocr_par' dir='ltr' id='par_1_66' title="bbox 350 3501 2055 3573">
     <span class='ocr_line' id='line_1_66' title="bbox 350 3501 2055 3573; baseline 0 -16"><span class='ocrx_word' id='word_1_470' title='bbox 350 3501 656 3559; x_wconf 72' lang='lat' dir='ltr'><strong>hiereditas</strong></span> <span class='ocrx_word' id='word_1_471' title='bbox 684 3510 738 3558; x_wconf 90' lang='lat' dir='ltr'><strong>et</strong></span> <span class='ocrx_word' id='word_1_472' title='bbox 766 3502 1045 3572; x_wconf 89' lang='lat' dir='ltr'><strong>templum</strong></span> <span class='ocrx_word' id='word_1_473' title='bbox 1075 3511 1362 3572; x_wconf 89' lang='lat' dir='ltr'><strong>sanctum,</strong></span> <span class='ocrx_word' id='word_1_474' title='bbox 1395 3511 1708 3573; x_wconf 87' lang='lat' dir='ltr'><strong>antequam</strong></span> <span class='ocrx_word' id='word_1_475' title='bbox 1757 3503 1834 3559; x_wconf 92' lang='lat' dir='ltr'><strong>ibi</strong></span> <span class='ocrx_word' id='word_1_476' title='bbox 1860 3503 2055 3558; x_wconf 87' lang='lat' dir='ltr'><strong>obam-</strong></span> 
     </span>
    </p>
   </div>
   <div class='ocr_carea' id='block_1_67' title="bbox 350 3589 2052 3662">
    <p class='ocr_par' dir='ltr' id='par_1_67' title="bbox 350 3589 2052 3662">
     <span class='ocr_line' id='line_1_67' title="bbox 350 3589 2052 3662; baseline 0 -16"><span class='ocrx_word' id='word_1_477' title='bbox 350 3589 577 3646; x_wconf 90' lang='lat' dir='ltr'><strong>bularet</strong></span> <span class='ocrx_word' id='word_1_478' title='bbox 615 3604 682 3645; x_wconf 86' lang='lat' dir='ltr'><strong>ac</strong></span> <span class='ocrx_word' id='word_1_479' title='bbox 709 3599 1002 3660; x_wconf 90' lang='lat' dir='ltr'><strong>pateretur</strong></span> <span class='ocrx_word' id='word_1_480' title='bbox 1029 3591 1328 3658; x_wconf 91' lang='lat' dir='ltr'><strong>Dominus,</strong></span> <span class='ocrx_word' id='word_1_481' title='bbox 1365 3593 1420 3646; x_wconf 93' lang='lat' dir='ltr'><strong>in</strong></span> <span class='ocrx_word' id='word_1_482' title='bbox 1451 3593 1633 3648; x_wconf 87' lang='lat' dir='ltr'><strong>sacris</strong></span> <span class='ocrx_word' id='word_1_483' title='bbox 1657 3599 1711 3648; x_wconf 90' lang='lat' dir='ltr'><strong>et</strong></span> <span class='ocrx_word' id='word_1_484' title='bbox 1761 3591 2052 3662; x_wconf 90' lang='lat' dir='ltr'><strong>propheti-</strong></span> 
     </span>
    </p>
   </div>
   <div class='ocr_carea' id='block_1_68' title="bbox 350 3679 2050 3752">
    <p class='ocr_par' dir='ltr' id='par_1_68' title="bbox 350 3679 2050 3752">
     <span class='ocr_line' id='line_1_68' title="bbox 350 3679 2050 3752; baseline 0.002 -17"><span class='ocrx_word' id='word_1_485' title='bbox 350 3679 432 3736; x_wconf 89' lang='lat' dir='ltr'><strong>cis</strong></span> <span class='ocrx_word' id='word_1_486' title='bbox 461 3679 686 3750; x_wconf 89' lang='lat' dir='ltr'><strong>paginis</strong></span> <span class='ocrx_word' id='word_1_487' title='bbox 715 3679 944 3750; x_wconf 87' lang='lat' dir='ltr'><strong>legitur,</strong></span> <span class='ocrx_word' id='word_1_488' title='bbox 977 3681 1116 3750; x_wconf 91' lang='lat' dir='ltr'><strong>quid</strong></span> <span class='ocrx_word' id='word_1_489' title='bbox 1151 3681 1488 3746; x_wconf 88' lang='lat' dir='ltr'><strong>sanctitatis,</strong></span> <span class='ocrx_word' id='word_1_490' title='bbox 1521 3681 1664 3752; x_wconf 92' lang='lat' dir='ltr'><strong>quid</strong></span> <span class='ocrx_word' id='word_1_491' title='bbox 1714 3679 2050 3738; x_wconf 75' lang='lat' dir='ltr'><strong>reverentiae</strong></span> 
     </span>
    </p>
   </div>
   <div class='ocr_carea' id='block_1_69' title="bbox 350 3766 2052 3839">
    <p class='ocr_par' dir='ltr' id='par_1_69' title="bbox 350 3766 2052 3839">
     <span class='ocr_line' id='line_1_69' title="bbox 350 3766 2052 3839; baseline 0 -15"><span class='ocrx_word' id='word_1_492' title='bbox 350 3767 667 3824; x_wconf 88' lang='lat' dir='ltr'><strong>obtinuisse</strong></span> <span class='ocrx_word' id='word_1_493' title='bbox 689 3775 829 3824; x_wconf 92' lang='lat' dir='ltr'><strong>tunc</strong></span> <span class='ocrx_word' id='word_1_494' title='bbox 857 3768 1129 3836; x_wconf 87' lang='lat' dir='ltr'><strong>creditur,</strong></span> <span class='ocrx_word' id='word_1_495' title='bbox 1157 3783 1288 3826; x_wconf 91' lang='lat' dir='ltr'><strong>cum</strong></span> <span class='ocrx_word' id='word_1_496' title='bbox 1323 3770 1475 3825; x_wconf 89' lang='lat' dir='ltr'><strong>Deus</strong></span> <span class='ocrx_word' id='word_1_497' title='bbox 1500 3769 1814 3839; x_wconf 84' lang='lat' dir='ltr'><strong>majestatis</strong></span> <span class='ocrx_word' id='word_1_498' title='bbox 1844 3766 2052 3824; x_wconf 89' lang='lat' dir='ltr'><strong>ibidem</strong></span> 
     </span>
    </p>
   </div>
   <div class='ocr_carea' id='block_1_70' title="bbox 351 3856 2050 3926">
    <p class='ocr_par' dir='ltr' id='par_1_70' title="bbox 351 3856 2050 3926">
     <span class='ocr_line' id='line_1_70' title="bbox 351 3856 2050 3926; baseline 0.001 -15"><span class='ocrx_word' id='word_1_499' title='bbox 351 3856 777 3926; x_wconf 90' lang='lat' dir='ltr'><strong>incorporatur,</strong></span> <span class='ocrx_word' id='word_1_500' title='bbox 811 3859 1088 3924; x_wconf 90' lang='lat' dir='ltr'><strong>nutritur,</strong></span> <span class='ocrx_word' id='word_1_501' title='bbox 1130 3857 1423 3925; x_wconf 88' lang='lat' dir='ltr'><strong>adolescit,</strong></span> <span class='ocrx_word' id='word_1_502' title='bbox 1455 3865 1512 3913; x_wconf 90' lang='lat' dir='ltr'><strong>et</strong></span> <span class='ocrx_word' id='word_1_503' title='bbox 1561 3857 1844 3926; x_wconf 88' lang='lat' dir='ltr'><strong>corporali</strong></span> <span class='ocrx_word' id='word_1_504' title='bbox 1884 3871 2050 3926; x_wconf 88' lang='lat' dir='ltr'><strong>vege-</strong></span> 
     </span>
    </p>
   </div>
   <div class='ocr_carea' id='block_1_71' title="bbox 349 3943 2053 4017">
    <p class='ocr_par' dir='ltr' id='par_1_71' title="bbox 349 3943 2053 4017">
     <span class='ocr_line' id='line_1_71' title="bbox 349 3943 2053 4017; baseline 0.001 -17"><span class='ocrx_word' id='word_1_505' title='bbox 349 3945 561 4002; x_wconf 90' lang='lat' dir='ltr'><strong>tatione</strong></span> <span class='ocrx_word' id='word_1_506' title='bbox 591 3945 700 4002; x_wconf 89' lang='lat' dir='ltr'><strong>hac</strong></span> <span class='ocrx_word' id='word_1_507' title='bbox 728 3945 974 4017; x_wconf 90' lang='lat' dir='ltr'><strong>illacque</strong></span> <span class='ocrx_word' id='word_1_508' title='bbox 1008 3945 1370 4016; x_wconf 90' lang='lat' dir='ltr'><strong>perambulat</strong></span> <span class='ocrx_word' id='word_1_509' title='bbox 1400 3953 1500 4000; x_wconf 91' lang='lat' dir='ltr'><strong>aut</strong></span> <span class='ocrx_word' id='word_1_510' title='bbox 1550 3943 1847 4016; x_wconf 83' lang='lat' dir='ltr'><strong>gestatur?</strong></span> <span class='ocrx_word' id='word_1_511' title='bbox 1877 3952 1951 4012; x_wconf 91' lang='lat' dir='ltr'><strong>et,</strong></span> <span class='ocrx_word' id='word_1_512' title='bbox 1989 3952 2053 4002; x_wconf 93' lang='lat' dir='ltr'><strong>ut</strong></span> 
     </span>
    </p>
   </div>
   <div class='ocr_carea' id='block_1_72' title="bbox 349 4033 2049 4106">
    <p class='ocr_par' dir='ltr' id='par_1_72' title="bbox 349 4033 2049 4106">
     <span class='ocr_line' id='line_1_72' title="bbox 349 4033 2049 4106; baseline 0.001 -17"><span class='ocrx_word' id='word_1_513' title='bbox 349 4041 559 4090; x_wconf 89' lang='lat' dir='ltr'><strong>cuncta</strong></span> <span class='ocrx_word' id='word_1_514' title='bbox 590 4049 722 4104; x_wconf 73' lang='lat' dir='ltr'><strong>quae</strong></span> <span class='ocrx_word' id='word_1_515' title='bbox 755 4034 924 4106; x_wconf 89' lang='lat' dir='ltr'><strong>longo</strong></span> <span class='ocrx_word' id='word_1_516' title='bbox 970 4034 1280 4090; x_wconf 88' lang='lat' dir='ltr'><strong>verborum</strong></span> <span class='ocrx_word' id='word_1_517' title='bbox 1330 4047 1470 4104; x_wconf 87' lang='lat' dir='ltr'><strong>gyro</strong></span> <span class='ocrx_word' id='word_1_518' title='bbox 1520 4033 1748 4088; x_wconf 90' lang='lat' dir='ltr'><strong>narrari</strong></span> <span class='ocrx_word' id='word_1_519' title='bbox 1793 4040 2049 4103; x_wconf 91' lang='lat' dir='ltr'><strong>possunt,</strong></span> 
     </span>
    </p>
   </div>
   <div class='ocr_carea' id='block_1_73' title="bbox 349 4120 2049 4194">
    <p class='ocr_par' dir='ltr' id='par_1_73' title="bbox 349 4120 2049 4194">
     <span class='ocr_line' id='line_1_73' title="bbox 349 4120 2049 4194; baseline -0.002 -15"><span class='ocrx_word' id='word_1_520' title='bbox 349 4122 528 4194; x_wconf 89' lang='lat' dir='ltr'><strong>digna</strong></span> <span class='ocrx_word' id='word_1_521' title='bbox 559 4123 838 4180; x_wconf 88' lang='lat' dir='ltr'><strong>brevitate</strong></span> <span class='ocrx_word' id='word_1_522' title='bbox 881 4123 1294 4192; x_wconf 88' lang='lat' dir='ltr'><strong>constringam,</strong></span> <span class='ocrx_word' id='word_1_523' title='bbox 1330 4121 1428 4177; x_wconf 91' lang='lat' dir='ltr'><strong>ubi</strong></span> <span class='ocrx_word' id='word_1_524' title='bbox 1473 4120 1599 4176; x_wconf 89' lang='lat' dir='ltr'><strong>Filii</strong></span> <span class='ocrx_word' id='word_1_525' title='bbox 1649 4121 1744 4176; x_wconf 91' lang='lat' dir='ltr'><strong>Dei</strong></span> <span class='ocrx_word' id='word_1_526' title='bbox 1788 4121 2049 4193; x_wconf 88' lang='lat' dir='ltr'><strong>sanguis,</strong></span> 
     </span>
    </p>
   </div>
   <div class='ocr_carea' id='block_1_74' title="bbox 349 4209 2050 4280">
    <p class='ocr_par' dir='ltr' id='par_1_74' title="bbox 349 4209 2050 4280">
     <span class='ocr_line' id='line_1_74' title="bbox 349 4209 2050 4280; baseline -0.002 -12"><span class='ocrx_word' id='word_1_527' title='bbox 349 4210 492 4268; x_wconf 77' lang='lat' dir='ltr'><strong>cmlo</strong></span> <span class='ocrx_word' id='word_1_528' title='bbox 529 4218 800 4280; x_wconf 89' lang='lat' dir='ltr'><strong>terraque</strong></span> <span class='ocrx_word' id='word_1_529' title='bbox 827 4218 1099 4275; x_wconf 83' lang='lat' dir='ltr'><strong>sanctior,</strong></span> <span class='ocrx_word' id='word_1_530' title='bbox 1129 4209 1348 4264; x_wconf 77' lang='lat' dir='ltr'><strong>effusus</strong></span> <span class='ocrx_word' id='word_1_531' title='bbox 1377 4217 1480 4274; x_wconf 91' lang='lat' dir='ltr'><strong>est,</strong></span> <span class='ocrx_word' id='word_1_532' title='bbox 1519 4209 1616 4266; x_wconf 92' lang='lat' dir='ltr'><strong>ubi</strong></span> <span class='ocrx_word' id='word_1_533' title='bbox 1666 4223 1893 4280; x_wconf 88' lang='lat' dir='ltr'><strong>corpus,</strong></span> <span class='ocrx_word' id='word_1_534' title='bbox 1941 4223 2050 4280; x_wconf 87' lang='lat' dir='ltr'><strong>pa—</strong></span> 
     </span>
    </p>
   </div>
   <div class='ocr_carea' id='block_1_75' title="bbox 348 4297 2046 4369">
    <p class='ocr_par' dir='ltr' id='par_1_75' title="bbox 348 4297 2046 4369">
     <span class='ocr_line' id='line_1_75' title="bbox 348 4297 2046 4369; baseline -0.002 -14"><span class='ocrx_word' id='word_1_535' title='bbox 348 4298 622 4355; x_wconf 88' lang='lat' dir='ltr'><strong>ventibus</strong></span> <span class='ocrx_word' id='word_1_536' title='bbox 666 4297 982 4364; x_wconf 91' lang='lat' dir='ltr'><strong>elementis,</strong></span> <span class='ocrx_word' id='word_1_537' title='bbox 1040 4305 1331 4354; x_wconf 90' lang='lat' dir='ltr'><strong>mortuum</strong></span> <span class='ocrx_word' id='word_1_538' title='bbox 1388 4298 1446 4353; x_wconf 90' lang='lat' dir='ltr'><strong>in</strong></span> <span class='ocrx_word' id='word_1_539' title='bbox 1490 4297 1755 4367; x_wconf 88' lang='lat' dir='ltr'><strong>sepulcro</strong></span> <span class='ocrx_word' id='word_1_540' title='bbox 1803 4297 2046 4369; x_wconf 90' lang='lat' dir='ltr'><strong>quievit,</strong></span> 
     </span>
    </p>
   </div>
   <div class='ocr_carea' id='block_1_76' title="bbox 351 4385 2052 4457">
    <p class='ocr_par' dir='ltr' id='par_1_76' title="bbox 351 4385 2052 4457">
     <span class='ocr_line' id='line_1_76' title="bbox 351 4385 2052 4457; baseline 0 -15"><span class='ocrx_word' id='word_1_541' title='bbox 351 4386 496 4457; x_wconf 90' lang='lat' dir='ltr'><strong>quid</strong></span> <span class='ocrx_word' id='word_1_542' title='bbox 537 4394 810 4455; x_wconf 89' lang='lat' dir='ltr'><strong>putamus</strong></span> <span class='ocrx_word' id='word_1_543' title='bbox 846 4385 1233 4442; x_wconf 90' lang='lat' dir='ltr'><strong>venerationis</strong></span> <span class='ocrx_word' id='word_1_544' title='bbox 1250 4387 1538 4443; x_wconf 86' lang='lat' dir='ltr'><strong>emeruit?</strong></span> <span class='ocrx_word' id='word_1_545' title='bbox 1559 4386 1638 4452; x_wconf 93' lang='lat' dir='ltr'><strong>Si,</strong></span> <span class='ocrx_word' id='word_1_546' title='bbox 1663 4385 1785 4456; x_wconf 91' lang='lat' dir='ltr'><strong>ipso</strong></span> <span class='ocrx_word' id='word_1_547' title='bbox 1811 4385 2052 4442; x_wconf 90' lang='lat' dir='ltr'><strong>Domino</strong></span> 
     </span>
    </p>
   </div>
   <div class='ocr_carea' id='block_1_77' title="bbox 349 4473 2054 4541">
    <p class='ocr_par' dir='ltr' id='par_1_77' title="bbox 349 4473 2054 4541">
     <span class='ocr_line' id='line_1_77' title="bbox 349 4473 2054 4541; baseline 0 -11"><span class='ocrx_word' id='word_1_548' title='bbox 349 4481 550 4530; x_wconf 92' lang='lat' dir='ltr'><strong>nostro</strong></span> <span class='ocrx_word' id='word_1_549' title='bbox 583 4487 782 4530; x_wconf 88' lang='lat' dir='ltr'><strong>recens</strong></span> <span class='ocrx_word' id='word_1_550' title='bbox 812 4473 1126 4541; x_wconf 87' lang='lat' dir='ltr'><strong>interfecto,</strong></span> <span class='ocrx_word' id='word_1_551' title='bbox 1155 4481 1211 4530; x_wconf 91' lang='lat' dir='ltr'><strong>et</strong></span> <span class='ocrx_word' id='word_1_552' title='bbox 1241 4488 1276 4530; x_wconf 87' lang='lat' dir='ltr'><strong>a</strong></span> <span class='ocrx_word' id='word_1_553' title='bbox 1317 4474 1529 4531; x_wconf 69' lang='lat' dir='ltr'><strong>Judaeis</strong></span> <span class='ocrx_word' id='word_1_554' title='bbox 1583 4473 1776 4530; x_wconf 87' lang='lat' dir='ltr'><strong>adhuc</strong></span> <span class='ocrx_word' id='word_1_555' title='bbox 1822 4474 2054 4530; x_wconf 87' lang='lat' dir='ltr'><strong>civitate</strong></span> 
     </span>
    </p>
   </div>
   <div class='ocr_carea' id='block_1_78' title="bbox 350 4563 2052 4634">
    <p class='ocr_par' dir='ltr' id='par_1_78' title="bbox 350 4563 2052 4634">
     <span class='ocr_line' id='line_1_78' title="bbox 350 4563 2052 4634; baseline -0.001 -16"><span class='ocrx_word' id='word_1_556' title='bbox 350 4575 628 4632; x_wconf 90' lang='lat' dir='ltr'><strong>possessa,</strong></span> <span class='ocrx_word' id='word_1_557' title='bbox 659 4569 858 4618; x_wconf 88' lang='lat' dir='ltr'><strong>sancta</strong></span> <span class='ocrx_word' id='word_1_558' title='bbox 886 4563 1090 4618; x_wconf 90' lang='lat' dir='ltr'><strong>civitas</strong></span> <span class='ocrx_word' id='word_1_559' title='bbox 1121 4563 1195 4619; x_wconf 90' lang='lat' dir='ltr'><strong>ab</strong></span> <span class='ocrx_word' id='word_1_560' title='bbox 1225 4563 1580 4634; x_wconf 86' lang='lat' dir='ltr'><strong>evangelista</strong></span> <span class='ocrx_word' id='word_1_561' title='bbox 1607 4570 1866 4628; x_wconf 85' lang='lat' dir='ltr'><strong>vocatur,</strong></span> <span class='ocrx_word' id='word_1_562' title='bbox 1917 4576 2052 4618; x_wconf 90' lang='lat' dir='ltr'><strong>cum</strong></span> 
     </span>
    </p>
   </div>
   <div class='ocr_carea' id='block_1_79' title="bbox 349 4649 2048 4724">
    <p class='ocr_par' dir='ltr' id='par_1_79' title="bbox 349 4649 2048 4724">
     <span class='ocr_line' id='line_1_79' title="bbox 349 4649 2048 4724; baseline -0.002 -16"><span class='ocrx_word' id='word_1_563' title='bbox 349 4650 564 4708; x_wconf 88' lang='lat' dir='ltr'><strong>dicitur</strong></span> <span class='ocrx_word' id='word_1_564' title='bbox 597 4665 611 4706; x_wconf 90' lang='lat'><strong>:</strong></span> <span class='ocrx_word' id='word_1_565' title='bbox 640 4651 835 4706; x_wconf 81' lang='lat' dir='ltr'><strong>Multa</strong></span> <span class='ocrx_word' id='word_1_566' title='bbox 858 4667 1108 4724; x_wconf 79' lang='lat' dir='ltr'><strong>corpora</strong></span> <span class='ocrx_word' id='word_1_567' title='bbox 1141 4655 1470 4708; x_wconf 75' lang='lat' dir='ltr'><strong>sanctorum</strong></span> <span class='ocrx_word' id='word_1_568' title='bbox 1527 4650 1628 4723; x_wconf 85' lang='lat' dir='ltr'><strong>qui</strong></span> <span class='ocrx_word' id='word_1_569' title='bbox 1670 4649 2048 4719; x_wconf 75' lang='lat' dir='ltr'><strong>dormierunt,</strong></span> 
     </span>
    </p>
   </div>
   <div class='ocr_carea' id='block_1_80' title="bbox 345 4739 2054 4812">
    <p class='ocr_par' dir='ltr' id='par_1_80' title="bbox 345 4739 2054 4812">
     <span class='ocr_line' id='line_1_80' title="bbox 345 4739 2054 4812; baseline -0.002 -16"><span class='ocrx_word' id='word_1_570' title='bbox 345 4743 735 4812; x_wconf 61' lang='lat' dir='ltr'><strong>surrexerunt,</strong></span> <span class='ocrx_word' id='word_1_571' title='bbox 767 4743 823 4794; x_wconf 87' lang='lat' dir='ltr'><strong>et</strong></span> <span class='ocrx_word' id='word_1_572' title='bbox 844 4746 1118 4796; x_wconf 82' lang='lat' dir='ltr'><strong>venerunt</strong></span> <span class='ocrx_word' id='word_1_573' title='bbox 1147 4744 1206 4795; x_wconf 89' lang='lat' dir='ltr'><strong>in</strong></span> <span class='ocrx_word' id='word_1_574' title='bbox 1233 4744 1498 4796; x_wconf 76' lang='lat' dir='ltr'><strong>sanctam</strong></span> <span class='ocrx_word' id='word_1_575' title='bbox 1527 4739 1840 4807; x_wconf 75' lang='lat' dir='ltr'><strong>civitatem,</strong></span> <span class='ocrx_word' id='word_1_576' title='bbox 1871 4741 1927 4793; x_wconf 87' lang='lat' dir='ltr'><strong>et</strong></span> <span class='ocrx_word' id='word_1_577' title='bbox 1957 4755 2054 4810; x_wconf 82' lang='lat' dir='ltr'><strong>ap-</strong></span> 
     </span>
    </p>
   </div>
   <div class='ocr_carea' id='block_1_81' title="bbox 343 4827 2052 4901">
    <p class='ocr_par' dir='ltr' id='par_1_81' title="bbox 343 4827 2052 4901">
     <span class='ocr_line' id='line_1_81' title="bbox 343 4827 2052 4901; baseline 0 -19"><span class='ocrx_word' id='word_1_578' title='bbox 343 4831 666 4901; x_wconf 82' lang='lat' dir='ltr'><strong>paruerunt</strong></span> <span class='ocrx_word' id='word_1_579' title='bbox 689 4827 894 4882; x_wconf 69' lang='lat' dir='ltr'><strong>multis</strong></span> <span class='ocrx_word' id='word_1_580' title='bbox 926 4828 1162 4897; x_wconf 79' lang='lat' dir='ltr'><strong>(Matth.</strong></span> <span class='ocrx_word' id='word_1_581' title='bbox 1203 4843 1383 4896; x_wconf 84' lang='lat' dir='ltr'><strong>xxvn,</strong></span> <span class='ocrx_word' id='word_1_582' title='bbox 1418 4828 1545 4898; x_wconf 84' lang='lat'><strong>53);</strong></span> <span class='ocrx_word' id='word_1_583' title='bbox 1593 4835 1649 4882; x_wconf 93' lang='lat' dir='ltr'><strong>et</strong></span> <span class='ocrx_word' id='word_1_584' title='bbox 1694 4841 1730 4882; x_wconf 89' lang='lat' dir='ltr'><strong>a</strong></span> <span class='ocrx_word' id='word_1_585' title='bbox 1775 4827 2052 4897; x_wconf 91' lang='lat' dir='ltr'><strong>propheta</strong></span> 
     </span>
    </p>
   </div>
   <div class='ocr_carea' id='block_1_82' title="bbox 349 4915 2050 4988">
    <p class='ocr_par' dir='ltr' id='par_1_82' title="bbox 349 4915 2050 4988">
     <span class='ocr_line' id='line_1_82' title="bbox 349 4915 2050 4988; baseline -0.001 -16"><span class='ocrx_word' id='word_1_586' title='bbox 349 4917 500 4972; x_wconf 87' lang='lat' dir='ltr'><strong>Isaia</strong></span> <span class='ocrx_word' id='word_1_587' title='bbox 528 4916 740 4972; x_wconf 85' lang='lat' dir='ltr'><strong>dicitur</strong></span> <span class='ocrx_word' id='word_1_588' title='bbox 767 4931 780 4970; x_wconf 90' lang='lat'><strong>:</strong></span> <span class='ocrx_word' id='word_1_589' title='bbox 808 4915 939 4970; x_wconf 83' lang='lat' dir='ltr'><strong>Erit</strong></span> <span class='ocrx_word' id='word_1_590' title='bbox 967 4917 1296 4988; x_wconf 72' lang='lat' dir='ltr'><strong>sepulcrum</strong></span> <span class='ocrx_word' id='word_1_591' title='bbox 1316 4917 1442 4986; x_wconf 65' lang='lat' dir='ltr'><strong>ejus</strong></span> <span class='ocrx_word' id='word_1_592' title='bbox 1455 4915 1770 4988; x_wconf 72' lang='lat' dir='ltr'><strong>gloriosum</strong></span> <span class='ocrx_word' id='word_1_593' title='bbox 1792 4915 1937 4984; x_wconf 86' lang='lat' dir='ltr'><strong>(Isa.</strong></span> <span class='ocrx_word' id='word_1_594' title='bbox 1968 4929 2050 4982; x_wconf 76' lang='lat' dir='ltr'><strong>x1,</strong></span> 
     </span>
    </p>
   </div>
   <div class='ocr_carea' id='block_1_83' title="bbox 311 5004 2055 5086">
    <p class='ocr_par' dir='ltr' id='par_1_83' title="bbox 311 5004 2055 5086">
     <span class='ocr_line' id='line_1_83' title="bbox 311 5004 2055 5086; baseline 0.001 -28"><span class='ocrx_word' id='word_1_595' title='bbox 311 5075 323 5086; x_wconf 40' lang='grc' dir='ltr'><strong><em>ο</em></strong></span> <span class='ocrx_word' id='word_1_596' title='bbox 355 5005 481 5073; x_wconf 79' lang='grc'><strong>10);</strong></span> <span class='ocrx_word' id='word_1_597' title='bbox 521 5019 654 5060; x_wconf 92' lang='lat' dir='ltr'><strong>cum</strong></span> <span class='ocrx_word' id='word_1_598' title='bbox 693 5004 814 5072; x_wconf 88' lang='lat' dir='ltr'><strong>ipsa</strong></span> <span class='ocrx_word' id='word_1_599' title='bbox 843 5005 1140 5074; x_wconf 90' lang='lat' dir='ltr'><strong>sanctitas,</strong></span> <span class='ocrx_word' id='word_1_600' title='bbox 1174 5005 1390 5062; x_wconf 88' lang='lat' dir='ltr'><strong>civitati</strong></span> <span class='ocrx_word' id='word_1_601' title='bbox 1421 5004 1596 5061; x_wconf 89' lang='lat' dir='ltr'><strong>semel</strong></span> <span class='ocrx_word' id='word_1_602' title='bbox 1631 5005 1744 5060; x_wconf 87' lang='lat' dir='ltr'><strong>Deo</strong></span> <span class='ocrx_word' id='word_1_603' title='bbox 1777 5004 1895 5074; x_wconf 92' lang='lat' dir='ltr'><strong>ipse</strong></span> <span class='ocrx_word' id='word_1_604' title='bbox 1926 5017 2055 5060; x_wconf 88' lang='lat' dir='ltr'><strong>san-</strong></span> 
     </span>
    </p>
   </div>
   <div class='ocr_carea' id='block_1_84' title="bbox 349 5091 2050 5164">
    <p class='ocr_par' dir='ltr' id='par_1_84' title="bbox 349 5091 2050 5164">
     <span class='ocr_line' id='line_1_84' title="bbox 349 5091 2050 5164; baseline -0.001 -16"><span class='ocrx_word' id='word_1_605' title='bbox 349 5091 657 5148; x_wconf 82' lang='lat' dir='ltr'><strong>ctiﬁcatore</strong></span> <span class='ocrx_word' id='word_1_606' title='bbox 686 5105 786 5161; x_wconf 88' lang='lat' dir='ltr'><strong>per</strong></span> <span class='ocrx_word' id='word_1_607' title='bbox 814 5095 1066 5164; x_wconf 90' lang='lat' dir='ltr'><strong>seipsum</strong></span> <span class='ocrx_word' id='word_1_608' title='bbox 1111 5094 1314 5160; x_wconf 89' lang='lat' dir='ltr'><strong>indita,</strong></span> <span class='ocrx_word' id='word_1_609' title='bbox 1365 5093 1526 5150; x_wconf 90' lang='lat' dir='ltr'><strong>nullo</strong></span> <span class='ocrx_word' id='word_1_610' title='bbox 1583 5093 1733 5148; x_wconf 88' lang='lat' dir='ltr'><strong>malo</strong></span> <span class='ocrx_word' id='word_1_611' title='bbox 1767 5105 2050 5162; x_wconf 88' lang='lat' dir='ltr'><strong>superve-</strong></span> 
     </span>
    </p>
   </div>
   <div class='ocr_carea' id='block_1_85' title="bbox 351 5178 2050 5250">
    <p class='ocr_par' dir='ltr' id='par_1_85' title="bbox 351 5178 2050 5250">
     <span class='ocr_line' id='line_1_85' title="bbox 351 5178 2050 5250; baseline -0.001 -14"><span class='ocrx_word' id='word_1_612' title='bbox 351 5179 544 5236; x_wconf 89' lang='lat' dir='ltr'><strong>niente</strong></span> <span class='ocrx_word' id='word_1_613' title='bbox 571 5180 862 5236; x_wconf 89' lang='lat' dir='ltr'><strong>exinaniri</strong></span> <span class='ocrx_word' id='word_1_614' title='bbox 890 5182 1098 5250; x_wconf 88' lang='lat' dir='ltr'><strong>valeat,</strong></span> <span class='ocrx_word' id='word_1_615' title='bbox 1139 5189 1196 5238; x_wconf 92' lang='lat' dir='ltr'><strong>et</strong></span> <span class='ocrx_word' id='word_1_616' title='bbox 1211 5183 1430 5239; x_wconf 65' lang='lat' dir='ltr'><strong>.eodem</strong></span> <span class='ocrx_word' id='word_1_617' title='bbox 1461 5181 1632 5238; x_wconf 90' lang='lat' dir='ltr'><strong>modo</strong></span> <span class='ocrx_word' id='word_1_618' title='bbox 1676 5178 2050 5235; x_wconf 89' lang='lat' dir='ltr'><strong>indivisibili-</strong></span> 
     </span>
    </p>
   </div>
   <div class='ocr_carea' id='block_1_86' title="bbox 352 5267 2051 5340">
    <p class='ocr_par' dir='ltr' id='par_1_86' title="bbox 352 5267 2051 5340">
     <span class='ocr_line' id='line_1_86' title="bbox 352 5267 2051 5340; baseline 0.001 -16"><span class='ocrx_word' id='word_1_619' title='bbox 352 5277 438 5324; x_wconf 90' lang='lat' dir='ltr'><strong>ter</strong></span> <span class='ocrx_word' id='word_1_620' title='bbox 463 5268 706 5338; x_wconf 89' lang='lat' dir='ltr'><strong>sepulcri</strong></span> <span class='ocrx_word' id='word_1_621' title='bbox 738 5269 920 5340; x_wconf 89' lang='lat' dir='ltr'><strong>gloria</strong></span> <span class='ocrx_word' id='word_1_622' title='bbox 963 5278 1182 5326; x_wconf 86' lang='lat' dir='ltr'><strong>constet</strong></span> <span class='ocrx_word' id='word_1_623' title='bbox 1217 5284 1230 5324; x_wconf 88' lang='lat'><strong>:</strong></span> <span class='ocrx_word' id='word_1_624' title='bbox 1281 5271 1524 5326; x_wconf 91' lang='lat' dir='ltr'><strong>summis</strong></span> <span class='ocrx_word' id='word_1_625' title='bbox 1565 5269 1791 5336; x_wconf 90' lang='lat' dir='ltr'><strong>studiis,</strong></span> <span class='ocrx_word' id='word_1_626' title='bbox 1846 5267 2051 5324; x_wconf 87' lang='lat' dir='ltr'><strong>fratres</strong></span> 
     </span>
    </p>
   </div>
   <div class='ocr_carea' id='block_1_87' title="bbox 351 5355 2052 5426">
    <p class='ocr_par' dir='ltr' id='par_1_87' title="bbox 351 5355 2052 5426">
     <span class='ocr_line' id='line_1_87' title="bbox 351 5355 2052 5426; baseline 0 -14"><span class='ocrx_word' id='word_1_627' title='bbox 351 5355 694 5424; x_wconf 84' lang='lat' dir='ltr'><strong>charissimi,</strong></span> <span class='ocrx_word' id='word_1_628' title='bbox 744 5357 906 5414; x_wconf 88' lang='lat' dir='ltr'><strong>vobis</strong></span> <span class='ocrx_word' id='word_1_629' title='bbox 949 5358 1362 5415; x_wconf 88' lang='lat' dir='ltr'><strong>elaborandum</strong></span> <span class='ocrx_word' id='word_1_630' title='bbox 1402 5366 1506 5426; x_wconf 90' lang='lat' dir='ltr'><strong>est,</strong></span> <span class='ocrx_word' id='word_1_631' title='bbox 1553 5365 1619 5414; x_wconf 92' lang='lat' dir='ltr'><strong>ut</strong></span> <span class='ocrx_word' id='word_1_632' title='bbox 1659 5357 1934 5413; x_wconf 89' lang='lat' dir='ltr'><strong>sanctitas</strong></span> <span class='ocrx_word' id='word_1_633' title='bbox 1976 5355 2052 5412; x_wconf 89' lang='lat' dir='ltr'><strong>ci-</strong></span> 
     </span>
    </p>
   </div>
   <div class='ocr_carea' id='block_1_88' title="bbox 350 5445 2048 5518">
    <p class='ocr_par' dir='ltr' id='par_1_88' title="bbox 350 5445 2048 5518">
     <span class='ocr_line' id='line_1_88' title="bbox 350 5445 2048 5518; baseline -0.001 -16"><span class='ocrx_word' id='word_1_634' title='bbox 350 5445 563 5514; x_wconf 89' lang='lat' dir='ltr'><strong>vitatis,</strong></span> <span class='ocrx_word' id='word_1_635' title='bbox 591 5461 658 5502; x_wconf 92' lang='lat' dir='ltr'><strong>ac</strong></span> <span class='ocrx_word' id='word_1_636' title='bbox 680 5447 930 5517; x_wconf 84' lang='lat' dir='ltr'><strong>sepulcri</strong></span> <span class='ocrx_word' id='word_1_637' title='bbox 957 5447 1160 5518; x_wconf 89' lang='lat' dir='ltr'><strong>gloria,</strong></span> <span class='ocrx_word' id='word_1_638' title='bbox 1191 5462 1322 5516; x_wconf 62' lang='lat' dir='ltr'><strong>qua</strong></span> <span class='ocrx_word' id='word_1_639' title='bbox 1365 5447 1666 5518; x_wconf 89' lang='lat' dir='ltr'><strong>gentilium</strong></span> <span class='ocrx_word' id='word_1_640' title='bbox 1715 5445 2048 5516; x_wconf 79' lang='lat' dir='ltr'><strong>frequenta-</strong></span> 
     </span>
    </p>
   </div>
   <div class='ocr_carea' id='block_1_89' title="bbox 351 5533 2048 5605">
    <p class='ocr_par' dir='ltr' id='par_1_89' title="bbox 351 5533 2048 5605">
     <span class='ocr_line' id='line_1_89' title="bbox 351 5533 2048 5605; baseline -0.001 -15"><span class='ocrx_word' id='word_1_641' title='bbox 351 5534 502 5590; x_wconf 89' lang='lat' dir='ltr'><strong>tione</strong></span> <span class='ocrx_word' id='word_1_642' title='bbox 556 5543 844 5604; x_wconf 91' lang='lat' dir='ltr'><strong>quantum</strong></span> <span class='ocrx_word' id='word_1_643' title='bbox 895 5535 954 5589; x_wconf 93' lang='lat' dir='ltr'><strong>in</strong></span> <span class='ocrx_word' id='word_1_644' title='bbox 1002 5535 1138 5605; x_wconf 90' lang='lat' dir='ltr'><strong>ipsis</strong></span> <span class='ocrx_word' id='word_1_645' title='bbox 1179 5543 1264 5590; x_wconf 91' lang='lat' dir='ltr'><strong>est</strong></span> <span class='ocrx_word' id='word_1_646' title='bbox 1295 5535 1496 5591; x_wconf 87' lang='lat' dir='ltr'><strong>crebro</strong></span> <span class='ocrx_word' id='word_1_647' title='bbox 1529 5533 1924 5605; x_wconf 88' lang='lat' dir='ltr'><strong>polluitur;si</strong></span> <span class='ocrx_word' id='word_1_648' title='bbox 1973 5533 2048 5589; x_wconf 90' lang='lat' dir='ltr'><strong>ad</strong></span> 
     </span>
    </p>
   </div>
   <div class='ocr_carea' id='block_1_90' title="bbox 349 5621 2048 5695">
    <p class='ocr_par' dir='ltr' id='par_1_90' title="bbox 349 5621 2048 5695">
     <span class='ocr_line' id='line_1_90' title="bbox 349 5621 2048 5695; baseline -0.001 -15"><span class='ocrx_word' id='word_1_649' title='bbox 349 5623 659 5681; x_wconf 87' lang='lat' dir='ltr'><strong>Auctorem</strong></span> <span class='ocrx_word' id='word_1_650' title='bbox 690 5623 846 5681; x_wconf 89' lang='lat' dir='ltr'><strong>illius</strong></span> <span class='ocrx_word' id='word_1_651' title='bbox 875 5623 1195 5680; x_wconf 89' lang='lat' dir='ltr'><strong>sanctitatis</strong></span> <span class='ocrx_word' id='word_1_652' title='bbox 1216 5631 1273 5680; x_wconf 91' lang='lat' dir='ltr'><strong>et</strong></span> <span class='ocrx_word' id='word_1_653' title='bbox 1309 5623 1505 5695; x_wconf 65' lang='lat' dir='ltr'><strong>gloria</strong></span> <span class='ocrx_word' id='word_1_654' title='bbox 1546 5622 1832 5694; x_wconf 87' lang='lat' dir='ltr'><strong>aspiratis,</strong></span> <span class='ocrx_word' id='word_1_655' title='bbox 1881 5621 1930 5676; x_wconf 88' lang='lat' dir='ltr'><strong>si</strong></span> <span class='ocrx_word' id='word_1_656' title='bbox 1977 5636 2048 5678; x_wconf 90' lang='lat' dir='ltr'><strong>ea</strong></span> 
     </span>
    </p>
   </div>
   <div class='ocr_carea' id='block_1_91' title="bbox 2157 3147 3868 3222">
    <p class='ocr_par' dir='ltr' id='par_1_91' title="bbox 2157 3147 3868 3222">
     <span class='ocr_line' id='line_1_91' title="bbox 2157 3147 3868 3222; baseline -0.001 -18"><span class='ocrx_word' id='word_1_657' title='bbox 2157 3149 2324 3204; x_wconf 81' lang='lat' dir='ltr'><strong>mina</strong></span> <span class='ocrx_word' id='word_1_658' title='bbox 2351 3153 2732 3218; x_wconf 83' lang='lat' dir='ltr'><strong>revertuntur,</strong></span> <span class='ocrx_word' id='word_1_659' title='bbox 2763 3153 2826 3204; x_wconf 85' lang='lat' dir='ltr'><strong>ut</strong></span> <span class='ocrx_word' id='word_1_660' title='bbox 2854 3149 3062 3206; x_wconf 83' lang='lat' dir='ltr'><strong>iterum</strong></span> <span class='ocrx_word' id='word_1_661' title='bbox 3069 3150 3296 3222; x_wconf 74' lang='lat' dir='ltr'><strong>ﬂuant,</strong></span> <span class='ocrx_word' id='word_1_662' title='bbox 3325 3150 3498 3218; x_wconf 82' lang='lat' dir='ltr'><strong>juxta</strong></span> <span class='ocrx_word' id='word_1_663' title='bbox 3519 3149 3738 3204; x_wconf 83' lang='lat' dir='ltr'><strong>dictum</strong></span> <span class='ocrx_word' id='word_1_664' title='bbox 3773 3147 3868 3203; x_wconf 87' lang='lat' dir='ltr'><strong>Sa.-</strong></span> 
     </span>
    </p>
   </div>
   <div class='ocr_carea' id='block_1_92' title="bbox 2160 3235 3865 3309">
    <p class='ocr_par' dir='ltr' id='par_1_92' title="bbox 2160 3235 3865 3309">
     <span class='ocr_line' id='line_1_92' title="bbox 2160 3235 3865 3309; baseline -0.002 -16"><span class='ocrx_word' id='word_1_665' title='bbox 2160 3237 2405 3300; x_wconf 86' lang='lat' dir='ltr'><strong>lomonis</strong></span> <span class='ocrx_word' id='word_1_666' title='bbox 2433 3239 2651 3306; x_wconf 83' lang='lat' dir='ltr'><strong>(Eccle.</strong></span> <span class='ocrx_word' id='word_1_667' title='bbox 2681 3253 2721 3304; x_wconf 88' lang='grc' dir='ltr'><strong>ι,</strong></span> <span class='ocrx_word' id='word_1_668' title='bbox 2757 3243 2834 3309; x_wconf 88' lang='lat'><strong>7),</strong></span> <span class='ocrx_word' id='word_1_669' title='bbox 2867 3239 3183 3309; x_wconf 90' lang='lat' dir='ltr'><strong>gloriosum</strong></span> <span class='ocrx_word' id='word_1_670' title='bbox 3226 3238 3394 3293; x_wconf 91' lang='lat' dir='ltr'><strong>vobis</strong></span> <span class='ocrx_word' id='word_1_671' title='bbox 3439 3237 3621 3292; x_wconf 88' lang='lat' dir='ltr'><strong>videri</strong></span> <span class='ocrx_word' id='word_1_672' title='bbox 3673 3235 3865 3300; x_wconf 87' lang='lat' dir='ltr'><strong>debet,</strong></span> 
     </span>
    </p>
   </div>
   <div class='ocr_carea' id='block_1_93' title="bbox 2158 3323 3870 3396">
    <p class='ocr_par' dir='ltr' id='par_1_93' title="bbox 2158 3323 3870 3396">
     <span class='ocr_line' id='line_1_93' title="bbox 2158 3323 3870 3396; baseline -0.002 -15"><span class='ocrx_word' id='word_1_673' title='bbox 2158 3325 2204 3381; x_wconf 91' lang='lat' dir='ltr'><strong>si</strong></span> <span class='ocrx_word' id='word_1_674' title='bbox 2235 3328 2283 3381; x_wconf 89' lang='lat' dir='ltr'><strong>ei</strong></span> <span class='ocrx_word' id='word_1_675' title='bbox 2309 3325 2430 3381; x_wconf 91' lang='lat' dir='ltr'><strong>loco</strong></span> <span class='ocrx_word' id='word_1_676' title='bbox 2457 3327 2797 3396; x_wconf 90' lang='lat' dir='ltr'><strong>repurgium</strong></span> <span class='ocrx_word' id='word_1_677' title='bbox 2828 3327 3054 3396; x_wconf 90' lang='lat' dir='ltr'><strong>possitis</strong></span> <span class='ocrx_word' id='word_1_678' title='bbox 3085 3325 3434 3396; x_wconf 90' lang='lat' dir='ltr'><strong>impendere,</strong></span> <span class='ocrx_word' id='word_1_679' title='bbox 3469 3324 3621 3380; x_wconf 91' lang='lat' dir='ltr'><strong>unde</strong></span> <span class='ocrx_word' id='word_1_680' title='bbox 3669 3323 3870 3394; x_wconf 81' lang='lat' dir='ltr'><strong>Bapti-</strong></span> 
     </span>
    </p>
   </div>
   <div class='ocr_carea' id='block_1_94' title="bbox 2159 3413 3868 3484">
    <p class='ocr_par' dir='ltr' id='par_1_94' title="bbox 2159 3413 3868 3484">
     <span class='ocr_line' id='line_1_94' title="bbox 2159 3413 3868 3484; baseline -0.003 -14"><span class='ocrx_word' id='word_1_681' title='bbox 2159 3414 2360 3470; x_wconf 91' lang='lat' dir='ltr'><strong>smatis</strong></span> <span class='ocrx_word' id='word_1_682' title='bbox 2396 3421 2867 3484; x_wconf 89' lang='lat' dir='ltr'><strong>purgamentum,</strong></span> <span class='ocrx_word' id='word_1_683' title='bbox 2893 3421 2948 3470; x_wconf 91' lang='lat' dir='ltr'><strong>et</strong></span> <span class='ocrx_word' id='word_1_684' title='bbox 2979 3413 3106 3470; x_wconf 83' lang='lat' dir='ltr'><strong>ﬁdei</strong></span> <span class='ocrx_word' id='word_1_685' title='bbox 3141 3415 3553 3470; x_wconf 89' lang='lat' dir='ltr'><strong>documentum</strong></span> <span class='ocrx_word' id='word_1_686' title='bbox 3583 3425 3686 3468; x_wconf 86' lang='lat' dir='ltr'><strong>vos</strong></span> <span class='ocrx_word' id='word_1_687' title='bbox 3728 3425 3868 3466; x_wconf 92' lang='lat' dir='ltr'><strong>con-</strong></span> 
     </span>
    </p>
   </div>
   <div class='ocr_carea' id='block_1_95' title="bbox 2157 3503 2622 3572">
    <p class='ocr_par' dir='ltr' id='par_1_95' title="bbox 2157 3503 2622 3572">
     <span class='ocr_line' id='line_1_95' title="bbox 2157 3503 2622 3572; baseline -0.004 -14"><span class='ocrx_word' id='word_1_688' title='bbox 2157 3503 2297 3558; x_wconf 88' lang='lat' dir='ltr'><strong>stitit</strong></span> <span class='ocrx_word' id='word_1_689' title='bbox 2320 3503 2622 3572; x_wconf 82' lang='lat' dir='ltr'><strong>accepisse.</strong></span> 
     </span>
    </p>
   </div>
   <div class='ocr_carea' id='block_1_96' title="bbox 2229 3588 3858 3660">
    <p class='ocr_par' dir='ltr' id='par_1_96' title="bbox 2229 3588 3858 3660">
     <span class='ocr_line' id='line_1_96' title="bbox 2229 3588 3858 3660; baseline 0.002 -20"><span class='ocrx_word' id='word_1_690' title='bbox 2229 3612 2251 3640; x_wconf 84' lang='grc'><strong>«</strong></span> <span class='ocrx_word' id='word_1_691' title='bbox 2289 3591 2359 3646; x_wconf 84' lang='grc' dir='ltr'><strong>Ει</strong></span> <span class='ocrx_word' id='word_1_692' title='bbox 2386 3598 2470 3646; x_wconf 92' lang='lat' dir='ltr'><strong>est</strong></span> <span class='ocrx_word' id='word_1_693' title='bbox 2497 3591 2655 3646; x_wconf 91' lang='lat' dir='ltr'><strong>vobis</strong></span> <span class='ocrx_word' id='word_1_694' title='bbox 2684 3597 2958 3660; x_wconf 66' lang='lat' dir='ltr'><strong>prmterea</strong></span> <span class='ocrx_word' id='word_1_695' title='bbox 2990 3604 3221 3646; x_wconf 91' lang='lat' dir='ltr'><strong>summa</strong></span> <span class='ocrx_word' id='word_1_696' title='bbox 3245 3588 3656 3646; x_wconf 89' lang='lat' dir='ltr'><strong>deliberatione</strong></span> <span class='ocrx_word' id='word_1_697' title='bbox 3708 3603 3858 3659; x_wconf 89' lang='lat' dir='ltr'><strong>pen-</strong></span> 
     </span>
    </p>
   </div>
   <div class='ocr_carea' id='block_1_97' title="bbox 2157 3677 3860 3748">
    <p class='ocr_par' dir='ltr' id='par_1_97' title="bbox 2157 3677 3860 3748">
     <span class='ocr_line' id='line_1_97' title="bbox 2157 3677 3860 3748; baseline -0.001 -14"><span class='ocrx_word' id='word_1_698' title='bbox 2157 3679 2427 3745; x_wconf 89' lang='lat' dir='ltr'><strong>sandum,</strong></span> <span class='ocrx_word' id='word_1_699' title='bbox 2482 3679 2527 3734; x_wconf 93' lang='lat' dir='ltr'><strong>si</strong></span> <span class='ocrx_word' id='word_1_700' title='bbox 2587 3679 2767 3748; x_wconf 89' lang='lat' dir='ltr'><strong>ipsam</strong></span> <span class='ocrx_word' id='word_1_701' title='bbox 2815 3687 3060 3734; x_wconf 89' lang='lat' dir='ltr'><strong>matrem</strong></span> <span class='ocrx_word' id='word_1_702' title='bbox 3107 3678 3478 3734; x_wconf 90' lang='lat' dir='ltr'><strong>ecclesiarum</strong></span> <span class='ocrx_word' id='word_1_703' title='bbox 3522 3677 3860 3744; x_wconf 89' lang='lat' dir='ltr'><strong>Ecclesiam,</strong></span> 
     </span>
    </p>
   </div>
   <div class='ocr_carea' id='block_1_98' title="bbox 2157 3763 3861 3835">
    <p class='ocr_par' dir='ltr' id='par_1_98' title="bbox 2157 3763 3861 3835">
     <span class='ocr_line' id='line_1_98' title="bbox 2157 3763 3861 3835; baseline -0.002 -12"><span class='ocrx_word' id='word_1_704' title='bbox 2157 3767 2322 3824; x_wconf 91' lang='lat' dir='ltr'><strong>vobis</strong></span> <span class='ocrx_word' id='word_1_705' title='bbox 2373 3767 2826 3835; x_wconf 88' lang='lat' dir='ltr'><strong>elaborantibus,</strong></span> <span class='ocrx_word' id='word_1_706' title='bbox 2875 3767 2948 3822; x_wconf 89' lang='lat' dir='ltr'><strong>ad</strong></span> <span class='ocrx_word' id='word_1_707' title='bbox 2990 3766 3440 3824; x_wconf 85' lang='lat' dir='ltr'><strong>Christianitatis</strong></span> <span class='ocrx_word' id='word_1_708' title='bbox 3498 3763 3720 3822; x_wconf 90' lang='lat' dir='ltr'><strong>cultum</strong></span> <span class='ocrx_word' id='word_1_709' title='bbox 3774 3779 3861 3820; x_wconf 78' lang='lat' dir='ltr'><strong>re—</strong></span> 
     </span>
    </p>
   </div>
   <div class='ocr_carea' id='block_1_99' title="bbox 2159 3854 3862 3927">
    <p class='ocr_par' dir='ltr' id='par_1_99' title="bbox 2159 3854 3862 3927">
     <span class='ocr_line' id='line_1_99' title="bbox 2159 3854 3862 3927; baseline -0.001 -16"><span class='ocrx_word' id='word_1_710' title='bbox 2159 3855 2383 3920; x_wconf 85' lang='lat' dir='ltr'><strong>ﬂorere,</strong></span> <span class='ocrx_word' id='word_1_711' title='bbox 2416 3857 2530 3911; x_wconf 90' lang='lat' dir='ltr'><strong>Deo</strong></span> <span class='ocrx_word' id='word_1_712' title='bbox 2563 3870 2662 3925; x_wconf 91' lang='lat' dir='ltr'><strong>per</strong></span> <span class='ocrx_word' id='word_1_713' title='bbox 2692 3871 2794 3912; x_wconf 91' lang='lat' dir='ltr'><strong>vos</strong></span> <span class='ocrx_word' id='word_1_714' title='bbox 2823 3863 3048 3926; x_wconf 87' lang='lat' dir='ltr'><strong>agente,</strong></span> <span class='ocrx_word' id='word_1_715' title='bbox 3077 3857 3399 3927; x_wconf 89' lang='lat' dir='ltr'><strong>contigerit,</strong></span> <span class='ocrx_word' id='word_1_716' title='bbox 3433 3869 3505 3910; x_wconf 89' lang='lat' dir='ltr'><strong>ne</strong></span> <span class='ocrx_word' id='word_1_717' title='bbox 3538 3854 3680 3910; x_wconf 88' lang='lat' dir='ltr'><strong>forte</strong></span> <span class='ocrx_word' id='word_1_718' title='bbox 3722 3869 3862 3910; x_wconf 87' lang='lat' dir='ltr'><strong>con-</strong></span> 
     </span>
    </p>
   </div>
   <div class='ocr_carea' id='block_1_100' title="bbox 2160 3942 3866 4014">
    <p class='ocr_par' dir='ltr' id='par_1_100' title="bbox 2160 3942 3866 4014">
     <span class='ocr_line' id='line_1_100' title="bbox 2160 3942 3866 4014; baseline -0.002 -13"><span class='ocrx_word' id='word_1_719' title='bbox 2160 3951 2249 4001; x_wconf 92' lang='lat' dir='ltr'><strong>tra</strong></span> <span class='ocrx_word' id='word_1_720' title='bbox 2279 3945 2606 4014; x_wconf 90' lang='lat' dir='ltr'><strong>propinqua</strong></span> <span class='ocrx_word' id='word_1_721' title='bbox 2649 3943 2986 4000; x_wconf 82' lang='lat' dir='ltr'><strong>Antichristi</strong></span> <span class='ocrx_word' id='word_1_722' title='bbox 3035 3952 3290 4014; x_wconf 88' lang='lat' dir='ltr'><strong>tempora</strong></span> <span class='ocrx_word' id='word_1_723' title='bbox 3337 3942 3410 3999; x_wconf 89' lang='lat' dir='ltr'><strong>ad</strong></span> <span class='ocrx_word' id='word_1_724' title='bbox 3453 3943 3622 3998; x_wconf 85' lang='lat' dir='ltr'><strong>iidem</strong></span> <span class='ocrx_word' id='word_1_725' title='bbox 3667 3950 3866 4012; x_wconf 86' lang='lat' dir='ltr'><strong>partes</strong></span> 
     </span>
    </p>
   </div>
   <div class='ocr_carea' id='block_1_101' title="bbox 2157 4031 3867 4103">
    <p class='ocr_par' dir='ltr' id='par_1_101' title="bbox 2157 4031 3867 4103">
     <span class='ocr_line' id='line_1_101' title="bbox 2157 4031 3867 4103; baseline -0.002 -13"><span class='ocrx_word' id='word_1_726' title='bbox 2157 4032 2403 4090; x_wconf 92' lang='lat' dir='ltr'><strong>Orientis</strong></span> <span class='ocrx_word' id='word_1_727' title='bbox 2449 4033 2676 4103; x_wconf 86' lang='lat' dir='ltr'><strong>aliquas</strong></span> <span class='ocrx_word' id='word_1_728' title='bbox 2731 4033 2954 4089; x_wconf 89' lang='lat' dir='ltr'><strong>restitui</strong></span> <span class='ocrx_word' id='word_1_729' title='bbox 3009 4032 3164 4088; x_wconf 89' lang='lat' dir='ltr'><strong>velit.</strong></span> <span class='ocrx_word' id='word_1_730' title='bbox 3197 4031 3564 4102; x_wconf 90' lang='lat' dir='ltr'><strong>Perspicuum</strong></span> <span class='ocrx_word' id='word_1_731' title='bbox 3604 4043 3867 4100; x_wconf 89' lang='lat' dir='ltr'><strong>namque</strong></span> 
     </span>
    </p>
   </div>
   <div class='ocr_carea' id='block_1_102' title="bbox 2156 4117 3868 4188">
    <p class='ocr_par' dir='ltr' id='par_1_102' title="bbox 2156 4117 3868 4188">
     <span class='ocr_line' id='line_1_102' title="bbox 2156 4117 3868 4188; baseline -0.002 -11"><span class='ocrx_word' id='word_1_732' title='bbox 2156 4129 2242 4177; x_wconf 89' lang='lat' dir='ltr'><strong>est</strong></span> <span class='ocrx_word' id='word_1_733' title='bbox 2298 4117 2719 4187; x_wconf 75' lang='lat' dir='ltr'><strong>Antichristhm</strong></span> <span class='ocrx_word' id='word_1_734' title='bbox 2771 4135 2884 4176; x_wconf 91' lang='lat' dir='ltr'><strong>non</strong></span> <span class='ocrx_word' id='word_1_735' title='bbox 2937 4129 3137 4178; x_wconf 89' lang='lat' dir='ltr'><strong>contra</strong></span> <span class='ocrx_word' id='word_1_736' title='bbox 3181 4121 3426 4188; x_wconf 65' lang='lat' dir='ltr'><strong>Judaaos,</strong></span> <span class='ocrx_word' id='word_1_737' title='bbox 3484 4133 3598 4174; x_wconf 91' lang='lat' dir='ltr'><strong>non</strong></span> <span class='ocrx_word' id='word_1_738' title='bbox 3658 4127 3868 4174; x_wconf 88' lang='lat' dir='ltr'><strong>contra</strong></span> 
     </span>
    </p>
   </div>
   <div class='ocr_carea' id='block_1_103' title="bbox 2158 4207 3862 4281">
    <p class='ocr_par' dir='ltr' id='par_1_103' title="bbox 2158 4207 3862 4281">
     <span class='ocr_line' id='line_1_103' title="bbox 2158 4207 3862 4281; baseline -0.002 -16"><span class='ocrx_word' id='word_1_739' title='bbox 2158 4208 2398 4281; x_wconf 88' lang='lat' dir='ltr'><strong>gentiles</strong></span> <span class='ocrx_word' id='word_1_740' title='bbox 2429 4209 2576 4265; x_wconf 89' lang='lat' dir='ltr'><strong>bella</strong></span> <span class='ocrx_word' id='word_1_741' title='bbox 2611 4209 2919 4275; x_wconf 89' lang='lat' dir='ltr'><strong>facturum,</strong></span> <span class='ocrx_word' id='word_1_742' title='bbox 2951 4209 3073 4276; x_wconf 88' lang='lat' dir='ltr'><strong>sed,</strong></span> <span class='ocrx_word' id='word_1_743' title='bbox 3109 4211 3284 4281; x_wconf 86' lang='lat' dir='ltr'><strong>juxta</strong></span> <span class='ocrx_word' id='word_1_744' title='bbox 3329 4207 3736 4278; x_wconf 87' lang='lat' dir='ltr'><strong>etymologiam</strong></span> <span class='ocrx_word' id='word_1_745' title='bbox 3765 4208 3862 4262; x_wconf 90' lang='lat' dir='ltr'><strong>sui</strong></span> 
     </span>
    </p>
   </div>
   <div class='ocr_carea' id='block_1_104' title="bbox 2159 4295 3866 4367">
    <p class='ocr_par' dir='ltr' id='par_1_104' title="bbox 2159 4295 3866 4367">
     <span class='ocr_line' id='line_1_104' title="bbox 2159 4295 3866 4367; baseline -0.002 -13"><span class='ocrx_word' id='word_1_746' title='bbox 2159 4297 2428 4365; x_wconf 88' lang='lat' dir='ltr'><strong>nominis,</strong></span> <span class='ocrx_word' id='word_1_747' title='bbox 2460 4297 2816 4354; x_wconf 90' lang='lat' dir='ltr'><strong>Christianos</strong></span> <span class='ocrx_word' id='word_1_748' title='bbox 2840 4311 3241 4367; x_wconf 91' lang='lat' dir='ltr'><strong>pervasurum.</strong></span> <span class='ocrx_word' id='word_1_749' title='bbox 3271 4298 3360 4363; x_wconf 89' lang='lat' dir='ltr'><strong>Et,</strong></span> <span class='ocrx_word' id='word_1_750' title='bbox 3397 4298 3441 4351; x_wconf 89' lang='lat' dir='ltr'><strong>si</strong></span> <span class='ocrx_word' id='word_1_751' title='bbox 3467 4295 3866 4353; x_wconf 82' lang='lat' dir='ltr'><strong>Antichristus</strong></span> 
     </span>
    </p>
   </div>
   <div class='ocr_carea' id='block_1_105' title="bbox 2161 4383 3864 4455">
    <p class='ocr_par' dir='ltr' id='par_1_105' title="bbox 2161 4383 3864 4455">
     <span class='ocr_line' id='line_1_105' title="bbox 2161 4383 3864 4455; baseline -0.001 -13"><span class='ocrx_word' id='word_1_752' title='bbox 2161 4385 2368 4442; x_wconf 87' lang='lat' dir='ltr'><strong>ibidem</strong></span> <span class='ocrx_word' id='word_1_753' title='bbox 2401 4385 2794 4442; x_wconf 88' lang='lat' dir='ltr'><strong>Christianum</strong></span> <span class='ocrx_word' id='word_1_754' title='bbox 2825 4387 3110 4442; x_wconf 87' lang='lat' dir='ltr'><strong>neminem</strong></span> <span class='ocrx_word' id='word_1_755' title='bbox 3133 4385 3300 4442; x_wconf 87' lang='lat' dir='ltr'><strong>sicuti</strong></span> <span class='ocrx_word' id='word_1_756' title='bbox 3326 4385 3492 4441; x_wconf 89' lang='lat' dir='ltr'><strong>hodie</strong></span> <span class='ocrx_word' id='word_1_757' title='bbox 3521 4384 3620 4440; x_wconf 88' lang='lat' dir='ltr'><strong>vix</strong></span> <span class='ocrx_word' id='word_1_758' title='bbox 3641 4383 3864 4455; x_wconf 86' lang='lat' dir='ltr'><strong>aliquis</strong></span> 
     </span>
    </p>
   </div>
   <div class='ocr_carea' id='block_1_106' title="bbox 2158 4473 3858 4544">
    <p class='ocr_par' dir='ltr' id='par_1_106' title="bbox 2158 4473 3858 4544">
     <span class='ocr_line' id='line_1_106' title="bbox 2158 4473 3858 4544; baseline -0.001 -13"><span class='ocrx_word' id='word_1_759' title='bbox 2158 4474 2426 4542; x_wconf 86' lang='lat' dir='ltr'><strong>habetur,</strong></span> <span class='ocrx_word' id='word_1_760' title='bbox 2458 4473 2736 4542; x_wconf 86' lang='lat' dir='ltr'><strong>inveniat,</strong></span> <span class='ocrx_word' id='word_1_761' title='bbox 2769 4489 2886 4530; x_wconf 91' lang='lat' dir='ltr'><strong>non</strong></span> <span class='ocrx_word' id='word_1_762' title='bbox 2911 4474 3022 4530; x_wconf 90' lang='lat' dir='ltr'><strong>erit</strong></span> <span class='ocrx_word' id='word_1_763' title='bbox 3061 4475 3162 4544; x_wconf 91' lang='lat' dir='ltr'><strong>qui</strong></span> <span class='ocrx_word' id='word_1_764' title='bbox 3201 4473 3312 4530; x_wconf 90' lang='lat' dir='ltr'><strong>sibi</strong></span> <span class='ocrx_word' id='word_1_765' title='bbox 3353 4473 3700 4544; x_wconf 87' lang='lat' dir='ltr'><strong>refragetur,</strong></span> <span class='ocrx_word' id='word_1_766' title='bbox 3749 4481 3858 4530; x_wconf 91' lang='lat' dir='ltr'><strong>aut</strong></span> 
     </span>
    </p>
   </div>
   <div class='ocr_carea' id='block_1_107' title="bbox 2159 4561 3856 4634">
    <p class='ocr_par' dir='ltr' id='par_1_107' title="bbox 2159 4561 3856 4634">
     <span class='ocr_line' id='line_1_107' title="bbox 2159 4561 3856 4634; baseline -0.002 -14"><span class='ocrx_word' id='word_1_767' title='bbox 2159 4577 2335 4634; x_wconf 91' lang='lat' dir='ltr'><strong>quem</strong></span> <span class='ocrx_word' id='word_1_768' title='bbox 2358 4563 2492 4634; x_wconf 90' lang='lat' dir='ltr'><strong>jure</strong></span> <span class='ocrx_word' id='word_1_769' title='bbox 2525 4563 2812 4633; x_wconf 88' lang='lat' dir='ltr'><strong>pervadat.</strong></span> <span class='ocrx_word' id='word_1_770' title='bbox 2841 4564 3018 4619; x_wconf 90' lang='lat' dir='ltr'><strong>Juxta</strong></span> <span class='ocrx_word' id='word_1_771' title='bbox 3049 4563 3204 4618; x_wconf 90' lang='lat' dir='ltr'><strong>enim</strong></span> <span class='ocrx_word' id='word_1_772' title='bbox 3254 4563 3566 4629; x_wconf 88' lang='lat' dir='ltr'><strong>Danielem,</strong></span> <span class='ocrx_word' id='word_1_773' title='bbox 3613 4569 3670 4618; x_wconf 86' lang='lat' dir='ltr'><strong>et</strong></span> <span class='ocrx_word' id='word_1_774' title='bbox 3715 4561 3856 4617; x_wconf 85' lang='lat' dir='ltr'><strong>Hie-</strong></span> 
     </span>
    </p>
   </div>
   <div class='ocr_carea' id='block_1_108' title="bbox 2158 4649 3854 4722">
    <p class='ocr_par' dir='ltr' id='par_1_108' title="bbox 2158 4649 3854 4722">
     <span class='ocr_line' id='line_1_108' title="bbox 2158 4649 3854 4722; baseline -0.002 -14"><span class='ocrx_word' id='word_1_775' title='bbox 2158 4665 2468 4721; x_wconf 90' lang='lat' dir='ltr'><strong>ronymum</strong></span> <span class='ocrx_word' id='word_1_776' title='bbox 2513 4652 2764 4708; x_wconf 86' lang='lat' dir='ltr'><strong>Danielis</strong></span> <span class='ocrx_word' id='word_1_777' title='bbox 2801 4651 3188 4722; x_wconf 88' lang='lat' dir='ltr'><strong>interpretem,</strong></span> <span class='ocrx_word' id='word_1_778' title='bbox 3239 4651 3472 4708; x_wconf 78' lang='lat' dir='ltr'><strong>ﬁxurus</strong></span> <span class='ocrx_word' id='word_1_779' title='bbox 3515 4657 3597 4706; x_wconf 89' lang='lat' dir='ltr'><strong>est</strong></span> <span class='ocrx_word' id='word_1_780' title='bbox 3645 4649 3701 4705; x_wconf 92' lang='lat' dir='ltr'><strong>in</strong></span> <span class='ocrx_word' id='word_1_781' title='bbox 3735 4650 3854 4707; x_wconf 92' lang='lat' dir='ltr'><strong>Oli-</strong></span> 
     </span>
    </p>
   </div>
   <div class='ocr_carea' id='block_1_109' title="bbox 2157 4738 3850 4816">
    <p class='ocr_par' dir='ltr' id='par_1_109' title="bbox 2157 4738 3850 4816">
     <span class='ocr_line' id='line_1_109' title="bbox 2157 4738 3850 4816; baseline -0.002 -18"><span class='ocrx_word' id='word_1_782' title='bbox 2157 4740 2273 4798; x_wconf 88' lang='lat' dir='ltr'><strong>veti</strong></span> <span class='ocrx_word' id='word_1_783' title='bbox 2309 4749 2501 4797; x_wconf 88' lang='lat' dir='ltr'><strong>monte</strong></span> <span class='ocrx_word' id='word_1_784' title='bbox 2531 4741 2791 4807; x_wconf 88' lang='lat' dir='ltr'><strong>tentoria,</strong></span> <span class='ocrx_word' id='word_1_785' title='bbox 2819 4747 2875 4796; x_wconf 89' lang='lat' dir='ltr'><strong>et</strong></span> <span class='ocrx_word' id='word_1_786' title='bbox 2912 4740 3296 4812; x_wconf 88' lang='lat' dir='ltr'><strong>Jerosolymis,</strong></span> <span class='ocrx_word' id='word_1_787' title='bbox 3349 4742 3422 4794; x_wconf 91' lang='lat' dir='ltr'><strong>In</strong></span> <span class='ocrx_word' id='word_1_788' title='bbox 3459 4738 3569 4794; x_wconf 87' lang='lat' dir='ltr'><strong>Dei</strong></span> <span class='ocrx_word' id='word_1_789' title='bbox 3615 4740 3850 4816; x_wconf 75' lang='lat' dir='ltr'><strong>tempto,</strong></span> 
     </span>
    </p>
   </div>
   <div class='ocr_carea' id='block_1_110' title="bbox 2158 4828 3851 4902">
    <p class='ocr_par' dir='ltr' id='par_1_110' title="bbox 2158 4828 3851 4902">
     <span class='ocr_line' id='line_1_110' title="bbox 2158 4828 3851 4902; baseline 0 -18"><span class='ocrx_word' id='word_1_790' title='bbox 2158 4833 2439 4902; x_wconf 86' lang='lat' dir='ltr'><strong>tanquam</strong></span> <span class='ocrx_word' id='word_1_791' title='bbox 2494 4833 2572 4884; x_wconf 68' lang='lat' dir='ltr'><strong>sit</strong></span> <span class='ocrx_word' id='word_1_792' title='bbox 2623 4831 2798 4896; x_wconf 74' lang='lat' dir='ltr'><strong>Dem,</strong></span> <span class='ocrx_word' id='word_1_793' title='bbox 2859 4838 3081 4886; x_wconf 88' lang='lat' dir='ltr'><strong>certum</strong></span> <span class='ocrx_word' id='word_1_794' title='bbox 3131 4837 3234 4892; x_wconf 85' lang='lat' dir='ltr'><strong>est,</strong></span> <span class='ocrx_word' id='word_1_795' title='bbox 3294 4828 3561 4900; x_wconf 84' lang='lat' dir='ltr'><strong>Apostolo</strong></span> <span class='ocrx_word' id='word_1_796' title='bbox 3607 4828 3851 4895; x_wconf 82' lang='lat' dir='ltr'><strong>dicente,</strong></span> 
     </span>
    </p>
   </div>
   <div class='ocr_carea' id='block_1_111' title="bbox 2159 4917 3856 4991">
    <p class='ocr_par' dir='ltr' id='par_1_111' title="bbox 2159 4917 3856 4991">
     <span class='ocr_line' id='line_1_111' title="bbox 2159 4917 3856 4991; baseline -0.001 -17"><span class='ocrx_word' id='word_1_797' title='bbox 2159 4919 2316 4991; x_wconf 89' lang='lat' dir='ltr'><strong>quod</strong></span> <span class='ocrx_word' id='word_1_798' title='bbox 2341 4919 2534 4974; x_wconf 84' lang='lat' dir='ltr'><strong>sedeat</strong></span> <span class='ocrx_word' id='word_1_799' title='bbox 2561 4920 2658 4984; x_wconf 91' lang='lat' dir='ltr'><strong>(II</strong></span> <span class='ocrx_word' id='word_1_800' title='bbox 2689 4919 2851 4972; x_wconf 71' lang='lat' dir='ltr'><strong>Thes.</strong></span> <span class='ocrx_word' id='word_1_801' title='bbox 2887 4932 2946 4985; x_wconf 85' lang='lat' dir='ltr'><strong>ll,</strong></span> <span class='ocrx_word' id='word_1_802' title='bbox 2993 4919 3069 4986; x_wconf 77' lang='grc'><strong>4),</strong></span> <span class='ocrx_word' id='word_1_803' title='bbox 3113 4925 3168 4974; x_wconf 87' lang='lat' dir='ltr'><strong>et</strong></span> <span class='ocrx_word' id='word_1_804' title='bbox 3197 4919 3369 4988; x_wconf 89' lang='lat' dir='ltr'><strong>juxta</strong></span> <span class='ocrx_word' id='word_1_805' title='bbox 3411 4917 3674 4974; x_wconf 89' lang='lat' dir='ltr'><strong>eumdem</strong></span> <span class='ocrx_word' id='word_1_806' title='bbox 3718 4929 3856 4984; x_wconf 91' lang='lat' dir='ltr'><strong>pro-</strong></span> 
     </span>
    </p>
   </div>
   <div class='ocr_carea' id='block_1_112' title="bbox 2157 5002 3852 5077">
    <p class='ocr_par' dir='ltr' id='par_1_112' title="bbox 2157 5002 3852 5077">
     <span class='ocr_line' id='line_1_112' title="bbox 2157 5002 3852 5077; baseline -0.002 -17"><span class='ocrx_word' id='word_1_807' title='bbox 2157 5006 2414 5077; x_wconf 89' lang='lat' dir='ltr'><strong>phetam,</strong></span> <span class='ocrx_word' id='word_1_808' title='bbox 2451 5014 2566 5062; x_wconf 90' lang='lat' dir='ltr'><strong>tres</strong></span> <span class='ocrx_word' id='word_1_809' title='bbox 2593 5021 2758 5077; x_wconf 89' lang='lat' dir='ltr'><strong>reges</strong></span> <span class='ocrx_word' id='word_1_810' title='bbox 2787 5009 2959 5077; x_wconf 85' lang='lat' dir='ltr'><strong>(Dan.</strong></span> <span class='ocrx_word' id='word_1_811' title='bbox 2991 5021 3087 5067; x_wconf 86' lang='lat' dir='ltr'><strong>vn.</strong></span> <span class='ocrx_word' id='word_1_812' title='bbox 3131 5007 3244 5075; x_wconf 78' lang='grc'><strong>24),</strong></span> <span class='ocrx_word' id='word_1_813' title='bbox 3291 5004 3520 5076; x_wconf 67' lang='grc' dir='ltr'><strong>ιλΕεγριὶ</strong></span> <span class='ocrx_word' id='word_1_814' title='bbox 3571 5002 3852 5069; x_wconf 88' lang='lat' dir='ltr'><strong>videlicet,</strong></span> 
     </span>
    </p>
   </div>
   <div class='ocr_carea' id='block_1_113' title="bbox 2157 5089 3858 5164">
    <p class='ocr_par' dir='ltr' id='par_1_113' title="bbox 2157 5089 3858 5164">
     <span class='ocr_line' id='line_1_113' title="bbox 2157 5089 3858 5164; baseline -0.002 -14"><span class='ocrx_word' id='word_1_815' title='bbox 2157 5095 2364 5151; x_wconf 73' lang='lat' dir='ltr'><strong>Africae</strong></span> <span class='ocrx_word' id='word_1_816' title='bbox 2395 5109 2460 5152; x_wconf 92' lang='lat' dir='ltr'><strong>ac</strong></span> <span class='ocrx_word' id='word_1_817' title='bbox 2483 5095 2812 5164; x_wconf 69' lang='lat' dir='ltr'><strong>Ethiopian,</strong></span> <span class='ocrx_word' id='word_1_818' title='bbox 2866 5095 3024 5151; x_wconf 91' lang='lat' dir='ltr'><strong>baud</strong></span> <span class='ocrx_word' id='word_1_819' title='bbox 3071 5095 3312 5150; x_wconf 89' lang='lat' dir='ltr'><strong>dubium</strong></span> <span class='ocrx_word' id='word_1_820' title='bbox 3359 5093 3504 5164; x_wconf 91' lang='lat' dir='ltr'><strong>quin</strong></span> <span class='ocrx_word' id='word_1_821' title='bbox 3551 5105 3650 5162; x_wconf 90' lang='lat' dir='ltr'><strong>pro</strong></span> <span class='ocrx_word' id='word_1_822' title='bbox 3692 5089 3858 5148; x_wconf 83' lang='lat' dir='ltr'><strong>Chri-</strong></span> 
     </span>
    </p>
   </div>
   <div class='ocr_carea' id='block_1_114' title="bbox 2155 5179 3856 5253">
    <p class='ocr_par' dir='ltr' id='par_1_114' title="bbox 2155 5179 3856 5253">
     <span class='ocr_line' id='line_1_114' title="bbox 2155 5179 3856 5253; baseline -0.002 -13"><span class='ocrx_word' id='word_1_823' title='bbox 2155 5185 2344 5240; x_wconf 89' lang='lat' dir='ltr'><strong>stiana</strong></span> <span class='ocrx_word' id='word_1_824' title='bbox 2374 5183 2482 5238; x_wconf 84' lang='lat' dir='ltr'><strong>ﬁde</strong></span> <span class='ocrx_word' id='word_1_825' title='bbox 2507 5183 2724 5253; x_wconf 89' lang='lat' dir='ltr'><strong>primos</strong></span> <span class='ocrx_word' id='word_1_826' title='bbox 2764 5183 3094 5240; x_wconf 77' lang='lat' dir='ltr'><strong>interficiat.</strong></span> <span class='ocrx_word' id='word_1_827' title='bbox 3125 5182 3288 5250; x_wconf 84' lang='lat' dir='ltr'><strong>Quod</strong></span> <span class='ocrx_word' id='word_1_828' title='bbox 3332 5181 3566 5252; x_wconf 91' lang='lat' dir='ltr'><strong>quidem</strong></span> <span class='ocrx_word' id='word_1_829' title='bbox 3617 5179 3856 5236; x_wconf 85' lang='lat' dir='ltr'><strong>nullate-</strong></span> 
     </span>
    </p>
   </div>
   <div class='ocr_carea' id='block_1_115' title="bbox 2155 5269 3851 5340">
    <p class='ocr_par' dir='ltr' id='par_1_115' title="bbox 2155 5269 3851 5340">
     <span class='ocr_line' id='line_1_115' title="bbox 2155 5269 3851 5340; baseline -0.002 -12"><span class='ocrx_word' id='word_1_830' title='bbox 2155 5285 2270 5328; x_wconf 90' lang='lat' dir='ltr'><strong>nus</strong></span> <span class='ocrx_word' id='word_1_831' title='bbox 2323 5271 2444 5327; x_wconf 84' lang='lat' dir='ltr'><strong>tieri</strong></span> <span class='ocrx_word' id='word_1_832' title='bbox 2498 5270 2721 5340; x_wconf 86' lang='lat' dir='ltr'><strong>poterit,</strong></span> <span class='ocrx_word' id='word_1_833' title='bbox 2774 5271 2906 5338; x_wconf 90' lang='lat' dir='ltr'><strong>nisi,</strong></span> <span class='ocrx_word' id='word_1_834' title='bbox 2959 5271 3057 5328; x_wconf 90' lang='lat' dir='ltr'><strong>ubi</strong></span> <span class='ocrx_word' id='word_1_835' title='bbox 3115 5285 3273 5328; x_wconf 89' lang='lat' dir='ltr'><strong>nunc</strong></span> <span class='ocrx_word' id='word_1_836' title='bbox 3321 5269 3695 5340; x_wconf 88' lang='lat' dir='ltr'><strong>paganismus</strong></span> <span class='ocrx_word' id='word_1_837' title='bbox 3743 5277 3851 5334; x_wconf 90' lang='lat' dir='ltr'><strong>est,</strong></span> 
     </span>
    </p>
   </div>
   <div class='ocr_carea' id='block_1_116' title="bbox 2154 5359 3855 5431">
    <p class='ocr_par' dir='ltr' id='par_1_116' title="bbox 2154 5359 3855 5431">
     <span class='ocr_line' id='line_1_116' title="bbox 2154 5359 3855 5431; baseline -0.004 -11"><span class='ocrx_word' id='word_1_838' title='bbox 2154 5360 2556 5420; x_wconf 86' lang='lat' dir='ltr'><strong>Christianitas</strong></span> <span class='ocrx_word' id='word_1_839' title='bbox 2583 5359 2699 5416; x_wconf 83' lang='lat' dir='ltr'><strong>iiat.</strong></span> <span class='ocrx_word' id='word_1_840' title='bbox 2735 5359 2790 5416; x_wconf 90' lang='lat' dir='ltr'><strong>Si</strong></span> <span class='ocrx_word' id='word_1_841' title='bbox 2821 5374 2958 5431; x_wconf 90' lang='lat' dir='ltr'><strong>ergo</strong></span> <span class='ocrx_word' id='word_1_842' title='bbox 2993 5361 3218 5430; x_wconf 90' lang='lat' dir='ltr'><strong>piorum</strong></span> <span class='ocrx_word' id='word_1_843' title='bbox 3272 5359 3600 5429; x_wconf 69' lang='lat' dir='ltr'><strong>praeliorum</strong></span> <span class='ocrx_word' id='word_1_844' title='bbox 3641 5359 3855 5414; x_wconf 82' lang='lat' dir='ltr'><strong>exerci-</strong></span> 
     </span>
    </p>
   </div>
   <div class='ocr_carea' id='block_1_117' title="bbox 2151 5445 3853 5516">
    <p class='ocr_par' dir='ltr' id='par_1_117' title="bbox 2151 5445 3853 5516">
     <span class='ocr_line' id='line_1_117' title="bbox 2151 5445 3853 5516; baseline -0.001 -12"><span class='ocrx_word' id='word_1_845' title='bbox 2151 5449 2230 5504; x_wconf 92' lang='lat' dir='ltr'><strong>tio</strong></span> <span class='ocrx_word' id='word_1_846' title='bbox 2281 5448 2578 5512; x_wconf 89' lang='lat' dir='ltr'><strong>studeatis,</strong></span> <span class='ocrx_word' id='word_1_847' title='bbox 2631 5455 2696 5503; x_wconf 91' lang='lat' dir='ltr'><strong>ut</strong></span> <span class='ocrx_word' id='word_1_848' title='bbox 2753 5448 2902 5503; x_wconf 90' lang='lat' dir='ltr'><strong>sicut</strong></span> <span class='ocrx_word' id='word_1_849' title='bbox 2951 5447 3024 5503; x_wconf 89' lang='lat' dir='ltr'><strong>ab</strong></span> <span class='ocrx_word' id='word_1_850' title='bbox 3067 5447 3431 5516; x_wconf 88' lang='lat' dir='ltr'><strong>Jerosolymis</strong></span> <span class='ocrx_word' id='word_1_851' title='bbox 3481 5445 3577 5500; x_wconf 89' lang='lat' dir='ltr'><strong>Dei</strong></span> <span class='ocrx_word' id='word_1_852' title='bbox 3637 5446 3853 5502; x_wconf 76' lang='lat' dir='ltr'><strong>notitiae</strong></span> 
     </span>
    </p>
   </div>
   <div class='ocr_carea' id='block_1_118' title="bbox 2151 5533 3852 5605">
    <p class='ocr_par' dir='ltr' id='par_1_118' title="bbox 2151 5533 3852 5605">
     <span class='ocr_line' id='line_1_118' title="bbox 2151 5533 3852 5605; baseline -0.002 -11"><span class='ocrx_word' id='word_1_853' title='bbox 2151 5537 2529 5594; x_wconf 87' lang='lat' dir='ltr'><strong>seminarium</strong></span> <span class='ocrx_word' id='word_1_854' title='bbox 2559 5535 2876 5605; x_wconf 87' lang='lat' dir='ltr'><strong>accepistis,</strong></span> <span class='ocrx_word' id='word_1_855' title='bbox 2923 5537 3003 5592; x_wconf 89' lang='lat' dir='ltr'><strong>ita</strong></span> <span class='ocrx_word' id='word_1_856' title='bbox 3034 5535 3149 5591; x_wconf 90' lang='lat' dir='ltr'><strong>illic</strong></span> <span class='ocrx_word' id='word_1_857' title='bbox 3203 5541 3482 5592; x_wconf 61' lang='lat' dir='ltr'><strong>mutuatae</strong></span> <span class='ocrx_word' id='word_1_858' title='bbox 3523 5533 3852 5592; x_wconf 89' lang='lat' dir='ltr'><strong>redhibitio-</strong></span> 
     </span>
    </p>
   </div>
   <div class='ocr_carea' id='block_1_119' title="bbox 2155 5620 3843 5693">
    <p class='ocr_par' dir='ltr' id='par_1_119' title="bbox 2155 5620 3843 5693">
     <span class='ocr_line' id='line_1_119' title="bbox 2155 5620 3843 5693; baseline 0.001 -15"><span class='ocrx_word' id='word_1_859' title='bbox 2155 5635 2287 5678; x_wconf 91' lang='lat' dir='ltr'><strong>nem</strong></span> <span class='ocrx_word' id='word_1_860' title='bbox 2321 5622 2522 5693; x_wconf 69' lang='lat' dir='ltr'><strong>gratiae</strong></span> <span class='ocrx_word' id='word_1_861' title='bbox 2552 5620 2888 5689; x_wconf 87' lang='lat' dir='ltr'><strong>restituatis,</strong></span> <span class='ocrx_word' id='word_1_862' title='bbox 2911 5629 2978 5678; x_wconf 92' lang='lat' dir='ltr'><strong>ut</strong></span> <span class='ocrx_word' id='word_1_863' title='bbox 3007 5635 3108 5693; x_wconf 89' lang='lat' dir='ltr'><strong>per</strong></span> <span class='ocrx_word' id='word_1_864' title='bbox 3137 5635 3238 5678; x_wconf 88' lang='lat' dir='ltr'><strong>vos</strong></span> <span class='ocrx_word' id='word_1_865' title='bbox 3262 5635 3468 5678; x_wconf 88' lang='lat' dir='ltr'><strong>nomen</strong></span> <span class='ocrx_word' id='word_1_866' title='bbox 3494 5621 3843 5680; x_wconf 85' lang='lat' dir='ltr'><strong>catholicum</strong></span> 
     </span>
    </p>
   </div>
  </div>
