3936 6424
57 403 148 455 701

1178 403 1408 460 essm
1443 405 1564 460 nm
1604 405 1749 461 PER
1786 405 2121 463 raucos.
2144 366 2364 461 -ιιθζ
2408 407 2480 464 η.

3479 417 3585 471 702

56 546 445 609 propagetur,
477 538 635 609 quod
682 538 1015 596 Antichristi
1067 539 1773 611 Antichristianorumque
1810 545 1854 596 Α
1885 543 2183 611 pensiones
2208 551 2502 613 coguntur
2530 551 2585 601 et
2626 545 2841 601 tributa
2888 545 3227 615 dependere,
3265 561 3367 616 per
3396 561 3578 618 quas-

54 626 320 695 perlidiae
356 627 701 698 refragetur.
734 627 880 694 Quia
913 642 1028 695 non
1071 628 1354 698 conjicere
1396 638 1577 698 potest
1619 630 1773 699 quod

53 716 229 781 Deus,
293 716 405 785 qui
458 718 864 772 universorum
913 730 1070 786 spem
1115 718 1499 773 exuberantia
1543 719 1774 774 virtutis

51 812 399 873 exsuperat,
436 818 538 874 per
565 804 870 860 scintillam
921 812 1172 860 vestram
1214 813 1387 861 tantae
1426 808 1775 876 paganitatis

51 892 416 949 arundineta
432 902 754 960 consumat,
790 901 852 950 ut
879 894 1215 963 Egyptum,
1249 893 1520 962 Africam,
1549 896 1774 952 Ethio-

52 979 361 1049 piamque,
422 995 556 1050 qua;
611 995 647 1036 a
702 988 911 1037 nostra;
959 982 1315 1039 credulitatis
1369 985 1775 1040 communione

55 1068 418 1135 desciscunt,
450 1070 602 1124 intra
650 1069 827 1139 hujus
874 1070 1205 1126 rudimenta
1234 1071 1377 1141 legis
1408 1073 1686 1140 includat,
1720 1081 1775 1128 et

54 1157 229 1211 homo
288 1166 577 1226 peccator,
639 1156 794 1213 ﬁlius
852 1158 1190 1228 perditionis
1239 1159 1467 1230 aliquos
1537 1161 1776 1217 rebelles

54 1243 330 1299 inveniat
346 1242 376 1297 ?

134 1354 156 1381 ι
193 1332 268 1387 Et
295 1346 431 1387 ecce
472 1332 883 1401 Evangelicum
926 1332 1137 1388 clamat
1160 1334 1506 1391 Jerusalem
1553 1336 1775 1392 calcan-

54 1415 191 1471 dam
225 1430 264 1471 a
283 1420 573 1488 gentibus,
602 1420 778 1474 donec
804 1420 1167 1492 impleantur
1193 1422 1493 1478 nationum
1515 1419 1775 1495 ternpora

54 1504 217 1574 (Luc.
262 1519 394 1573 xxi,
449 1508 560 1573 24).
616 1507 883 1563 Bifariam
944 1508 1183 1581 intelligi
1229 1520 1466 1581 possunt
1515 1515 1774 1584 tempora

53 1591 393 1662 nationum,
445 1604 545 1651 aut
593 1596 734 1666 quia
783 1597 1125 1652 Christianis
1166 1599 1474 1655 dominata:
1521 1611 1657 1656 sunt
1701 1601 1769 1657 ad

54 1682 368 1750 placitum,
417 1690 473 1739 et
502 1698 607 1753 pro
656 1685 777 1740 suis
820 1685 1155 1741 libidinibus
1198 1688 1621 1757 turpitudinum
1652 1704 1773 1745 om-

53 1771 222 1825 nium
258 1771 570 1828 volutabra
598 1781 824 1829 sectatae
869 1783 1027 1842 sunt,
1076 1784 1131 1831 et
1180 1777 1237 1831 in
1269 1777 1491 1833 cunctis
1521 1778 1611 1832 his
1641 1780 1770 1835 nul-

50 1858 174 1915 lum
199 1860 431 1917 obicem
480 1862 834 1929 habuerunt,
878 1871 1102 1934 tempus
1142 1866 1297 1920 enim
1342 1880 1515 1923 suum
1557 1868 1769 1924 habere

51 1948 346 2004 dicuntur
373 1950 590 2018 quibus
617 1951 691 2006 ad
740 1959 940 2007 votum
973 1937 1184 2009 (uncta
1207 1963 1537 2024 suppetunt,
1583 1964 1645 2012 ut
1683 1964 1769 2014 est

52 2035 197 2091 illud
236 2037 517 2109 :Tempus
538 2055 727 2094 meum
756 2040 1003 2094 nondum
1022 2040 1282 2108 advenit;
1322 2045 1547 2114 tempus
1573 2050 1767 2100 autem

49 2128 308 2179 vestrum
336 2141 566 2197 semper
591 2129 868 2198 paratum
916 2132 997 2182 est
1031 2129 1229 2197 (Joan.
1274 2145 1372 2198 vn,
1416 2132 1494 2200 6),
1531 2132 1687 2188 unde
1713 2139 1769 2188 et

52 2214 427 2284 voluptuosis
455 2215 598 2271 solet
629 2216 770 2285 dici;
813 2230 913 2271 vos
945 2217 1166 2273 habetis
1218 2225 1444 2289 tempus
1484 2228 1764 2276 vestrum.

50 2304 165 2356 Aut
226 2315 462 2369 rursus,
518 2303 801 2374 Τεπῳονα
848 2304 1154 2359 nationum
1207 2315 1342 2363 sunt
1384 2308 1769 2377 plenitudines

52 2389 353 2457 Gentium,
387 2405 518 2460 quia
543 2400 855 2462 antequam
886 2393 1052 2448 lsrael
1076 2394 1273 2450 salvus
1323 2395 1437 2463 fiat,
1467 2397 1767 2453 subintra-

52 2485 199 2533 tnrze
246 2488 412 2535 sunt.
470 2480 601 2535 Haec
640 2487 917 2550 tempora,
963 2482 1167 2538 fratres
1208 2483 1551 2552 cbarissimi,
1601 2486 1767 2542 modo

56 2564 296 2622 forsitan
353 2566 773 2637 implebuntur,
815 2569 953 2625 dum
997 2584 1096 2639 per
1144 2585 1262 2638 vos,
1308 2577 1457 2627 319
1498 2574 1611 2628 Deo
1664 2588 1765 2629 co-

56 2663 357 2722 operante,
408 2669 770 2726 paganorum
823 2658 1086 2727 potentize
1145 2659 1515 2729 repellentur,
1550 2669 1605 2717 et
1654 2663 1767 2718 fine

57 2742 254 2798 saeculi
280 2743 409 2814 jam
445 2748 791 2815 propinquo,
815 2754 871 2801 et
904 2747 948 2801 si
994 2756 1191 2817 gentes
1229 2749 1486 2805 desinent
1509 2751 1764 2807 converti

57 2830 127 2886 ad
176 2831 516 2900 Dominum,
566 2833 726 2904 quia,
775 2834 949 2905 juxta
996 2837 1351 2905 Apostolum,
1383 2842 1605 2910 oportet
1626 2840 1766 2908 ﬁeri

53 2919 221 2986 aﬁde
267 2919 680 2977 discessionem
706 2924 792 2992 (ιι
838 2924 1027 2979 Thess.
1072 2940 1132 2991 ιι,
1177 2928 1249 2995 3).
1284 2926 1541 2983 Primum
1572 2936 1763 2984 tamen

56 3022 284 3065 necesse
326 3017 434 3072 est,
481 3010 655 3081 juxta
701 3011 1029 3081 prophetas,
1074 3021 1205 3069 ante
1242 3013 1557 3070 adventum
1606 3015 1765 3071 Anti-

1881 645 1995 701 que
2036 632 2286 687 civitatis
2319 641 2529 701 portas,
2573 647 2675 702 per
2721 635 3092 691 ecclesiarum
3138 642 3193 690 et
3238 637 3576 705 templorum

1880 714 2177 787 ingressus
2215 718 2632 787 redemptiones
2668 719 2994 783 exsolvere;
3042 719 3115 774 ad
3178 734 3443 789 quasque
3508 721 3577 776 de

1881 803 2020 860 locis
2061 806 2133 861 ad
2174 806 2297 861 loca
2338 806 2803 875 demigrationes,
2851 806 3068 862 inﬂicta
3106 807 3362 876 qualibet
3401 814 3578 863 a’ccu-

1880 892 2116 959 satione,
2176 894 2248 949 ad
2302 894 2748 963 redemptionem
2806 895 3188 964 compellere?
3250 896 3387 950 dare
3445 909 3580 951 vero

1883 993 2127 1037 munera
2172 982 2574 1047 detrectantes,
2624 983 2913 1051 quomodo
2967 983 3273 1053 gentilium
3333 983 3580 1052 praefecti

1880 1070 2306 1135 consueverint,
2357 1071 2695 1127 verberibus
2734 1071 3089 1129 truculenter
3133 1072 3381 1142 urgere?
3433 1072 3581 1138 Quid

1881 1156 1951 1212 de
1992 1157 2082 1213 his
2130 1158 2339 1214 dicturi
2396 1173 2620 1227 sumus,
2672 1159 2776 1229 qui
2822 1159 2965 1214 nihil
3021 1174 3258 1229 prorsus
3310 1160 3584 1216 habentes

1880 1246 2054 1301 nudae
2109 1246 2320 1303 fiducia
2368 1248 2741 1317 paupertatis,
2790 1248 2929 1304 dum
2975 1249 3052 1302 nil
3097 1256 3303 1318 praeter
3341 1262 3579 1317 corpora

1879 1335 2152 1391 videntur
2182 1335 2390 1392 habere
2420 1336 2575 1405 quod
2612 1337 2874 1405 perdant,
2922 1337 3027 1391 iter
3068 1336 3211 1391 illud
3253 1336 3582 1405 arripiunt?

1881 1423 2030 1479 Dum
2058 1424 2132 1479 ab
2160 1424 2242 1480 eis
2274 1425 2537 1493 pecunia,
2584 1439 2717 1493 quae
2747 1439 2861 1479 non
2891 1431 2995 1490 est,
3043 1424 3340 1494 suppliciis
3374 1424 3578 1479 intole-

1880 1511 2079 1567 randis
2107 1510 2381 1581 exigitur,
2429 1512 2569 1567 dum
2599 1512 2773 1566 callos
2806 1513 3076 1576 talorum,
3116 1527 3189 1568 ne
3235 1512 3376 1568 forte
3407 1511 3579 1581 quid-

1882 1599 2058 1668 piam,
2103 1598 2180 1654 ibi
2213 1600 2515 1665 insuerint,
2552 1599 2887 1654 dissecando
2917 1613 2984 1654 ac
3009 1600 3333 1655 revellendo
3355 1599 3579 1654 riman-

1877 1692 1994 1753 tur,
2027 1686 2335 1742 crudelitas
2366 1687 2748 1743 nefandorum
2786 1687 2858 1742 ad
2891 1687 3000 1742 hoc
3031 1701 3218 1757 usque
3244 1687 3580 1757 perducitur

1880 1780 1947 1829 ut
1976 1787 2187 1828 aurum
2220 1773 2305 1829 vel
2339 1782 2647 1843 argentum
2688 1775 2928 1829 miseros
2967 1773 3332 1829 absorbuisse
3362 1781 3578 1842 putan—

1883 1870 1984 1926 tes,
2018 1869 2121 1917 aut
2152 1860 2287 1917 data
2312 1861 2371 1917 in
2402 1870 2597 1930 potum
2625 1862 2923 1917 scamonia
2952 1876 3138 1931 usque
3168 1862 3241 1917 ad
3273 1861 3576 1929 vomitum,

1877 1949 1967 2006 vel
1998 1950 2172 2007 etiam
2196 1951 2556 2020 eruptionem
2594 1964 2690 2006 eos
2729 1951 2991 2006 vitalium
3023 1957 3250 2021 urgent,
3284 1949 3373 2006 vel
3405 1949 3574 2016 ferro,

1877 2039 2031 2109 quod
2064 2039 2172 2095 dici
2207 2039 2367 2095 nefas
2395 2044 2500 2107 est,
2536 2038 2790 2095 discissis
2815 2039 3136 2103 ventribus,
3170 2038 3575 2094 intestinorum

1877 2140 2367 2196 quorumcunque
2442 2126 2746 2182 involucra
2798 2127 3205 2193 distendentes,
3288 2124 3576 2195 quidquid

1878 2214 2048 2270 habet
2087 2222 2298 2270 natura
2346 2216 2570 2282 secreti,
2606 2214 2860 2270 horribili
2915 2213 3236 2269 concisione
3283 2213 3573 2283 aperiunt.

1877 2304 2144 2371 Recolite,
2195 2317 2413 2373 precor,
2439 2318 2642 2359 eorum
2686 2303 2867 2357 millia
2911 2302 3014 2372 qui
3049 2302 3452 2357 detestabiliter
3479 2315 3577 2371 pe-

1876 2393 2118 2459 rierunt,
2150 2399 2206 2447 et
2239 2406 2338 2461 pro
2389 2391 2604 2447 sanctis
2647 2392 2781 2446 locis
2832 2391 3003 2461 agite,
3040 2391 3192 2446 unde
3241 2390 3404 2445 vobis
3446 2388 3570 2459 pie-

1876 2481 2006 2536 tatis
2062 2480 2389 2537 rudimenta
2439 2488 2743 2546 venerunt,
2798 2489 2934 2535 ante
2981 2493 3106 2547 vos,
3157 2479 3215 2533 in
3268 2491 3377 2533 sua
3423 2476 3574 2533 bella

1873 2570 2202 2639 mittendos,
2254 2569 2547 2625 Christum
2613 2568 2730 2624 fore
2775 2567 3117 2638 signiferum
3175 2565 3574 2622 indubitanter

1876 2658 2107 2724 credite,
2139 2666 2195 2713 et
2224 2671 2637 2727 praecursorem
2672 2656 3063 2712 individuum.
3104 2675 3125 2703 ι

1947 2746 2063 2817 [V.]
2096 2747 2243 2802 Crua:
2260 2745 2514 2800 militum
2540 2744 2893 2800 vestimentis
2920 2742 3205 2816 afﬁgitur.
3229 2771 3303 2784 —
3335 2742 3575 2798 Perora-

1874 2842 2038 2891 verat
2087 2834 2177 2889 vir
2223 2833 2760 2900 excellentissimus,
2808 2840 2864 2888 et
2903 2846 3102 2887 omnes
3152 2830 3256 2901 qui
3289 2844 3347 2885 se
3393 2830 3575 2885 ituros

1873 2931 2174 2988 voverant,
2205 2923 2351 2979 beati
2400 2921 2549 2978 Petri
2582 2929 2854 2992 potestate
2885 2921 3152 2982 absolvit,
3197 2919 3415 2986 eadem,
3451 2917 3575 2987 ipsa

1873 3012 2184 3080 apostolica
2237 3010 2576 3067 auctoritate
2606 3009 2878 3077 firmavit,
2910 3018 2965 3065 et
2994 3009 3227 3079 signum
3261 3006 3399 3063 satis
3429 3021 3573 3061 con-

57 3095 281 3165 christi,
316 3096 380 3152 in
414 3097 524 3153 illis
564 3100 847 3168 partibus,
890 3108 993 3156 aut
1031 3115 1131 3171 per
1165 3116 1287 3170 vos,
1321 3110 1424 3159 aut
1474 3118 1576 3173 per
1616 3119 1762 3175 quos
1800 3099 1842 3156 C
1870 3100 2107 3155 veniens
2140 3099 2320 3170 hujus
2350 3106 2465 3154 tam
2518 3099 2771 3154 honesta
2811 3097 3177 3168 professionis
3216 3095 3485 3161 instituit,
3516 3101 3572 3150 et

57 3183 166 3240 Deo
197 3185 504 3255 placuerit,
534 3187 801 3244 renovari
844 3187 1290 3246 Christianitatis
1338 3192 1663 3261 imperium,
1698 3201 1762 3249 ut

56 3274 318 3330 omnium
355 3275 644 3331 malorum
684 3283 874 3346 caput,
908 3280 1010 3347 qui
1047 3278 1257 3334 ibidem
1294 3279 1454 3350 regni
1485 3282 1759 3337 thronum

57 3360 373 3419 habiturus
400 3372 503 3431 est,
540 3365 668 3420 ﬁdei
700 3364 923 3436 aliquid
956 3374 1156 3423 contra
1185 3369 1339 3438 quod
1373 3380 1589 3440 pugnet
1609 3384 1764 3440 repe-

56 3448 164 3505 riat
194 3451 646 3508 nutrimentum.

127 3540 439 3612 «Cogitate
472 3541 667 3611 itaque
698 3542 853 3612 apud
900 3557 1004 3599 vos
1043 3544 1195 3613 quod
1242 3558 1345 3601 vos
1386 3545 1761 3616 Omnipotens

60 3625 127 3680 ad
162 3627 270 3683 hoc
314 3628 553 3686 fortasse
601 3630 916 3700 provideat,
971 3639 1262 3702 quatenus
1299 3634 1611 3691 Jerusalem
1659 3650 1760 3705 per

54 3726 155 3769 vos
184 3729 218 3770 a
250 3723 414 3772 tanta
444 3717 872 3774 conculcatione
905 3720 1185 3776 restituat.
1223 3721 1399 3792 Rogo,
1431 3723 1758 3792 perpendite

57 3803 271 3872 quibus
299 3805 572 3863 cordibus
620 3807 833 3878 gaudia
892 3807 989 3863 illa
1028 3816 1296 3878 poterunt
1334 3810 1574 3880 concipi,
1622 3826 1755 3868 cum

54 3900 309 3949 sanctam
389 3894 681 3951 civitatem
755 3904 942 3952 vestro
1012 3896 1365 3953 adminiculo
1440 3898 1757 3954 viderimus

57 3980 342 4051 suscitari,
403 3991 459 4039 et
529 3984 860 4053 prophetica
918 3985 1127 4041 nostris
1202 3986 1575 4056 temporibus,
1643 3987 1755 4043 imo

58 4069 289 4126 oracula
316 4071 535 4138 divina,
558 4073 850 4142 compleri.
888 4073 1109 4129 Moveat
1140 4074 1473 4130 memoriam
1504 4082 1754 4131 vestram

58 4157 208 4224 quod
235 4172 373 4215 voce
409 4160 589 4229 ipsius
617 4160 845 4216 Domini
876 4162 947 4217 ad
980 4162 1291 4219 Ecclesiam
1325 4163 1541 4220 dicitur
1570 4178 1584 4218 :
1612 4182 1640 4215 α
1673 4165 1754 4220 Ab

58 4244 280 4304 Oriente
309 4249 594 4306 adducam
628 4265 819 4306 semen
853 4255 1043 4319 tuum,
1088 4259 1144 4307 et
1176 4252 1251 4308 ab
1278 4252 1584 4309 Occidente
1613 4268 1751 4309 eon-

60 4336 305 4406 gregabo
359 4345 413 4393 te
444 4338 591 4408 (Isa.
635 4353 790 4406 xuii,
847 4342 924 4408 5).
961 4362 988 4390 ιι
1039 4340 1243 4396 Semen
1289 4348 1551 4397 nostrum
1599 4343 1750 4398 Deus

59 4421 299 4480 adduxit
355 4426 429 4482 ab
488 4425 735 4495 Oriente,
794 4429 933 4498 quia
975 4429 1188 4499 duplici
1235 4431 1402 4485 modo
1458 4430 1749 4487 orientalis

62 4506 154 4563 illa
180 4514 483 4579 provincia
508 4513 684 4569 edidit
714 4514 1007 4583 primitiva
1058 4516 1411 4572 incrementa
1448 4516 1613 4572 nobis
1647 4519 1751 4573 Ec-

61 4595 258 4654 clesiae.
300 4601 408 4657 Sed
459 4602 533 4657 ab
581 4602 884 4659 Occidente
922 4616 1047 4659 eam
1087 4609 1420 4675 congregat,
1464 4606 1603 4661 dum
1653 4619 1755 4675 per

62 4698 149 4741 eos
173 4688 275 4757 qui
316 4690 526 4752 ultimi,
573 4690 702 4747 fidei
754 4692 1100 4749 documenta
1128 4703 1445 4764 cmperunt,
1486 4694 1751 4751 occiden-

60 4773 192 4830 tales
241 4779 458 4835 scilicet
504 4778 683 4849 (quod
730 4794 830 4850 per
878 4795 999 4848 vos,
1062 4791 1367 4852 praestante
1427 4783 1559 4850 Deo,
1628 4783 1753 4839 ﬁeri

61 4873 209 4928 Posse
241 4868 555 4937 putamus),
586 4868 1063 4938 Jerosolymitana
1091 4871 1306 4928 damna
1337 4880 1641 4928 restaurat.

126 4972 153 4998 «ι
184 4952 236 5008 Si
289 4955 719 5026 Scripturarum
766 4972 873 5013 vos
926 4972 1044 5015 non
1095 4960 1352 5017 excitant
1410 4961 1583 5028 dicta,
1644 4975 1751 5016 nec

61 5048 244 5098 nostra
304 5052 525 5101 vestros
575 5046 801 5102 animos
869 5054 1171 5116 penetrant
1236 5050 1474 5118 monita,
1542 5051 1755 5105 excitet

62 5125 248 5186 saltem
291 5146 395 5189 vos
437 5147 637 5190 eorum
669 5135 770 5206 qui
810 5144 1013 5191 saneta
1059 5136 1183 5193 loca
1225 5138 1384 5194 adire
1426 5138 1752 5193 desiderant

64 5226 264 5286 magna
285 5220 536 5276 miseria.
568 5222 905 5292 Perpendite
935 5238 1032 5279 eos
1060 5224 1163 5295 qui
1202 5224 1666 5297 peregrinantur,
1696 5232 1755 5283 et

66 5315 159 5368 Per
211 5306 626 5366 Hediterranea
677 5310 813 5366 illuc
868 5312 1116 5380 vadunt,
1167 5314 1453 5383 siquidem
1510 5313 1754 5385 opulena

65 5390 223 5449 tiores
278 5405 434 5465 sunt,
486 5398 723 5469 quantis
769 5399 1269 5469 redhibitionibus,
1332 5404 1569 5472 quantis
1622 5403 1752 5458 vio-

67 5476 242 5539 lentiis
288 5487 607 5558 subjacent,
660 5486 800 5543 dum
862 5502 1007 5558 pene
1058 5503 1159 5560 per
1217 5490 1452 5562 singula
1497 5490 1748 5547 miliaria

130 5636 259 5711 (31⁸)
290 5643 616 5701 Ademarus
638 5641 763 5701 sive
781 5644 1074 5716 Aymarus
1100 5648 1570 5719 nuncupabatur.

1873 3189 2048 3244 veluti
2098 3188 2400 3258 cingulum
2441 3187 2677 3252 militize,
2729 3187 2815 3242 vel
2860 3186 3048 3256 potius
3094 3184 3427 3240 militaturis
3454 3184 3567 3238 Deo

1869 3277 2152 3348 passionis
2182 3277 2489 3332 Dominicze
2514 3276 2724 3346 stigma
2773 3275 3023 3341 tradens,
3071 3273 3262 3328 crucis
3296 3272 3565 3343 ﬁguram,

1864 3380 1939 3423 ex
1967 3366 2275 3437 cujuslibet
2305 3366 2555 3422 materia;
2587 3364 2786 3433 panni,
2824 3364 3055 3430 tunicis,
3088 3362 3275 3431 byrris
3297 3368 3352 3416 et
3383 3359 3570 3429 palliis

1869 3455 2175 3517 iturorum,
2207 3455 2362 3510 assui
2396 3452 2713 3508 mandavit.
2744 3452 2905 3518 Quod
2954 3452 3002 3507 si
3048 3451 3202 3521 quis,
3236 3456 3360 3519 post
3390 3448 3568 3518 hujus

1867 3543 2018 3614 signi
2059 3543 2468 3612 acceptionem,
2521 3549 2622 3597 aut
2654 3549 2777 3611 post
2823 3540 3107 3596 evidentis
3136 3538 3253 3594 voti
3289 3537 3565 3607 pollicita-

1867 3632 2099 3700 tionem,
2133 3632 2206 3687 ab
2240 3634 2344 3687 ista
2385 3631 2801 3697 benevolentia,
2854 3643 3033 3700 prava
3056 3627 3432 3699 paenitudine,
3465 3632 3566 3681 aut

1864 3721 2198 3791 aliquorum
2242 3720 2371 3792 [αι.,
2401 3720 2619 3790 aliqua]
2669 3733 2911 3775 suorum
2952 3717 3250 3773 affectione
3301 3714 3562 3781 resiliter,

1864 3818 1931 3867 ut
1977 3810 2143 3867 exlex
2179 3817 2451 3880 perpetuo
2498 3808 2812 3864 haberetur
2839 3806 3074 3863 omnino
3120 3807 3411 3876 prmeepit,
3456 3803 3566 3859 nisi

1863 3899 2256 3968 resipisceret;
2302 3898 2569 3966 idemque
2598 3896 2752 3967 quod
2791 3895 3061 3951 omiserat
3089 3892 3236 3949 {cede
3267 3900 3561 3962 repeteret.

1864 3987 2143 4042 Praterea
2194 3999 2394 4041 omnes
2438 3984 2561 4039 illos
2607 3983 2785 4040 atroci
2828 3982 3126 4039 damnavit
3176 3981 3562 4048 anathemate,

1863 4076 1967 4145 qui
2010 4088 2210 4130 eorum
2256 4073 2561 4140 uxoribus,
2598 4072 2749 4138 filiis,
2806 4079 2908 4127 aut
2956 4069 3425 4140 possessionibus,
3461 4068 3563 4138 qui

1862 4164 1971 4219 hoc
2014 4164 2111 4219 Dei
2157 4164 2262 4219 iter
2304 4162 2783 4233 aggrederentur,
2833 4174 2935 4229 per
2983 4159 3275 4229 integrum
3330 4156 3560 4233 triennii

1862 4260 2107 4322 tempus,
2140 4251 2454 4308 molestiam
2501 4251 2781 4306 auderent
2816 4249 3047 4305 inferre.
3079 4248 3165 4302 Ad
3210 4255 3560 4313 extremum,

1860 4341 2088 4397 cuidam
2123 4340 2247 4395 viro
2274 4339 2617 4394 omnimodis
2651 4338 2920 4395 laudibus
2936 4335 3241 4403 efferendo,
3276 4334 3566 4391 Podiensis

1864 4430 2026 4485 urbis
2068 4429 2349 4499 episcopo,
2384 4428 2556 4498 cujus
2597 4441 2806 4483 nomen
2851 4427 3013 4482 doleo
3051 4426 3192 4496 quia
3235 4438 3422 4495 neque
3460 4437 3565 4479 us-

1862 4533 2040 4589 quam
2071 4518 2258 4588 reperi
2286 4518 2447 4587 (3t‘),
2486 4531 2593 4573 nec
2631 4516 2852 4584 audivi,
2899 4529 3101 4571 curam
3151 4527 3327 4583 super
3362 4512 3563 4568 eadem

1860 4607 2220 4677 expeditione
2297 4605 2549 4675 regenda
2592 4604 2855 4671 contulit,
2925 4612 2981 4660 et
3034 4604 3181 4659 vices
3240 4615 3378 4658 suas
3434 4600 3561 4670 ipsi,

1860 4710 2037 4765 super
2063 4694 2373 4752 Christiani
2397 4692 2593 4763 populi
2639 4706 2997 4763 quocunque
3034 4691 3298 4747 venirent
3328 4689 3560 4745 institu-

1857 4784 2028 4849 tione,
2077 4782 2378 4839 commisit.
2431 4781 2587 4837 Unde
2615 4789 2670 4836 et
2710 4794 2918 4836 manus
2944 4781 3017 4847 ei,
3078 4793 3234 4835 more
3272 4777 3564 4848 apostolo-

1860 4887 2012 4938 rum,
2042 4872 2175 4927 data
2207 4872 2420 4941 pariter
2469 4870 2877 4937 benedictione,
2931 4868 3222 4938 imposuit.
3267 4867 3426 4931 Quod
3469 4867 3562 4922 ille

1860 4976 2038 5032 quam
2065 4967 2347 5030 sagaciter
2379 4960 2452 5016 sit
2492 4966 2822 5027 exsecutus,
2865 4958 3029 5015 docet
3066 4956 3348 5015 mirabilis
3375 4956 3563 5027 operis

1862 5052 2003 5107 tanti
2033 5050 2245 5105 exitus.

2524 5134 2756 5192 CAPUT
2797 5135 2889 5190 III.

1930 5224 2073 5296 [VL]
2106 5223 2414 5293 Ezpeditio
2453 5223 2957 5294 Jerosolymitana.
2990 5254 3058 5263 —
3088 5223 3416 5279 Terminato
3448 5222 3562 5278 ita-

1859 5329 1975 5385 que
1999 5314 2259 5381 concilio,
2305 5314 2462 5383 quod
2506 5312 2852 5370 Claromonti
2900 5313 3181 5381 habitum,
3212 5314 3365 5369 circa
3403 5312 3565 5368 Beati

1860 5403 2087 5459 Martini
2129 5410 2381 5468 octavas,
2428 5402 2737 5458 Novembri
2780 5417 2972 5459 mense
3020 5402 3382 5469 consederat,
3428 5414 3558 5456 ma-

1860 5508 2012 5564 gnus
2050 5508 2151 5565 per
2197 5493 2498 5550 universas
2536 5493 2793 5549 Francia;
2825 5502 3016 5564 partes
3056 5506 3258 5549 rumor
3303 5500 3557 5548 emanat.
