  <div class='ocr_page' id='page_1' title='image "/cluster/home/n/w/nwhite01/storage/ocr_20150623/156-157/uc1.31175010662024/357.png"; bbox 0 0 3934 6416; ppageno 0'>
   <div class='ocr_carea' id='block_1_1' title="bbox 362 400 466 453">
    <p class='ocr_par' dir='ltr' id='par_1_1' title="bbox 362 400 466 453">
     <span class='ocr_line' id='line_1_1' title="bbox 362 400 466 453; baseline 0 0"><span class='ocrx_word' id='word_1_1' title='bbox 362 400 466 453; x_wconf 84' lang='lat'><strong>703</strong></span> 
     </span>
    </p>
   </div>
   <div class='ocr_carea' id='block_1_2' title="bbox 1264 392 2968 452">
    <p class='ocr_par' dir='ltr' id='par_1_2' title="bbox 1264 392 2968 452">
     <span class='ocr_line' id='line_1_2' title="bbox 1264 392 2968 452; baseline 0.004 -7"><span class='ocrx_word' id='word_1_2' title='bbox 1264 392 1325 445; x_wconf 90' lang='lat' dir='ltr'><strong>V.</strong></span> <span class='ocrx_word' id='word_1_3' title='bbox 1367 393 1699 449; x_wconf 81' lang='lat' dir='ltr'><strong>GUIBERTI</strong></span> <span class='ocrx_word' id='word_1_4' title='bbox 1736 392 2030 449; x_wconf 80' lang='lat' dir='ltr'><strong>ABBATIS</strong></span> <span class='ocrx_word' id='word_1_5' title='bbox 2066 395 2129 450; x_wconf 86' lang='lat' dir='ltr'><strong>S.</strong></span> <span class='ocrx_word' id='word_1_6' title='bbox 2177 394 2416 449; x_wconf 71' lang='grc' dir='ltr'><strong>ΜΑΒΙᾸΞ</strong></span> <span class='ocrx_word' id='word_1_7' title='bbox 2453 394 2545 448; x_wconf 83' lang='lat' dir='ltr'><strong>DE</strong></span> <span class='ocrx_word' id='word_1_8' title='bbox 2582 392 2968 452; x_wconf 82' lang='lat' dir='ltr'><strong>NOVIGENTO</strong></span> 
     </span>
    </p>
   </div>
   <div class='ocr_carea' id='block_1_3' title="bbox 3763 395 3880 449">
    <p class='ocr_par' dir='ltr' id='par_1_3' title="bbox 3763 395 3880 449">
     <span class='ocr_line' id='line_1_3' title="bbox 3763 395 3880 449; baseline -0.009 0"><span class='ocrx_word' id='word_1_9' title='bbox 3763 395 3880 449; x_wconf 69' lang='grc'><strong>704</strong></span> 
     </span>
    </p>
   </div>
   <div class='ocr_carea' id='block_1_4' title="bbox 361 528 3877 605">
    <p class='ocr_par' dir='ltr' id='par_1_4' title="bbox 361 528 3877 605">
     <span class='ocr_line' id='line_1_4' title="bbox 361 528 3877 605; baseline -0.002 -15"><span class='ocrx_word' id='word_1_10' title='bbox 361 541 418 591; x_wconf 90' lang='lat' dir='ltr'><strong>et</strong></span> <span class='ocrx_word' id='word_1_11' title='bbox 470 533 721 605; x_wconf 91' lang='lat' dir='ltr'><strong>quisque</strong></span> <span class='ocrx_word' id='word_1_12' title='bbox 765 531 840 588; x_wconf 89' lang='lat' dir='ltr'><strong>ad</strong></span> <span class='ocrx_word' id='word_1_13' title='bbox 893 544 1066 603; x_wconf 86' lang='lat' dir='ltr'><strong>quem</strong></span> <span class='ocrx_word' id='word_1_14' title='bbox 1115 530 1300 601; x_wconf 92' lang='lat' dir='ltr'><strong>primo</strong></span> <span class='ocrx_word' id='word_1_15' title='bbox 1349 529 1634 600; x_wconf 86' lang='lat' dir='ltr'><strong>pontificis</strong></span> <span class='ocrx_word' id='word_1_16' title='bbox 1680 536 2049 599; x_wconf 57' lang='lat' dir='ltr'><strong>praeceptum,</strong></span> <span class='ocrx_word' id='word_1_17' title='bbox 2090 532 2137 585; x_wconf 80' lang='grc' dir='ltr'><strong>Α</strong></span> <span class='ocrx_word' id='word_1_18' title='bbox 2237 531 2354 586; x_wconf 91' lang='lat' dir='ltr'><strong>Nec</strong></span> <span class='ocrx_word' id='word_1_19' title='bbox 2387 530 2529 587; x_wconf 89' lang='lat' dir='ltr'><strong>illud</strong></span> <span class='ocrx_word' id='word_1_20' title='bbox 2578 530 2775 586; x_wconf 91' lang='lat' dir='ltr'><strong>minus</strong></span> <span class='ocrx_word' id='word_1_21' title='bbox 2824 528 3136 585; x_wconf 84' lang='lat' dir='ltr'><strong>ridiculum</strong></span> <span class='ocrx_word' id='word_1_22' title='bbox 3175 528 3333 600; x_wconf 93' lang='lat' dir='ltr'><strong>quod</strong></span> <span class='ocrx_word' id='word_1_23' title='bbox 3377 528 3456 585; x_wconf 89' lang='lat' dir='ltr'><strong>hii</strong></span> <span class='ocrx_word' id='word_1_24' title='bbox 3497 529 3877 600; x_wconf 89' lang='lat' dir='ltr'><strong>plerumque,</strong></span> 
     </span>
    </p>
   </div>
   <div class='ocr_carea' id='block_1_5' title="bbox 361 619 2058 692">
    <p class='ocr_par' dir='ltr' id='par_1_5' title="bbox 361 619 2058 692">
     <span class='ocr_line' id='line_1_5' title="bbox 361 619 2058 692; baseline -0.003 -14"><span class='ocrx_word' id='word_1_25' title='bbox 361 622 685 692; x_wconf 82' lang='lat' dir='ltr'><strong>praevolans</strong></span> <span class='ocrx_word' id='word_1_26' title='bbox 748 620 901 676; x_wconf 89' lang='lat' dir='ltr'><strong>fama</strong></span> <span class='ocrx_word' id='word_1_27' title='bbox 948 620 1251 685; x_wconf 93' lang='lat' dir='ltr'><strong>detulerat,</strong></span> <span class='ocrx_word' id='word_1_28' title='bbox 1295 619 1363 674; x_wconf 90' lang='lat' dir='ltr'><strong>de</strong></span> <span class='ocrx_word' id='word_1_29' title='bbox 1414 619 1782 688; x_wconf 90' lang='lat' dir='ltr'><strong>proponenda</strong></span> <span class='ocrx_word' id='word_1_30' title='bbox 1823 619 1931 675; x_wconf 90' lang='lat' dir='ltr'><strong>Via</strong></span> <span class='ocrx_word' id='word_1_31' title='bbox 1962 619 2058 674; x_wconf 87' lang='lat' dir='ltr'><strong>Dei</strong></span> 
     </span>
    </p>
   </div>
   <div class='ocr_carea' id='block_1_6' title="bbox 361 706 2059 781">
    <p class='ocr_par' dir='ltr' id='par_1_6' title="bbox 361 706 2059 781">
     <span class='ocr_line' id='line_1_6' title="bbox 361 706 2059 781; baseline -0.002 -16"><span class='ocrx_word' id='word_1_32' title='bbox 361 711 465 781; x_wconf 91' lang='lat' dir='ltr'><strong>(sic</strong></span> <span class='ocrx_word' id='word_1_33' title='bbox 507 710 661 765; x_wconf 91' lang='lat' dir='ltr'><strong>enim</strong></span> <span class='ocrx_word' id='word_1_34' title='bbox 717 708 1143 764; x_wconf 89' lang='lat' dir='ltr'><strong>antonomasice</strong></span> <span class='ocrx_word' id='word_1_35' title='bbox 1192 707 1553 776; x_wconf 81' lang='lat' dir='ltr'><strong>vocabatur),</strong></span> <span class='ocrx_word' id='word_1_36' title='bbox 1597 707 1898 776; x_wconf 83' lang='lat' dir='ltr'><strong>contiguos</strong></span> <span class='ocrx_word' id='word_1_37' title='bbox 1950 706 2059 763; x_wconf 90' lang='lat' dir='ltr'><strong>sibi</strong></span> 
     </span>
    </p>
   </div>
   <div class='ocr_carea' id='block_1_7' title="bbox 361 795 2059 867">
    <p class='ocr_par' dir='ltr' id='par_1_7' title="bbox 361 795 2059 867">
     <span class='ocr_line' id='line_1_7' title="bbox 361 795 2059 867; baseline -0.001 -14"><span class='ocrx_word' id='word_1_38' title='bbox 361 811 430 853; x_wconf 89' lang='lat' dir='ltr'><strong>ac</strong></span> <span class='ocrx_word' id='word_1_39' title='bbox 479 797 788 853; x_wconf 78' lang='lat' dir='ltr'><strong>familiares</strong></span> <span class='ocrx_word' id='word_1_40' title='bbox 844 810 1104 867; x_wconf 91' lang='lat' dir='ltr'><strong>quosque</strong></span> <span class='ocrx_word' id='word_1_41' title='bbox 1150 795 1431 851; x_wconf 89' lang='lat' dir='ltr'><strong>sollicitat.</strong></span> <span class='ocrx_word' id='word_1_42' title='bbox 1479 799 1607 851; x_wconf 79' lang='lat' dir='ltr'><strong>Jam</strong></span> <span class='ocrx_word' id='word_1_43' title='bbox 1663 796 2059 851; x_wconf 90' lang='lat' dir='ltr'><strong>Palatinorum</strong></span> 
     </span>
    </p>
   </div>
   <div class='ocr_carea' id='block_1_8' title="bbox 363 884 2058 955">
    <p class='ocr_par' dir='ltr' id='par_1_8' title="bbox 363 884 2058 955">
     <span class='ocr_line' id='line_1_8' title="bbox 363 884 2058 955; baseline -0.001 -14"><span class='ocrx_word' id='word_1_44' title='bbox 363 885 637 941; x_wconf 87' lang='lat' dir='ltr'><strong>comitum</strong></span> <span class='ocrx_word' id='word_1_45' title='bbox 701 885 997 955; x_wconf 90' lang='lat' dir='ltr'><strong>pruriebat</strong></span> <span class='ocrx_word' id='word_1_46' title='bbox 1041 884 1297 951; x_wconf 83' lang='lat' dir='ltr'><strong>intentio,</strong></span> <span class='ocrx_word' id='word_1_47' title='bbox 1346 892 1400 939; x_wconf 91' lang='lat' dir='ltr'><strong>et</strong></span> <span class='ocrx_word' id='word_1_48' title='bbox 1456 884 1820 940; x_wconf 91' lang='lat' dir='ltr'><strong>mediocritas</strong></span> <span class='ocrx_word' id='word_1_49' title='bbox 1872 898 2058 955; x_wconf 89' lang='lat' dir='ltr'><strong>eque-</strong></span> 
     </span>
    </p>
   </div>
   <div class='ocr_carea' id='block_1_9' title="bbox 362 973 2055 1043">
    <p class='ocr_par' dir='ltr' id='par_1_9' title="bbox 362 973 2055 1043">
     <span class='ocr_line' id='line_1_9' title="bbox 362 973 2055 1043; baseline -0.001 -13"><span class='ocrx_word' id='word_1_50' title='bbox 362 973 567 1030; x_wconf 91' lang='lat' dir='ltr'><strong>strium</strong></span> <span class='ocrx_word' id='word_1_51' title='bbox 621 974 878 1029; x_wconf 92' lang='lat' dir='ltr'><strong>virorum</strong></span> <span class='ocrx_word' id='word_1_52' title='bbox 926 973 1216 1043; x_wconf 89' lang='lat' dir='ltr'><strong>parturire</strong></span> <span class='ocrx_word' id='word_1_53' title='bbox 1258 973 1380 1043; x_wconf 91' lang='lat' dir='ltr'><strong>jam</strong></span> <span class='ocrx_word' id='word_1_54' title='bbox 1418 981 1682 1042; x_wconf 79' lang='lat' dir='ltr'><strong>coeperat,</strong></span> <span class='ocrx_word' id='word_1_55' title='bbox 1729 987 1860 1028; x_wconf 90' lang='lat' dir='ltr'><strong>cum</strong></span> <span class='ocrx_word' id='word_1_56' title='bbox 1906 987 2055 1039; x_wconf 92' lang='lat' dir='ltr'><strong>ecce,</strong></span> 
     </span>
    </p>
   </div>
   <div class='ocr_carea' id='block_1_10' title="bbox 364 1061 2059 1131">
    <p class='ocr_par' dir='ltr' id='par_1_10' title="bbox 364 1061 2059 1131">
     <span class='ocr_line' id='line_1_10' title="bbox 364 1061 2059 1131; baseline 0.001 -15"><span class='ocrx_word' id='word_1_57' title='bbox 364 1075 680 1131; x_wconf 88' lang='lat' dir='ltr'><strong>pauperum</strong></span> <span class='ocrx_word' id='word_1_58' title='bbox 709 1061 1043 1117; x_wconf 88' lang='lat' dir='ltr'><strong>animositas</strong></span> <span class='ocrx_word' id='word_1_59' title='bbox 1070 1061 1245 1117; x_wconf 90' lang='lat' dir='ltr'><strong>tantis</strong></span> <span class='ocrx_word' id='word_1_60' title='bbox 1289 1062 1360 1117; x_wconf 93' lang='lat' dir='ltr'><strong>ad</strong></span> <span class='ocrx_word' id='word_1_61' title='bbox 1396 1063 1502 1116; x_wconf 87' lang='lat' dir='ltr'><strong>hoc</strong></span> <span class='ocrx_word' id='word_1_62' title='bbox 1547 1062 1737 1131; x_wconf 91' lang='lat' dir='ltr'><strong>ipsum</strong></span> <span class='ocrx_word' id='word_1_63' title='bbox 1765 1061 2059 1117; x_wconf 88' lang='lat' dir='ltr'><strong>desideriis</strong></span> 
     </span>
    </p>
   </div>
   <div class='ocr_carea' id='block_1_11' title="bbox 361 1149 2058 1220">
    <p class='ocr_par' dir='ltr' id='par_1_11' title="bbox 361 1149 2058 1220">
     <span class='ocr_line' id='line_1_11' title="bbox 361 1149 2058 1220; baseline 0 -15"><span class='ocrx_word' id='word_1_64' title='bbox 361 1149 662 1219; x_wconf 84' lang='lat' dir='ltr'><strong>aspiravit,</strong></span> <span class='ocrx_word' id='word_1_65' title='bbox 717 1157 782 1205; x_wconf 91' lang='lat' dir='ltr'><strong>ut</strong></span> <span class='ocrx_word' id='word_1_66' title='bbox 837 1163 1039 1205; x_wconf 88' lang='lat' dir='ltr'><strong>eorum</strong></span> <span class='ocrx_word' id='word_1_67' title='bbox 1097 1164 1267 1205; x_wconf 89' lang='lat' dir='ltr'><strong>nemo</strong></span> <span class='ocrx_word' id='word_1_68' title='bbox 1318 1150 1387 1205; x_wconf 91' lang='lat' dir='ltr'><strong>de</strong></span> <span class='ocrx_word' id='word_1_69' title='bbox 1444 1163 1724 1205; x_wconf 90' lang='lat' dir='ltr'><strong>censuum</strong></span> <span class='ocrx_word' id='word_1_70' title='bbox 1775 1150 2058 1220; x_wconf 87' lang='lat' dir='ltr'><strong>parvitate</strong></span> 
     </span>
    </p>
   </div>
   <div class='ocr_carea' id='block_1_12' title="bbox 361 1237 2056 1309">
    <p class='ocr_par' dir='ltr' id='par_1_12' title="bbox 361 1237 2056 1309">
     <span class='ocr_line' id='line_1_12' title="bbox 361 1237 2056 1309; baseline 0.001 -17"><span class='ocrx_word' id='word_1_71' title='bbox 361 1244 647 1303; x_wconf 89' lang='lat' dir='ltr'><strong>tractaret,</strong></span> <span class='ocrx_word' id='word_1_72' title='bbox 693 1237 763 1293; x_wconf 92' lang='lat' dir='ltr'><strong>de</strong></span> <span class='ocrx_word' id='word_1_73' title='bbox 799 1238 1124 1305; x_wconf 90' lang='lat' dir='ltr'><strong>domorum,</strong></span> <span class='ocrx_word' id='word_1_74' title='bbox 1179 1238 1482 1294; x_wconf 88' lang='lat' dir='ltr'><strong>vinearum</strong></span> <span class='ocrx_word' id='word_1_75' title='bbox 1519 1246 1572 1295; x_wconf 93' lang='lat' dir='ltr'><strong>et</strong></span> <span class='ocrx_word' id='word_1_76' title='bbox 1603 1252 1877 1309; x_wconf 85' lang='lat' dir='ltr'><strong>agrorum</strong></span> <span class='ocrx_word' id='word_1_77' title='bbox 1915 1253 2056 1293; x_wconf 91' lang='lat' dir='ltr'><strong>con-</strong></span> 
     </span>
    </p>
   </div>
   <div class='ocr_carea' id='block_1_13' title="bbox 361 1325 2058 1396">
    <p class='ocr_par' dir='ltr' id='par_1_13' title="bbox 361 1325 2058 1396">
     <span class='ocr_line' id='line_1_13' title="bbox 361 1325 2058 1396; baseline 0.001 -16"><span class='ocrx_word' id='word_1_78' title='bbox 361 1325 589 1395; x_wconf 92' lang='lat' dir='ltr'><strong>gruenti</strong></span> <span class='ocrx_word' id='word_1_79' title='bbox 630 1326 1001 1381; x_wconf 89' lang='lat' dir='ltr'><strong>distractione</strong></span> <span class='ocrx_word' id='word_1_80' title='bbox 1046 1326 1304 1391; x_wconf 90' lang='lat' dir='ltr'><strong>duraret,</strong></span> <span class='ocrx_word' id='word_1_81' title='bbox 1337 1326 1433 1381; x_wconf 88' lang='lat' dir='ltr'><strong>sed</strong></span> <span class='ocrx_word' id='word_1_82' title='bbox 1473 1327 1714 1396; x_wconf 88' lang='lat' dir='ltr'><strong>optimos</strong></span> <span class='ocrx_word' id='word_1_83' title='bbox 1760 1327 2058 1395; x_wconf 89' lang='lat' dir='ltr'><strong>possessio-</strong></span> 
     </span>
    </p>
   </div>
   <div class='ocr_carea' id='block_1_14' title="bbox 360 1414 2050 1483">
    <p class='ocr_par' dir='ltr' id='par_1_14' title="bbox 360 1414 2050 1483">
     <span class='ocr_line' id='line_1_14' title="bbox 360 1414 2050 1483; baseline 0.001 -14"><span class='ocrx_word' id='word_1_84' title='bbox 360 1428 502 1469; x_wconf 91' lang='lat' dir='ltr'><strong>num</strong></span> <span class='ocrx_word' id='word_1_85' title='bbox 554 1421 831 1483; x_wconf 68' lang='lat' dir='ltr'><strong>qutestus,</strong></span> <span class='ocrx_word' id='word_1_86' title='bbox 908 1414 1089 1469; x_wconf 89' lang='lat' dir='ltr'><strong>multo</strong></span> <span class='ocrx_word' id='word_1_87' title='bbox 1140 1414 1395 1483; x_wconf 92' lang='lat' dir='ltr'><strong>pauciori</strong></span> <span class='ocrx_word' id='word_1_88' title='bbox 1467 1415 1648 1483; x_wconf 92' lang='lat' dir='ltr'><strong>pretio</strong></span> <span class='ocrx_word' id='word_1_89' title='bbox 1714 1415 2050 1480; x_wconf 88' lang='lat' dir='ltr'><strong>venditaret,</strong></span> 
     </span>
    </p>
   </div>
   <div class='ocr_carea' id='block_1_15' title="bbox 358 1501 2055 1573">
    <p class='ocr_par' dir='ltr' id='par_1_15' title="bbox 358 1501 2055 1573">
     <span class='ocr_line' id='line_1_15' title="bbox 358 1501 2055 1573; baseline 0.001 -16"><span class='ocrx_word' id='word_1_90' title='bbox 358 1516 535 1573; x_wconf 91' lang='lat' dir='ltr'><strong>quam</strong></span> <span class='ocrx_word' id='word_1_91' title='bbox 592 1503 637 1557; x_wconf 93' lang='lat' dir='ltr'><strong>si</strong></span> <span class='ocrx_word' id='word_1_92' title='bbox 690 1516 891 1557; x_wconf 90' lang='lat' dir='ltr'><strong>eorum</strong></span> <span class='ocrx_word' id='word_1_93' title='bbox 940 1517 1232 1573; x_wconf 87' lang='lat' dir='ltr'><strong>quemque</strong></span> <span class='ocrx_word' id='word_1_94' title='bbox 1288 1501 1650 1558; x_wconf 59' lang='lat' dir='ltr'><strong>ferocissimae</strong></span> <span class='ocrx_word' id='word_1_95' title='bbox 1705 1503 2055 1573; x_wconf 88' lang='lat' dir='ltr'><strong>captivitatis</strong></span> 
     </span>
    </p>
   </div>
   <div class='ocr_carea' id='block_1_16' title="bbox 357 1591 2055 1661">
    <p class='ocr_par' dir='ltr' id='par_1_16' title="bbox 357 1591 2055 1661">
     <span class='ocr_line' id='line_1_16' title="bbox 357 1591 2055 1661; baseline 0.001 -15"><span class='ocrx_word' id='word_1_96' title='bbox 357 1604 554 1647; x_wconf 86' lang='lat' dir='ltr'><strong>carcer</strong></span> <span class='ocrx_word' id='word_1_97' title='bbox 609 1591 944 1655; x_wconf 85' lang='lat' dir='ltr'><strong>includeret,</strong></span> <span class='ocrx_word' id='word_1_98' title='bbox 1008 1592 1111 1661; x_wconf 87' lang='lat' dir='ltr'><strong>qui</strong></span> <span class='ocrx_word' id='word_1_99' title='bbox 1164 1591 1555 1646; x_wconf 86' lang='lat' dir='ltr'><strong>necessitatem</strong></span> <span class='ocrx_word' id='word_1_100' title='bbox 1608 1591 1918 1647; x_wconf 55' lang='lat' dir='ltr'><strong>celerrima</strong></span> <span class='ocrx_word' id='word_1_101' title='bbox 1968 1606 2055 1648; x_wconf 85' lang='lat' dir='ltr'><strong>re-</strong></span> 
     </span>
    </p>
   </div>
   <div class='ocr_carea' id='block_1_17' title="bbox 357 1679 2055 1749">
    <p class='ocr_par' dir='ltr' id='par_1_17' title="bbox 357 1679 2055 1749">
     <span class='ocr_line' id='line_1_17' title="bbox 357 1679 2055 1749; baseline 0.001 -15"><span class='ocrx_word' id='word_1_102' title='bbox 357 1679 697 1748; x_wconf 89' lang='lat' dir='ltr'><strong>demptionis</strong></span> <span class='ocrx_word' id='word_1_103' title='bbox 739 1679 1032 1735; x_wconf 88' lang='lat' dir='ltr'><strong>indiceret.</strong></span> <span class='ocrx_word' id='word_1_104' title='bbox 1081 1680 1217 1735; x_wconf 87' lang='lat' dir='ltr'><strong>Erat</strong></span> <span class='ocrx_word' id='word_1_105' title='bbox 1244 1693 1311 1734; x_wconf 91' lang='lat' dir='ltr'><strong>ea</strong></span> <span class='ocrx_word' id='word_1_106' title='bbox 1341 1684 1692 1749; x_wconf 85' lang='lat' dir='ltr'><strong>tempestate,</strong></span> <span class='ocrx_word' id='word_1_107' title='bbox 1726 1692 1829 1749; x_wconf 91' lang='lat' dir='ltr'><strong>pro</strong></span> <span class='ocrx_word' id='word_1_108' title='bbox 1875 1693 2055 1749; x_wconf 86' lang='lat' dir='ltr'><strong>gene-</strong></span> 
     </span>
    </p>
   </div>
   <div class='ocr_carea' id='block_1_18' title="bbox 358 1768 2054 1839">
    <p class='ocr_par' dir='ltr' id='par_1_18' title="bbox 358 1768 2054 1839">
     <span class='ocr_line' id='line_1_18' title="bbox 358 1768 2054 1839; baseline 0 -16"><span class='ocrx_word' id='word_1_109' title='bbox 358 1768 464 1823; x_wconf 91' lang='lat' dir='ltr'><strong>rali</strong></span> <span class='ocrx_word' id='word_1_110' title='bbox 497 1768 829 1830; x_wconf 83' lang='lat' dir='ltr'><strong>defectione,</strong></span> <span class='ocrx_word' id='word_1_111' title='bbox 872 1768 1108 1839; x_wconf 92' lang='lat' dir='ltr'><strong>frugum</strong></span> <span class='ocrx_word' id='word_1_112' title='bbox 1147 1769 1320 1823; x_wconf 87' lang='lat' dir='ltr'><strong>etiam</strong></span> <span class='ocrx_word' id='word_1_113' title='bbox 1368 1768 1525 1837; x_wconf 89' lang='lat' dir='ltr'><strong>apud</strong></span> <span class='ocrx_word' id='word_1_114' title='bbox 1570 1768 1803 1824; x_wconf 91' lang='lat' dir='ltr'><strong>ditiores</strong></span> <span class='ocrx_word' id='word_1_115' title='bbox 1841 1783 2054 1839; x_wconf 90' lang='lat' dir='ltr'><strong>magna</strong></span> 
     </span>
    </p>
   </div>
   <div class='ocr_carea' id='block_1_19' title="bbox 358 1856 2059 1927">
    <p class='ocr_par' dir='ltr' id='par_1_19' title="bbox 358 1856 2059 1927">
     <span class='ocr_line' id='line_1_19' title="bbox 358 1856 2059 1927; baseline 0.001 -16"><span class='ocrx_word' id='word_1_116' title='bbox 358 1860 508 1911; x_wconf 72' lang='lat'><strong>880</strong></span> <span class='ocrx_word' id='word_1_117' title='bbox 563 1856 824 1926; x_wconf 87' lang='lat' dir='ltr'><strong>penuria,</strong></span> <span class='ocrx_word' id='word_1_118' title='bbox 875 1871 1031 1923; x_wconf 91' lang='lat' dir='ltr'><strong>cum,</strong></span> <span class='ocrx_word' id='word_1_119' title='bbox 1080 1858 1182 1912; x_wconf 87' lang='lat' dir='ltr'><strong>etsi</strong></span> <span class='ocrx_word' id='word_1_120' title='bbox 1221 1856 1520 1927; x_wconf 87' lang='lat' dir='ltr'><strong>aliquibus</strong></span> <span class='ocrx_word' id='word_1_121' title='bbox 1561 1856 1771 1926; x_wconf 88' lang='lat' dir='ltr'><strong>passim</strong></span> <span class='ocrx_word' id='word_1_122' title='bbox 1817 1857 2059 1912; x_wconf 91' lang='lat' dir='ltr'><strong>emenda</strong></span> 
     </span>
    </p>
   </div>
   <div class='ocr_carea' id='block_1_20' title="bbox 357 1945 2055 2015">
    <p class='ocr_par' dir='ltr' id='par_1_20' title="bbox 357 1945 2055 2015">
     <span class='ocr_line' id='line_1_20' title="bbox 357 1945 2055 2015; baseline 0 -14"><span class='ocrx_word' id='word_1_123' title='bbox 357 1953 743 2014; x_wconf 88' lang='lat' dir='ltr'><strong>suppeterent,</strong></span> <span class='ocrx_word' id='word_1_124' title='bbox 777 1945 939 2001; x_wconf 92' lang='lat' dir='ltr'><strong>nulla</strong></span> <span class='ocrx_word' id='word_1_125' title='bbox 974 1953 1162 2002; x_wconf 90' lang='lat' dir='ltr'><strong>tamen</strong></span> <span class='ocrx_word' id='word_1_126' title='bbox 1211 1953 1311 2001; x_wconf 92' lang='lat' dir='ltr'><strong>aut</strong></span> <span class='ocrx_word' id='word_1_127' title='bbox 1350 1946 1455 2002; x_wconf 85' lang='lat' dir='ltr'><strong>vix</strong></span> <span class='ocrx_word' id='word_1_128' title='bbox 1486 1945 1683 2015; x_wconf 90' lang='lat' dir='ltr'><strong>aliqua</strong></span> <span class='ocrx_word' id='word_1_129' title='bbox 1714 1946 1867 2001; x_wconf 89' lang='lat' dir='ltr'><strong>unde</strong></span> <span class='ocrx_word' id='word_1_130' title='bbox 1894 1960 2055 2001; x_wconf 55' lang='lat' dir='ltr'><strong>eme-</strong></span> 
     </span>
    </p>
   </div>
   <div class='ocr_carea' id='block_1_21' title="bbox 356 2033 2055 2104">
    <p class='ocr_par' dir='ltr' id='par_1_21' title="bbox 356 2033 2055 2104">
     <span class='ocr_line' id='line_1_21' title="bbox 356 2033 2055 2104; baseline 0.001 -16"><span class='ocrx_word' id='word_1_131' title='bbox 356 2040 557 2088; x_wconf 92' lang='lat' dir='ltr'><strong>rentur</strong></span> <span class='ocrx_word' id='word_1_132' title='bbox 613 2034 905 2089; x_wconf 87' lang='lat' dir='ltr'><strong>haberent.</strong></span> <span class='ocrx_word' id='word_1_133' title='bbox 954 2034 1079 2089; x_wconf 84' lang='lat' dir='ltr'><strong>Jam</strong></span> <span class='ocrx_word' id='word_1_134' title='bbox 1132 2034 1368 2103; x_wconf 91' lang='lat' dir='ltr'><strong>inopum</strong></span> <span class='ocrx_word' id='word_1_135' title='bbox 1427 2047 1629 2104; x_wconf 84' lang='lat' dir='ltr'><strong>greges</strong></span> <span class='ocrx_word' id='word_1_136' title='bbox 1659 2033 2055 2090; x_wconf 89' lang='lat' dir='ltr'><strong>addidicerant</strong></span> 
     </span>
    </p>
   </div>
   <div class='ocr_carea' id='block_1_22' title="bbox 357 2122 2050 2193">
    <p class='ocr_par' dir='ltr' id='par_1_22' title="bbox 357 2122 2050 2193">
     <span class='ocr_line' id='line_1_22' title="bbox 357 2122 2050 2193; baseline 0.001 -17"><span class='ocrx_word' id='word_1_137' title='bbox 357 2122 671 2177; x_wconf 86' lang='lat' dir='ltr'><strong>herbarum</strong></span> <span class='ocrx_word' id='word_1_138' title='bbox 718 2130 918 2193; x_wconf 91' lang='lat' dir='ltr'><strong>sponte</strong></span> <span class='ocrx_word' id='word_1_139' title='bbox 987 2123 1346 2178; x_wconf 90' lang='lat' dir='ltr'><strong>nascentium</strong></span> <span class='ocrx_word' id='word_1_140' title='bbox 1416 2122 1677 2177; x_wconf 88' lang='lat' dir='ltr'><strong>victitare</strong></span> <span class='ocrx_word' id='word_1_141' title='bbox 1736 2122 2050 2187; x_wconf 90' lang='lat' dir='ltr'><strong>radicibus,</strong></span> 
     </span>
    </p>
   </div>
   <div class='ocr_carea' id='block_1_23' title="bbox 357 2210 2051 2280">
    <p class='ocr_par' dir='ltr' id='par_1_23' title="bbox 357 2210 2051 2280">
     <span class='ocr_line' id='line_1_23' title="bbox 357 2210 2051 2280; baseline -0.001 -14"><span class='ocrx_word' id='word_1_142' title='bbox 357 2211 497 2266; x_wconf 92' lang='lat' dir='ltr'><strong>dum</strong></span> <span class='ocrx_word' id='word_1_143' title='bbox 532 2211 697 2279; x_wconf 87' lang='lat' dir='ltr'><strong>panis</strong></span> <span class='ocrx_word' id='word_1_144' title='bbox 737 2211 1017 2266; x_wconf 86' lang='lat' dir='ltr'><strong>rarissimi</strong></span> <span class='ocrx_word' id='word_1_145' title='bbox 1059 2211 1413 2280; x_wconf 88' lang='lat' dir='ltr'><strong>parcitatem,</strong></span> <span class='ocrx_word' id='word_1_146' title='bbox 1455 2211 1832 2279; x_wconf 68' lang='lat' dir='ltr'><strong>quzesitarum</strong></span> <span class='ocrx_word' id='word_1_147' title='bbox 1869 2210 2051 2266; x_wconf 87' lang='lat' dir='ltr'><strong>unde-</strong></span> 
     </span>
    </p>
   </div>
   <div class='ocr_carea' id='block_1_24' title="bbox 357 2297 2050 2369">
    <p class='ocr_par' dir='ltr' id='par_1_24' title="bbox 357 2297 2050 2369">
     <span class='ocr_line' id='line_1_24' title="bbox 357 2297 2050 2369; baseline -0.002 -14"><span class='ocrx_word' id='word_1_148' title='bbox 357 2313 589 2369; x_wconf 92' lang='lat' dir='ltr'><strong>cunque</strong></span> <span class='ocrx_word' id='word_1_149' title='bbox 636 2312 897 2354; x_wconf 88' lang='lat' dir='ltr'><strong>escarum</strong></span> <span class='ocrx_word' id='word_1_150' title='bbox 946 2298 1138 2353; x_wconf 91' lang='lat' dir='ltr'><strong>edulio</strong></span> <span class='ocrx_word' id='word_1_151' title='bbox 1215 2297 1587 2367; x_wconf 89' lang='lat' dir='ltr'><strong>propensiore</strong></span> <span class='ocrx_word' id='word_1_152' title='bbox 1658 2305 2050 2366; x_wconf 89' lang='lat' dir='ltr'><strong>compensant.</strong></span> 
     </span>
    </p>
   </div>
   <div class='ocr_carea' id='block_1_25' title="bbox 355 2385 2052 2456">
    <p class='ocr_par' dir='ltr' id='par_1_25' title="bbox 355 2385 2052 2456">
     <span class='ocr_line' id='line_1_25' title="bbox 355 2385 2052 2456; baseline 0.001 -15"><span class='ocrx_word' id='word_1_153' title='bbox 355 2388 694 2443; x_wconf 90' lang='lat' dir='ltr'><strong>Immiuebat</strong></span> <span class='ocrx_word' id='word_1_154' title='bbox 724 2387 893 2456; x_wconf 91' lang='lat' dir='ltr'><strong>plane</strong></span> <span class='ocrx_word' id='word_1_155' title='bbox 940 2387 1112 2441; x_wconf 92' lang='lat' dir='ltr'><strong>etiam</strong></span> <span class='ocrx_word' id='word_1_156' title='bbox 1155 2386 1537 2455; x_wconf 85' lang='lat' dir='ltr'><strong>potentiorum</strong></span> <span class='ocrx_word' id='word_1_157' title='bbox 1582 2385 1881 2442; x_wconf 88' lang='lat' dir='ltr'><strong>obtutibus</strong></span> <span class='ocrx_word' id='word_1_158' title='bbox 1929 2399 2052 2442; x_wconf 88' lang='lat' dir='ltr'><strong>om-</strong></span> 
     </span>
    </p>
   </div>
   <div class='ocr_carea' id='block_1_26' title="bbox 356 2473 2052 2539">
    <p class='ocr_par' dir='ltr' id='par_1_26' title="bbox 356 2473 2052 2539">
     <span class='ocr_line' id='line_1_26' title="bbox 356 2473 2052 2539; baseline -0.001 -8"><span class='ocrx_word' id='word_1_159' title='bbox 356 2476 518 2531; x_wconf 92' lang='lat' dir='ltr'><strong>nium</strong></span> <span class='ocrx_word' id='word_1_160' title='bbox 544 2475 921 2530; x_wconf 65' lang='lat' dir='ltr'><strong>aestimatione</strong></span> <span class='ocrx_word' id='word_1_161' title='bbox 950 2473 1308 2529; x_wconf 87' lang='lat' dir='ltr'><strong>conclamata</strong></span> <span class='ocrx_word' id='word_1_162' title='bbox 1354 2473 1607 2539; x_wconf 88' lang='lat' dir='ltr'><strong>miseria,</strong></span> <span class='ocrx_word' id='word_1_163' title='bbox 1650 2481 1705 2529; x_wconf 94' lang='lat' dir='ltr'><strong>et</strong></span> <span class='ocrx_word' id='word_1_164' title='bbox 1743 2473 1882 2529; x_wconf 93' lang='lat' dir='ltr'><strong>dum</strong></span> <span class='ocrx_word' id='word_1_165' title='bbox 1927 2475 2052 2530; x_wconf 92' lang='lat' dir='ltr'><strong>sin-</strong></span> 
     </span>
    </p>
   </div>
   <div class='ocr_carea' id='block_1_27' title="bbox 357 2560 2049 2632">
    <p class='ocr_par' dir='ltr' id='par_1_27' title="bbox 357 2560 2049 2632">
     <span class='ocr_line' id='line_1_27' title="bbox 357 2560 2049 2632; baseline 0.001 -16"><span class='ocrx_word' id='word_1_166' title='bbox 357 2560 532 2632; x_wconf 91' lang='lat' dir='ltr'><strong>gulus</strong></span> <span class='ocrx_word' id='word_1_167' title='bbox 560 2561 821 2631; x_wconf 89' lang='lat' dir='ltr'><strong>quilibet,</strong></span> <span class='ocrx_word' id='word_1_168' title='bbox 869 2560 1031 2631; x_wconf 89' lang='lat' dir='ltr'><strong>vulgi</strong></span> <span class='ocrx_word' id='word_1_169' title='bbox 1077 2560 1302 2615; x_wconf 90' lang='lat' dir='ltr'><strong>minimi</strong></span> <span class='ocrx_word' id='word_1_170' title='bbox 1347 2574 1446 2629; x_wconf 92' lang='lat' dir='ltr'><strong>per</strong></span> <span class='ocrx_word' id='word_1_171' title='bbox 1481 2561 1770 2617; x_wconf 88' lang='lat' dir='ltr'><strong>crudelem</strong></span> <span class='ocrx_word' id='word_1_172' title='bbox 1803 2562 2049 2618; x_wconf 91' lang='lat' dir='ltr'><strong>inediam</strong></span> 
     </span>
    </p>
   </div>
   <div class='ocr_carea' id='block_1_28' title="bbox 356 2648 2052 2722">
    <p class='ocr_par' dir='ltr' id='par_1_28' title="bbox 356 2648 2052 2722">
     <span class='ocr_line' id='line_1_28' title="bbox 356 2648 2052 2722; baseline 0.001 -17"><span class='ocrx_word' id='word_1_173' title='bbox 356 2648 680 2705; x_wconf 90' lang='lat' dir='ltr'><strong>considerat</strong></span> <span class='ocrx_word' id='word_1_174' title='bbox 701 2648 999 2717; x_wconf 89' lang='lat' dir='ltr'><strong>torsiones,</strong></span> <span class='ocrx_word' id='word_1_175' title='bbox 1046 2649 1259 2704; x_wconf 89' lang='lat' dir='ltr'><strong>indicta</strong></span> <span class='ocrx_word' id='word_1_176' title='bbox 1300 2648 1403 2704; x_wconf 92' lang='lat' dir='ltr'><strong>sibi</strong></span> <span class='ocrx_word' id='word_1_177' title='bbox 1438 2650 1795 2718; x_wconf 92' lang='lat' dir='ltr'><strong>parcimonia</strong></span> <span class='ocrx_word' id='word_1_178' title='bbox 1826 2652 2052 2722; x_wconf 87' lang='lat' dir='ltr'><strong>magnis</strong></span> 
     </span>
    </p>
   </div>
   <div class='ocr_carea' id='block_1_29' title="bbox 356 2735 2049 2807">
    <p class='ocr_par' dir='ltr' id='par_1_29' title="bbox 356 2735 2049 2807">
     <span class='ocr_line' id='line_1_29' title="bbox 356 2735 2049 2807; baseline 0.002 -16"><span class='ocrx_word' id='word_1_179' title='bbox 356 2735 649 2791; x_wconf 88' lang='lat' dir='ltr'><strong>elaborare</strong></span> <span class='ocrx_word' id='word_1_180' title='bbox 686 2735 996 2791; x_wconf 90' lang='lat' dir='ltr'><strong>sudoribus</strong></span> <span class='ocrx_word' id='word_1_181' title='bbox 1030 2736 1253 2804; x_wconf 86' lang='lat' dir='ltr'><strong>metuit,</strong></span> <span class='ocrx_word' id='word_1_182' title='bbox 1308 2750 1380 2792; x_wconf 92' lang='lat' dir='ltr'><strong>ne</strong></span> <span class='ocrx_word' id='word_1_183' title='bbox 1418 2744 1655 2807; x_wconf 91' lang='lat' dir='ltr'><strong>sumptu</strong></span> <span class='ocrx_word' id='word_1_184' title='bbox 1707 2737 1857 2793; x_wconf 83' lang='lat' dir='ltr'><strong>facili</strong></span> <span class='ocrx_word' id='word_1_185' title='bbox 1898 2739 2049 2794; x_wconf 90' lang='lat' dir='ltr'><strong>dila-</strong></span> 
     </span>
    </p>
   </div>
   <div class='ocr_carea' id='block_1_30' title="bbox 356 2822 2049 2896">
    <p class='ocr_par' dir='ltr' id='par_1_30' title="bbox 356 2822 2049 2896">
     <span class='ocr_line' id='line_1_30' title="bbox 356 2822 2049 2896; baseline 0.003 -20"><span class='ocrx_word' id='word_1_186' title='bbox 356 2822 628 2891; x_wconf 89' lang='lat' dir='ltr'><strong>pidentur</strong></span> <span class='ocrx_word' id='word_1_187' title='bbox 673 2836 827 2892; x_wconf 93' lang='lat' dir='ltr'><strong>opes.</strong></span> <span class='ocrx_word' id='word_1_188' title='bbox 878 2823 1200 2879; x_wconf 86' lang='lat' dir='ltr'><strong>Avarorum</strong></span> <span class='ocrx_word' id='word_1_189' title='bbox 1250 2824 1545 2879; x_wconf 91' lang='lat' dir='ltr'><strong>sitibunda</strong></span> <span class='ocrx_word' id='word_1_190' title='bbox 1580 2825 1912 2893; x_wconf 74' lang='lat' dir='ltr'><strong>praecordia,</strong></span> <span class='ocrx_word' id='word_1_191' title='bbox 1947 2826 2049 2896; x_wconf 91' lang='lat' dir='ltr'><strong>qui</strong></span> 
     </span>
    </p>
   </div>
   <div class='ocr_carea' id='block_1_31' title="bbox 357 2909 2043 2982">
    <p class='ocr_par' dir='ltr' id='par_1_31' title="bbox 357 2909 2043 2982">
     <span class='ocr_line' id='line_1_31' title="bbox 357 2909 2043 2982; baseline 0.004 -18"><span class='ocrx_word' id='word_1_192' title='bbox 357 2915 612 2978; x_wconf 89' lang='lat' dir='ltr'><strong>tempora</strong></span> <span class='ocrx_word' id='word_1_193' title='bbox 666 2909 1013 2966; x_wconf 75' lang='lat' dir='ltr'><strong>laetabantur</strong></span> <span class='ocrx_word' id='word_1_194' title='bbox 1065 2911 1318 2966; x_wconf 89' lang='lat' dir='ltr'><strong>cruentis</strong></span> <span class='ocrx_word' id='word_1_195' title='bbox 1391 2912 1647 2967; x_wconf 89' lang='lat' dir='ltr'><strong>arridere</strong></span> <span class='ocrx_word' id='word_1_196' title='bbox 1709 2912 2043 2982; x_wconf 61' lang='lat' dir='ltr'><strong>faenoribus,</strong></span> 
     </span>
    </p>
   </div>
   <div class='ocr_carea' id='block_1_32' title="bbox 356 2996 2048 3071">
    <p class='ocr_par' dir='ltr' id='par_1_32' title="bbox 356 2996 2048 3071">
     <span class='ocr_line' id='line_1_32' title="bbox 356 2996 2048 3071; baseline 0.003 -19"><span class='ocrx_word' id='word_1_197' title='bbox 356 2996 497 3053; x_wconf 90' lang='lat' dir='ltr'><strong>dum</strong></span> <span class='ocrx_word' id='word_1_198' title='bbox 545 2997 763 3053; x_wconf 91' lang='lat' dir='ltr'><strong>modios</strong></span> <span class='ocrx_word' id='word_1_199' title='bbox 810 2998 912 3054; x_wconf 93' lang='lat' dir='ltr'><strong>diu</strong></span> <span class='ocrx_word' id='word_1_200' title='bbox 952 3008 1195 3055; x_wconf 76' lang='lat' dir='ltr'><strong>servatae</strong></span> <span class='ocrx_word' id='word_1_201' title='bbox 1237 2998 1423 3071; x_wconf 80' lang='lat' dir='ltr'><strong>frugis</strong></span> <span class='ocrx_word' id='word_1_202' title='bbox 1455 3000 1782 3069; x_wconf 91' lang='lat' dir='ltr'><strong>intendunt,</strong></span> <span class='ocrx_word' id='word_1_203' title='bbox 1829 3003 2048 3059; x_wconf 83' lang='lat' dir='ltr'><strong>crebris</strong></span> 
     </span>
    </p>
   </div>
   <div class='ocr_carea' id='block_1_33' title="bbox 2170 618 3885 689">
    <p class='ocr_par' dir='ltr' id='par_1_33' title="bbox 2170 618 3885 689">
     <span class='ocr_line' id='line_1_33' title="bbox 2170 618 3885 689; baseline -0.002 -14"><span class='ocrx_word' id='word_1_204' title='bbox 2170 634 2316 689; x_wconf 92' lang='lat' dir='ltr'><strong>quos</strong></span> <span class='ocrx_word' id='word_1_205' title='bbox 2348 620 2509 675; x_wconf 90' lang='lat' dir='ltr'><strong>nulla</strong></span> <span class='ocrx_word' id='word_1_206' title='bbox 2538 620 2730 675; x_wconf 89' lang='lat' dir='ltr'><strong>adhuc</strong></span> <span class='ocrx_word' id='word_1_207' title='bbox 2756 619 2929 675; x_wconf 90' lang='lat' dir='ltr'><strong>eundi</strong></span> <span class='ocrx_word' id='word_1_208' title='bbox 2956 619 3227 674; x_wconf 90' lang='lat' dir='ltr'><strong>voluntas</strong></span> <span class='ocrx_word' id='word_1_209' title='bbox 3267 618 3557 689; x_wconf 85' lang='lat' dir='ltr'><strong>attigerat,</strong></span> <span class='ocrx_word' id='word_1_210' title='bbox 3587 620 3728 673; x_wconf 91' lang='lat' dir='ltr'><strong>dum</strong></span> <span class='ocrx_word' id='word_1_211' title='bbox 3774 618 3885 672; x_wconf 90' lang='lat' dir='ltr'><strong>ho-</strong></span> 
     </span>
    </p>
   </div>
   <div class='ocr_carea' id='block_1_34' title="bbox 2169 706 3881 777">
    <p class='ocr_par' dir='ltr' id='par_1_34' title="bbox 2169 706 3881 777">
     <span class='ocr_line' id='line_1_34' title="bbox 2169 706 3881 777; baseline -0.001 -14"><span class='ocrx_word' id='word_1_212' title='bbox 2169 707 2258 763; x_wconf 89' lang='lat' dir='ltr'><strong>die</strong></span> <span class='ocrx_word' id='word_1_213' title='bbox 2288 722 2462 777; x_wconf 89' lang='lat' dir='ltr'><strong>super</strong></span> <span class='ocrx_word' id='word_1_214' title='bbox 2486 708 2815 763; x_wconf 91' lang='lat' dir='ltr'><strong>omuimoda</strong></span> <span class='ocrx_word' id='word_1_215' title='bbox 2846 707 3092 762; x_wconf 90' lang='lat' dir='ltr'><strong>aliorum</strong></span> <span class='ocrx_word' id='word_1_216' title='bbox 3134 706 3462 761; x_wconf 91' lang='lat' dir='ltr'><strong>venditione</strong></span> <span class='ocrx_word' id='word_1_217' title='bbox 3492 707 3881 770; x_wconf 81' lang='lat' dir='ltr'><strong>cachinnant,</strong></span> 
     </span>
    </p>
   </div>
   <div class='ocr_carea' id='block_1_35' title="bbox 2167 794 3880 865">
    <p class='ocr_par' dir='ltr' id='par_1_35' title="bbox 2167 794 3880 865">
     <span class='ocr_line' id='line_1_35' title="bbox 2167 794 3880 865; baseline -0.001 -14"><span class='ocrx_word' id='word_1_218' title='bbox 2167 797 2306 852; x_wconf 91' lang='lat' dir='ltr'><strong>dum</strong></span> <span class='ocrx_word' id='word_1_219' title='bbox 2340 810 2435 851; x_wconf 91' lang='lat' dir='ltr'><strong>cos</strong></span> <span class='ocrx_word' id='word_1_220' title='bbox 2476 797 2679 851; x_wconf 89' lang='lat' dir='ltr'><strong>misere</strong></span> <span class='ocrx_word' id='word_1_221' title='bbox 2728 796 2909 851; x_wconf 90' lang='lat' dir='ltr'><strong>ituros</strong></span> <span class='ocrx_word' id='word_1_222' title='bbox 2947 795 3332 865; x_wconf 86' lang='lat' dir='ltr'><strong>miseriusque</strong></span> <span class='ocrx_word' id='word_1_223' title='bbox 3372 795 3658 851; x_wconf 89' lang='lat' dir='ltr'><strong>redituros</strong></span> <span class='ocrx_word' id='word_1_224' title='bbox 3705 794 3880 849; x_wconf 78' lang='lat' dir='ltr'><strong>affir-</strong></span> 
     </span>
    </p>
   </div>
   <div class='ocr_carea' id='block_1_36' title="bbox 2168 881 3881 953">
    <p class='ocr_par' dir='ltr' id='par_1_36' title="bbox 2168 881 3881 953">
     <span class='ocr_line' id='line_1_36' title="bbox 2168 881 3881 953; baseline -0.002 -14"><span class='ocrx_word' id='word_1_225' title='bbox 2168 894 2347 953; x_wconf 90' lang='lat' dir='ltr'><strong>mant,</strong></span> <span class='ocrx_word' id='word_1_226' title='bbox 2387 886 2444 940; x_wconf 93' lang='lat' dir='ltr'><strong>in</strong></span> <span class='ocrx_word' id='word_1_227' title='bbox 2475 884 2794 940; x_wconf 89' lang='lat' dir='ltr'><strong>crastinum</strong></span> <span class='ocrx_word' id='word_1_228' title='bbox 2853 885 3155 952; x_wconf 88' lang='lat' dir='ltr'><strong>repentino</strong></span> <span class='ocrx_word' id='word_1_229' title='bbox 3204 882 3478 938; x_wconf 89' lang='lat' dir='ltr'><strong>instinctu</strong></span> <span class='ocrx_word' id='word_1_230' title='bbox 3528 897 3632 953; x_wconf 91' lang='lat' dir='ltr'><strong>pro</strong></span> <span class='ocrx_word' id='word_1_231' title='bbox 3665 881 3881 952; x_wconf 88' lang='lat' dir='ltr'><strong>paucis</strong></span> 
     </span>
    </p>
   </div>
   <div class='ocr_carea' id='block_1_37' title="bbox 2165 971 3879 1042">
    <p class='ocr_par' dir='ltr' id='par_1_37' title="bbox 2165 971 3879 1042">
     <span class='ocr_line' id='line_1_37' title="bbox 2165 971 3879 1042; baseline -0.001 -14"><span class='ocrx_word' id='word_1_232' title='bbox 2165 972 2485 1028; x_wconf 91' lang='lat' dir='ltr'><strong>nummulis</strong></span> <span class='ocrx_word' id='word_1_233' title='bbox 2538 986 2646 1027; x_wconf 90' lang='lat' dir='ltr'><strong>sua</strong></span> <span class='ocrx_word' id='word_1_234' title='bbox 2696 980 2815 1027; x_wconf 92' lang='lat' dir='ltr'><strong>tota</strong></span> <span class='ocrx_word' id='word_1_235' title='bbox 2870 972 3176 1039; x_wconf 85' lang='lat' dir='ltr'><strong>tradentes,</strong></span> <span class='ocrx_word' id='word_1_236' title='bbox 3253 986 3386 1027; x_wconf 91' lang='lat' dir='ltr'><strong>cum</strong></span> <span class='ocrx_word' id='word_1_237' title='bbox 3447 972 3528 1027; x_wconf 90' lang='lat' dir='ltr'><strong>eis</strong></span> <span class='ocrx_word' id='word_1_238' title='bbox 3593 971 3879 1042; x_wconf 83' lang='lat' dir='ltr'><strong>protisce-</strong></span> 
     </span>
    </p>
   </div>
   <div class='ocr_carea' id='block_1_38' title="bbox 2165 1061 2851 1132">
    <p class='ocr_par' dir='ltr' id='par_1_38' title="bbox 2165 1061 2851 1132">
     <span class='ocr_line' id='line_1_38' title="bbox 2165 1061 2851 1132; baseline -0.003 -15"><span class='ocrx_word' id='word_1_239' title='bbox 2165 1061 2382 1117; x_wconf 91' lang='lat' dir='ltr'><strong>bantur</strong></span> <span class='ocrx_word' id='word_1_240' title='bbox 2410 1075 2556 1132; x_wconf 93' lang='lat' dir='ltr'><strong>quos</strong></span> <span class='ocrx_word' id='word_1_241' title='bbox 2588 1061 2851 1117; x_wconf 89' lang='lat' dir='ltr'><strong>riserant.</strong></span> 
     </span>
    </p>
   </div>
   <div class='ocr_carea' id='block_1_39' title="bbox 2162 1198 3611 1271">
    <p class='ocr_par' dir='ltr' id='par_1_39' title="bbox 2162 1198 3611 1271">
     <span class='ocr_line' id='line_1_39' title="bbox 2162 1198 3611 1271; baseline -0.001 -16"><span class='ocrx_word' id='word_1_242' title='bbox 2162 1198 2301 1267; x_wconf 88' lang='lat' dir='ltr'><strong>Quis</strong></span> <span class='ocrx_word' id='word_1_243' title='bbox 2331 1214 2555 1270; x_wconf 91' lang='lat' dir='ltr'><strong>pueros,</strong></span> <span class='ocrx_word' id='word_1_244' title='bbox 2589 1200 2688 1271; x_wconf 91' lang='lat' dir='ltr'><strong>qui</strong></span> <span class='ocrx_word' id='word_1_245' title='bbox 2720 1200 2871 1257; x_wconf 89' lang='lat' dir='ltr'><strong>dicat</strong></span> <span class='ocrx_word' id='word_1_246' title='bbox 2896 1214 3046 1256; x_wconf 90' lang='lat' dir='ltr'><strong>anus</strong></span> <span class='ocrx_word' id='word_1_247' title='bbox 3077 1200 3147 1256; x_wconf 94' lang='lat' dir='ltr'><strong>ad</strong></span> <span class='ocrx_word' id='word_1_248' title='bbox 3180 1200 3328 1256; x_wconf 91' lang='lat' dir='ltr'><strong>bella</strong></span> <span class='ocrx_word' id='word_1_249' title='bbox 3356 1200 3611 1256; x_wconf 86' lang='lat' dir='ltr'><strong>moveri?</strong></span> 
     </span>
    </p>
   </div>
   <div class='ocr_carea' id='block_1_40' title="bbox 2234 1288 3531 1359">
    <p class='ocr_par' dir='ltr' id='par_1_40' title="bbox 2234 1288 3531 1359">
     <span class='ocr_line' id='line_1_40' title="bbox 2234 1288 3531 1359; baseline 0 -16"><span class='ocrx_word' id='word_1_250' title='bbox 2234 1290 2371 1352; x_wconf 88' lang='lat' dir='ltr'><strong>Quis</strong></span> <span class='ocrx_word' id='word_1_251' title='bbox 2400 1288 2528 1359; x_wconf 91' lang='lat' dir='ltr'><strong>quit</strong></span> <span class='ocrx_word' id='word_1_252' title='bbox 2558 1289 2847 1359; x_wconf 85' lang='lat' dir='ltr'><strong>virgineas</strong></span> <span class='ocrx_word' id='word_1_253' title='bbox 2876 1302 3260 1347; x_wconf 88' lang='lat' dir='ltr'><strong>aunumerare</strong></span> <span class='ocrx_word' id='word_1_254' title='bbox 3287 1289 3531 1344; x_wconf 84' lang='lat' dir='ltr'><strong>manus?</strong></span> 
     </span>
    </p>
   </div>
   <div class='ocr_carea' id='block_1_41' title="bbox 2162 1375 3685 1448">
    <p class='ocr_par' dir='ltr' id='par_1_41' title="bbox 2162 1375 3685 1448">
     <span class='ocr_line' id='line_1_41' title="bbox 2162 1375 3685 1448; baseline 0 -17"><span class='ocrx_word' id='word_1_255' title='bbox 2162 1376 2302 1441; x_wconf 87' lang='lat' dir='ltr'><strong>Quis</strong></span> <span class='ocrx_word' id='word_1_256' title='bbox 2334 1376 2540 1433; x_wconf 80' lang='lat' dir='ltr'><strong>referat</strong></span> <span class='ocrx_word' id='word_1_257' title='bbox 2571 1377 2794 1433; x_wconf 88' lang='lat' dir='ltr'><strong>senium</strong></span> <span class='ocrx_word' id='word_1_258' title='bbox 2826 1378 3045 1447; x_wconf 87' lang='lat' dir='ltr'><strong>trepida</strong></span> <span class='ocrx_word' id='word_1_259' title='bbox 3064 1379 3346 1448; x_wconf 88' lang='lat' dir='ltr'><strong>gravitate</strong></span> <span class='ocrx_word' id='word_1_260' title='bbox 3377 1375 3685 1432; x_wconf 77' lang='lat' dir='ltr'><strong>fatiscens?</strong></span> 
     </span>
    </p>
   </div>
   <div class='ocr_carea' id='block_1_42' title="bbox 2165 1464 3617 1535">
    <p class='ocr_par' dir='ltr' id='par_1_42' title="bbox 2165 1464 3617 1535">
     <span class='ocr_line' id='line_1_42' title="bbox 2165 1464 3617 1535; baseline -0.001 -15"><span class='ocrx_word' id='word_1_261' title='bbox 2165 1464 2317 1520; x_wconf 88' lang='lat' dir='ltr'><strong>Bella</strong></span> <span class='ocrx_word' id='word_1_262' title='bbox 2346 1473 2563 1520; x_wconf 89' lang='lat' dir='ltr'><strong>canunt</strong></span> <span class='ocrx_word' id='word_1_263' title='bbox 2587 1479 2805 1532; x_wconf 91' lang='lat' dir='ltr'><strong>omnes,</strong></span> <span class='ocrx_word' id='word_1_264' title='bbox 2838 1480 2942 1520; x_wconf 90' lang='lat' dir='ltr'><strong>nec</strong></span> <span class='ocrx_word' id='word_1_265' title='bbox 2970 1480 3029 1520; x_wconf 93' lang='lat' dir='ltr'><strong>se</strong></span> <span class='ocrx_word' id='word_1_266' title='bbox 3056 1479 3314 1535; x_wconf 89' lang='lat' dir='ltr'><strong>pugnare</strong></span> <span class='ocrx_word' id='word_1_267' title='bbox 3347 1464 3617 1519; x_wconf 87' lang='lat' dir='ltr'><strong>fatentur.</strong></span> 
     </span>
    </p>
   </div>
   <div class='ocr_carea' id='block_1_43' title="bbox 2163 1552 3655 1623">
    <p class='ocr_par' dir='ltr' id='par_1_43' title="bbox 2163 1552 3655 1623">
     <span class='ocr_line' id='line_1_43' title="bbox 2163 1552 3655 1623; baseline -0.002 -16"><span class='ocrx_word' id='word_1_268' title='bbox 2163 1553 2498 1623; x_wconf 80' lang='lat' dir='ltr'><strong>Martyrium</strong></span> <span class='ocrx_word' id='word_1_269' title='bbox 2528 1554 2831 1622; x_wconf 90' lang='lat' dir='ltr'><strong>spondent,</strong></span> <span class='ocrx_word' id='word_1_270' title='bbox 2868 1552 3073 1623; x_wconf 87' lang='lat' dir='ltr'><strong>gladiis</strong></span> <span class='ocrx_word' id='word_1_271' title='bbox 3106 1554 3195 1608; x_wconf 91' lang='lat' dir='ltr'><strong>vel</strong></span> <span class='ocrx_word' id='word_1_272' title='bbox 3228 1552 3371 1607; x_wconf 87' lang='lat' dir='ltr'><strong>colla</strong></span> <span class='ocrx_word' id='word_1_273' title='bbox 3396 1552 3655 1607; x_wconf 85' lang='lat' dir='ltr'><strong>daturos.</strong></span> 
     </span>
    </p>
   </div>
   <div class='ocr_carea' id='block_1_44' title="bbox 2168 1638 3686 1709">
    <p class='ocr_par' dir='ltr' id='par_1_44' title="bbox 2168 1638 3686 1709">
     <span class='ocr_line' id='line_1_44' title="bbox 2168 1638 3686 1709; baseline 0.001 -16"><span class='ocrx_word' id='word_1_274' title='bbox 2168 1660 2189 1686; x_wconf 77' lang='grc' dir='ltr'><strong>ι</strong></span> <span class='ocrx_word' id='word_1_275' title='bbox 2228 1638 2341 1694; x_wconf 90' lang='lat' dir='ltr'><strong>Vos</strong></span> <span class='ocrx_word' id='word_1_276' title='bbox 2365 1638 2627 1709; x_wconf 87' lang='lat' dir='ltr'><strong>juvenes,</strong></span> <span class='ocrx_word' id='word_1_277' title='bbox 2658 1642 2841 1707; x_wconf 90' lang='lat' dir='ltr'><strong>aiunt,</strong></span> <span class='ocrx_word' id='word_1_278' title='bbox 2877 1642 3146 1696; x_wconf 88' lang='lat' dir='ltr'><strong>manibus</strong></span> <span class='ocrx_word' id='word_1_279' title='bbox 3176 1640 3493 1695; x_wconf 88' lang='lat' dir='ltr'><strong>tractabitis</strong></span> <span class='ocrx_word' id='word_1_280' title='bbox 3521 1652 3686 1695; x_wconf 87' lang='lat' dir='ltr'><strong>enses</strong></span> 
     </span>
    </p>
   </div>
   <div class='ocr_carea' id='block_1_45' title="bbox 2164 1728 3646 1785">
    <p class='ocr_par' dir='ltr' id='par_1_45' title="bbox 2164 1728 3646 1785">
     <span class='ocr_line' id='line_1_45' title="bbox 2164 1728 3646 1785; baseline -0.001 -3"><span class='ocrx_word' id='word_1_281' title='bbox 2164 1728 2237 1783; x_wconf 86' lang='lat' dir='ltr'><strong>At</strong></span> <span class='ocrx_word' id='word_1_282' title='bbox 2268 1743 2371 1783; x_wconf 90' lang='lat' dir='ltr'><strong>nos</strong></span> <span class='ocrx_word' id='word_1_283' title='bbox 2404 1728 2494 1784; x_wconf 88' lang='lat' dir='ltr'><strong>hic</strong></span> <span class='ocrx_word' id='word_1_284' title='bbox 2519 1728 2685 1784; x_wconf 88' lang='lat' dir='ltr'><strong>liceat</strong></span> <span class='ocrx_word' id='word_1_285' title='bbox 2716 1730 3005 1785; x_wconf 80' lang='lat' dir='ltr'><strong>Christum</strong></span> <span class='ocrx_word' id='word_1_286' title='bbox 3039 1729 3331 1785; x_wconf 88' lang='lat' dir='ltr'><strong>tolerando</strong></span> <span class='ocrx_word' id='word_1_287' title='bbox 3362 1728 3587 1784; x_wconf 87' lang='lat' dir='ltr'><strong>mereri.</strong></span> <span class='ocrx_word' id='word_1_288' title='bbox 3618 1749 3646 1775; x_wconf 71' lang='grc' dir='ltr'><strong>ιι</strong></span> 
     </span>
    </p>
   </div>
   <div class='ocr_carea' id='block_1_46' title="bbox 2240 1869 3871 1937">
    <p class='ocr_par' dir='ltr' id='par_1_46' title="bbox 2240 1869 3871 1937">
     <span class='ocr_line' id='line_1_46' title="bbox 2240 1869 3871 1937; baseline -0.001 -12"><span class='ocrx_word' id='word_1_289' title='bbox 2240 1870 2393 1926; x_wconf 89' lang='lat' dir='ltr'><strong>Licet</strong></span> <span class='ocrx_word' id='word_1_290' title='bbox 2435 1871 2587 1926; x_wconf 92' lang='lat' dir='ltr'><strong>enim</strong></span> <span class='ocrx_word' id='word_1_291' title='bbox 2630 1870 3053 1927; x_wconf 76' lang='lat' dir='ltr'><strong>zemulationem</strong></span> <span class='ocrx_word' id='word_1_292' title='bbox 3094 1870 3191 1926; x_wconf 92' lang='lat' dir='ltr'><strong>Dei</strong></span> <span class='ocrx_word' id='word_1_293' title='bbox 3243 1869 3454 1925; x_wconf 90' lang='lat' dir='ltr'><strong>habere</strong></span> <span class='ocrx_word' id='word_1_294' title='bbox 3499 1869 3871 1937; x_wconf 88' lang='lat' dir='ltr'><strong>viderentur,</strong></span> 
     </span>
    </p>
   </div>
   <div class='ocr_carea' id='block_1_47' title="bbox 2161 1957 3875 2028">
    <p class='ocr_par' dir='ltr' id='par_1_47' title="bbox 2161 1957 3875 2028">
     <span class='ocr_line' id='line_1_47' title="bbox 2161 1957 3875 2028; baseline -0.001 -14"><span class='ocrx_word' id='word_1_295' title='bbox 2161 1958 2261 2014; x_wconf 91' lang='lat' dir='ltr'><strong>sed</strong></span> <span class='ocrx_word' id='word_1_296' title='bbox 2295 1973 2409 2015; x_wconf 92' lang='lat' dir='ltr'><strong>non</strong></span> <span class='ocrx_word' id='word_1_297' title='bbox 2448 1959 2767 2015; x_wconf 88' lang='lat' dir='ltr'><strong>secundum</strong></span> <span class='ocrx_word' id='word_1_298' title='bbox 2794 1959 3110 2026; x_wconf 90' lang='lat' dir='ltr'><strong>scientiam,</strong></span> <span class='ocrx_word' id='word_1_299' title='bbox 3146 1968 3335 2015; x_wconf 91' lang='lat' dir='ltr'><strong>tamen</strong></span> <span class='ocrx_word' id='word_1_300' title='bbox 3368 1959 3517 2013; x_wconf 90' lang='lat' dir='ltr'><strong>Deus</strong></span> <span class='ocrx_word' id='word_1_301' title='bbox 3547 1959 3650 2028; x_wconf 89' lang='lat' dir='ltr'><strong>qui</strong></span> <span class='ocrx_word' id='word_1_302' title='bbox 3681 1957 3875 2013; x_wconf 87' lang='lat' dir='ltr'><strong>multa</strong></span> 
     </span>
    </p>
   </div>
   <div class='ocr_carea' id='block_1_48' title="bbox 2160 2045 3918 2117">
    <p class='ocr_par' dir='ltr' id='par_1_48' title="bbox 2160 2045 3918 2117">
     <span class='ocr_line' id='line_1_48' title="bbox 2160 2045 3918 2117; baseline -0.001 -16"><span class='ocrx_word' id='word_1_303' title='bbox 2160 2060 2307 2101; x_wconf 90' lang='lat' dir='ltr'><strong>vane</strong></span> <span class='ocrx_word' id='word_1_304' title='bbox 2359 2054 2543 2116; x_wconf 73' lang='lat' dir='ltr'><strong>empta</strong></span> <span class='ocrx_word' id='word_1_305' title='bbox 2598 2047 2669 2102; x_wconf 90' lang='lat' dir='ltr'><strong>ad</strong></span> <span class='ocrx_word' id='word_1_306' title='bbox 2744 2048 2905 2117; x_wconf 90' lang='lat' dir='ltr'><strong>pium</strong></span> <span class='ocrx_word' id='word_1_307' title='bbox 2960 2047 3295 2117; x_wconf 87' lang='lat' dir='ltr'><strong>intorquere</strong></span> <span class='ocrx_word' id='word_1_308' title='bbox 3327 2045 3631 2101; x_wconf 88' lang='lat' dir='ltr'><strong>consuevit</strong></span> <span class='ocrx_word' id='word_1_309' title='bbox 3666 2046 3868 2112; x_wconf 87' lang='lat' dir='ltr'><strong>ﬁnem,</strong></span> <span class='ocrx_word' id='word_1_310' title='bbox 3910 2048 3918 2064; x_wconf 92' lang='lat'>&#39;</span> 
     </span>
    </p>
   </div>
   <div class='ocr_carea' id='block_1_49' title="bbox 2160 2133 3875 2205">
    <p class='ocr_par' dir='ltr' id='par_1_49' title="bbox 2160 2133 3875 2205">
     <span class='ocr_line' id='line_1_49' title="bbox 2160 2133 3875 2205; baseline -0.001 -15"><span class='ocrx_word' id='word_1_311' title='bbox 2160 2134 2517 2204; x_wconf 89' lang='lat' dir='ltr'><strong>simplicibus</strong></span> <span class='ocrx_word' id='word_1_312' title='bbox 2550 2134 2780 2191; x_wconf 90' lang='lat' dir='ltr'><strong>illorum</strong></span> <span class='ocrx_word' id='word_1_313' title='bbox 2830 2136 3039 2191; x_wconf 90' lang='lat' dir='ltr'><strong>animis</strong></span> <span class='ocrx_word' id='word_1_314' title='bbox 3069 2134 3443 2205; x_wconf 90' lang='lat' dir='ltr'><strong>comparavit,</strong></span> <span class='ocrx_word' id='word_1_315' title='bbox 3476 2148 3548 2189; x_wconf 91' lang='lat' dir='ltr'><strong>ex</strong></span> <span class='ocrx_word' id='word_1_316' title='bbox 3579 2147 3686 2189; x_wconf 92' lang='lat' dir='ltr'><strong>sua</strong></span> <span class='ocrx_word' id='word_1_317' title='bbox 3721 2133 3875 2203; x_wconf 89' lang='lat' dir='ltr'><strong>ipso-</strong></span> 
     </span>
    </p>
   </div>
   <div class='ocr_carea' id='block_1_50' title="bbox 2160 2223 3869 2291">
    <p class='ocr_par' dir='ltr' id='par_1_50' title="bbox 2160 2223 3869 2291">
     <span class='ocr_line' id='line_1_50' title="bbox 2160 2223 3869 2291; baseline -0.001 -12"><span class='ocrx_word' id='word_1_318' title='bbox 2160 2237 2292 2279; x_wconf 89' lang='lat' dir='ltr'><strong>rum</strong></span> <span class='ocrx_word' id='word_1_319' title='bbox 2322 2224 2471 2279; x_wconf 89' lang='lat' dir='ltr'><strong>bona</strong></span> <span class='ocrx_word' id='word_1_320' title='bbox 2501 2224 2832 2291; x_wconf 89' lang='lat' dir='ltr'><strong>intentione,</strong></span> <span class='ocrx_word' id='word_1_321' title='bbox 2869 2224 3130 2279; x_wconf 89' lang='lat' dir='ltr'><strong>salutem.</strong></span> <span class='ocrx_word' id='word_1_322' title='bbox 3162 2223 3395 2280; x_wconf 88' lang='lat' dir='ltr'><strong>Videres</strong></span> <span class='ocrx_word' id='word_1_323' title='bbox 3431 2224 3643 2278; x_wconf 92' lang='lat' dir='ltr'><strong>mirum</strong></span> <span class='ocrx_word' id='word_1_324' title='bbox 3687 2223 3869 2291; x_wconf 91' lang='lat' dir='ltr'><strong>quid-</strong></span> 
     </span>
    </p>
   </div>
   <div class='ocr_carea' id='block_1_51' title="bbox 2159 2309 3872 2382">
    <p class='ocr_par' dir='ltr' id='par_1_51' title="bbox 2159 2309 3872 2382">
     <span class='ocr_line' id='line_1_51' title="bbox 2159 2309 3872 2382; baseline -0.001 -15"><span class='ocrx_word' id='word_1_325' title='bbox 2159 2312 2313 2379; x_wconf 86' lang='lat' dir='ltr'><strong>dam,</strong></span> <span class='ocrx_word' id='word_1_326' title='bbox 2360 2318 2415 2367; x_wconf 90' lang='lat' dir='ltr'><strong>et</strong></span> <span class='ocrx_word' id='word_1_327' title='bbox 2456 2312 2623 2381; x_wconf 91' lang='lat' dir='ltr'><strong>plane</strong></span> <span class='ocrx_word' id='word_1_328' title='bbox 2664 2313 2792 2381; x_wconf 89' lang='lat' dir='ltr'><strong>joco</strong></span> <span class='ocrx_word' id='word_1_329' title='bbox 2840 2312 3221 2382; x_wconf 89' lang='lat' dir='ltr'><strong>aptissimum,</strong></span> <span class='ocrx_word' id='word_1_330' title='bbox 3268 2323 3551 2380; x_wconf 89' lang='lat' dir='ltr'><strong>pauperes</strong></span> <span class='ocrx_word' id='word_1_331' title='bbox 3598 2309 3872 2366; x_wconf 89' lang='lat' dir='ltr'><strong>videlicet</strong></span> 
     </span>
    </p>
   </div>
   <div class='ocr_carea' id='block_1_52' title="bbox 2160 2397 3865 2470">
    <p class='ocr_par' dir='ltr' id='par_1_52' title="bbox 2160 2397 3865 2470">
     <span class='ocr_line' id='line_1_52' title="bbox 2160 2397 3865 2470; baseline -0.001 -15"><span class='ocrx_word' id='word_1_332' title='bbox 2160 2400 2440 2470; x_wconf 88' lang='lat' dir='ltr'><strong>quosdam</strong></span> <span class='ocrx_word' id='word_1_333' title='bbox 2475 2399 2659 2456; x_wconf 91' lang='lat' dir='ltr'><strong>bobus</strong></span> <span class='ocrx_word' id='word_1_334' title='bbox 2698 2399 2883 2456; x_wconf 92' lang='lat' dir='ltr'><strong>biroto</strong></span> <span class='ocrx_word' id='word_1_335' title='bbox 2927 2398 3231 2470; x_wconf 90' lang='lat' dir='ltr'><strong>applicitis,</strong></span> <span class='ocrx_word' id='word_1_336' title='bbox 3262 2398 3594 2468; x_wconf 88' lang='lat' dir='ltr'><strong>eisdemque</strong></span> <span class='ocrx_word' id='word_1_337' title='bbox 3623 2397 3681 2453; x_wconf 90' lang='lat' dir='ltr'><strong>in</strong></span> <span class='ocrx_word' id='word_1_338' title='bbox 3728 2412 3865 2453; x_wconf 88' lang='lat' dir='ltr'><strong>mo-</strong></span> 
     </span>
    </p>
   </div>
   <div class='ocr_carea' id='block_1_53' title="bbox 2159 2486 3865 2558">
    <p class='ocr_par' dir='ltr' id='par_1_53' title="bbox 2159 2486 3865 2558">
     <span class='ocr_line' id='line_1_53' title="bbox 2159 2486 3865 2558; baseline -0.002 -14"><span class='ocrx_word' id='word_1_339' title='bbox 2159 2488 2298 2544; x_wconf 93' lang='lat' dir='ltr'><strong>dum</strong></span> <span class='ocrx_word' id='word_1_340' title='bbox 2341 2503 2627 2558; x_wconf 90' lang='lat' dir='ltr'><strong>equorum</strong></span> <span class='ocrx_word' id='word_1_341' title='bbox 2676 2489 2921 2556; x_wconf 87' lang='lat' dir='ltr'><strong>ferratis,</strong></span> <span class='ocrx_word' id='word_1_342' title='bbox 2966 2489 3375 2543; x_wconf 90' lang='lat' dir='ltr'><strong>substantiolas</strong></span> <span class='ocrx_word' id='word_1_343' title='bbox 3416 2502 3547 2542; x_wconf 90' lang='lat' dir='ltr'><strong>cum</strong></span> <span class='ocrx_word' id='word_1_344' title='bbox 3596 2486 3865 2556; x_wconf 87' lang='lat' dir='ltr'><strong>parvulis</strong></span> 
     </span>
    </p>
   </div>
   <div class='ocr_carea' id='block_1_54' title="bbox 2158 2574 3863 2646">
    <p class='ocr_par' dir='ltr' id='par_1_54' title="bbox 2158 2574 3863 2646">
     <span class='ocr_line' id='line_1_54' title="bbox 2158 2574 3863 2646; baseline -0.002 -14"><span class='ocrx_word' id='word_1_345' title='bbox 2158 2576 2219 2632; x_wconf 90' lang='lat' dir='ltr'><strong>in</strong></span> <span class='ocrx_word' id='word_1_346' title='bbox 2249 2590 2493 2632; x_wconf 89' lang='lat' dir='ltr'><strong>carruca</strong></span> <span class='ocrx_word' id='word_1_347' title='bbox 2530 2577 2879 2646; x_wconf 90' lang='lat' dir='ltr'><strong>convehere;</strong></span> <span class='ocrx_word' id='word_1_348' title='bbox 2929 2585 2984 2632; x_wconf 91' lang='lat' dir='ltr'><strong>et</strong></span> <span class='ocrx_word' id='word_1_349' title='bbox 3020 2578 3169 2646; x_wconf 90' lang='lat' dir='ltr'><strong>ipsos</strong></span> <span class='ocrx_word' id='word_1_350' title='bbox 3210 2575 3546 2641; x_wconf 86' lang='lat' dir='ltr'><strong>infantulos,</strong></span> <span class='ocrx_word' id='word_1_351' title='bbox 3586 2576 3726 2630; x_wconf 92' lang='lat' dir='ltr'><strong>dum</strong></span> <span class='ocrx_word' id='word_1_352' title='bbox 3757 2574 3863 2629; x_wconf 88' lang='lat' dir='ltr'><strong>ob-</strong></span> 
     </span>
    </p>
   </div>
   <div class='ocr_carea' id='block_1_55' title="bbox 2157 2663 3865 2736">
    <p class='ocr_par' dir='ltr' id='par_1_55' title="bbox 2157 2663 3865 2736">
     <span class='ocr_line' id='line_1_55' title="bbox 2157 2663 3865 2736; baseline -0.002 -14"><span class='ocrx_word' id='word_1_353' title='bbox 2157 2667 2311 2722; x_wconf 91' lang='lat' dir='ltr'><strong>viam</strong></span> <span class='ocrx_word' id='word_1_354' title='bbox 2369 2666 2581 2721; x_wconf 89' lang='lat' dir='ltr'><strong>habent</strong></span> <span class='ocrx_word' id='word_1_355' title='bbox 2629 2665 2898 2736; x_wconf 67' lang='lat' dir='ltr'><strong>quaelibet</strong></span> <span class='ocrx_word' id='word_1_356' title='bbox 2944 2665 3175 2720; x_wconf 87' lang='lat' dir='ltr'><strong>castella</strong></span> <span class='ocrx_word' id='word_1_357' title='bbox 3222 2664 3311 2719; x_wconf 84' lang='lat' dir='ltr'><strong>Vel</strong></span> <span class='ocrx_word' id='word_1_358' title='bbox 3367 2664 3557 2730; x_wconf 87' lang='lat' dir='ltr'><strong>urbes,</strong></span> <span class='ocrx_word' id='word_1_359' title='bbox 3634 2663 3682 2718; x_wconf 93' lang='lat' dir='ltr'><strong>si</strong></span> <span class='ocrx_word' id='word_1_360' title='bbox 3738 2663 3865 2718; x_wconf 76' lang='lat' dir='ltr'><strong>hzec</strong></span> 
     </span>
    </p>
   </div>
   <div class='ocr_carea' id='block_1_56' title="bbox 2156 2752 3602 2822">
    <p class='ocr_par' dir='ltr' id='par_1_56' title="bbox 2156 2752 3602 2822">
     <span class='ocr_line' id='line_1_56' title="bbox 2156 2752 3602 2822; baseline -0.003 -13"><span class='ocrx_word' id='word_1_361' title='bbox 2156 2761 2300 2809; x_wconf 90' lang='lat' dir='ltr'><strong>esset</strong></span> <span class='ocrx_word' id='word_1_362' title='bbox 2328 2752 2663 2818; x_wconf 79' lang='lat' dir='ltr'><strong>Jerusalem,</strong></span> <span class='ocrx_word' id='word_1_363' title='bbox 2697 2752 2767 2807; x_wconf 92' lang='lat' dir='ltr'><strong>ad</strong></span> <span class='ocrx_word' id='word_1_364' title='bbox 2800 2766 2979 2822; x_wconf 92' lang='lat' dir='ltr'><strong>quam</strong></span> <span class='ocrx_word' id='word_1_365' title='bbox 3011 2752 3306 2807; x_wconf 90' lang='lat' dir='ltr'><strong>tenderent</strong></span> <span class='ocrx_word' id='word_1_366' title='bbox 3334 2752 3602 2821; x_wconf 88' lang='lat' dir='ltr'><strong>rogitare.</strong></span> 
     </span>
    </p>
   </div>
   <div class='ocr_carea' id='block_1_57' title="bbox 2228 2837 3865 2913">
    <p class='ocr_par' dir='ltr' id='par_1_57' title="bbox 2228 2837 3865 2913">
     <span class='ocr_line' id='line_1_57' title="bbox 2228 2837 3865 2913; baseline -0.002 -16"><span class='ocrx_word' id='word_1_367' title='bbox 2228 2840 2406 2913; x_wconf 66' lang='grc' dir='ltr'><strong>[νη]</strong></span> <span class='ocrx_word' id='word_1_368' title='bbox 2435 2841 2583 2895; x_wconf 85' lang='lat' dir='ltr'><strong>Cum</strong></span> <span class='ocrx_word' id='word_1_369' title='bbox 2613 2844 2820 2895; x_wconf 73' lang='lat' dir='ltr'><strong>cuncta</strong></span> <span class='ocrx_word' id='word_1_370' title='bbox 2843 2840 2990 2895; x_wconf 86' lang='lat' dir='ltr'><strong>bello</strong></span> <span class='ocrx_word' id='word_1_371' title='bbox 3004 2841 3299 2907; x_wconf 79' lang='lat' dir='ltr'><strong>arderent,</strong></span> <span class='ocrx_word' id='word_1_372' title='bbox 3327 2843 3610 2908; x_wconf 75' lang='lat' dir='ltr'><strong>actutum,</strong></span> <span class='ocrx_word' id='word_1_373' title='bbox 3636 2837 3865 2894; x_wconf 80' lang='lat' dir='ltr'><strong>indicta</strong></span> 
     </span>
    </p>
   </div>
   <div class='ocr_carea' id='block_1_58' title="bbox 2154 2927 3864 3001">
    <p class='ocr_par' dir='ltr' id='par_1_58' title="bbox 2154 2927 3864 3001">
     <span class='ocr_line' id='line_1_58' title="bbox 2154 2927 3864 3001; baseline 0.001 -18"><span class='ocrx_word' id='word_1_374' title='bbox 2154 2945 2194 2984; x_wconf 91' lang='lat' dir='ltr'><strong>a</strong></span> <span class='ocrx_word' id='word_1_375' title='bbox 2219 2945 2441 2984; x_wconf 82' lang='lat' dir='ltr'><strong>summa</strong></span> <span class='ocrx_word' id='word_1_376' title='bbox 2465 2929 2735 3001; x_wconf 70' lang='lat' dir='ltr'><strong>pontifice</strong></span> <span class='ocrx_word' id='word_1_377' title='bbox 2763 2929 3111 3000; x_wconf 71' lang='lat' dir='ltr'><strong>expeditione</strong></span> <span class='ocrx_word' id='word_1_378' title='bbox 3137 2927 3652 3000; x_wconf 79' lang='lat' dir='ltr'><strong>Jerosolymilana,</strong></span> <span class='ocrx_word' id='word_1_379' title='bbox 3684 2928 3864 2995; x_wconf 74' lang='lat' dir='ltr'><strong>fuere</strong></span> 
     </span>
    </p>
   </div>
   <div class='ocr_carea' id='block_1_59' title="bbox 2155 3018 3861 3089">
    <p class='ocr_par' dir='ltr' id='par_1_59' title="bbox 2155 3018 3861 3089">
     <span class='ocr_line' id='line_1_59' title="bbox 2155 3018 3861 3089; baseline 0 -16"><span class='ocrx_word' id='word_1_380' title='bbox 2155 3018 2451 3074; x_wconf 71' lang='lat' dir='ltr'><strong>exstincta.</strong></span> <span class='ocrx_word' id='word_1_381' title='bbox 2511 3049 2580 3058; x_wconf 87' lang='lat'><strong>—</strong></span> <span class='ocrx_word' id='word_1_382' title='bbox 2625 3020 2764 3074; x_wconf 90' lang='lat' dir='ltr'><strong>Erat</strong></span> <span class='ocrx_word' id='word_1_383' title='bbox 2821 3034 2886 3074; x_wconf 93' lang='lat' dir='ltr'><strong>eo</strong></span> <span class='ocrx_word' id='word_1_384' title='bbox 2943 3026 3196 3088; x_wconf 90' lang='lat' dir='ltr'><strong>tempore</strong></span> <span class='ocrx_word' id='word_1_385' title='bbox 3236 3026 3549 3087; x_wconf 90' lang='lat' dir='ltr'><strong>antequam</strong></span> <span class='ocrx_word' id='word_1_386' title='bbox 3596 3018 3861 3089; x_wconf 87' lang='lat' dir='ltr'><strong>gentium</strong></span> 
     </span>
    </p>
   </div>
   <div class='ocr_carea' id='block_1_60' title="bbox 356 3088 1937 3176">
    <p class='ocr_par' dir='ltr' id='par_1_60' title="bbox 356 3088 1937 3161">
     <span class='ocr_line' id='line_1_60' title="bbox 356 3088 1937 3161; baseline 0.003 -19"><span class='ocrx_word' id='word_1_387' title='bbox 356 3100 641 3142; x_wconf 91' lang='lat' dir='ltr'><strong>annorum</strong></span> <span class='ocrx_word' id='word_1_388' title='bbox 682 3101 989 3144; x_wconf 91' lang='lat' dir='ltr'><strong>numerare</strong></span> <span class='ocrx_word' id='word_1_389' title='bbox 1020 3088 1351 3144; x_wconf 90' lang='lat' dir='ltr'><strong>recursibus</strong></span> <span class='ocrx_word' id='word_1_390' title='bbox 1378 3097 1639 3158; x_wconf 89' lang='lat' dir='ltr'><strong>pensant,</strong></span> <span class='ocrx_word' id='word_1_391' title='bbox 1678 3090 1818 3160; x_wconf 91' lang='lat' dir='ltr'><strong>quid</strong></span> <span class='ocrx_word' id='word_1_392' title='bbox 1848 3105 1937 3161; x_wconf 60' lang='lat' dir='ltr'><strong>sui</strong></span> 
     </span>
    </p>
   </div>
   <div class='ocr_carea' id='block_1_61' title="bbox 2186 3088 3862 3176">
    <p class='ocr_par' dir='ltr' id='par_1_61' title="bbox 2186 3088 3862 3176">
     <span class='ocr_line' id='line_1_61' title="bbox 2186 3088 3862 3176; baseline -0.001 -14"><span class='ocrx_word' id='word_1_393' title='bbox 2186 3108 2319 3162; x_wconf 85' lang='lat' dir='ltr'><strong>ieret</strong></span> <span class='ocrx_word' id='word_1_394' title='bbox 2347 3115 2503 3163; x_wconf 89' lang='lat' dir='ltr'><strong>tanta</strong></span> <span class='ocrx_word' id='word_1_395' title='bbox 2534 3106 2820 3176; x_wconf 90' lang='lat' dir='ltr'><strong>profectio,</strong></span> <span class='ocrx_word' id='word_1_396' title='bbox 2868 3108 3137 3163; x_wconf 87' lang='lat' dir='ltr'><strong>maximis</strong></span> <span class='ocrx_word' id='word_1_397' title='bbox 3172 3107 3240 3162; x_wconf 91' lang='lat' dir='ltr'><strong>ad</strong></span> <span class='ocrx_word' id='word_1_398' title='bbox 3286 3107 3531 3162; x_wconf 89' lang='lat' dir='ltr'><strong>invicem</strong></span> <span class='ocrx_word' id='word_1_399' title='bbox 3576 3088 3862 3163; x_wconf 86' lang='lat' dir='ltr'><strong>hostilita-</strong></span> 
     </span>
    </p>
   </div>
   <div class='ocr_carea' id='block_1_62' title="bbox 355 3175 2051 3249">
    <p class='ocr_par' dir='ltr' id='par_1_62' title="bbox 355 3175 2051 3249">
     <span class='ocr_line' id='line_1_62' title="bbox 355 3175 2051 3249; baseline 0.004 -18"><span class='ocrx_word' id='word_1_400' title='bbox 355 3175 562 3231; x_wconf 89' lang='lat' dir='ltr'><strong>addere</strong></span> <span class='ocrx_word' id='word_1_401' title='bbox 601 3176 835 3246; x_wconf 84' lang='lat' dir='ltr'><strong>possint,</strong></span> <span class='ocrx_word' id='word_1_402' title='bbox 882 3190 951 3233; x_wconf 89' lang='lat' dir='ltr'><strong>ea</strong></span> <span class='ocrx_word' id='word_1_403' title='bbox 995 3177 1248 3242; x_wconf 89' lang='lat' dir='ltr'><strong>vendita,</strong></span> <span class='ocrx_word' id='word_1_404' title='bbox 1277 3177 1646 3235; x_wconf 89' lang='lat' dir='ltr'><strong>cumulandis</strong></span> <span class='ocrx_word' id='word_1_405' title='bbox 1672 3179 2051 3249; x_wconf 89' lang='lat' dir='ltr'><strong>pecuniarum</strong></span> 
     </span>
    </p>
   </div>
   <div class='ocr_carea' id='block_1_63' title="bbox 354 3264 664 3321">
    <p class='ocr_par' dir='ltr' id='par_1_63' title="bbox 354 3264 664 3321">
     <span class='ocr_line' id='line_1_63' title="bbox 354 3264 664 3321; baseline 0.003 -2"><span class='ocrx_word' id='word_1_406' title='bbox 354 3264 664 3321; x_wconf 89' lang='lat' dir='ltr'><strong>montibus.</strong></span> 
     </span>
    </p>
   </div>
   <div class='ocr_carea' id='block_1_64' title="bbox 424 3354 2046 3427">
    <p class='ocr_par' dir='ltr' id='par_1_64' title="bbox 424 3354 2046 3427">
     <span class='ocr_line' id='line_1_64' title="bbox 424 3354 2046 3427; baseline 0.004 -20"><span class='ocrx_word' id='word_1_407' title='bbox 424 3354 645 3409; x_wconf 89' lang='lat' dir='ltr'><strong>Interea</strong></span> <span class='ocrx_word' id='word_1_408' title='bbox 672 3354 810 3411; x_wconf 90' lang='lat' dir='ltr'><strong>dum</strong></span> <span class='ocrx_word' id='word_1_409' title='bbox 834 3354 911 3410; x_wconf 92' lang='lat' dir='ltr'><strong>illi</strong></span> <span class='ocrx_word' id='word_1_410' title='bbox 936 3355 1292 3423; x_wconf 89' lang='lat' dir='ltr'><strong>cruciantur,</strong></span> <span class='ocrx_word' id='word_1_411' title='bbox 1340 3356 1420 3411; x_wconf 91' lang='lat' dir='ltr'><strong>hii</strong></span> <span class='ocrx_word' id='word_1_412' title='bbox 1451 3355 1734 3423; x_wconf 90' lang='lat' dir='ltr'><strong>ambiunt,</strong></span> <span class='ocrx_word' id='word_1_413' title='bbox 1769 3364 2000 3427; x_wconf 90' lang='lat' dir='ltr'><strong>repente</strong></span> <span class='ocrx_word' id='word_1_414' title='bbox 2032 3372 2046 3412; x_wconf 89' lang='lat'><strong><em>:</em></strong></span> 
     </span>
    </p>
   </div>
   <div class='ocr_carea' id='block_1_65' title="bbox 357 3442 2050 3511">
    <p class='ocr_par' dir='ltr' id='par_1_65' title="bbox 357 3442 2050 3511">
     <span class='ocr_line' id='line_1_65' title="bbox 357 3442 2050 3511; baseline 0.006 -19"><span class='ocrx_word' id='word_1_415' title='bbox 357 3463 379 3492; x_wconf 72' lang='grc' dir='ltr'><strong>α</strong></span> <span class='ocrx_word' id='word_1_416' title='bbox 432 3442 490 3497; x_wconf 89' lang='lat' dir='ltr'><strong>in</strong></span> <span class='ocrx_word' id='word_1_417' title='bbox 537 3442 746 3511; x_wconf 90' lang='lat' dir='ltr'><strong>spiritu</strong></span> <span class='ocrx_word' id='word_1_418' title='bbox 808 3443 1130 3499; x_wconf 88' lang='lat' dir='ltr'><strong>vehementi</strong></span> <span class='ocrx_word' id='word_1_419' title='bbox 1206 3451 1502 3499; x_wconf 89' lang='lat' dir='ltr'><strong>conterens</strong></span> <span class='ocrx_word' id='word_1_420' title='bbox 1573 3458 1750 3500; x_wconf 90' lang='lat' dir='ltr'><strong>naves</strong></span> <span class='ocrx_word' id='word_1_421' title='bbox 1815 3446 2050 3502; x_wconf 86' lang='lat' dir='ltr'><strong>Tharsis</strong></span> 
     </span>
    </p>
   </div>
   <div class='ocr_carea' id='block_1_66' title="bbox 350 3530 2046 3601">
    <p class='ocr_par' dir='ltr' id='par_1_66' title="bbox 350 3530 2046 3601">
     <span class='ocr_line' id='line_1_66' title="bbox 350 3530 2046 3601; baseline 0.004 -17"><span class='ocrx_word' id='word_1_422' title='bbox 350 3530 532 3601; x_wconf 85' lang='lat' dir='ltr'><strong>(Psal.</strong></span> <span class='ocrx_word' id='word_1_423' title='bbox 585 3545 760 3596; x_wconf 81' lang='lat' dir='ltr'><strong>XLVII,</strong></span> <span class='ocrx_word' id='word_1_424' title='bbox 784 3531 862 3599; x_wconf 89' lang='lat'><strong>6).</strong></span> <span class='ocrx_word' id='word_1_425' title='bbox 897 3551 919 3579; x_wconf 79' lang='grc' dir='ltr'><strong>ι</strong></span> <span class='ocrx_word' id='word_1_426' title='bbox 966 3545 1066 3600; x_wconf 92' lang='lat' dir='ltr'><strong>per</strong></span> <span class='ocrx_word' id='word_1_427' title='bbox 1105 3530 1365 3586; x_wconf 89' lang='lat' dir='ltr'><strong>omnium</strong></span> <span class='ocrx_word' id='word_1_428' title='bbox 1397 3546 1540 3601; x_wconf 89' lang='lat' dir='ltr'><strong>pene</strong></span> <span class='ocrx_word' id='word_1_429' title='bbox 1570 3533 1897 3589; x_wconf 90' lang='lat' dir='ltr'><strong>animorum</strong></span> <span class='ocrx_word' id='word_1_430' title='bbox 1940 3548 2046 3590; x_wconf 91' lang='lat' dir='ltr'><strong>au-</strong></span> 
     </span>
    </p>
   </div>
   <div class='ocr_carea' id='block_1_67' title="bbox 349 3618 2045 3691">
    <p class='ocr_par' dir='ltr' id='par_1_67' title="bbox 349 3618 2045 3691">
     <span class='ocr_line' id='line_1_67' title="bbox 349 3618 2045 3691; baseline 0.002 -16"><span class='ocrx_word' id='word_1_431' title='bbox 349 3633 441 3675; x_wconf 88' lang='lat' dir='ltr'><strong>res</strong></span> <span class='ocrx_word' id='word_1_432' title='bbox 485 3618 747 3676; x_wconf 81' lang='lat' dir='ltr'><strong>Christus</strong></span> <span class='ocrx_word' id='word_1_433' title='bbox 800 3619 1068 3687; x_wconf 90' lang='lat' dir='ltr'><strong>intonuit,</strong></span> <span class='ocrx_word' id='word_1_434' title='bbox 1118 3627 1173 3675; x_wconf 90' lang='lat' dir='ltr'><strong>et</strong></span> <span class='ocrx_word' id='word_1_435' title='bbox 1229 3619 1277 3675; x_wconf 92' lang='lat' dir='ltr'><strong>is</strong></span> <span class='ocrx_word' id='word_1_436' title='bbox 1328 3620 1430 3691; x_wconf 89' lang='lat' dir='ltr'><strong>qui</strong></span> <span class='ocrx_word' id='word_1_437' title='bbox 1475 3621 1668 3677; x_wconf 90' lang='lat' dir='ltr'><strong>educit</strong></span> <span class='ocrx_word' id='word_1_438' title='bbox 1718 3623 1941 3679; x_wconf 91' lang='lat' dir='ltr'><strong>vinctos</strong></span> <span class='ocrx_word' id='word_1_439' title='bbox 1984 3623 2045 3678; x_wconf 91' lang='lat' dir='ltr'><strong>in</strong></span> 
     </span>
    </p>
   </div>
   <div class='ocr_carea' id='block_1_68' title="bbox 351 3706 2042 3781">
    <p class='ocr_par' dir='ltr' id='par_1_68' title="bbox 351 3706 2042 3781">
     <span class='ocr_line' id='line_1_68' title="bbox 351 3706 2042 3781; baseline 0.002 -18"><span class='ocrx_word' id='word_1_440' title='bbox 351 3706 683 3763; x_wconf 90' lang='lat' dir='ltr'><strong>fortitudine</strong></span> <span class='ocrx_word' id='word_1_441' title='bbox 712 3706 884 3776; x_wconf 83' lang='lat' dir='ltr'><strong>(Psal.</strong></span> <span class='ocrx_word' id='word_1_442' title='bbox 930 3721 1101 3774; x_wconf 85' lang='lat' dir='ltr'><strong>van,</strong></span> <span class='ocrx_word' id='word_1_443' title='bbox 1141 3709 1198 3778; x_wconf 92' lang='lat'><strong>7)</strong></span> <span class='ocrx_word' id='word_1_444' title='bbox 1229 3708 1621 3777; x_wconf 87' lang='lat' dir='ltr'><strong>adamantina,</strong></span> <span class='ocrx_word' id='word_1_445' title='bbox 1653 3711 1871 3781; x_wconf 89' lang='lat' dir='ltr'><strong>quibus</strong></span> <span class='ocrx_word' id='word_1_446' title='bbox 1900 3711 2042 3767; x_wconf 89' lang='lat' dir='ltr'><strong>irre-</strong></span> 
     </span>
    </p>
   </div>
   <div class='ocr_carea' id='block_1_69' title="bbox 352 3794 2046 3869">
    <p class='ocr_par' dir='ltr' id='par_1_69' title="bbox 352 3794 2046 3869">
     <span class='ocr_line' id='line_1_69' title="bbox 352 3794 2046 3869; baseline 0.002 -18"><span class='ocrx_word' id='word_1_447' title='bbox 352 3795 644 3851; x_wconf 91' lang='lat' dir='ltr'><strong>tiebantur</strong></span> <span class='ocrx_word' id='word_1_448' title='bbox 666 3794 1094 3866; x_wconf 88' lang='lat' dir='ltr'><strong>desperatorum</strong></span> <span class='ocrx_word' id='word_1_449' title='bbox 1129 3796 1447 3853; x_wconf 75' lang='lat' dir='ltr'><strong>hominum&#39;</strong></span> <span class='ocrx_word' id='word_1_450' title='bbox 1474 3799 1668 3864; x_wconf 91' lang='lat' dir='ltr'><strong>corda,</strong></span> <span class='ocrx_word' id='word_1_451' title='bbox 1714 3799 2046 3869; x_wconf 88' lang='lat' dir='ltr'><strong>cupiditatis</strong></span> 
     </span>
    </p>
   </div>
   <div class='ocr_carea' id='block_1_70' title="bbox 350 3884 2043 3959">
    <p class='ocr_par' dir='ltr' id='par_1_70' title="bbox 350 3884 2043 3959">
     <span class='ocr_line' id='line_1_70' title="bbox 350 3884 2043 3959; baseline 0.001 -18"><span class='ocrx_word' id='word_1_452' title='bbox 350 3884 543 3941; x_wconf 91' lang='lat' dir='ltr'><strong>vincla</strong></span> <span class='ocrx_word' id='word_1_453' title='bbox 572 3884 840 3954; x_wconf 88' lang='lat' dir='ltr'><strong>disrupit,</strong></span> <span class='ocrx_word' id='word_1_454' title='bbox 890 3886 1033 3941; x_wconf 90' lang='lat' dir='ltr'><strong>Cum</strong></span> <span class='ocrx_word' id='word_1_455' title='bbox 1074 3886 1250 3954; x_wconf 90' lang='lat' dir='ltr'><strong>enim,</strong></span> <span class='ocrx_word' id='word_1_456' title='bbox 1294 3893 1359 3942; x_wconf 91' lang='lat' dir='ltr'><strong>ut</strong></span> <span class='ocrx_word' id='word_1_457' title='bbox 1396 3887 1665 3959; x_wconf 87' lang='lat' dir='ltr'><strong>superius</strong></span> <span class='ocrx_word' id='word_1_458' title='bbox 1707 3887 1851 3955; x_wconf 84' lang='lat' dir='ltr'><strong>dixi,</strong></span> <span class='ocrx_word' id='word_1_459' title='bbox 1900 3887 2043 3943; x_wconf 91' lang='lat' dir='ltr'><strong>illud</strong></span> 
     </span>
    </p>
   </div>
   <div class='ocr_carea' id='block_1_71' title="bbox 350 3972 2045 4044">
    <p class='ocr_par' dir='ltr' id='par_1_71' title="bbox 350 3972 2045 4044">
     <span class='ocr_line' id='line_1_71' title="bbox 350 3972 2045 4044; baseline 0.002 -16"><span class='ocrx_word' id='word_1_460' title='bbox 350 3974 545 4029; x_wconf 90' lang='lat' dir='ltr'><strong>minus</strong></span> <span class='ocrx_word' id='word_1_461' title='bbox 593 3972 773 4029; x_wconf 90' lang='lat' dir='ltr'><strong>fertile</strong></span> <span class='ocrx_word' id='word_1_462' title='bbox 817 3980 1042 4044; x_wconf 90' lang='lat' dir='ltr'><strong>tempus</strong></span> <span class='ocrx_word' id='word_1_463' title='bbox 1088 3974 1347 4030; x_wconf 91' lang='lat' dir='ltr'><strong>omnium</strong></span> <span class='ocrx_word' id='word_1_464' title='bbox 1406 3975 1757 4031; x_wconf 89' lang='lat' dir='ltr'><strong>substantias</strong></span> <span class='ocrx_word' id='word_1_465' title='bbox 1798 3984 2045 4032; x_wconf 90' lang='lat' dir='ltr'><strong>coarcta-</strong></span> 
     </span>
    </p>
   </div>
   <div class='ocr_carea' id='block_1_72' title="bbox 351 4062 2043 4132">
    <p class='ocr_par' dir='ltr' id='par_1_72' title="bbox 351 4062 2043 4132">
     <span class='ocr_line' id='line_1_72' title="bbox 351 4062 2043 4132; baseline 0.001 -13"><span class='ocrx_word' id='word_1_466' title='bbox 351 4071 453 4130; x_wconf 91' lang='lat' dir='ltr'><strong>ret,</strong></span> <span class='ocrx_word' id='word_1_467' title='bbox 496 4062 637 4119; x_wconf 92' lang='lat' dir='ltr'><strong>dum</strong></span> <span class='ocrx_word' id='word_1_468' title='bbox 685 4062 755 4118; x_wconf 92' lang='lat' dir='ltr'><strong>ad</strong></span> <span class='ocrx_word' id='word_1_469' title='bbox 798 4070 1179 4132; x_wconf 89' lang='lat' dir='ltr'><strong>spontaneum</strong></span> <span class='ocrx_word' id='word_1_470' title='bbox 1230 4063 1686 4119; x_wconf 87' lang='lat' dir='ltr'><strong>innumerabiles</strong></span> <span class='ocrx_word' id='word_1_471' title='bbox 1734 4063 2043 4120; x_wconf 90' lang='lat' dir='ltr'><strong>animasset</strong></span> 
     </span>
    </p>
   </div>
   <div class='ocr_carea' id='block_1_73' title="bbox 347 4150 2041 4220">
    <p class='ocr_par' dir='ltr' id='par_1_73' title="bbox 347 4150 2041 4220">
     <span class='ocr_line' id='line_1_73' title="bbox 347 4150 2041 4220; baseline -0.001 -12"><span class='ocrx_word' id='word_1_472' title='bbox 347 4152 639 4217; x_wconf 83' lang='lat' dir='ltr'><strong>exsilium,</strong></span> <span class='ocrx_word' id='word_1_473' title='bbox 682 4151 923 4207; x_wconf 71' lang='lat' dir='ltr'><strong>diversae</strong></span> <span class='ocrx_word' id='word_1_474' title='bbox 961 4151 1345 4220; x_wconf 89' lang='lat' dir='ltr'><strong>plurimorum</strong></span> <span class='ocrx_word' id='word_1_475' title='bbox 1380 4150 1555 4219; x_wconf 75' lang='lat' dir='ltr'><strong>copiae</strong></span> <span class='ocrx_word' id='word_1_476' title='bbox 1602 4150 1942 4206; x_wconf 90' lang='lat' dir='ltr'><strong>deferuntur</strong></span> <span class='ocrx_word' id='word_1_477' title='bbox 1983 4152 2041 4207; x_wconf 92' lang='lat' dir='ltr'><strong>in</strong></span> 
     </span>
    </p>
   </div>
   <div class='ocr_carea' id='block_1_74' title="bbox 349 4238 2042 4309">
    <p class='ocr_par' dir='ltr' id='par_1_74' title="bbox 349 4238 2042 4309">
     <span class='ocr_line' id='line_1_74' title="bbox 349 4238 2042 4309; baseline 0 -13"><span class='ocrx_word' id='word_1_478' title='bbox 349 4240 602 4296; x_wconf 88' lang='lat' dir='ltr'><strong>medium</strong></span> <span class='ocrx_word' id='word_1_479' title='bbox 630 4248 685 4295; x_wconf 86' lang='lat' dir='ltr'><strong>et</strong></span> <span class='ocrx_word' id='word_1_480' title='bbox 714 4254 846 4309; x_wconf 76' lang='lat' dir='ltr'><strong>quze</strong></span> <span class='ocrx_word' id='word_1_481' title='bbox 875 4240 1053 4295; x_wconf 90' lang='lat' dir='ltr'><strong>chara</strong></span> <span class='ocrx_word' id='word_1_482' title='bbox 1101 4239 1463 4305; x_wconf 89' lang='lat' dir='ltr'><strong>videbantur,</strong></span> <span class='ocrx_word' id='word_1_483' title='bbox 1499 4238 1640 4294; x_wconf 91' lang='lat' dir='ltr'><strong>dum</strong></span> <span class='ocrx_word' id='word_1_484' title='bbox 1689 4238 1885 4296; x_wconf 93' lang='lat' dir='ltr'><strong>nullus</strong></span> <span class='ocrx_word' id='word_1_485' title='bbox 1914 4254 2042 4296; x_wconf 92' lang='lat' dir='ltr'><strong>mo-</strong></span> 
     </span>
    </p>
   </div>
   <div class='ocr_carea' id='block_1_75' title="bbox 347 4326 2037 4397">
    <p class='ocr_par' dir='ltr' id='par_1_75' title="bbox 347 4326 2037 4397">
     <span class='ocr_line' id='line_1_75' title="bbox 347 4326 2037 4397; baseline 0.001 -15"><span class='ocrx_word' id='word_1_486' title='bbox 347 4334 519 4383; x_wconf 89' lang='lat' dir='ltr'><strong>vetur</strong></span> <span class='ocrx_word' id='word_1_487' title='bbox 574 4327 897 4392; x_wconf 86' lang='lat' dir='ltr'><strong>hominum,</strong></span> <span class='ocrx_word' id='word_1_488' title='bbox 956 4326 1252 4383; x_wconf 90' lang='lat' dir='ltr'><strong>commotis</strong></span> <span class='ocrx_word' id='word_1_489' title='bbox 1302 4326 1375 4382; x_wconf 91' lang='lat' dir='ltr'><strong>ad</strong></span> <span class='ocrx_word' id='word_1_490' title='bbox 1434 4326 1542 4382; x_wconf 89' lang='lat' dir='ltr'><strong>hoc</strong></span> <span class='ocrx_word' id='word_1_491' title='bbox 1587 4326 1696 4383; x_wconf 90' lang='lat' dir='ltr'><strong>iter</strong></span> <span class='ocrx_word' id='word_1_492' title='bbox 1749 4328 2037 4397; x_wconf 86' lang='lat' dir='ltr'><strong>omnibus,</strong></span> 
     </span>
    </p>
   </div>
   <div class='ocr_carea' id='block_1_76' title="bbox 2159 3194 3859 3266">
    <p class='ocr_par' dir='ltr' id='par_1_76' title="bbox 2159 3194 3859 3266">
     <span class='ocr_line' id='line_1_76' title="bbox 2159 3194 3859 3266; baseline -0.002 -14"><span class='ocrx_word' id='word_1_493' title='bbox 2159 3195 2314 3253; x_wconf 91' lang='lat' dir='ltr'><strong>tibus</strong></span> <span class='ocrx_word' id='word_1_494' title='bbox 2344 3197 2516 3252; x_wconf 91' lang='lat' dir='ltr'><strong>totius</strong></span> <span class='ocrx_word' id='word_1_495' title='bbox 2551 3196 2905 3251; x_wconf 89' lang='lat' dir='ltr'><strong>Francorum</strong></span> <span class='ocrx_word' id='word_1_496' title='bbox 2952 3196 3116 3266; x_wconf 88' lang='lat' dir='ltr'><strong>regni</strong></span> <span class='ocrx_word' id='word_1_497' title='bbox 3159 3195 3308 3251; x_wconf 91' lang='lat' dir='ltr'><strong>facta</strong></span> <span class='ocrx_word' id='word_1_498' title='bbox 3345 3194 3618 3259; x_wconf 87' lang='lat' dir='ltr'><strong>turbatio,</strong></span> <span class='ocrx_word' id='word_1_499' title='bbox 3651 3194 3859 3250; x_wconf 91' lang='lat' dir='ltr'><strong>crebra</strong></span> 
     </span>
    </p>
   </div>
   <div class='ocr_carea' id='block_1_77' title="bbox 2158 3282 3860 3355">
    <p class='ocr_par' dir='ltr' id='par_1_77' title="bbox 2158 3282 3860 3355">
     <span class='ocr_line' id='line_1_77' title="bbox 2158 3282 3860 3355; baseline -0.001 -15"><span class='ocrx_word' id='word_1_500' title='bbox 2158 3282 2376 3355; x_wconf 91' lang='lat' dir='ltr'><strong>ubique</strong></span> <span class='ocrx_word' id='word_1_501' title='bbox 2422 3284 2742 3352; x_wconf 90' lang='lat' dir='ltr'><strong>latrocinia,</strong></span> <span class='ocrx_word' id='word_1_502' title='bbox 2797 3283 3023 3340; x_wconf 90' lang='lat' dir='ltr'><strong>viarum</strong></span> <span class='ocrx_word' id='word_1_503' title='bbox 3074 3285 3340 3340; x_wconf 89' lang='lat' dir='ltr'><strong>obsessio.</strong></span> <span class='ocrx_word' id='word_1_504' title='bbox 3393 3283 3610 3339; x_wconf 91' lang='lat' dir='ltr'><strong>Passim</strong></span> <span class='ocrx_word' id='word_1_505' title='bbox 3666 3283 3860 3339; x_wconf 87' lang='lat' dir='ltr'><strong>audie-</strong></span> 
     </span>
    </p>
   </div>
   <div class='ocr_carea' id='block_1_78' title="bbox 2155 3372 3863 3442">
    <p class='ocr_par' dir='ltr' id='par_1_78' title="bbox 2155 3372 3863 3442">
     <span class='ocr_line' id='line_1_78' title="bbox 2155 3372 3863 3442; baseline -0.002 -12"><span class='ocrx_word' id='word_1_506' title='bbox 2155 3372 2390 3441; x_wconf 90' lang='lat' dir='ltr'><strong>bantur,</strong></span> <span class='ocrx_word' id='word_1_507' title='bbox 2434 3373 2549 3428; x_wconf 91' lang='lat' dir='ltr'><strong>imo</strong></span> <span class='ocrx_word' id='word_1_508' title='bbox 2584 3373 2795 3429; x_wconf 79' lang='lat' dir='ltr'><strong>fiebant</strong></span> <span class='ocrx_word' id='word_1_509' title='bbox 2833 3372 3096 3429; x_wconf 88' lang='lat' dir='ltr'><strong>incendia</strong></span> <span class='ocrx_word' id='word_1_510' title='bbox 3145 3372 3390 3439; x_wconf 84' lang='lat' dir='ltr'><strong>inﬁnita,</strong></span> <span class='ocrx_word' id='word_1_511' title='bbox 3430 3372 3605 3427; x_wconf 92' lang='lat' dir='ltr'><strong>nullis</strong></span> <span class='ocrx_word' id='word_1_512' title='bbox 3648 3379 3863 3442; x_wconf 72' lang='lat' dir='ltr'><strong>praeter</strong></span> 
     </span>
    </p>
   </div>
   <div class='ocr_carea' id='block_1_79' title="bbox 2153 3461 3857 3530">
    <p class='ocr_par' dir='ltr' id='par_1_79' title="bbox 2153 3461 3857 3530">
     <span class='ocr_line' id='line_1_79' title="bbox 2153 3461 3857 3530; baseline -0.001 -12"><span class='ocrx_word' id='word_1_513' title='bbox 2153 3462 2275 3518; x_wconf 89' lang='lat' dir='ltr'><strong>sola</strong></span> <span class='ocrx_word' id='word_1_514' title='bbox 2348 3470 2404 3517; x_wconf 91' lang='lat' dir='ltr'><strong>et</strong></span> <span class='ocrx_word' id='word_1_515' title='bbox 2482 3462 2761 3517; x_wconf 91' lang='lat' dir='ltr'><strong>indomita</strong></span> <span class='ocrx_word' id='word_1_516' title='bbox 2840 3462 3154 3530; x_wconf 89' lang='lat' dir='ltr'><strong>cupiditate</strong></span> <span class='ocrx_word' id='word_1_517' title='bbox 3230 3461 3607 3517; x_wconf 83' lang='lat' dir='ltr'><strong>existentibus</strong></span> <span class='ocrx_word' id='word_1_518' title='bbox 3662 3461 3857 3516; x_wconf 84' lang='lat' dir='ltr'><strong>causis</strong></span> 
     </span>
    </p>
   </div>
   <div class='ocr_carea' id='block_1_80' title="bbox 2152 3548 3852 3619">
    <p class='ocr_par' dir='ltr' id='par_1_80' title="bbox 2152 3548 3852 3619">
     <span class='ocr_line' id='line_1_80' title="bbox 2152 3548 3852 3619; baseline -0.002 -13"><span class='ocrx_word' id='word_1_519' title='bbox 2152 3551 2604 3607; x_wconf 81' lang='lat' dir='ltr'><strong>exstruebantur</strong></span> <span class='ocrx_word' id='word_1_520' title='bbox 2648 3549 2862 3619; x_wconf 66' lang='lat' dir='ltr'><strong>praelia,</strong></span> <span class='ocrx_word' id='word_1_521' title='bbox 2907 3557 2961 3605; x_wconf 90' lang='lat' dir='ltr'><strong>et</strong></span> <span class='ocrx_word' id='word_1_522' title='bbox 3007 3557 3071 3605; x_wconf 92' lang='lat' dir='ltr'><strong>ut</strong></span> <span class='ocrx_word' id='word_1_523' title='bbox 3116 3550 3275 3606; x_wconf 89' lang='lat' dir='ltr'><strong>brevi</strong></span> <span class='ocrx_word' id='word_1_524' title='bbox 3332 3557 3512 3605; x_wconf 91' lang='lat' dir='ltr'><strong>totum</strong></span> <span class='ocrx_word' id='word_1_525' title='bbox 3553 3548 3852 3617; x_wconf 90' lang='lat' dir='ltr'><strong>claudam,</strong></span> 
     </span>
    </p>
   </div>
   <div class='ocr_carea' id='block_1_81' title="bbox 2152 3637 3856 3710">
    <p class='ocr_par' dir='ltr' id='par_1_81' title="bbox 2152 3637 3856 3710">
     <span class='ocr_line' id='line_1_81' title="bbox 2152 3637 3856 3710; baseline -0.001 -16"><span class='ocrx_word' id='word_1_526' title='bbox 2152 3638 2438 3709; x_wconf 90' lang='lat' dir='ltr'><strong>quidquid</strong></span> <span class='ocrx_word' id='word_1_527' title='bbox 2468 3638 2763 3694; x_wconf 89' lang='lat' dir='ltr'><strong>obtutibus</strong></span> <span class='ocrx_word' id='word_1_528' title='bbox 2785 3637 3131 3708; x_wconf 89' lang='lat' dir='ltr'><strong>cupidorum</strong></span> <span class='ocrx_word' id='word_1_529' title='bbox 3159 3638 3510 3710; x_wconf 90' lang='lat' dir='ltr'><strong>subjacebat,</strong></span> <span class='ocrx_word' id='word_1_530' title='bbox 3557 3651 3856 3707; x_wconf 89' lang='lat' dir='ltr'><strong>nusquam</strong></span> 
     </span>
    </p>
   </div>
   <div class='ocr_carea' id='block_1_82' title="bbox 2151 3726 3856 3797">
    <p class='ocr_par' dir='ltr' id='par_1_82' title="bbox 2151 3726 3856 3797">
     <span class='ocr_line' id='line_1_82' title="bbox 2151 3726 3856 3797; baseline -0.001 -14"><span class='ocrx_word' id='word_1_531' title='bbox 2151 3727 2498 3783; x_wconf 86' lang='lat' dir='ltr'><strong>attendendo</strong></span> <span class='ocrx_word' id='word_1_532' title='bbox 2548 3727 2721 3797; x_wconf 87' lang='lat' dir='ltr'><strong>cujus</strong></span> <span class='ocrx_word' id='word_1_533' title='bbox 2765 3735 2927 3790; x_wconf 87' lang='lat' dir='ltr'><strong>esset,</strong></span> <span class='ocrx_word' id='word_1_534' title='bbox 2981 3727 3187 3797; x_wconf 65' lang='lat' dir='ltr'><strong>praedae</strong></span> <span class='ocrx_word' id='word_1_535' title='bbox 3239 3727 3485 3797; x_wconf 85' lang='lat' dir='ltr'><strong>patebat.</strong></span> <span class='ocrx_word' id='word_1_536' title='bbox 3525 3726 3655 3781; x_wconf 84' lang='lat' dir='ltr'><strong>Mox</strong></span> <span class='ocrx_word' id='word_1_537' title='bbox 3714 3740 3856 3797; x_wconf 91' lang='lat' dir='ltr'><strong>ergo</strong></span> 
     </span>
    </p>
   </div>
   <div class='ocr_carea' id='block_1_83' title="bbox 2149 3814 3853 3885">
    <p class='ocr_par' dir='ltr' id='par_1_83' title="bbox 2149 3814 3853 3885">
     <span class='ocr_line' id='line_1_83' title="bbox 2149 3814 3853 3885; baseline -0.001 -14"><span class='ocrx_word' id='word_1_538' title='bbox 2149 3822 2205 3872; x_wconf 93' lang='lat' dir='ltr'><strong>et</strong></span> <span class='ocrx_word' id='word_1_539' title='bbox 2234 3815 2383 3871; x_wconf 89' lang='lat' dir='ltr'><strong>mira</strong></span> <span class='ocrx_word' id='word_1_540' title='bbox 2397 3823 2452 3871; x_wconf 91' lang='lat' dir='ltr'><strong>et</strong></span> <span class='ocrx_word' id='word_1_541' title='bbox 2483 3815 2800 3870; x_wconf 90' lang='lat' dir='ltr'><strong>incredibili</strong></span> <span class='ocrx_word' id='word_1_542' title='bbox 2820 3814 2891 3871; x_wconf 92' lang='lat' dir='ltr'><strong>ob</strong></span> <span class='ocrx_word' id='word_1_543' title='bbox 2916 3815 3486 3885; x_wconf 89' lang='lat' dir='ltr'><strong>inseparabilitatem,</strong></span> <span class='ocrx_word' id='word_1_544' title='bbox 3522 3815 3853 3870; x_wconf 90' lang='lat' dir='ltr'><strong>animorum</strong></span> 
     </span>
    </p>
   </div>
   <div class='ocr_carea' id='block_1_84' title="bbox 2150 3903 3851 3975">
    <p class='ocr_par' dir='ltr' id='par_1_84' title="bbox 2150 3903 3851 3975">
     <span class='ocr_line' id='line_1_84' title="bbox 2150 3903 3851 3975; baseline 0 -16"><span class='ocrx_word' id='word_1_545' title='bbox 2150 3904 2551 3960; x_wconf 90' lang='lat' dir='ltr'><strong>immutatione</strong></span> <span class='ocrx_word' id='word_1_546' title='bbox 2600 3904 2885 3973; x_wconf 90' lang='lat' dir='ltr'><strong>commoti,</strong></span> <span class='ocrx_word' id='word_1_547' title='bbox 2965 3904 3196 3975; x_wconf 92' lang='lat' dir='ltr'><strong>signum</strong></span> <span class='ocrx_word' id='word_1_548' title='bbox 3251 3904 3535 3973; x_wconf 89' lang='lat' dir='ltr'><strong>pontilicis</strong></span> <span class='ocrx_word' id='word_1_549' title='bbox 3590 3903 3851 3972; x_wconf 66' lang='lat' dir='ltr'><strong>praedicti</strong></span> 
     </span>
    </p>
   </div>
   <div class='ocr_carea' id='block_1_85' title="bbox 2151 3991 3853 4063">
    <p class='ocr_par' dir='ltr' id='par_1_85' title="bbox 2151 3991 3853 4063">
     <span class='ocr_line' id='line_1_85' title="bbox 2151 3991 3853 4063; baseline -0.001 -15"><span class='ocrx_word' id='word_1_550' title='bbox 2151 3995 2528 4063; x_wconf 74' lang='lat' dir='ltr'><strong>przeceptione</strong></span> <span class='ocrx_word' id='word_1_551' title='bbox 2558 3991 2859 4060; x_wconf 90' lang='lat' dir='ltr'><strong>indictum,</strong></span> <span class='ocrx_word' id='word_1_552' title='bbox 2890 4007 3089 4049; x_wconf 90' lang='lat' dir='ltr'><strong>cruces</strong></span> <span class='ocrx_word' id='word_1_553' title='bbox 3134 3992 3416 4060; x_wconf 90' lang='lat' dir='ltr'><strong>videlicet,</strong></span> <span class='ocrx_word' id='word_1_554' title='bbox 3465 3991 3537 4047; x_wconf 92' lang='lat' dir='ltr'><strong>ab</strong></span> <span class='ocrx_word' id='word_1_555' title='bbox 3570 3992 3853 4061; x_wconf 91' lang='lat' dir='ltr'><strong>episcopis</strong></span> 
     </span>
    </p>
   </div>
   <div class='ocr_carea' id='block_1_86' title="bbox 2148 4080 3847 4152">
    <p class='ocr_par' dir='ltr' id='par_1_86' title="bbox 2148 4080 3847 4152">
     <span class='ocr_line' id='line_1_86' title="bbox 2148 4080 3847 4152; baseline -0.002 -14"><span class='ocrx_word' id='word_1_556' title='bbox 2148 4089 2203 4138; x_wconf 92' lang='lat' dir='ltr'><strong>et</strong></span> <span class='ocrx_word' id='word_1_557' title='bbox 2241 4080 2588 4152; x_wconf 87' lang='lat' dir='ltr'><strong>presbyteris</strong></span> <span class='ocrx_word' id='word_1_558' title='bbox 2630 4081 2738 4136; x_wconf 88' lang='lat' dir='ltr'><strong>sibi</strong></span> <span class='ocrx_word' id='word_1_559' title='bbox 2782 4089 3093 4150; x_wconf 91' lang='lat' dir='ltr'><strong>precantur</strong></span> <span class='ocrx_word' id='word_1_560' title='bbox 3137 4081 3369 4150; x_wconf 90' lang='lat' dir='ltr'><strong>imponi.</strong></span> <span class='ocrx_word' id='word_1_561' title='bbox 3417 4080 3483 4135; x_wconf 89' lang='lat' dir='ltr'><strong>Et</strong></span> <span class='ocrx_word' id='word_1_562' title='bbox 3521 4080 3691 4135; x_wconf 90' lang='lat' dir='ltr'><strong>sicuti</strong></span> <span class='ocrx_word' id='word_1_563' title='bbox 3747 4092 3847 4134; x_wconf 90' lang='lat' dir='ltr'><strong>ra-</strong></span> 
     </span>
    </p>
   </div>
   <div class='ocr_carea' id='block_1_87' title="bbox 2147 4167 3852 4239">
    <p class='ocr_par' dir='ltr' id='par_1_87' title="bbox 2147 4167 3852 4239">
     <span class='ocr_line' id='line_1_87' title="bbox 2147 4167 3852 4239; baseline 0 -16"><span class='ocrx_word' id='word_1_564' title='bbox 2147 4168 2425 4239; x_wconf 89' lang='lat' dir='ltr'><strong>pidissimi</strong></span> <span class='ocrx_word' id='word_1_565' title='bbox 2502 4168 2654 4223; x_wconf 90' lang='lat' dir='ltr'><strong>venti</strong></span> <span class='ocrx_word' id='word_1_566' title='bbox 2709 4168 2959 4239; x_wconf 91' lang='lat' dir='ltr'><strong>impetus</strong></span> <span class='ocrx_word' id='word_1_567' title='bbox 3008 4168 3147 4225; x_wconf 91' lang='lat' dir='ltr'><strong>solet</strong></span> <span class='ocrx_word' id='word_1_568' title='bbox 3195 4183 3311 4223; x_wconf 94' lang='lat' dir='ltr'><strong>non</strong></span> <span class='ocrx_word' id='word_1_569' title='bbox 3367 4182 3580 4238; x_wconf 90' lang='lat' dir='ltr'><strong>magna</strong></span> <span class='ocrx_word' id='word_1_570' title='bbox 3635 4167 3852 4237; x_wconf 68' lang='lat' dir='ltr'><strong>pluviae</strong></span> 
     </span>
    </p>
   </div>
   <div class='ocr_carea' id='block_1_88' title="bbox 2148 4255 3851 4327">
    <p class='ocr_par' dir='ltr' id='par_1_88' title="bbox 2148 4255 3851 4327">
     <span class='ocr_line' id='line_1_88' title="bbox 2148 4255 3851 4327; baseline -0.001 -15"><span class='ocrx_word' id='word_1_571' title='bbox 2148 4257 2308 4312; x_wconf 87' lang='lat' dir='ltr'><strong>unda</strong></span> <span class='ocrx_word' id='word_1_572' title='bbox 2340 4256 2630 4327; x_wconf 86' lang='lat' dir='ltr'><strong>restringi,</strong></span> <span class='ocrx_word' id='word_1_573' title='bbox 2677 4256 2755 4311; x_wconf 92' lang='lat' dir='ltr'><strong>ita</strong></span> <span class='ocrx_word' id='word_1_574' title='bbox 2795 4256 2945 4311; x_wconf 90' lang='lat' dir='ltr'><strong>illico</strong></span> <span class='ocrx_word' id='word_1_575' title='bbox 2976 4256 3215 4327; x_wconf 89' lang='lat' dir='ltr'><strong>contigit</strong></span> <span class='ocrx_word' id='word_1_576' title='bbox 3265 4256 3337 4311; x_wconf 91' lang='lat' dir='ltr'><strong>ad</strong></span> <span class='ocrx_word' id='word_1_577' title='bbox 3369 4256 3614 4311; x_wconf 89' lang='lat' dir='ltr'><strong>invicem</strong></span> <span class='ocrx_word' id='word_1_578' title='bbox 3643 4255 3851 4311; x_wconf 90' lang='lat' dir='ltr'><strong>simul-</strong></span> 
     </span>
    </p>
   </div>
   <div class='ocr_carea' id='block_1_89' title="bbox 2148 4343 3847 4415">
    <p class='ocr_par' dir='ltr' id='par_1_89' title="bbox 2148 4343 3847 4415">
     <span class='ocr_line' id='line_1_89' title="bbox 2148 4343 3847 4415; baseline -0.002 -14"><span class='ocrx_word' id='word_1_579' title='bbox 2148 4351 2290 4402; x_wconf 90' lang='lat' dir='ltr'><strong>tates</strong></span> <span class='ocrx_word' id='word_1_580' title='bbox 2334 4345 2740 4402; x_wconf 90' lang='lat' dir='ltr'><strong>universorum</strong></span> <span class='ocrx_word' id='word_1_581' title='bbox 2787 4352 2842 4401; x_wconf 89' lang='lat' dir='ltr'><strong>et</strong></span> <span class='ocrx_word' id='word_1_582' title='bbox 2891 4344 3037 4400; x_wconf 90' lang='lat' dir='ltr'><strong>bella</strong></span> <span class='ocrx_word' id='word_1_583' title='bbox 3077 4344 3273 4414; x_wconf 88' lang='lat' dir='ltr'><strong>sopiri,</strong></span> <span class='ocrx_word' id='word_1_584' title='bbox 3318 4358 3420 4415; x_wconf 91' lang='lat' dir='ltr'><strong>per</strong></span> <span class='ocrx_word' id='word_1_585' title='bbox 3467 4344 3708 4401; x_wconf 92' lang='lat' dir='ltr'><strong>inditam</strong></span> <span class='ocrx_word' id='word_1_586' title='bbox 3740 4343 3847 4399; x_wconf 87' lang='lat' dir='ltr'><strong>sibi</strong></span> 
     </span>
    </p>
   </div>
   <div class='ocr_carea' id='block_1_90' title="bbox 347 4414 3473 4510">
    <p class='ocr_par' dir='ltr' id='par_1_90' title="bbox 347 4414 3473 4510">
     <span class='ocr_line' id='line_1_90' title="bbox 347 4414 3473 4510; baseline 0.001 -26"><span class='ocrx_word' id='word_1_587' title='bbox 347 4415 450 4510; x_wconf 62' lang='lat' dir='ltr'><strong>vili</strong></span> <span class='ocrx_word' id='word_1_588' title='bbox 500 4414 680 4510; x_wconf 59' lang='lat' dir='ltr'><strong>pretio</strong></span> <span class='ocrx_word' id='word_1_589' title='bbox 723 4414 1041 4510; x_wconf 52' lang='lat' dir='ltr'><strong>traduntur</strong></span> <span class='ocrx_word' id='word_1_590' title='bbox 1084 4414 1618 4510; x_wconf 54' lang='lat' dir='ltr'><strong>venum-Fumant:</strong></span> <span class='ocrx_word' id='word_1_591' title='bbox 1661 4417 1827 4473; x_wconf 73' lang='lat' dir='ltr'><strong>multi</strong></span> <span class='ocrx_word' id='word_1_592' title='bbox 1859 4432 2040 4489; x_wconf 77' lang='lat' dir='ltr'><strong>nego-</strong></span> <span class='ocrx_word' id='word_1_593' title='bbox 2078 4455 2122 4510; x_wconf 76' lang='grc' dir='ltr'>ι)</span> <span class='ocrx_word' id='word_1_594' title='bbox 2149 4434 2575 4505; x_wconf 72' lang='lat' dir='ltr'><strong>aspirationem,</strong></span> <span class='ocrx_word' id='word_1_595' title='bbox 2609 4432 2765 4489; x_wconf 87' lang='lat' dir='ltr'><strong>haud</strong></span> <span class='ocrx_word' id='word_1_596' title='bbox 2796 4432 3039 4488; x_wconf 91' lang='lat' dir='ltr'><strong>dubium</strong></span> <span class='ocrx_word' id='word_1_597' title='bbox 3071 4432 3215 4503; x_wconf 91' lang='lat' dir='ltr'><strong>quin</strong></span> <span class='ocrx_word' id='word_1_598' title='bbox 3242 4414 3473 4489; x_wconf 88' lang='lat' dir='ltr'><strong>Christi.</strong></span> 
     </span>
    </p>
   </div>
   <div class='ocr_carea' id='block_1_91' title="bbox 347 4502 2040 4574">
    <p class='ocr_par' dir='ltr' id='par_1_91' title="bbox 347 4502 2040 4574">
     <span class='ocr_line' id='line_1_91' title="bbox 347 4502 2040 4574; baseline 0.003 -16"><span class='ocrx_word' id='word_1_599' title='bbox 347 4504 493 4559; x_wconf 93' lang='lat' dir='ltr'><strong>tium</strong></span> <span class='ocrx_word' id='word_1_600' title='bbox 547 4502 725 4573; x_wconf 90' lang='lat' dir='ltr'><strong>hujus</strong></span> <span class='ocrx_word' id='word_1_601' title='bbox 777 4504 1139 4574; x_wconf 88' lang='lat' dir='ltr'><strong>profectionis</strong></span> <span class='ocrx_word' id='word_1_602' title='bbox 1194 4504 1531 4571; x_wconf 89' lang='lat' dir='ltr'><strong>accelerant,</strong></span> <span class='ocrx_word' id='word_1_603' title='bbox 1592 4512 1658 4561; x_wconf 93' lang='lat' dir='ltr'><strong>ut</strong></span> <span class='ocrx_word' id='word_1_604' title='bbox 1713 4507 1900 4563; x_wconf 67' lang='lat' dir='ltr'><strong>unicae</strong></span> <span class='ocrx_word' id='word_1_605' title='bbox 1960 4507 2040 4563; x_wconf 91' lang='lat' dir='ltr'><strong>rei</strong></span> 
     </span>
    </p>
   </div>
   <div class='ocr_carea' id='block_1_92' title="bbox 346 4592 2040 4665">
    <p class='ocr_par' dir='ltr' id='par_1_92' title="bbox 346 4592 2040 4665">
     <span class='ocr_line' id='line_1_92' title="bbox 346 4592 2040 4665; baseline 0.002 -18"><span class='ocrx_word' id='word_1_606' title='bbox 346 4592 611 4662; x_wconf 86' lang='lat' dir='ltr'><strong>exemplo</strong></span> <span class='ocrx_word' id='word_1_607' title='bbox 646 4606 844 4648; x_wconf 89' lang='lat' dir='ltr'><strong>eorum</strong></span> <span class='ocrx_word' id='word_1_608' title='bbox 886 4607 1019 4663; x_wconf 74' lang='lat' dir='ltr'><strong>quze</strong></span> <span class='ocrx_word' id='word_1_609' title='bbox 1064 4592 1467 4649; x_wconf 90' lang='lat' dir='ltr'><strong>vendebantur</strong></span> <span class='ocrx_word' id='word_1_610' title='bbox 1500 4593 1722 4649; x_wconf 92' lang='lat' dir='ltr'><strong>subitas</strong></span> <span class='ocrx_word' id='word_1_611' title='bbox 1764 4601 1818 4650; x_wconf 92' lang='lat' dir='ltr'><strong>et</strong></span> <span class='ocrx_word' id='word_1_612' title='bbox 1849 4597 2040 4665; x_wconf 82' lang='lat' dir='ltr'><strong>inspe-</strong></span> 
     </span>
    </p>
   </div>
   <div class='ocr_carea' id='block_1_93' title="bbox 346 4680 2036 4751">
    <p class='ocr_par' dir='ltr' id='par_1_93' title="bbox 346 4680 2036 4751">
     <span class='ocr_line' id='line_1_93' title="bbox 346 4680 2036 4751; baseline 0.002 -14"><span class='ocrx_word' id='word_1_613' title='bbox 346 4688 502 4737; x_wconf 90' lang='lat' dir='ltr'><strong>ratas</strong></span> <span class='ocrx_word' id='word_1_614' title='bbox 547 4680 796 4739; x_wconf 87' lang='lat' dir='ltr'><strong>vilitates</strong></span> <span class='ocrx_word' id='word_1_615' title='bbox 829 4681 1174 4751; x_wconf 86' lang='lat' dir='ltr'><strong>exprimam,</strong></span> <span class='ocrx_word' id='word_1_616' title='bbox 1221 4682 1375 4751; x_wconf 91' lang='lat' dir='ltr'><strong>quod</strong></span> <span class='ocrx_word' id='word_1_617' title='bbox 1407 4681 1698 4737; x_wconf 90' lang='lat' dir='ltr'><strong>insolitum</strong></span> <span class='ocrx_word' id='word_1_618' title='bbox 1740 4682 1897 4740; x_wconf 92' lang='lat' dir='ltr'><strong>dictu</strong></span> <span class='ocrx_word' id='word_1_619' title='bbox 1928 4692 2036 4750; x_wconf 87' lang='lat' dir='ltr'><strong>est,</strong></span> 
     </span>
    </p>
   </div>
   <div class='ocr_carea' id='block_1_94' title="bbox 347 4769 2041 4841">
    <p class='ocr_par' dir='ltr' id='par_1_94' title="bbox 347 4769 2041 4841">
     <span class='ocr_line' id='line_1_94' title="bbox 347 4769 2041 4841; baseline 0.002 -16"><span class='ocrx_word' id='word_1_620' title='bbox 347 4770 609 4841; x_wconf 89' lang='lat' dir='ltr'><strong>quinque</strong></span> <span class='ocrx_word' id='word_1_621' title='bbox 637 4770 1011 4826; x_wconf 86' lang='lat' dir='ltr'><strong>denariorum</strong></span> <span class='ocrx_word' id='word_1_622' title='bbox 1056 4769 1256 4839; x_wconf 90' lang='lat' dir='ltr'><strong>pretio,</strong></span> <span class='ocrx_word' id='word_1_623' title='bbox 1304 4777 1518 4839; x_wconf 90' lang='lat' dir='ltr'><strong>septem</strong></span> <span class='ocrx_word' id='word_1_624' title='bbox 1567 4770 2041 4829; x_wconf 90' lang='lat' dir='ltr'><strong>distrahebantur</strong></span> 
     </span>
    </p>
   </div>
   <div class='ocr_carea' id='block_1_95' title="bbox 346 4857 2038 4927">
    <p class='ocr_par' dir='ltr' id='par_1_95' title="bbox 346 4857 2038 4927">
     <span class='ocr_line' id='line_1_95' title="bbox 346 4857 2038 4927; baseline 0.001 -12"><span class='ocrx_word' id='word_1_625' title='bbox 346 4873 499 4915; x_wconf 90' lang='lat' dir='ltr'><strong>oves.</strong></span> <span class='ocrx_word' id='word_1_626' title='bbox 545 4859 989 4915; x_wconf 89' lang='lat' dir='ltr'><strong>Frumentorum</strong></span> <span class='ocrx_word' id='word_1_627' title='bbox 1031 4858 1129 4913; x_wconf 91' lang='lat' dir='ltr'><strong>illa</strong></span> <span class='ocrx_word' id='word_1_628' title='bbox 1173 4857 1432 4927; x_wconf 90' lang='lat' dir='ltr'><strong>defectio,</strong></span> <span class='ocrx_word' id='word_1_629' title='bbox 1468 4860 1802 4916; x_wconf 87' lang='lat' dir='ltr'><strong>vertebatur</strong></span> <span class='ocrx_word' id='word_1_630' title='bbox 1841 4860 1899 4915; x_wconf 90' lang='lat' dir='ltr'><strong>in</strong></span> <span class='ocrx_word' id='word_1_631' title='bbox 1943 4875 2038 4917; x_wconf 91' lang='lat' dir='ltr'><strong>co-</strong></span> 
     </span>
    </p>
   </div>
   <div class='ocr_carea' id='block_1_96' title="bbox 347 4946 2040 5019">
    <p class='ocr_par' dir='ltr' id='par_1_96' title="bbox 347 4946 2040 5019">
     <span class='ocr_line' id='line_1_96' title="bbox 347 4946 2040 5019; baseline 0.003 -18"><span class='ocrx_word' id='word_1_632' title='bbox 347 4946 524 5017; x_wconf 84' lang='lat' dir='ltr'><strong>piam,</strong></span> <span class='ocrx_word' id='word_1_633' title='bbox 566 4954 621 5002; x_wconf 91' lang='lat' dir='ltr'><strong>et</strong></span> <span class='ocrx_word' id='word_1_634' title='bbox 649 4948 959 5004; x_wconf 91' lang='lat' dir='ltr'><strong>dummodo</strong></span> <span class='ocrx_word' id='word_1_635' title='bbox 996 4954 1261 5016; x_wconf 88' lang='lat' dir='ltr'><strong>suppetat</strong></span> <span class='ocrx_word' id='word_1_636' title='bbox 1292 4948 1504 5018; x_wconf 88' lang='lat' dir='ltr'><strong>cuique</strong></span> <span class='ocrx_word' id='word_1_637' title='bbox 1547 4949 2040 5019; x_wconf 88' lang='lat' dir='ltr'><strong>quantulamcun-</strong></span> 
     </span>
    </p>
   </div>
   <div class='ocr_carea' id='block_1_97' title="bbox 348 5037 2041 5108">
    <p class='ocr_par' dir='ltr' id='par_1_97' title="bbox 348 5037 2041 5108">
     <span class='ocr_line' id='line_1_97' title="bbox 348 5037 2041 5108; baseline 0.002 -18"><span class='ocrx_word' id='word_1_638' title='bbox 348 5049 463 5105; x_wconf 91' lang='lat' dir='ltr'><strong>que</strong></span> <span class='ocrx_word' id='word_1_639' title='bbox 501 5049 738 5104; x_wconf 91' lang='lat' dir='ltr'><strong>quoquo</strong></span> <span class='ocrx_word' id='word_1_640' title='bbox 777 5045 941 5106; x_wconf 92' lang='lat' dir='ltr'><strong>pacto</strong></span> <span class='ocrx_word' id='word_1_641' title='bbox 979 5050 1328 5106; x_wconf 88' lang='lat' dir='ltr'><strong>congregare</strong></span> <span class='ocrx_word' id='word_1_642' title='bbox 1372 5037 1693 5106; x_wconf 89' lang='lat' dir='ltr'><strong>pecuniam,</strong></span> <span class='ocrx_word' id='word_1_643' title='bbox 1735 5039 1831 5094; x_wconf 82' lang='lat' dir='ltr'><strong>dat</strong></span> <span class='ocrx_word' id='word_1_644' title='bbox 1870 5038 2041 5108; x_wconf 82' lang='lat' dir='ltr'><strong>quid-</strong></span> 
     </span>
    </p>
   </div>
   <div class='ocr_carea' id='block_1_98' title="bbox 348 5122 2042 5195">
    <p class='ocr_par' dir='ltr' id='par_1_98' title="bbox 348 5122 2042 5195">
     <span class='ocr_line' id='line_1_98' title="bbox 348 5122 2042 5195; baseline 0.002 -17"><span class='ocrx_word' id='word_1_645' title='bbox 348 5122 489 5193; x_wconf 91' lang='lat' dir='ltr'><strong>quid</strong></span> <span class='ocrx_word' id='word_1_646' title='bbox 522 5122 731 5178; x_wconf 89' lang='lat' dir='ltr'><strong>habere</strong></span> <span class='ocrx_word' id='word_1_647' title='bbox 761 5123 1012 5190; x_wconf 89' lang='lat' dir='ltr'><strong>videtur,</strong></span> <span class='ocrx_word' id='word_1_648' title='bbox 1044 5138 1158 5179; x_wconf 90' lang='lat' dir='ltr'><strong>non</strong></span> <span class='ocrx_word' id='word_1_649' title='bbox 1192 5137 1293 5193; x_wconf 90' lang='lat' dir='ltr'><strong>pro</strong></span> <span class='ocrx_word' id='word_1_650' title='bbox 1323 5137 1449 5192; x_wconf 86' lang='lat' dir='ltr'><strong>sua,</strong></span> <span class='ocrx_word' id='word_1_651' title='bbox 1490 5125 1585 5180; x_wconf 90' lang='lat' dir='ltr'><strong>sed</strong></span> <span class='ocrx_word' id='word_1_652' title='bbox 1619 5139 1721 5195; x_wconf 93' lang='lat' dir='ltr'><strong>pro</strong></span> <span class='ocrx_word' id='word_1_653' title='bbox 1750 5126 2042 5181; x_wconf 89' lang='lat' dir='ltr'><strong>taxatione</strong></span> 
     </span>
    </p>
   </div>
   <div class='ocr_carea' id='block_1_99' title="bbox 347 5210 2043 5285">
    <p class='ocr_par' dir='ltr' id='par_1_99' title="bbox 347 5210 2043 5285">
     <span class='ocr_line' id='line_1_99' title="bbox 347 5210 2043 5285; baseline 0.002 -18"><span class='ocrx_word' id='word_1_654' title='bbox 347 5210 608 5278; x_wconf 90' lang='lat' dir='ltr'><strong>ementis,</strong></span> <span class='ocrx_word' id='word_1_655' title='bbox 660 5225 732 5267; x_wconf 91' lang='lat' dir='ltr'><strong>ne</strong></span> <span class='ocrx_word' id='word_1_656' title='bbox 774 5211 875 5267; x_wconf 91' lang='lat' dir='ltr'><strong>Dei</strong></span> <span class='ocrx_word' id='word_1_657' title='bbox 924 5213 1200 5280; x_wconf 87' lang='lat' dir='ltr'><strong>posterior</strong></span> <span class='ocrx_word' id='word_1_658' title='bbox 1255 5213 1630 5285; x_wconf 85' lang='lat' dir='ltr'><strong>aggrediatur</strong></span> <span class='ocrx_word' id='word_1_659' title='bbox 1676 5213 1851 5269; x_wconf 90' lang='lat' dir='ltr'><strong>viam.</strong></span> <span class='ocrx_word' id='word_1_660' title='bbox 1908 5213 2043 5270; x_wconf 90' lang='lat' dir='ltr'><strong>Erat</strong></span> 
     </span>
    </p>
   </div>
   <div class='ocr_carea' id='block_1_100' title="bbox 347 5298 2043 5369">
    <p class='ocr_par' dir='ltr' id='par_1_100' title="bbox 347 5298 2043 5369">
     <span class='ocr_line' id='line_1_100' title="bbox 347 5298 2043 5369; baseline 0.003 -16"><span class='ocrx_word' id='word_1_661' title='bbox 347 5298 546 5369; x_wconf 89' lang='lat' dir='ltr'><strong>itaque</strong></span> <span class='ocrx_word' id='word_1_662' title='bbox 585 5298 660 5354; x_wconf 91' lang='lat' dir='ltr'><strong>ibi</strong></span> <span class='ocrx_word' id='word_1_663' title='bbox 704 5299 898 5356; x_wconf 88' lang='lat' dir='ltr'><strong>videre</strong></span> <span class='ocrx_word' id='word_1_664' title='bbox 937 5299 1283 5357; x_wconf 89' lang='lat' dir='ltr'><strong>miraculum</strong></span> <span class='ocrx_word' id='word_1_665' title='bbox 1325 5316 1459 5358; x_wconf 90' lang='lat' dir='ltr'><strong>caro</strong></span> <span class='ocrx_word' id='word_1_666' title='bbox 1503 5316 1702 5358; x_wconf 90' lang='lat' dir='ltr'><strong>omnes</strong></span> <span class='ocrx_word' id='word_1_667' title='bbox 1744 5315 1951 5368; x_wconf 90' lang='lat' dir='ltr'><strong>emere,</strong></span> <span class='ocrx_word' id='word_1_668' title='bbox 1986 5308 2043 5358; x_wconf 92' lang='lat' dir='ltr'><strong>et</strong></span> 
     </span>
    </p>
   </div>
   <div class='ocr_carea' id='block_1_101' title="bbox 347 5376 2045 5461">
    <p class='ocr_par' dir='ltr' id='par_1_101' title="bbox 347 5376 2045 5461">
     <span class='ocr_line' id='line_1_101' title="bbox 347 5376 2045 5461; baseline 0.003 -19"><span class='ocrx_word' id='word_1_669' title='bbox 347 5387 447 5442; x_wconf 90' lang='lat' dir='ltr'><strong>vili</strong></span> <span class='ocrx_word' id='word_1_670' title='bbox 477 5388 740 5456; x_wconf 88' lang='lat' dir='ltr'><strong>vendere,</strong></span> <span class='ocrx_word' id='word_1_671' title='bbox 773 5376 909 5445; x_wconf 84' lang='lat' dir='ltr'><strong>caro</strong></span> <span class='ocrx_word' id='word_1_672' title='bbox 941 5389 1197 5460; x_wconf 90' lang='lat' dir='ltr'><strong>quidem,</strong></span> <span class='ocrx_word' id='word_1_673' title='bbox 1222 5405 1354 5461; x_wconf 75' lang='lat' dir='ltr'><strong>quae</strong></span> <span class='ocrx_word' id='word_1_674' title='bbox 1382 5391 1453 5445; x_wconf 91' lang='lat' dir='ltr'><strong>ad</strong></span> <span class='ocrx_word' id='word_1_675' title='bbox 1482 5404 1655 5447; x_wconf 89' lang='lat' dir='ltr'><strong>usum</strong></span> <span class='ocrx_word' id='word_1_676' title='bbox 1683 5390 2045 5447; x_wconf 91' lang='lat' dir='ltr'><strong>deferrentur</strong></span> 
     </span>
    </p>
   </div>
   <div class='ocr_carea' id='block_1_102' title="bbox 347 5475 2043 5549">
    <p class='ocr_par' dir='ltr' id='par_1_102' title="bbox 347 5475 2043 5549">
     <span class='ocr_line' id='line_1_102' title="bbox 347 5475 2043 5549; baseline 0.002 -19"><span class='ocrx_word' id='word_1_677' title='bbox 347 5475 587 5545; x_wconf 87' lang='lat' dir='ltr'><strong>itineris,</strong></span> <span class='ocrx_word' id='word_1_678' title='bbox 630 5477 768 5533; x_wconf 93' lang='lat' dir='ltr'><strong>dum</strong></span> <span class='ocrx_word' id='word_1_679' title='bbox 819 5486 1284 5549; x_wconf 71' lang='lat' dir='ltr'><strong>praeproperam;</strong></span> <span class='ocrx_word' id='word_1_680' title='bbox 1336 5478 1435 5533; x_wconf 91' lang='lat' dir='ltr'><strong>vili</strong></span> <span class='ocrx_word' id='word_1_681' title='bbox 1480 5492 1635 5546; x_wconf 88' lang='lat' dir='ltr'><strong>vero,</strong></span> <span class='ocrx_word' id='word_1_682' title='bbox 1693 5478 1833 5534; x_wconf 90' lang='lat' dir='ltr'><strong>dum</strong></span> <span class='ocrx_word' id='word_1_683' title='bbox 1876 5491 2043 5534; x_wconf 88' lang='lat' dir='ltr'><strong>sum-</strong></span> 
     </span>
    </p>
   </div>
   <div class='ocr_carea' id='block_1_103' title="bbox 348 5568 2045 5639">
    <p class='ocr_par' dir='ltr' id='par_1_103' title="bbox 348 5568 2045 5639">
     <span class='ocr_line' id='line_1_103' title="bbox 348 5568 2045 5639; baseline 0.001 -16"><span class='ocrx_word' id='word_1_684' title='bbox 348 5574 555 5636; x_wconf 90' lang='lat' dir='ltr'><strong>ptuum</strong></span> <span class='ocrx_word' id='word_1_685' title='bbox 588 5568 877 5637; x_wconf 89' lang='lat' dir='ltr'><strong>impendia</strong></span> <span class='ocrx_word' id='word_1_686' title='bbox 906 5576 1273 5639; x_wconf 88' lang='lat' dir='ltr'><strong>coaggerant,</strong></span> <span class='ocrx_word' id='word_1_687' title='bbox 1310 5575 1364 5623; x_wconf 89' lang='lat' dir='ltr'><strong>ct</strong></span> <span class='ocrx_word' id='word_1_688' title='bbox 1393 5583 1523 5638; x_wconf 66' lang='lat' dir='ltr'><strong>quae</strong></span> <span class='ocrx_word' id='word_1_689' title='bbox 1555 5568 1727 5638; x_wconf 91' lang='lat' dir='ltr'><strong>paulo</strong></span> <span class='ocrx_word' id='word_1_690' title='bbox 1757 5575 1889 5624; x_wconf 87' lang='lat' dir='ltr'><strong>ante</strong></span> <span class='ocrx_word' id='word_1_691' title='bbox 1941 5582 2045 5624; x_wconf 88' lang='lat' dir='ltr'><strong>nec</strong></span> 
     </span>
    </p>
   </div>
   <div class='ocr_carea' id='block_1_104' title="bbox 350 5656 2039 5727">
    <p class='ocr_par' dir='ltr' id='par_1_104' title="bbox 350 5656 2039 5727">
     <span class='ocr_line' id='line_1_104' title="bbox 350 5656 2039 5727; baseline 0.002 -17"><span class='ocrx_word' id='word_1_692' title='bbox 350 5668 608 5712; x_wconf 88' lang='lat' dir='ltr'><strong>carceres</strong></span> <span class='ocrx_word' id='word_1_693' title='bbox 655 5671 760 5713; x_wconf 88' lang='lat' dir='ltr'><strong>nec</strong></span> <span class='ocrx_word' id='word_1_694' title='bbox 801 5664 1085 5713; x_wconf 88' lang='lat' dir='ltr'><strong>tormenta</strong></span> <span class='ocrx_word' id='word_1_695' title='bbox 1134 5656 1205 5712; x_wconf 92' lang='lat' dir='ltr'><strong>ab</strong></span> <span class='ocrx_word' id='word_1_696' title='bbox 1248 5656 1331 5711; x_wconf 89' lang='lat' dir='ltr'><strong>eis</strong></span> <span class='ocrx_word' id='word_1_697' title='bbox 1356 5663 1707 5727; x_wconf 90' lang='lat' dir='ltr'><strong>extorquere</strong></span> <span class='ocrx_word' id='word_1_698' title='bbox 1759 5665 2039 5726; x_wconf 90' lang='lat' dir='ltr'><strong>poterant,</strong></span> 
     </span>
    </p>
   </div>
   <div class='ocr_carea' id='block_1_105' title="bbox 349 5743 1828 5804">
    <p class='ocr_par' dir='ltr' id='par_1_105' title="bbox 349 5743 1828 5804">
     <span class='ocr_line' id='line_1_105' title="bbox 349 5743 1828 5804; baseline -0.001 -3"><span class='ocrx_word' id='word_1_699' title='bbox 349 5743 513 5802; x_wconf 91' lang='lat' dir='ltr'><strong>brevi</strong></span> <span class='ocrx_word' id='word_1_700' title='bbox 543 5758 918 5804; x_wconf 89' lang='lat' dir='ltr'><strong>nummorum</strong></span> <span class='ocrx_word' id='word_1_701' title='bbox 948 5757 1196 5802; x_wconf 89' lang='lat' dir='ltr'><strong>numero</strong></span> <span class='ocrx_word' id='word_1_702' title='bbox 1225 5750 1438 5800; x_wconf 88' lang='lat' dir='ltr'><strong>cuncta</strong></span> <span class='ocrx_word' id='word_1_703' title='bbox 1466 5744 1828 5802; x_wconf 88' lang='lat' dir='ltr'><strong>constabant.</strong></span> 
     </span>
    </p>
   </div>
   <div class='ocr_carea' id='block_1_106' title="bbox 2825 4554 3190 4612">
    <p class='ocr_par' dir='ltr' id='par_1_106' title="bbox 2825 4554 3190 4612">
     <span class='ocr_line' id='line_1_106' title="bbox 2825 4554 3190 4612; baseline -0.011 0"><span class='ocrx_word' id='word_1_704' title='bbox 2825 4554 3057 4612; x_wconf 88' lang='lat' dir='ltr'><strong>CAPUT</strong></span> <span class='ocrx_word' id='word_1_705' title='bbox 3097 4554 3190 4610; x_wconf 88' lang='lat' dir='ltr'><strong>IV.</strong></span> 
     </span>
    </p>
   </div>
   <div class='ocr_carea' id='block_1_107' title="bbox 2222 4677 3847 4743">
    <p class='ocr_par' dir='ltr' id='par_1_107' title="bbox 2222 4677 3847 4743">
     <span class='ocr_line' id='line_1_107' title="bbox 2222 4677 3847 4743; baseline 0.001 -5"><span class='ocrx_word' id='word_1_706' title='bbox 2222 4684 2432 4739; x_wconf 78' lang='lat' dir='ltr'><strong>Petrus</strong></span> <span class='ocrx_word' id='word_1_707' title='bbox 2452 4679 2713 4743; x_wconf 78' lang='lat' dir='ltr'><strong>eremila,</strong></span> <span class='ocrx_word' id='word_1_708' title='bbox 2734 4679 2850 4733; x_wconf 80' lang='lat' dir='ltr'><strong>dua:</strong></span> <span class='ocrx_word' id='word_1_709' title='bbox 2871 4677 3170 4733; x_wconf 71' lang='lat' dir='ltr'><strong>exercitus.</strong></span> <span class='ocrx_word' id='word_1_710' title='bbox 3193 4677 3310 4733; x_wconf 80' lang='lat' dir='ltr'><strong>Per</strong></span> <span class='ocrx_word' id='word_1_711' title='bbox 3339 4678 3601 4735; x_wconf 82' lang='lat' dir='ltr'><strong>Galliam</strong></span> <span class='ocrx_word' id='word_1_712' title='bbox 3617 4680 3847 4739; x_wconf 84' lang='lat' dir='ltr'><strong>verbum</strong></span> 
     </span>
    </p>
   </div>
   <div class='ocr_carea' id='block_1_108' title="bbox 2150 4766 3846 4840">
    <p class='ocr_par' dir='ltr' id='par_1_108' title="bbox 2150 4766 3846 4840">
     <span class='ocr_line' id='line_1_108' title="bbox 2150 4766 3846 4840; baseline -0.002 -11"><span class='ocrx_word' id='word_1_713' title='bbox 2150 4773 2259 4829; x_wconf 88' lang='lat' dir='ltr'><strong>Dei</strong></span> <span class='ocrx_word' id='word_1_714' title='bbox 2285 4768 2644 4827; x_wconf 81' lang='lat' dir='ltr'><strong>disseminal.</strong></span> <span class='ocrx_word' id='word_1_715' title='bbox 2675 4768 2875 4840; x_wconf 79' lang='lat' dir='ltr'><strong>Ipsius</strong></span> <span class='ocrx_word' id='word_1_716' title='bbox 2896 4766 3022 4823; x_wconf 73' lang='lat' dir='ltr'><strong>vitae</strong></span> <span class='ocrx_word' id='word_1_717' title='bbox 3048 4785 3243 4840; x_wconf 82' lang='lat' dir='ltr'><strong>genus.</strong></span> <span class='ocrx_word' id='word_1_718' title='bbox 3278 4767 3397 4822; x_wconf 90' lang='lat' dir='ltr'><strong>Pili</strong></span> <span class='ocrx_word' id='word_1_719' title='bbox 3437 4786 3505 4825; x_wconf 76' lang='lat' dir='ltr'><strong>ea:</strong></span> <span class='ocrx_word' id='word_1_720' title='bbox 3535 4770 3661 4839; x_wconf 87' lang='lat' dir='ltr'><strong>ejus</strong></span> <span class='ocrx_word' id='word_1_721' title='bbox 3691 4772 3846 4826; x_wconf 84' lang='lat' dir='ltr'><strong>mulo</strong></span> 
     </span>
    </p>
   </div>
   <div class='ocr_carea' id='block_1_109' title="bbox 2147 4857 3842 4935">
    <p class='ocr_par' dir='ltr' id='par_1_109' title="bbox 2147 4857 3842 4935">
     <span class='ocr_line' id='line_1_109' title="bbox 2147 4857 3842 4935; baseline -0.001 -19"><span class='ocrx_word' id='word_1_722' title='bbox 2147 4879 2252 4935; x_wconf 86' lang='lat' dir='ltr'><strong>pro</strong></span> <span class='ocrx_word' id='word_1_723' title='bbox 2299 4857 2565 4930; x_wconf 85' lang='lat' dir='ltr'><strong>reliquiis</strong></span> <span class='ocrx_word' id='word_1_724' title='bbox 2608 4857 3079 4914; x_wconf 73' lang='lat' dir='ltr'><strong>extrahebanlur.</strong></span> <span class='ocrx_word' id='word_1_725' title='bbox 3132 4887 3201 4897; x_wconf 95' lang='lat'>—</span> <span class='ocrx_word' id='word_1_726' title='bbox 3244 4857 3607 4929; x_wconf 89' lang='lat' dir='ltr'><strong>Principibus</strong></span> <span class='ocrx_word' id='word_1_727' title='bbox 3650 4859 3842 4931; x_wconf 91' lang='lat' dir='ltr'><strong>igitur,</strong></span> 
     </span>
    </p>
   </div>
   <div class='ocr_carea' id='block_1_110' title="bbox 2148 4947 3846 5022">
    <p class='ocr_par' dir='ltr' id='par_1_110' title="bbox 2148 4947 3846 5022">
     <span class='ocr_line' id='line_1_110' title="bbox 2148 4947 3846 5022; baseline -0.002 -16"><span class='ocrx_word' id='word_1_728' title='bbox 2148 4950 2251 5022; x_wconf 90' lang='lat' dir='ltr'><strong>qui</strong></span> <span class='ocrx_word' id='word_1_729' title='bbox 2290 4948 2489 5004; x_wconf 90' lang='lat' dir='ltr'><strong>multis</strong></span> <span class='ocrx_word' id='word_1_730' title='bbox 2530 4947 2798 5016; x_wconf 83' lang='lat' dir='ltr'><strong>expensis</strong></span> <span class='ocrx_word' id='word_1_731' title='bbox 2843 4954 2899 5002; x_wconf 93' lang='lat' dir='ltr'><strong>et</strong></span> <span class='ocrx_word' id='word_1_732' title='bbox 2939 4947 3167 5019; x_wconf 90' lang='lat' dir='ltr'><strong>magnis</strong></span> <span class='ocrx_word' id='word_1_733' title='bbox 3202 4947 3646 5017; x_wconf 89' lang='lat' dir='ltr'><strong>obsequentium</strong></span> <span class='ocrx_word' id='word_1_734' title='bbox 3678 4948 3846 5003; x_wconf 92' lang='lat' dir='ltr'><strong>mini-</strong></span> 
     </span>
    </p>
   </div>
   <div class='ocr_carea' id='block_1_111' title="bbox 2148 5036 3850 5107">
    <p class='ocr_par' dir='ltr' id='par_1_111' title="bbox 2148 5036 3850 5107">
     <span class='ocr_line' id='line_1_111' title="bbox 2148 5036 3850 5107; baseline -0.001 -11"><span class='ocrx_word' id='word_1_735' title='bbox 2148 5038 2336 5096; x_wconf 87' lang='lat' dir='ltr'><strong>steriis</strong></span> <span class='ocrx_word' id='word_1_736' title='bbox 2377 5036 2732 5107; x_wconf 88' lang='lat' dir='ltr'><strong>indigebant,</strong></span> <span class='ocrx_word' id='word_1_737' title='bbox 2783 5049 2890 5091; x_wconf 90' lang='lat' dir='ltr'><strong>sua</strong></span> <span class='ocrx_word' id='word_1_738' title='bbox 2927 5050 3172 5105; x_wconf 89' lang='lat' dir='ltr'><strong>morose,</strong></span> <span class='ocrx_word' id='word_1_739' title='bbox 3220 5049 3287 5092; x_wconf 92' lang='lat' dir='ltr'><strong>ac</strong></span> <span class='ocrx_word' id='word_1_740' title='bbox 3329 5036 3712 5106; x_wconf 87' lang='lat' dir='ltr'><strong>dispensative</strong></span> <span class='ocrx_word' id='word_1_741' title='bbox 3743 5044 3850 5096; x_wconf 89' lang='lat' dir='ltr'><strong>tra.</strong></span> 
     </span>
    </p>
   </div>
   <div class='ocr_carea' id='block_1_112' title="bbox 2148 5123 3844 5195">
    <p class='ocr_par' dir='ltr' id='par_1_112' title="bbox 2148 5123 3844 5195">
     <span class='ocr_line' id='line_1_112' title="bbox 2148 5123 3844 5195; baseline -0.001 -12"><span class='ocrx_word' id='word_1_742' title='bbox 2148 5126 2458 5193; x_wconf 90' lang='lat' dir='ltr'><strong>ctantibus,</strong></span> <span class='ocrx_word' id='word_1_743' title='bbox 2504 5132 2678 5180; x_wconf 91' lang='lat' dir='ltr'><strong>tenue</strong></span> <span class='ocrx_word' id='word_1_744' title='bbox 2725 5123 2867 5180; x_wconf 91' lang='lat' dir='ltr'><strong>illud</strong></span> <span class='ocrx_word' id='word_1_745' title='bbox 2915 5125 3149 5195; x_wconf 90' lang='lat' dir='ltr'><strong>quidem</strong></span> <span class='ocrx_word' id='word_1_746' title='bbox 3192 5125 3535 5192; x_wconf 90' lang='lat' dir='ltr'><strong>substantia,</strong></span> <span class='ocrx_word' id='word_1_747' title='bbox 3596 5125 3690 5181; x_wconf 89' lang='lat' dir='ltr'><strong>sed</strong></span> <span class='ocrx_word' id='word_1_748' title='bbox 3736 5139 3844 5181; x_wconf 90' lang='lat' dir='ltr'><strong>nu-</strong></span> 
     </span>
    </p>
   </div>
   <div class='ocr_carea' id='block_1_113' title="bbox 2150 5213 3845 5285">
    <p class='ocr_par' dir='ltr' id='par_1_113' title="bbox 2150 5213 3845 5285">
     <span class='ocr_line' id='line_1_113' title="bbox 2150 5213 3845 5285; baseline -0.001 -14"><span class='ocrx_word' id='word_1_749' title='bbox 2150 5229 2306 5272; x_wconf 89' lang='lat' dir='ltr'><strong>mero</strong></span> <span class='ocrx_word' id='word_1_750' title='bbox 2350 5213 2880 5284; x_wconf 86' lang='lat' dir='ltr'><strong>frequentissimum</strong></span> <span class='ocrx_word' id='word_1_751' title='bbox 2921 5214 3155 5285; x_wconf 91' lang='lat' dir='ltr'><strong>vulgus,</strong></span> <span class='ocrx_word' id='word_1_752' title='bbox 3206 5214 3368 5269; x_wconf 92' lang='lat' dir='ltr'><strong>Petro</strong></span> <span class='ocrx_word' id='word_1_753' title='bbox 3423 5213 3654 5269; x_wconf 87' lang='lat' dir='ltr'><strong>cuidam</strong></span> <span class='ocrx_word' id='word_1_754' title='bbox 3705 5214 3845 5270; x_wconf 87' lang='lat' dir='ltr'><strong>Ere—</strong></span> 
     </span>
    </p>
   </div>
   <div class='ocr_carea' id='block_1_114' title="bbox 2147 5301 3844 5373">
    <p class='ocr_par' dir='ltr' id='par_1_114' title="bbox 2147 5301 3844 5373">
     <span class='ocr_line' id='line_1_114' title="bbox 2147 5301 3844 5373; baseline -0.002 -12"><span class='ocrx_word' id='word_1_755' title='bbox 2147 5304 2300 5361; x_wconf 73' lang='lat' dir='ltr'><strong>mitze</strong></span> <span class='ocrx_word' id='word_1_756' title='bbox 2348 5302 2597 5370; x_wconf 66' lang='lat' dir='ltr'><strong>cohaesit,</strong></span> <span class='ocrx_word' id='word_1_757' title='bbox 2638 5302 2808 5373; x_wconf 89' lang='lat' dir='ltr'><strong>eique</strong></span> <span class='ocrx_word' id='word_1_758' title='bbox 2857 5302 3105 5370; x_wconf 91' lang='lat' dir='ltr'><strong>interim,</strong></span> <span class='ocrx_word' id='word_1_759' title='bbox 3151 5302 3287 5357; x_wconf 90' lang='lat' dir='ltr'><strong>dum</strong></span> <span class='ocrx_word' id='word_1_760' title='bbox 3339 5302 3530 5358; x_wconf 87' lang='lat' dir='ltr'><strong>adhuc</strong></span> <span class='ocrx_word' id='word_1_761' title='bbox 3576 5316 3665 5358; x_wconf 90' lang='lat' dir='ltr'><strong>res</strong></span> <span class='ocrx_word' id='word_1_762' title='bbox 3695 5301 3844 5358; x_wconf 87' lang='lat' dir='ltr'><strong>intra</strong></span> 
     </span>
    </p>
   </div>
   <div class='ocr_carea' id='block_1_115' title="bbox 2149 5390 3840 5463">
    <p class='ocr_par' dir='ltr' id='par_1_115' title="bbox 2149 5390 3840 5463">
     <span class='ocr_line' id='line_1_115' title="bbox 2149 5390 3840 5463; baseline -0.002 -15"><span class='ocrx_word' id='word_1_763' title='bbox 2149 5406 2255 5448; x_wconf 92' lang='lat' dir='ltr'><strong>nos</strong></span> <span class='ocrx_word' id='word_1_764' title='bbox 2296 5391 2509 5463; x_wconf 86' lang='lat' dir='ltr'><strong>agitur,</strong></span> <span class='ocrx_word' id='word_1_765' title='bbox 2558 5404 2625 5447; x_wconf 92' lang='lat' dir='ltr'><strong>ac</strong></span> <span class='ocrx_word' id='word_1_766' title='bbox 2671 5391 2720 5447; x_wconf 88' lang='lat' dir='ltr'><strong>si</strong></span> <span class='ocrx_word' id='word_1_767' title='bbox 2765 5392 3039 5463; x_wconf 87' lang='lat' dir='ltr'><strong>magistro</strong></span> <span class='ocrx_word' id='word_1_768' title='bbox 3083 5391 3296 5460; x_wconf 88' lang='lat' dir='ltr'><strong>paruit.</strong></span> <span class='ocrx_word' id='word_1_769' title='bbox 3350 5390 3528 5457; x_wconf 88' lang='lat' dir='ltr'><strong>Quem</strong></span> <span class='ocrx_word' id='word_1_770' title='bbox 3574 5404 3643 5446; x_wconf 85' lang='lat' dir='ltr'><strong>ex</strong></span> <span class='ocrx_word' id='word_1_771' title='bbox 3683 5391 3840 5458; x_wconf 88' lang='lat' dir='ltr'><strong>urbe,</strong></span> 
     </span>
    </p>
   </div>
   <div class='ocr_carea' id='block_1_116' title="bbox 2150 5478 3844 5548">
    <p class='ocr_par' dir='ltr' id='par_1_116' title="bbox 2150 5478 3844 5548">
     <span class='ocr_line' id='line_1_116' title="bbox 2150 5478 3844 5548; baseline -0.001 -12"><span class='ocrx_word' id='word_1_772' title='bbox 2150 5481 2262 5536; x_wconf 93' lang='lat' dir='ltr'><strong>nisi</strong></span> <span class='ocrx_word' id='word_1_773' title='bbox 2320 5479 2504 5542; x_wconf 87' lang='lat' dir='ltr'><strong>fallor,</strong></span> <span class='ocrx_word' id='word_1_774' title='bbox 2552 5480 2924 5536; x_wconf 82' lang='lat' dir='ltr'><strong>Ambianensi</strong></span> <span class='ocrx_word' id='word_1_775' title='bbox 2966 5487 3180 5543; x_wconf 89' lang='lat' dir='ltr'><strong>ortum,</strong></span> <span class='ocrx_word' id='word_1_776' title='bbox 3220 5479 3275 5535; x_wconf 92' lang='lat' dir='ltr'><strong>in</strong></span> <span class='ocrx_word' id='word_1_777' title='bbox 3328 5478 3611 5548; x_wconf 88' lang='lat' dir='ltr'><strong>superiori</strong></span> <span class='ocrx_word' id='word_1_778' title='bbox 3659 5479 3844 5535; x_wconf 90' lang='lat' dir='ltr'><strong>nescio</strong></span> 
     </span>
    </p>
   </div>
   <div class='ocr_carea' id='block_1_117' title="bbox 2151 5567 3842 5641">
    <p class='ocr_par' dir='ltr' id='par_1_117' title="bbox 2151 5567 3842 5641">
     <span class='ocr_line' id='line_1_117' title="bbox 2151 5567 3842 5641; baseline -0.002 -16"><span class='ocrx_word' id='word_1_779' title='bbox 2151 5583 2270 5641; x_wconf 92' lang='lat' dir='ltr'><strong>qua</strong></span> <span class='ocrx_word' id='word_1_780' title='bbox 2325 5568 2642 5625; x_wconf 89' lang='lat' dir='ltr'><strong>Galliarum</strong></span> <span class='ocrx_word' id='word_1_781' title='bbox 2694 5576 2874 5638; x_wconf 90' lang='lat' dir='ltr'><strong>parte,</strong></span> <span class='ocrx_word' id='word_1_782' title='bbox 2920 5567 3232 5625; x_wconf 84' lang='lat' dir='ltr'><strong>solitariam</strong></span> <span class='ocrx_word' id='word_1_783' title='bbox 3285 5568 3392 5622; x_wconf 89' lang='lat' dir='ltr'><strong>sub</strong></span> <span class='ocrx_word' id='word_1_784' title='bbox 3425 5567 3625 5623; x_wconf 90' lang='lat' dir='ltr'><strong>habitu</strong></span> <span class='ocrx_word' id='word_1_785' title='bbox 3650 5582 3842 5623; x_wconf 89' lang='lat' dir='ltr'><strong>mona-</strong></span> 
     </span>
    </p>
   </div>
   <div class='ocr_carea' id='block_1_118' title="bbox 2151 5655 3838 5727">
    <p class='ocr_par' dir='ltr' id='par_1_118' title="bbox 2151 5655 3838 5727">
     <span class='ocr_line' id='line_1_118' title="bbox 2151 5655 3838 5727; baseline -0.002 -12"><span class='ocrx_word' id='word_1_786' title='bbox 2151 5657 2312 5715; x_wconf 85' lang='lat' dir='ltr'><strong>chico</strong></span> <span class='ocrx_word' id='word_1_787' title='bbox 2341 5657 2523 5713; x_wconf 90' lang='lat' dir='ltr'><strong>vitam</strong></span> <span class='ocrx_word' id='word_1_788' title='bbox 2566 5656 2819 5724; x_wconf 85' lang='lat' dir='ltr'><strong>duxisse,</strong></span> <span class='ocrx_word' id='word_1_789' title='bbox 2867 5657 3267 5726; x_wconf 89' lang='lat' dir='ltr'><strong>comperimus.</strong></span> <span class='ocrx_word' id='word_1_790' title='bbox 3316 5655 3475 5712; x_wconf 90' lang='lat' dir='ltr'><strong>Unde</strong></span> <span class='ocrx_word' id='word_1_791' title='bbox 3505 5655 3838 5727; x_wconf 87' lang='lat' dir='ltr'><strong>digressum,</strong></span> 
     </span>
    </p>
   </div>
   <div class='ocr_carea' id='block_1_119' title="bbox 2150 5743 3840 5819">
    <p class='ocr_par' dir='ltr' id='par_1_119' title="bbox 2150 5743 3840 5819">
     <span class='ocr_line' id='line_1_119' title="bbox 2150 5743 3840 5819; baseline -0.003 -15"><span class='ocrx_word' id='word_1_792' title='bbox 2150 5760 2271 5819; x_wconf 89' lang='lat' dir='ltr'><strong>qua</strong></span> <span class='ocrx_word' id='word_1_793' title='bbox 2312 5744 2501 5803; x_wconf 91' lang='lat' dir='ltr'><strong>nescio</strong></span> <span class='ocrx_word' id='word_1_794' title='bbox 2539 5745 2874 5813; x_wconf 91' lang='lat' dir='ltr'><strong>intentione,</strong></span> <span class='ocrx_word' id='word_1_795' title='bbox 2922 5744 3096 5803; x_wconf 89' lang='lat' dir='ltr'><strong>urbes</strong></span> <span class='ocrx_word' id='word_1_796' title='bbox 3139 5751 3196 5802; x_wconf 91' lang='lat' dir='ltr'><strong>et</strong></span> <span class='ocrx_word' id='word_1_797' title='bbox 3240 5744 3536 5815; x_wconf 88' lang='lat' dir='ltr'><strong>muncipia</strong></span> <span class='ocrx_word' id='word_1_798' title='bbox 3573 5743 3840 5815; x_wconf 62' lang='lat' dir='ltr'><strong>pradica-</strong></span> 
     </span>
    </p>
   </div>
  </div>
