3934 6412
55 399 146 454 705
1157 399 1377 456 GESTA
1417 399 1534 456 DEI
1575 399 1712 456 PER
1753 399 2089 457 FRANCOS.
2115 430 2184 440 -—
2217 399 2348 456 LIB.
2393 401 2457 456 II.

3458 407 3564 462 706

55 531 211 586 tionis
246 531 494 587 obtentu
533 531 838 587 circumire
901 536 1038 586 39!
1093 531 1364 597 vidimus,
1424 532 1594 587 tantis
1645 546 1748 600 po-
1787 535 1989 600 Agus,
2044 539 2237 602 utpote
2300 531 2588 602 mancipia
2646 541 2702 588 et
2780 531 3009 603 publica
3067 535 3319 604 servitia,
3391 537 3566 592 nullis

52 620 317 688 pulcrum
359 621 838 677 multitudinibus
883 619 1107 686 vallari,
1163 621 1336 676 tantis
1413 621 1755 676 muneribus

51 709 267 775 donari,
329 717 490 766 tanto
551 710 868 765 sanctitatis
925 709 1210 779 praeconio
1265 710 1612 765 conclamari
1690 717 1754 766 ut

53 799 332 854 neminem
364 799 729 854 meminerim
778 799 1020 854 similem
1051 799 1264 854 honore
1301 799 1518 855 haberi.
1572 799 1754 854 Multa

30 887 197 941 enim
226 887 438 954 fuerat,
471 902 543 943 ex
590 888 679 943 his
717 902 849 957 quae
887 887 995 942 sibi
1039 887 1350 954 dabantur,
1391 888 1752 959 dilargitione

51 988 183 1044 erga
261 989 546 1046 pauperes
603 976 871 1043 liberalis,
939 976 1274 1045 prostitutas
1313 977 1584 1033 mulieres
1636 992 1751 1033 non

51 1063 170 1118 sine
213 1078 320 1120 suo
358 1078 600 1120 munere
641 1064 865 1119 maritis
908 1064 1238 1130 honestans,
1288 1063 1347 1118 in
1392 1065 1751 1121 discordibus

53 1151 265 1222 ubique
287 1166 456 1222 paces
483 1160 538 1209 et
564 1153 795 1219 fcedera,
828 1153 977 1208 mira
1010 1153 1369 1220 auctoritate,
1420 1154 1746 1210 restituens.

51 1238 344 1310 Quidquid
400 1242 603 1312 agebat
663 1256 939 1312 namque,
997 1256 1100 1297 seu
1154 1242 1518 1312 loquebatur,
1580 1245 1750 1313 quasi

51 1329 332 1397 quiddam
406 1331 778 1386 subdivinum
839 1330 1164 1396 videbatur,
1245 1332 1560 1400 przesertim
1617 1347 1748 1389 cum

53 1417 224 1472 etiam
267 1418 339 1474 de
385 1419 510 1489 ejus
545 1419 702 1475 mulo
750 1419 848 1488 pili
903 1433 1007 1488 pro
1061 1419 1324 1489 reliquiis
1383 1429 1746 1489 raperentur,

29 1499 207 1576 ‘quod
247 1521 357 1563 nos
406 1522 519 1563 non
565 1508 634 1562 ad
688 1508 1007 1574 veritatem,
1066 1508 1162 1562 sed
1218 1508 1393 1579 vulgo
1449 1508 1751 1567 referimus

52 1596 269 1651 amanti
317 1597 646 1652 novitatem.
689 1597 879 1651 Lanea
913 1596 1108 1652 tunica
1137 1597 1210 1651 ad
1254 1611 1484 1665 purum,
1521 1598 1748 1654 cucullo

51 1699 222 1754 super
253 1685 515 1754 utrisque
544 1684 842 1750 talaribus,
880 1684 1052 1752 byrro
1089 1684 1333 1753 desuper
1367 1683 1746 1755 induebatur;

49 1773 270 1828 braccis
319 1772 574 1839 minime,
623 1772 868 1840 nudipes
922 1777 1144 1837 autem;
1190 1785 1357 1840 pane,
1421 1771 1522 1826 vix
1574 1771 1743 1840 pisce,

48 1875 356 1931 nunquam
383 1861 518 1915 vino
548 1860 830 1915 alebatur.

81 1950 274 2020 [ναι]
289 1948 549 2003 Militum
560 1947 959 2003 dissolutiones
968 1963 1072 2019 per
1081 1947 1389 2019 Hungart'a
1398 1948 1754 2020 proﬁciscen-

47 2037 207 2092 lium.
231 2066 302 2078 —
327 2037 385 2092 Is
404 2037 598 2106 itaque
618 2037 727 2103 vir,
749 2037 954 2105 partim
978 2035 1264 2105 opinione,
1289 2036 1492 2104 partim
1515 2051 1619 2091 suo
1639 2051 1752 2092 mo-

46 2127 169 2182 nitu
199 2140 335 2182 cum
361 2125 672 2180 immanem
716 2124 1018 2180 conﬂasset
1055 2125 1396 2190 exercitum,
1448 2138 1548 2193 per
1583 2126 1752 2181 Hun-

48 2229 318 2286 garorum
355 2222 570 2270 terram
600 2213 806 2285 delegit
828 2213 1005 2269 abire.
1049 2212 1304 2278 Quorum
1328 2213 1588 2283 regiones
1617 2228 1749 2269 cum

46 2319 241 2360 earum
273 2317 474 2358 rerum
507 2318 638 2373 quae
677 2303 749 2357 ad
790 2302 1128 2357 alimentum
1176 2301 1462 2370 pertinent
1510 2302 1748 2371 opulen-

46 2392 307 2459 tissimas,
348 2392 494 2448 idem
541 2392 756 2462 vulgus
798 2391 1040 2447 indocile
1088 2393 1409 2461 reperisset,
1456 2399 1752 2461 coeperunt

46 2481 292 2536 luxuriis
326 2480 669 2536 enormibus
706 2487 907 2534 contra
955 2478 1362 2549 indigenarum
1413 2487 1752 2534 mansuetu-

44 2571 228 2625 dinem
265 2569 635 2626 debacchari.
669 2568 814 2624 Cum
839 2568 994 2624 enim
1020 2567 1407 2637 plurimorum
1457 2579 1750 2622 annorum

29 2667 254 2729 .segetes
287 2657 564 2723 triticeas,
612 2664 676 2712 ut
709 2657 766 2711 in
791 2670 857 2712 ea
894 2664 1048 2712 terra
1078 2653 1253 2710 moris
1289 2662 1390 2720 est,
1427 2654 1482 2708 in
1515 2655 1750 2710 modum

43 2747 290 2802 turrium
366 2759 466 2814 per
518 2759 688 2816 agros
734 2744 1017 2801 stabilitas
1068 2749 1388 2810 cernerent,
1445 2757 1594 2812 quas
1649 2759 1752 2799 nos

43 2838 222 2889 metas
243 2833 574 2903 vulgariter
603 2847 807 2889 vocare
837 2833 1117 2903 solemus;
1147 2848 1281 2890 cum
1318 2831 1539 2888 carium
1569 2832 1753 2886 diver-

47 2937 241 2978 sarum
291 2922 666 2991 aliorumque
698 2921 1058 2989 victualium,
1103 2937 1358 2992 quorum
1389 2922 1485 2976 illa
1513 2919 1752 2976 feracis-

44 3012 183 3065 sima
243 3010 417 3066 tellus
468 3015 572 3075 est,
634 3009 810 3078 copiae
875 3016 1261 3078 suppeterent,
1323 3025 1438 3065 non
1502 3005 1751 3062 contenti

46 3099 406 3156 humanitate
448 3110 670 3164 eorum,
723 3098 871 3152 mira
913 3098 1218 3166 dementia,
1266 3099 1374 3168 ipsi
1418 3095 1752 3165 alienigena

46 3200 338 3261 coeperunt
368 3190 709 3246 conculcare
749 3189 1004 3259 gentiles,
1049 3198 1106 3246 et
1154 3204 1286 3245 cum
1336 3190 1508 3256 idem,
1558 3193 1753 3255 utpote

31 3278 353 3334 ﬁbristiani
379 3276 721 3332 Christianis
751 3276 979 3332 venalia
1011 3285 1219 3332 cuncta
1260 3284 1558 3348 gratanter
1587 3275 1754 3344 inge-

49 3374 254 3434 rerent,
295 3366 424 3436 ipsi,
475 3363 728 3420 libidinis
771 3364 1151 3433 impatientes,
1204 3365 1308 3434 βίω
1352 3361 1755 3433 hospitalitatis

49 3468 110 3509 ac
141 3452 533 3510 beneﬁcentia:
587 3451 965 3517 immemores,
1001 3451 1147 3507 bello
1183 3452 1362 3522 gratis
1409 3465 1506 3508 eos
1549 3464 1753 3520 aggre-

49 3542 318 3612 diuntur;
365 3541 505 3596 dum
537 3539 662 3595 illos
693 3538 1007 3607 opinantur
1043 3540 1186 3594 nihil
1237 3554 1483 3595 ausuros
1531 3546 1750 3603 contra,

52 3643 113 3685 ac
138 3632 371 3699 penitus
399 3629 624 3684 futuros
655 3627 924 3683 imbelles.
956 3627 1133 3684 Rabie
1165 3629 1342 3697 igitur
1380 3627 1752 3691 exsecranda,

53 3718 294 3786 publicis
347 3732 495 3788 quos
541 3716 798 3772 diximus
837 3715 1054 3770 horreis
1098 3729 1200 3784 per
1243 3729 1340 3771 eos
1383 3714 1756 3784 ingerebatur

50 3805 404 3873 incendium,
473 3805 680 3874 puellis
746 3803 1120 3873 eripiebatur,
1204 3802 1479 3858 violentia
1557 3802 1751 3870 allata,

49 3893 373 3963 virginitas,
415 3892 946 3948 dehonestabantur
989 3890 1265 3962 conjugia
1295 3890 1514 3946 crebris
1569 3891 1756 3960 rapti-

50 3981 158 4036 bus
214 3983 596 4051 feminarum;
663 3980 968 4047 vellebant,
1040 3979 1162 4034 sive
1228 3979 1566 4035 ustulabant
1635 3980 1756 4034 suis

49 4068 262 4127 barbas
292 4071 647 4141 hospitibus;
679 4084 787 4124 nec
811 4068 931 4139 jam
971 4068 1039 4123 de
1071 4068 1328 4124 emendis
1373 4067 1509 4124 usui
1553 4082 1755 4124 neces—

52 4158 217 4212 sariis
268 4158 569 4228 quidpiam
622 4156 1010 4224 tractabatur;
1071 4154 1166 4210 sed
1225 4155 1474 4224 quisque
1526 4169 1750 4222 eorum,

53 4253 222 4312 prout
252 4253 492 4313 poterat,
544 4244 761 4314 rapinis
807 4251 863 4298 et
908 4242 1161 4298 caadibus
1203 4243 1516 4312 nitebatur,
1568 4245 1649 4298 sic
1696 4257 1757 4299 se

52 4340 278 4389 acturos
339 4334 484 4389 mira
530 4333 765 4388 lascivia
825 4339 1026 4386 contra
1076 4331 1291 4386 Turcos
1346 4330 1522 4387 libere
1560 4330 1754 4386 mina-

52 4421 286 4477 bantur.

121 4509 387 4567 Castrum
421 4509 711 4580 quoddam
739 4509 955 4564 interea
983 4506 1236 4564 habuere
1259 4507 1544 4576 pervium,
1588 4507 1758 4578 cujus

30 4599 212 4672 “nullo
266 4600 434 4656 modo
489 4607 750 4668 poterant
810 4599 1026 4652 evitare
1067 4597 1412 4662 transitum,
1469 4596 1516 4651 is
1602 4596 1754 4652 enim

51 4696 219 4744 terrae
251 4687 398 4743 situs
425 4693 529 4751 est,
561 4695 624 4742 ut
655 4686 712 4740 in
754 4686 991 4741 modum
1036 4684 1321 4756 angiporti
1379 4698 1755 4754 nequaquam

52 4777 122 4831 ad
150 4777 449 4832 dexteram
469 4775 556 4831 vel
580 4775 872 4830 sinistram
896 4781 1085 4844 pateat
1105 4773 1536 4849 diverticulum.
1560 4774 1753 4843 Ipsum

53 4865 216 4920 solita
271 4865 575 4920 insolentia
637 4864 897 4919 obsidere
955 4862 1211 4934 aggressi
1258 4869 1411 4927 sunt,
1467 4861 1564 4916 sed
1620 4877 1754 4918 cum

54 4969 228 5024 prope
282 4953 629 5024 capiendum
687 4960 848 5020 esset,
931 4959 1182 5022 repente,
1241 4965 1356 5006 non
1426 4965 1564 5007 curo
1639 4965 1756 5020 quo

50 5052 285 5112 eventu;
321 5044 399 5098 ita
422 5041 615 5098 obruti
636 5049 772 5098 sunt
801 5049 864 5097 ut
909 5055 1042 5110 pars
1098 5041 1303 5112 gladiis
1368 5041 1752 5108 occumberet,

52 5141 271 5200 patrem
322 5130 576 5187 ﬂuvialis
624 5131 781 5186 unda
828 5129 1241 5200 submergeret,
1287 5143 1420 5198 pars
1469 5130 1589 5184 sine
1623 5129 1757 5184 ullis

35 5221 371 5290 «stipendiis,
411 5223 525 5276 imo
549 5221 702 5290 turpi
734 5219 1028 5289 pauperie,
1067 5219 1250 5289 magis
1280 5225 1472 5274 autem
1515 5218 1752 5287 pudore,

57 5310 114 5364 in
136 5310 435 5364 Franciam
449 5317 790 5377 consumpta
811 5307 1037 5374 rediret,
1067 5308 1136 5363 Et
1159 5307 1299 5377 quia
1319 5307 1468 5362 idem
1501 5315 1754 5362 castrum

58 5397 411 5466 Moyssonem
447 5395 748 5462 vocabant,
777 5402 832 5450 et
862 5394 1076 5449 reversi
1111 5395 1183 5450 ad
1214 5407 1350 5449 suos
1379 5394 1448 5448 ad
1500 5394 1756 5462 Moysso-

59 5501 187 5541 nem
219 5500 407 5556 usque
431 5499 490 5541 se
516 5484 693 5540 fuisse
727 5483 1016 5550 dicebant,
1072 5496 1284 5553 magna
1330 5481 1591 5537 omnium
1626 5480 1754 5534 irri-

61 5574 212 5631 sione
241 5573 468 5644 excepti
494 5581 651 5629 sunt.

29 5701 41 5719 .
131 5663 276 5735 [IX.]
305 5665 509 5722 Petrus
539 5670 731 5720 autem
753 5675 888 5720 cum
916 5657 1061 5716 illud
1102 5658 1593 5729 indisciplinatum
1630 5655 1755 5714 vul-

1863 619 2237 677 hortamentis
2287 621 2553 678 cohibere
2624 621 2860 690 valeret,
2917 637 3048 679 cum
3109 625 3564 682 Alemannorum

1860 708 2060 778 aliqua
2107 710 2431 780 frequentia
2469 717 2526 765 et
2571 719 2898 767 nostrorum
2944 711 3076 767 faece
3136 714 3387 781 residua,
3448 728 3567 784 qua

1863 797 2045 865 potuit
2079 797 2208 853 inde
2242 797 2567 866 provisione
2596 797 2842 868 elapsus,
2873 799 2933 854 in
2963 799 3236 855 Kalendis
3279 803 3567 871 Augusta-

1860 883 2012 940 libus
2041 885 2731 956 Constantinopolitanam
2762 888 2951 959 attigit
2981 889 3208 944 urbem.
3257 888 3363 945 Sed
3411 891 3568 946 hunc

1857 971 1985 1040 ejus
2013 973 2348 1040 adventum,
2374 975 2665 1042 Italorum,
2693 975 2996 1045 Ligurum,
3024 977 3561 1047 Longobardorum,

1859 1074 1992 1115 cum
2039 1061 2553 1130 Transalpinarum
2605 1063 2869 1118 videlicet
2920 1065 3169 1134 partium
3231 1066 3566 1123 hominibus

1859 1162 2138 1219 maguum
2170 1161 2539 1220 praecesserat
2560 1167 2790 1224 agmen,
2825 1153 2927 1223 qui
2966 1154 3094 1223 ejus
3139 1162 3195 1209 et
3224 1162 3563 1210 caeterorum

1860 1239 2115 1296 Francia
2154 1241 2481 1310 principum
2534 1242 2743 1297 ibidem
2799 1242 3172 1296 decreverant
3248 1242 3566 1310 praestolari

1859 1327 2148 1383 comitiam
2184 1345 2196 1381 :
2238 1344 2354 1385 non
2399 1330 2550 1385 enim
2585 1345 2711 1386 eam
2762 1331 3204 1386 arbitrabantur
3241 1346 3301 1386 se
3355 1332 3567 1388 habere

1858 1416 2074 1472 militiae
2103 1417 2508 1487 frequentiam,
2538 1427 2603 1474 ut
2640 1419 2967 1476 Graecorum
3010 1420 3306 1486 auderent,
3368 1428 3568 1475 contra

1856 1505 2071 1560 Turcos
2117 1505 2351 1571 exituri,
2412 1509 2701 1576 praeterire
2752 1509 3130 1577 provinciam.
3201 1509 3568 1577 Imperatoris

1859 1602 2050 1648 autem
2089 1594 2270 1649 edicto
2293 1595 2440 1664 jussi
2488 1604 2624 1651 sunt
2669 1597 2928 1651 omnium
2978 1610 3111 1665 qua:
3163 1597 3567 1652 vendebantur

1858 1681 1917 1736 in
1968 1683 2127 1750 urbe,
2159 1684 2241 1738 uti
2293 1685 2522 1752 vellent,
2579 1685 2788 1740 habere
2841 1685 3214 1751 commercia;
3271 1687 3365 1740 sed
3426 1686 3566 1741 Bra-

1859 1771 2053 1826 chium
2104 1771 2294 1827 Sancti
2347 1772 2595 1844 Georgii,
2647 1773 2802 1843 quod
2844 1787 2878 1828 a
2935 1773 3255 1828 Turcorum
3303 1774 3568 1843 partibus

1789 1833 2218 1914 Blimitaneum
2283 1867 2404 1916 erat
2467 1875 2645 1926 mare,
2733 1861 2914 1930 ipsius
2981 1861 3252 1930 principis
3331 1861 3566 1918 consilio

1858 1949 2020 2005 vetiti
2051 1956 2187 2005 sunt
2217 1957 2589 2016 transmeare,
2626 1950 2765 2020 quia
2809 1965 3024 2020 paucos
3053 1950 3377 2007 innumeris
3429 1966 3566 2022 per-

1859 2038 2140 2094 niciosum
2176 2039 2403 2094 dixerat
2433 2039 2688 2095 obviare.

1929 2128 2288 2180 Francorum
2333 2126 2660 2183 insolentia.
2691 2159 2760 2167 —
2805 2128 2878 2183 At
2925 2127 3028 2197 ipsi
3072 2142 3176 2182 nec
3234 2128 3566 2198 provincia—

1859 2215 2002 2270 lium
2034 2223 2170 2270 sunt
2210 2216 2568 2271 humanitate
2595 2216 2826 2282 detenti,
2860 2231 2964 2272 nec
2995 2216 3358 2285 imperatoria
3411 2219 3565 2274 ulla-

1861 2312 2026 2360 tenus
2070 2302 2405 2360 affabilitate
2443 2304 2667 2372 molliti,
2717 2305 2814 2360 sed
2847 2305 3020 2360 nimis
3067 2305 3376 2360 insolenter
3422 2320 3556 2375 age-

1859 2393 2019 2456 bant,
2081 2392 2245 2446 urbis
2287 2391 2500 2461 palatia
2550 2390 2951 2457 devolvebant,
3013 2389 3259 2458 publicis
3343 2392 3566 2447 zedibus

1861 2479 2024 2549 ignes
2061 2479 2462 2548 subjiciebant,
2498 2486 2552 2532 et
2586 2478 2819 2534 detectis
2859 2477 3128 2542 ecclesiis,
3163 2492 3294 2547 qua}
3329 2478 3566 2548 plumbo

1859 2566 2287 2635 operiebantur,
2323 2566 2622 2634 plumbum
2655 2566 2800 2621 idem
2835 2565 3046 2620 Graecis
3089 2566 3294 2622 venale
3342 2568 3566 2636 praebe-

1862 2653 2018 2708 bant.
2082 2654 2199 2708 Hac
2243 2653 2551 2721 imperator
2580 2661 2696 2709 tam
2740 2654 2887 2709 [teda
2935 2655 3378 2723 przesumptione
3435 2663 3566 2710 tur-

1859 2742 2048 2808 batus,
2080 2742 2368 2811 praecepit,
2401 2743 2913 2812 procrastinatione
2959 2751 3194 2810 remota,
3230 2751 3293 2799 ut
3343 2759 3564 2800 memo-

1860 2829 1969 2885 rati
2003 2829 2228 2884 Brachii
2253 2843 2491 2899 atquora
2517 2837 2954 2885 transmearent.
2991 2831 3095 2886 Cui
3121 2832 3261 2887 freto
3293 2840 3564 2903 transpo-

1860 2918 1975 2984 siti,
2018 2917 2238 2985 eadem,
2309 2933 2442 2988 quae
2483 2919 2626 2973 citra
2677 2928 2934 2989 egerant,
2991 2934 3364 2990 nequaquam
3412 2923 3566 2978 ultra

1861 3007 2067 3062 iterare
2097 3006 2417 3073 cessabant,
2473 3015 2528 3062 et
2559 3007 2661 3077 qui
2691 3017 2889 3063 contra
2925 3022 3182 3078 paganos
3221 3019 3352 3066 voto
3382 3019 3568 3067 certa-

1791 3108 1992 3189 Cmen
2070 3095 2519 3164 insumpserant,
2607 3095 2815 3165 passim
2871 3097 3240 3153 ecclesiarum
3301 3100 3560 3165 excidiis,

1861 3183 2319 3240 Christianorum
2354 3184 2664 3239 involando
2703 3184 3060 3251 substantiis,
3108 3193 3308 3241 contra
3356 3197 3564 3244 nostra:

1862 3272 1989 3326 ﬁdei
2020 3272 2279 3327 homines
2307 3272 2591 3328 factorum
2627 3273 2980 3329 immanitate
3010 3276 3369 3345 pugnabant.
3413 3277 3563 3332 Dum

1860 3360 2013 3416 enim
2075 3359 2293 3415 nullius
2371 3361 2758 3430 experiuntur
2808 3361 3167 3417 severitatem
3231 3364 3400 3433 regis,
3461 3363 3564 3433 qui

1857 3446 2120 3518 judiciali
2149 3448 2346 3503 devios
2370 3448 2567 3517 vigore
2599 3456 2949 3519 retorqueat.
2989 3465 3094 3506 nec
3123 3451 3332 3505 divina
3398 3465 3565 3507 reve—

1862 3538 2107 3593 rentiam
2152 3537 2482 3607 concipiunt
2524 3537 2687 3608 legis,
2747 3553 2878 3608 quae
2941 3539 3221 3594 mentium
3274 3539 3564 3596 levitatem

1861 3633 2093 3681 matura
2122 3625 2532 3696 recogitatione
2563 3627 2866 3694 deprimat,
2913 3626 3209 3696 repentino
3247 3627 3566 3696 prolabun-

1865 3721 1960 3769 tur
2004 3715 2256 3782 interitu,
2319 3715 2458 3785 quia
2511 3713 2972 3785 indisciplinalis
3029 3732 3186 3770 mors
3239 3715 3450 3783 obviat,
3511 3717 3566 3770 et

1860 3802 2139 3874 quidquid
2162 3802 2331 3875 pensi
2348 3802 2742 3873 moderalique
2756 3802 2907 3857 nihil
2928 3804 3115 3871 habet,
3135 3821 3348 3876 parum
3370 3805 3562 3860 durat.

2550 3945 2777 4003 CAPUT
2818 3946 2886 4002 V.

1935 4067 2055 4137 [X.]
2105 4067 2358 4123 Tandem
2406 4067 2796 4124 Nicomediam
2843 4067 3188 4138 attingentes
3227 4069 3375 4136 Itali,
3411 4070 3565 4125 Lon-

1864 4156 2125 4228 gobardi,
2155 4163 2209 4211 et
2235 4156 2538 4212 Alemanni
2570 4159 2922 4214 Francorum
2958 4159 3318 4228 impatientes
3357 4173 3566 4228 super-

1863 4245 1972 4301 bia:
1991 4245 2352 4300 divelluntur
2382 4245 2455 4300 ab
2488 4246 2641 4315 ipsis.
2673 4246 2877 4301 Franci
2905 4261 3174 4316 namque,
3201 4247 3372 4318 juxta
3402 4255 3568 4303 natu-

1861 4346 1986 4388 ram
2018 4333 2268 4388 nominis
2301 4346 2527 4401 magnae
2567 4333 2798 4402 quidem
2847 4341 2984 4389 sunt
3028 4334 3193 4390 titulo
3242 4335 3568 4392 vivacitatis

1791 4435 1836 4488 ι)
1865 4425 2012 4474 38%
2062 4419 2333 4490 insignes,
2387 4420 2518 4484 sed,
2559 4419 2666 4473 nisi
2698 4419 2881 4490 rigido
2923 4419 3226 4476 frenentur
3290 4422 3563 4489 dominio,

1865 4507 2014 4563 inter
2062 4507 2308 4563 aliarum
2361 4507 2621 4578 gentium
2669 4507 2890 4573 turbas,
2950 4517 3086 4564 sunt
3135 4510 3350 4578 justius
3398 4524 3566 4579 aequo

1865 4595 2099 4651 feroces.
2127 4594 2491 4664 Transalpini
2524 4594 2735 4664 itaque,
2771 4609 2917 4663 quos
2941 4595 3318 4664 praediximus
3349 4597 3568 4652 direm-

1866 4693 1990 4756 ptos
2021 4700 2055 4741 a
2103 4685 2357 4750 Francis,
2400 4683 2677 4739 Rainaldo
2711 4683 2962 4753 quodam
3007 4683 3114 4738 sibi
3145 4684 3290 4739 duce
3352 4692 3562 4750 creato,

1863 4785 1990 4826 eam
2036 4787 2166 4842 quae
2223 4773 2437 4827 dicitur
2479 4771 2757 4827 Romania
2805 4771 3121 4840 provincia,
3178 4775 3563 4840 intraverunt,

1863 4867 1917 4914 et
1948 4869 2202 4930 quatuor
2233 4860 2458 4916 dierum
2487 4860 2688 4916 itinere
2722 4859 3108 4915 Nicomediam
3147 4861 3561 4930 praetergressi,

1865 4949 2014 5005 inter
2062 4949 2329 5004 eumdem
2384 4957 2636 5005 castrum
2689 4948 2975 5004 offendere
3035 4949 3347 5018 quoddam,
3406 4950 3564 5019 quod

1864 5037 2086 5093 auctori
2117 5038 2320 5107 placito
2351 5039 2583 5093 nomine
2624 5045 2865 5093 vocatur
2912 5037 3372 5108 Exorogorgum,
3408 5038 3565 5108 quod

1866 5125 2254 5182 habitatorum
2313 5140 2550 5182 suorum
2600 5126 2860 5181 omnium
2911 5134 3220 5181 vacuatum
3273 5126 3560 5196 praesidio,

1865 5215 1984 5271 sine
2018 5230 2176 5272 mora
2206 5216 2390 5271 turbae
2427 5215 2604 5284 patuit
2630 5214 2913 5270 inﬂuenti.
2948 5215 3151 5270 Incolze
3199 5222 3388 5270 autem
3433 5228 3565 5284 pro-

1865 5304 2154 5374 fugerant,
2209 5303 2734 5372 supervenientium
2787 5303 2988 5358 timore
3028 5303 3270 5369 extrusi,
3313 5311 3367 5358 et
3422 5303 3563 5358 dum

1865 5395 1933 5449 de
1981 5409 2088 5450 sua
2139 5393 2246 5464 ipsi
2294 5393 2477 5449 salute
2523 5393 2846 5461 desperant,
2898 5393 2968 5448 de
3017 5393 3565 5462 subtantiarumque

1862 5495 2104 5536 suarum
2144 5480 2336 5550 copiis,
2389 5495 2519 5550 quae
2570 5480 2835 5548 plurimae
2887 5489 3071 5547 erant,
3123 5479 3565 5551 transponendis

1863 5571 2096 5626 omnino
2126 5584 2242 5624 non
2275 5577 2503 5624 curant.
2537 5567 2717 5635 Unde,
2752 5569 2992 5624 multam
3025 5569 3364 5625 victualium
3416 5582 3562 5637 opu-

1860 5657 2096 5713 lentiam
2121 5657 2331 5714 ibidem
2357 5657 2723 5727 reperientes,
2758 5657 2828 5712 ad
2857 5657 3089 5727 plenum
3135 5657 3296 5713 fuere
3349 5655 3561 5714 refecti.
