3934 6420
412 409 516 464 7οτ

1315 409 1379 463 ν.
1421 395 1753 466 CUIBERTI
1794 409 2078 467 ABBATIS
2115 409 2174 465 S.
2219 409 2458 464 MARUE
2500 409 2591 463 DE
2628 406 3028 463 NOVIGENTO
3805 410 3892 463 708

477 539 794 608 Con/licius
831 555 962 593 cum
1015 539 1230 606 Turcis,
1276 539 1376 609 qui
1417 539 1612 604 plures
1652 555 1684 592 e
1740 539 2102 594 Christianis
2137 542 2184 594 Α
2212 539 2523 605 dabantur,
2557 537 2654 592 alii
2683 535 3102 593 vendebantur.
3145 533 3370 601 Quibus
3401 536 3518 591 dati
3571 536 3813 603 fuerant,
3845 537 3894 592 in

401 626 778 696 interﬁciunt.
804 632 986 698 Aquae
1012 627 1256 698 penuria
1282 627 1344 680 in
1379 627 1590 682 castris
1617 627 1898 698 ipsorum.
1929 657 2003 670 —
2026 631 2099 684 At

403 716 576 772 Turci
613 717 1022 786 comperientes
1047 716 1403 771 Christianos
1433 716 1752 771 obtinuisse
1775 716 2094 779 castellum,

403 817 617 875 magna
669 803 813 860 illud
865 803 1156 860 obsidione
1197 803 1526 858 cinxerunt.
1583 807 1729 859 Ante
1801 803 2097 872 municipzi

404 901 630 962 portam
661 901 888 962 puteus,
910 900 966 947 et
994 891 1190 946 subter
1227 891 1398 956 idem,
1431 905 1546 946 non
1590 891 1758 961 longe
1802 905 1836 946 a
1889 893 2097 947 mueni-

404 981 534 1047 bus,
575 981 893 1049 profluebat
933 979 1096 1045 alter,
1147 978 1248 1034 ubi
1300 979 1496 1047 positis
1555 979 1675 1048 ipse
1713 978 1837 1033 dux
1895 992 2098 1034 eorum

403 1069 720 1126 Rainaldus
739 1067 978 1134 insidiis,
1011 1067 1227 1122 Turcos
1257 1067 1425 1136 quasi
1458 1066 1703 1121 callidus
1731 1067 2093 1122 observabat.

398 1159 514 1216 Nec
545 1171 722 1222 mora,
745 1158 848 1226 qui
887 1155 1348 1211 observabantur
1388 1162 1722 1221 occurrunt,
1759 1167 1944 1224 eaque
1984 1155 2093 1222 die,

398 1259 518 1317 qua
569 1243 718 1300 beati
777 1242 1067 1299 Michaelis
1116 1242 1393 1296 memoria
1446 1241 1790 1306 celebratur,
1857 1252 2096 1308 pervaso

394 1348 526 1390 cum
559 1333 680 1388 suis
718 1331 1020 1387 comitibus
1058 1330 1223 1396 duce,
1273 1329 1550 1399 plurimos
1593 1343 1666 1384 ex
1704 1328 1787 1384 eis
1835 1329 1937 1398 qui
1988 1327 2096 1383 sibi

395 1423 820 1478 insidiabantur
876 1419 1238 1484 interimunt,
1299 1417 1444 1472 alios
1507 1417 1680 1472 castri
1735 1416 2098 1472 munimenta

393 1514 636 1580 turpiter
692 1509 1021 1564 subintrare
1071 1504 1444 1574 compellunt.
1499 1504 1658 1567 Quod
1717 1503 1867 1558 illico
1923 1503 2096 1558 Turci

392 1597 896 1655 circumvallantes
920 1601 1079 1649 tanta
1107 1594 1434 1649 incursione
1465 1601 1795 1661 presserunt
1835 1599 1898 1646 ut
1950 1591 2100 1646 hau-

393 1687 726 1742 riendarum
786 1683 1074 1747 facultate,
1133 1683 1360 1751 penitus
1415 1681 1646 1745 obsessi,
1727 1679 2098 1749 privarentur

396 1788 706 1845 aquarum.
733 1771 848 1828 Sibi
875 1771 982 1826 fuit
1017 1777 1175 1826 tanta
1216 1770 1337 1825 sitis
1376 1769 1612 1824 ariditas
1653 1776 1735 1836 ut,
1797 1769 2097 1824 flebotomo

396 1862 564 1933 equis
625 1861 748 1918 suis
804 1859 1096 1929 asinisque
1142 1858 1319 1924 illato,
1371 1857 1711 1913 animalium
1757 1863 2100 1925 cogerentur

399 1951 632 2011 haurire
663 1961 945 2005 cruorem.
976 1947 1108 2014 Alii,
1142 1947 1201 2002 in
1245 1947 1518 2017 piscinam
1550 1960 1722 2000 zonas
1741 1945 2101 2000 demittentes

398 2048 573 2110 atque
611 2037 972 2108 panniculos,
1013 2050 1201 2106 eaque
1247 2036 1306 2089 in
1363 2048 1426 2089 os
1475 2032 1847 2102 exprimendo
1901 2045 2096 2097 suum,

397 2127 629 2184 remedii
687 2124 796 2182 sibi
851 2123 1073 2194 aliquid
1137 2122 1476 2178 contrahere
1529 2120 1892 2176 videbantur.
1965 2117 2094 2183 Alii,

397 2213 558 2284 quod
589 2212 812 2268 horrori
839 2219 925 2266 est
951 2210 1157 2276 dicere,
1183 2209 1435 2278 idipsum
1465 2210 1619 2278 quod
1651 2209 1912 2264 minxere
1953 2206 2101 2262 bibe-

397 2301 558 2358 bant.
611 2299 724 2355 Alii
781 2297 1090 2357 fodiebant,
1127 2302 1182 2350 et
1227 2310 1286 2350 se
1337 2297 1488 2351 intra
1543 2295 1596 2350 id
1636 2295 1790 2364 quod
1841 2294 2102 2349 foderant

399 2387 822 2456 immergentes,
855 2383 1077 2440 arentia
1113 2389 1344 2450 pectora
1375 2390 1526 2436 terra
1555 2379 1676 2448 ipsa
1708 2393 1904 2434 recens
1953 2377 2099 2434 fossa

401 2473 757 2544 aperiebant,
808 2472 891 2526 sic
933 2467 1260 2525 interiorem
1307 2476 1513 2522 aestum
1557 2481 1730 2522 suum
1784 2475 2098 2536 temperare

397 2558 766 2630 aliquantulo
791 2558 1036 2612 humore
1073 2569 1134 2610 se
1179 2568 1339 2623 posse
1370 2553 1696 2608 credebant.
1734 2553 1838 2608 Sed
1877 2553 2099 2621 episco-

398 2661 606 2717 porum
633 2645 1216 2716 presbyterorumque
1262 2642 1650 2710 prmsentium,
1695 2641 1959 2711 idemque
1998 2655 2098 2712 pa-

399 2734 687 2798 tientium,
720 2745 835 2787 non
877 2730 954 2786 ibi
983 2729 1216 2784 defuere
1259 2727 1480 2794 solatia,
1513 2729 1612 2797 qui
1665 2735 1884 2797 quanto
1938 2727 2094 2784 vide-

398 2821 539 2878 bant
571 2820 855 2876 atrociora
893 2817 1167 2888 pericula,
1203 2824 1257 2872 et
1290 2817 1550 2872 humana
1601 2815 1802 2884 negari
1851 2815 2092 2880 auxilia,

399 2917 556 2966 tanto
582 2909 766 2980 magis
791 2909 891 2975 eis,
935 2921 1005 2963 ne
1048 2906 1374 2973 deficerent,
1425 2904 1762 2975 satagebant
1817 2905 2097 2974 spondere

397 2997 668 3055 ccelestia.

2207 627 2470 698 proprias
2499 625 2864 682 abducebant
2891 639 2986 680 eos
3035 624 3226 680 sedes:
3278 623 3421 679 alios
3455 625 3514 679 in
3561 638 3688 680 eam
3731 639 3893 694 quam

2205 716 2569 773 Corozaniam
2591 715 2791 770 dicunt
2817 715 3105 784 regionem
3134 727 3148 766 :
3193 712 3336 768 alios
3359 710 3447 784 lad
3494 713 3892 770 Antiochenam

2207 805 2551 874 pertrahunt
2609 803 2829 868 urbem,
2897 801 3164 856 miseram
3215 813 3317 870 pro
3390 800 3667 870 qualibus
3726 803 3892 857 scele-

2205 893 2586 948 stissimorum
2614 891 2978 946 dominorum
3009 902 3278 958 passuros
3313 892 3668 946 servitutem.

2208 980 2324 1036 Hos
2346 981 2402 1035 in
2424 978 2775 1049 supplicium
2805 977 2983 1033 fateor
3011 977 3348 1033 diuturnius
3375 977 3512 1046 isse;

2277 1072 2458 1134 Quam
2491 1067 2706 1138 quibus
2737 1066 2812 1121 ad
2848 1065 3107 1122 subitum
3140 1079 3340 1121 mucro
3369 1074 3545 1134 caput
3582 1065 3792 1123 tulerit.

2209 1156 2377 1212 Hunc
2401 1158 2581 1226 agitat
2606 1154 2856 1210 crudelis
2886 1154 3080 1220 herus,
3111 1153 3376 1223 duroque
3407 1153 3586 1209 labori

2277 1244 2584 1313 Mancipat,
2614 1244 2840 1313 ingrato
2870 1241 3046 1298 servit
3079 1241 3296 1311 ubique
3329 1242 3476 1311 pius.

2204 1331 2450 1402 Vapulat
2469 1330 2760 1387 officiosus
2785 1345 2888 1386 nec
2916 1337 3200 1386 tormenta
3221 1329 3370 1385 fideli

2280 1422 2512 1485 Desunt,
2546 1433 2665 1490 quo
2690 1418 2881 1475 studio
2905 1417 3288 1474 commodiore
3313 1417 3478 1487 gerit.

2205 1507 2368 1576 Quod
2395 1509 2548 1564 videt
2590 1516 2690 1564 aut
2719 1507 2902 1573 audit,
2936 1520 3108 1576 quem
3144 1507 3412 1576 transigit
3449 1507 3510 1562 in
3538 1507 3660 1564 dies
3687 1515 3896 1575 actum,

2279 1597 2438 1662 Quod
2471 1595 2674 1651 caelebs
2703 1603 2787 1650 est
2825 1595 2897 1650 ad
2921 1593 3110 1664 turpia
3143 1594 3205 1650 fit
3233 1595 3340 1650 sibi
3371 1609 3518 1650 crux

2211 1685 2325 1740 Hos
2355 1698 2460 1754 ego
2483 1697 2596 1737 non
2622 1682 2878 1738 dubitem
2907 1683 3046 1737 satis
3067 1681 3260 1737 acrius
3288 1682 3630 1749 excruciari,

2279 1771 2462 1837 Quam
2492 1777 2665 1840 queat
2695 1769 2981 1840 equuleus
3010 1783 3110 1839 per
3139 1770 3622 1840 spatium-tridui.

2281 1859 2394 1914 Hos
2446 1859 2660 1928 primos
2717 1857 2958 1913 novitati
3007 1865 3236 1923 nostras,
3286 1865 3342 1912 et
3387 1858 3684 1928 desperato
3733 1873 3901 1928 prope

2211 1947 2389 2016 hujus
2420 1948 2547 2002 vitae
2569 1955 2780 2002 nostrae
2810 1947 2982 2002 statui
3013 1953 3292 2016 martyres
3319 1946 3448 2002 fecit
3469 1949 3637 2008 Dens,

2281 2035 2595 2091 Petrusille
2623 2036 2837 2090 interea
2875 2034 2976 2105 qui
3005 2049 3041 2090 a
3071 2035 3236 2092 nobis
3265 2050 3444 2105 supra
3482 2035 3773 2106 expositus
3821 2043 3901 2092 est

2208 2123 2278 2178 de
2305 2123 2486 2179 multa
2537 2124 2810 2179 comitum
2852 2137 3091 2179 suorum
3143 2125 3407 2180 vecordia
3449 2139 3599 2194 szepe
3641 2133 3898 2192 vexatus,

2207 2219 2263 2267 et
2287 2211 2490 2267 crebra
2532 2219 2724 2281 strage
2761 2212 3056 2276 confusus,
3098 2212 3327 2267 tandem
3367 2212 3598 2268 cuidam
3661 2212 3901 2268 Transe-

2208 2313 2422 2368 quano,
2453 2307 2508 2354 et
2547 2298 2756 2370 cogniti
2807 2300 3036 2370 generis
3071 2299 3215 2364 viro,
3263 2300 3442 2354 armis
3483 2310 3773 2370 quantum
3836 2300 3902 2355 ad

2207 2401 2265 2444 se
2293 2395 2548 2453 strenuo,
2580 2387 2812 2443 nomine
2841 2387 3131 2443 Gualterio
3169 2385 3293 2459 [al.,
3326 2387 3638 2458 Gualtero],
3691 2389 3902 2458 prima-

2206 2483 2328 2532 tum
2361 2491 2480 2532 suze
2505 2477 2692 2546 gentis
2727 2476 2980 2543 dederat,
3025 2485 3088 2532 ut
3127 2491 3274 2546 quos
3319 2476 3682 2533 documentis
3741 2477 3900 2532 disti-

2207 2577 2344 2618 nere
2399 2578 2510 2618 non
2573 2570 2811 2633 poterat,
2874 2563 2968 2618 ille
3019 2562 3220 2620 saltem
3280 2563 3514 2620 militari
3572 2565 3900 2620 auctoritate

2205 2653 2594 2722 restringeret.
2627 2653 2680 2707 Is
2719 2653 2914 2722 itaque
2943 2651 3201 2708 Civizum
3251 2651 3377 2722 [al.,
3422 2653 3718 2724 Cizicum],
3763 2653 3900 2709 civi-

2203 2747 2373 2796 tatem
2407 2740 2740 2810 quamdam,
2775 2755 2905 2810 quae
2954 2741 3138 2796 Niceaa
3198 2741 3350 2808 urbi,
3391 2742 3714 2798 secundum
3755 2742 3900 2811 posi—

2204 2829 2412 2884 tionem
2441 2829 2568 2896 loci,
2594 2831 2932 2898 praeminere
2954 2829 3186 2896 dicitur,
3215 2844 3349 2886 cum
3373 2845 3478 2886 suo
3511 2831 3605 2886 illo
3653 2829 3902 2886 dementi

2203 2917 2460 2974 exercitu
2512 2918 2856 2988 properabat
2910 2918 3210 2988 attingere.
3277 2923 3424 2974 383
3497 2918 3658 2984 Quod
3709 2918 3896 2984 Turci,

2204 3009 2536 3061 nostrorum
2566 3004 2809 3076 vestigia
2833 3013 3193 3075 aucupantes
3215 3005 3314 3062 ubi
3355 3006 3742 3076 compei'iunt,
3774 3007 3902 3062 illuc

475 3082 612 3158 [XL]
651 3086 781 3138 Dux
803 3080 1142 3146 Bainaldus,
1163 3080 1387 3170 objecta
1403 3078 1519 3170 ﬁde
1537 3095 1668 3135 cum
1689 3078 1989 3170 fagi

2284 3108 2336 3148 m
2362 3093 2544 3149 multa
2573 3093 2832 3163 pessima)
2865 3093 3180 3150 voluntatis
3221 3094 3494 3151 aviditate
3533 3095 3901 3152 contendunt.

393 3171 524 3241 init,
543 3171 868 3242 eisdemque
884 3186 1051 3225 suum
1063 3167 1242 3224 tradit
1256 3169 1584 3223 exercitum.
1603 3197 1674 3208 —
1693 3168 1824 3224 Haec
1847 3177 1970 3224 octo
1983 3168 2096 3223 die-

395 3275 526 3318 rum
555 3261 741 3332 spatio
772 3259 928 3331 apud
957 3259 1082 3315 Illos
1121 3257 1510 3330 perseveravit
1540 3257 1830 3328 angustia.
1869 3257 2095 3314 Interea

395 3348 536 3406 dum
565 3349 669 3404 uni
701 3347 916 3419 pariter
945 3346 1217 3402 videntur
1231 3344 1532 3416 subjacere
1559 3343 1821 3411 miseriae,
1848 3359 1962 3400 non
1992 3344 2092 3400 uni

393 3444 587 3495 tamen
633 3451 832 3494 omnes
883 3435 1094 3505 pariter
1137 3433 1435 3503 suspirant
1497 3433 1594 3489 Dei
1654 3434 2090 3503 misericordias;

393 3525 492 3582 sed
519 3525 735 3596 potitus
767 3523 1178 3578 machinantur
1205 3520 1452 3588 sibimet,
1489 3520 1568 3575 hii
1593 3520 1694 3590 qui
1716 3521 1893 3577 duces
1915 3521 2090 3577 exsti-

395 3621 604 3680 terant,
652 3611 983 3682 praasidium
1034 3609 1302 3680 perfidiae.
1351 3609 1671 3664 Ralnaldus
1720 3609 1952 3676 etenim,
1989 3607 2094 3678 qui

393 3697 477 3754 eis
505 3698 563 3752 in
595 3697 967 3768 prosperitate
999 3693 1325 3766 praefuerat,
1360 3697 1509 3750 clam
1551 3695 1656 3750 sibi
1698 3695 1916 3752 Turcos
1951 3695 2093 3750 foede

395 3787 679 3854 conciliat,
737 3793 938 3856 pactus
985 3783 1196 3842 eisdem
1242 3783 1396 3854 quod
1441 3784 1616 3840 totius
1663 3784 1879 3840 militiae
1923 3784 2095 3838 comi-

395 3883 580 3932 tatum
606 3875 712 3930 sibi
748 3873 1008 3944 proderet
1039 3887 1210 3942 quem
1251 3871 1503 3942 regebat,
1537 3871 1848 3942 Egreditur
1896 3872 2093 3941 itaque

395 3964 468 4020 ad
508 3963 632 4018 illos
687 3961 855 4033 quasi
907 3969 1305 4032 pugnaturus;
1349 3961 1445 4015 sed
1494 3959 1553 4015 in
1599 3960 1724 4031 ipsa
1777 3959 2092 4031 dirigendae

395 4053 535 4109 aciei
561 4051 823 4108 affectata
855 4051 1060 4121 specie,
1108 4064 1239 4106 cum
1295 4048 1493 4106 multis
1547 4063 1788 4106 suorum
1840 4047 2093 4118 profugit

396 4141 468 4198 ad
493 4141 668 4210 ipsos,
718 4148 993 4210 perpetuo
1025 4151 1419 4194 remansurus.
1473 4137 1750 4194 Residuos
1783 4143 1867 4192 est
1911 4135 2093 4206 capti-

394 4231 543 4286 vitas
592 4236 917 4284 consecuta.
965 4227 1318 4292 Quibusdam
1366 4239 1568 4282 eorum
1618 4225 1798 4296 captis
1853 4225 1922 4281 de
1981 4238 2090 4281 sua

395 4317 508 4372 fide
532 4324 617 4372 est
641 4315 792 4372 facta
841 4315 1136 4382 discussio,
1177 4315 1587 4386 Christumque
1634 4329 1846 4386 negare
1883 4314 2088 4386 juben-

2203 3181 2614 3250 Euntesigitur
2633 3181 2936 3250 praafatum
2965 3181 3325 3239 Gualterium
3354 3196 3488 3239 cum
3508 3197 3616 3239 sua
3645 3182 3901 3254 frequen-

2202 3267 2302 3334 tia,
2327 3267 2510 3322 medio
2530 3266 2732 3322 itinere
2750 3265 3073 3334 offendunt,
3095 3281 3348 3337 eumque
3364 3281 3501 3323 cum
3517 3281 3767 3325 suorum
3791 3267 3904 3338 plu-

2201 3355 2350 3411 rima
2379 3364 2536 3426 parte
2565 3355 2926 3412 interimunt.
2960 3356 3162 3412 Petrus
3191 3369 3347 3423 vero,
3379 3370 3556 3426 quem
3590 3357 3900 3414 Eremitam

2199 3444 2598 3514 agnominant,
2656 3444 2799 3500 dum
2861 3445 3155 3500 vesaniam
3221 3445 3368 3515 ejus,
3439 3459 3617 3516 quam
3675 3447 3903 3517 conglo-

2198 3540 2542 3599 meraverat,
2597 3533 2784 3602 gentis
2847 3547 3205 3602 compescere
3271 3547 3386 3589 non
3461 3533 3704 3602 valeret,
3774 3535 3903 3592 Con-

2197 3619 2624 3690 stantinopolim
2701 3620 2936 3690 provide
3015 3629 3344 3682 secesserat,
3417 3623 3560 3691 quia
3651 3622 3901 3692 ipsorum

2197 3707 2398 3764 effreni
2452 3716 2508 3764 et
2566 3707 3046 3778 incircumspecta
3074 3709 3302 3765 levitate
3333 3708 3552 3764 involvi
3597 3717 3898 3766 metuerat.

2199 3796 2373 3852 Turci
2413 3811 2550 3868 ergo
2595 3797 2654 3852 in
2701 3811 2798 3852 eos
2856 3797 3152 3866 inopinate
3197 3795 3383 3865 effusi,
3441 3797 3729 3868 quosdam
3781 3799 3900 3854 dor-

2202 3885 2440 3940 mientes
2486 3884 2814 3955 reperiunt;
2873 3885 3016 3940 alios
3061 3899 3176 3941 non
3225 3885 3392 3942 modo
3445 3885 3640 3954 armis,
3697 3899 3896 3942 verum

2199 3974 2368 4029 etiam
2421 3974 2610 4029 nudos
2668 3973 3022 4029 vestimentis
3078 3973 3404 4038 inveniunt,
3463 3989 3610 4044 quos
3687 3975 3899 4045 pariter

2199 4060 2475 4116 continuo
2507 4061 2627 4116 neci
2661 4062 2917 4117 tradunt.
2947 4061 3104 4118 Inter
3131 4076 3226 4118 eos
3250 4063 3649 4135 presbyterum
3689 4078 3896 4134 quem-

2199 4147 2330 4203 dam
2365 4149 2599 4218 reperiri
2629 4150 2868 4221 contigit
2917 4150 3086 4206 missa
3123 4159 3405 4222 agentem,
3448 4165 3622 4222 quem
3665 4151 3727 4208 in
3781 4152 3897 4222 ipsa

2197 4249 2491 4293 sacrorum
2546 4237 2740 4292 statim
2788 4237 3138 4294 confectione
3205 4239 3580 4307 mortificant;
3629 4247 3688 4296 et
3762 4240 3896 4294 dum

2199 4324 2459 4380 immolat
2520 4325 2652 4394 Deo,
2725 4325 2914 4396 ipsum
2981 4326 3248 4384 eumdem
3303 4340 3495 4382 coram
3549 4326 3676 4398 ejus
3735 4325 3898 4384 altari

394 4412 524 4476 tur;
553 4405 652 4460 sed
679 4404 969 4460 Christum
1000 4403 1297 4460 inﬂexibili
1345 4417 1560 4471 amore,
1609 4405 1802 4460 animo
1848 4411 1904 4459 et
1952 4418 2090 4460 voce
2127 4409 2170 4466 Ι)
2196 4413 2540 4470 sacriﬁcam.

393 4491 706 4548 fatentibus
733 4491 922 4561 capita
946 4498 1344 4561 amputantur.

393 4581 466 4636 Et
496 4589 751 4638 veterum
771 4578 986 4636 similes
1023 4579 1188 4636 modo
1231 4579 1494 4636 Christus
1539 4578 1774 4636 habebit
1823 4578 2088 4647 honores,

463 4669 812 4739 Martyribus
839 4669 1114 4724 decorans
1132 4669 1346 4724 saecula
1381 4675 1574 4724 nostra
1615 4668 1802 4724 novis.

391 4756 576 4826 Quam
604 4758 891 4814 redolente
917 4757 1110 4813 ferunt
1141 4756 1388 4828 insignia
1421 4763 1677 4825 tempora
1708 4757 1890 4826 lauro,

462 4846 568 4914 Qui
602 4847 774 4903 breve
805 4847 967 4916 quid,
1000 4853 1150 4902 secto
1171 4844 1316 4900 ferre
1348 4851 1553 4914 parant
1573 4843 1820 4916 jugulo!

392 4935 600 4992 Dixere
633 4935 838 5003 felices,
869 4935 972 5004 qui
1003 4947 1105 5004 per
1130 4939 1418 4989 momenta
1446 4932 1629 4989 tulere

463 5023 579 5078 Hos
605 5029 756 5078 tenet
781 5029 1066 5078 internum
1097 5019 1290 5076 vivere
1318 5027 1473 5076 certa
1504 5021 1660 5077 fides.

390 5109 517 5166 Jam
548 5110 711 5166 faeces
739 5119 964 5167 nostras
992 5124 1108 5165 non
1134 5109 1436 5180 desperare
1462 5109 1672 5179 licebit,

461 5200 648 5256 Ausas
667 5199 822 5270 quod
851 5199 1130 5270 cuiquam
1165 5199 1263 5254 vix
1296 5198 1574 5255 imitabile
1599 5198 1692 5256 sit.

462 5286 835 5357 Captivorum
899 5286 1062 5353 alios,
1119 5286 1252 5341 data
1312 5287 1564 5366 vivendi,
1631 5287 1743 5343 imo
1805 5287 2088 5345 morosius

393 5375 692 5442 moriendi,
733 5373 1112 5444 indulgentia,
1145 5375 1241 5429 sed
1289 5375 1470 5445 magis
1504 5375 1795 5443 violentia,
1839 5377 1988 5431 inter
2027 5391 2088 5432 se

390 5463 678 5530 dividunt,
729 5463 956 5518 funesta
981 5461 1090 5517 sub
1141 5462 1396 5518 cruentis
1435 5463 1682 5519 dominis
1725 5464 2088 5521 exhibituros

391 5551 648 5608 servitia.
689 5551 976 5618 Quosdam
1037 5549 1251 5606 alicubi
1319 5550 1744 5621 prostituentes,
1801 5553 1968 5622 quasi
2012 5553 2084 5608 ad

391 5639 648 5711 signum,
677 5637 904 5709 sagittis
924 5637 1282 5710 jaculantur,
1313 5639 1434 5695 allii
1465 5639 1633 5710 quasi
1663 5653 1768 5709 pro
1813 5639 2086 5698 donativo

2379 4537 2517 4604 Quae
2549 4538 2679 4595 ferri
2707 4539 2890 4610 potuit
2917 4539 3132 4610 gratior
3161 4539 3363 4607 hostia,

2375 4627 2558 4694 Quam
2584 4627 2753 4699 cujus
2780 4629 3020 4684 Domino
3053 4628 3113 4685 fit
3143 4642 3276 4684 caro
3305 4628 3580 4684 victima?

2373 4716 2520 4784 Quid
2553 4723 2693 4773 tunc
2721 4717 2890 4773 corde
2922 4731 3151 4786 precum
3178 4717 3322 4772 fudit
3355 4717 3426 4774 ab
3459 4717 3682 4784 intimo,

2373 4805 2516 4862 Cum
2541 4806 2744 4877 grandi
2776 4813 3092 4876 streperent
3122 4805 3320 4876 praelia
3349 4806 3625 4863 classico?

2372 4892 2622 4948 Victores
2653 4891 2924 4958 lacerant,
2957 4906 3120 4948 arma
3148 4893 3472 4950 retinniunt
3504 4908 3518 4948 :

2372 4979 2611 5034 Maerens
2639 4978 2904 5034 exululat
2931 4980 3104 5036 turba
3130 4977 3448 5050 fugacium.

2373 5067 2518 5121 Aras
2543 5065 2821 5122 ambierat
2855 5066 3150 5137 presbyter
3179 5068 3450 5138 optimus,

2373 5154 2880 5225 Complectensque
2912 5155 3007 5212 Dei
3027 5169 3192 5212 sacra
3221 5157 3556 5214 medullitus
3591 5173 3605 5213 :

2371 5243 2526 5304 Iesu,
2559 5241 2722 5309 dixit,
2756 5242 2890 5298 ades
2918 5243 3271 5313 przesidium,
3307 5244 3480 5313 bone;

2372 5329 2516 5385 Cum
2552 5338 2603 5386 te
2623 5331 2740 5399 jam
2773 5338 2994 5386 teneam
3024 5347 3152 5402 spes
3179 5339 3373 5402 pereat
3403 5333 3554 5404 fugae
3587 5347 3602 5387 :

2371 5417 2620 5488 Iungam
2656 5426 2929 5488 perpetuo
2940 5421 3058 5490 jam
3093 5419 3196 5476 tibi
3229 5420 3458 5488 foedera,

2371 5505 2612 5564 Occidor
2651 5522 2664 5562 :
2693 5521 2928 5580 perages
2958 5515 3163 5578 empta,
3195 5508 3348 5566 Deus
3375 5522 3560 5565 sacra.

2191 5641 2269 5698 At
2326 5657 2458 5700 vero
2509 5643 2554 5701 si
2593 5644 2695 5716 qui
2731 5643 2976 5703 evadere
3029 5652 3363 5716 potuerunt,
3419 5645 3684 5706 Civizene
3753 5647 3886 5706 urbi
