3934 6412
62 394 170 445 709

1195 390 1417 447 GESTA
1457 391 1570 446 DEI
1611 391 1746 447 PER
1790 390 2130 446 FRANCOS.
2162 419 2233 430 —
2261 388 2389 445 LIB.
2430 391 2503 445 II.

3504 397 3608 448 7l0

66 543 188 583 sese
246 526 547 598 fugientes
616 524 891 582 inferunt.
964 526 1138 594 Alios,
1220 540 1367 596 quos
1436 526 1583 581 tueri
1653 528 1791 597 fuga
1829 525 2006 582 ACui
2037 527 2358 583 secundum
2395 527 2684 596 divinum,
2730 542 2764 582 a
2821 543 2937 598 quo
2988 528 3345 595 intuebatur,
3393 529 3605 585 instin-

67 632 187 671 non
220 615 436 683 valuit,
505 614 887 686 praecipitium
934 615 1111 670 maris
1158 615 1474 680 absorbuit,
1517 615 1656 670 dum
1693 629 1788 670 sa-

68 706 188 760 tius
214 704 303 761 eis
331 712 417 760 est
447 711 687 760 mortem
721 703 948 773 eligere,
982 717 1160 774 quam
1206 703 1469 758 inferenti
1515 718 1791 758 succum-

72 787 231 842 bere.
267 787 382 843 Alii
410 795 687 843 montana
732 793 985 855 petentes
1014 786 1359 841 fovebantur
1402 784 1460 840 in
1509 785 1788 855 rupibus;

70 875 170 930 alii
202 875 486 931 delituere
530 888 629 945 per
663 874 860 930 silvas.
901 874 1016 930 Nec
1055 888 1235 941 mora,
1278 874 1471 942 Turci,
1513 873 1792 943 correptis

73 965 167 1019 his
221 972 326 1020 aut
371 964 592 1033 punitis
643 977 791 1033 quos
834 970 1001 1019 extra
1044 970 1394 1032 repererant,
1444 979 1539 1019 eos
1577 977 1787 1034 aggreo

71 1052 344 1119 diuntur,
385 1060 441 1107 et
490 1051 786 1107 obsidione
844 1050 1207 1107 concludunt
1257 1051 1358 1121 qui
1416 1051 1473 1106 in
1535 1059 1790 1107 castrum

73 1140 485 1211 confugerant,
528 1140 589 1195 in
647 1147 893 1207 tantum,
926 1146 989 1195 ut
1036 1139 1109 1195 ad
1140 1139 1606 1196 succendendum
1641 1139 1789 1196 idem

73 1229 379 1285 castellum
436 1228 593 1300 ligna
645 1228 1053 1283 conveherent.
1111 1227 1333 1294 Quibus
1389 1228 1657 1298 deinceps
1710 1227 1790 1284 hii

75 1318 182 1387 qui
234 1316 650 1373 obsidebantur
692 1316 883 1386 ignem
934 1315 1253 1385 subjiciunt
1292 1322 1367 1382 et,
1421 1317 1531 1371 Deo
1571 1316 1785 1386 judice,

75 1407 225 1462 dum
248 1420 350 1461 eos
380 1405 484 1476 qui
513 1405 671 1460 intus
698 1412 864 1459 erant
888 1404 1059 1459 Turci
1090 1406 1376 1460 aestimant
1407 1419 1789 1460 concreman-

75 1493 202 1560 dos,
235 1501 358 1549 tota
402 1495 487 1549 vis
536 1493 759 1564 ignium
803 1491 1079 1547 concessit
1126 1492 1182 1547 in
1214 1492 1449 1558 Turcos,
1498 1500 1551 1548 et
1588 1506 1657 1548 ex
1706 1492 1788 1548 eis

75 1581 439 1650 consumpsit
490 1580 744 1651 aliquos;
803 1580 1135 1636 nullatenus
1197 1588 1390 1636 autem
1458 1588 1784 1636 nostrorum

75 1670 273 1741 attigit
346 1669 505 1725 ullos.
566 1669 923 1725 lnstantibus
977 1669 1181 1724 deinde
1240 1669 1367 1734 illis,
1404 1669 1782 1738 municipium

73 1758 345 1828 capitur;
405 1759 544 1827 vivi,
607 1773 752 1828 quos
779 1758 1133 1829 quaerebant,
1175 1758 1780 1827 comprehenduntur;

74 1846 370 1916 idemque,
411 1847 498 1902 uti
546 1847 766 1917 pridem
823 1846 897 1901 de
942 1846 1069 1901 aliis
1117 1853 1375 1917 egerant,
1435 1846 1783 1915 dispertiun-

75 1944 194 2001 tur,
248 1943 306 1991 et
348 1936 421 1990 ad
472 1950 587 2002 eas,
639 1935 793 1990 unde
843 1935 1032 1990 hostes
1080 1943 1380 2001 venerant,
1435 1934 1781 2004 provincias,

73 2027 359 2093 perpetuo
404 2024 587 2080 futuri
625 2025 872 2090 exsules,
928 2023 1314 2079 destinantur.
1366 2024 1499 2079 Haec
1539 2032 1600 2079 ut
1633 2023 1786 2079 dicta

73 2122 235 2178 sunt,
277 2127 470 2168 mense
498 2121 859 2183 peraguntur
887 2111 1139 2168 Octobri.

144 2201 221 2256 At
276 2200 531 2270 perﬁdus
580 2200 910 2269 imperator,
956 2208 1246 2269 comperto
1304 2200 1558 2256 ﬁdelium
1602 2199 1787 2256 infor-

73 2289 262 2356 tunio,
322 2302 576 2358 nequam
635 2286 821 2343 elatus
871 2287 1089 2355 laetitia,
1147 2287 1479 2345 facultatem
1539 2290 1787 2345 residuis

68 2378 239 2448 jubet
268 2376 529 2444 attribui,
575 2376 816 2432 transito
852 2376 1115 2432 videlicet
1161 2376 1352 2433 Sancti
1383 2377 1611 2449 Georgii
1644 2378 1785 2434 Bra-

72 2468 228 2533 chio,
285 2467 344 2521 in
408 2465 687 2522 citerioris
749 2465 981 2521 Graeciae
1028 2473 1219 2535 partes
1277 2466 1521 2536 regredi.
1583 2467 1789 2522 Retro-

74 2569 307 2627 gressos
366 2568 499 2611 cum
560 2556 618 2609 in
671 2569 792 2611 suae
848 2555 1084 2610 ditionis
1136 2562 1291 2611 terra
1327 2556 1577 2621 vidisset,
1624 2569 1789 2612 arma

76 2652 141 2700 ut
176 2644 288 2699 sibi
325 2643 660 2700 eorumdem
710 2643 1117 2711 venderentur,
1156 2643 1289 2712 jure
1321 2644 1443 2714 jam
1484 2644 1786 2701 necessita-

74 2735 171 2799 tis,
218 2732 422 2802 exigit.
477 2731 732 2787 Comitim
783 2732 932 2787 Petri
958 2730 1221 2788 Eremitaa
1250 2732 1380 2788 talis
1410 2732 1516 2788 fuit
1545 2733 1738 2789 exitus
1769 2747 1782 2787 :

75 2823 257 2891 cujus
309 2821 605 2876 historiam
660 2820 783 2876 ideo
838 2821 962 2876 sine
1017 2820 1256 2876 alterius
1300 2822 1556 2877 materiae
1604 2821 1788 2878 inter-

72 2910 233 2967 stitio
284 2910 570 2980 prosecuti
618 2922 839 2973 sumus,
877 2915 943 2965 ut
989 2921 1114 2964 eam
1147 2909 1275 2965 aliis
1303 2911 1524 2966 nullam
1565 2910 1788 2981 impen-

72 3000 231 3055 disse
287 3012 474 3068 opem,
525 2997 624 3053 sed
674 2996 878 3054 Turcis
933 2997 1217 3053 addidisse
1266 2997 1569 3054 audaciam
1617 3013 1786 3054 mon-

71 3096 419 3145 straremus.
468 3086 638 3143 Nunc
682 3086 881 3156 itaque
937 3086 1009 3142 ad
1051 3100 1147 3142 eos
1192 3098 1339 3157 quos
1384 3086 1785 3155 omiseramus,

74 3174 183 3245 qui
259 3172 482 3238 eadem,
550 3186 671 3243 qua
743 3173 945 3229 Petrus
1023 3182 1407 3243 praecesserat,
1496 3174 1789 3230 subsecuti

72 3269 221 3319 sunt
277 3261 394 3329 via,
454 3260 554 3316 sed
612 3260 780 3331 longe
844 3259 1082 3316 feliciori
1162 3261 1465 3330 modestia,
1534 3269 1789 3319 reverta-

76 3363 239 3407 mur.

758 3436 988 3495 CAPUT
1025 3436 1120 3495 VI.

156 3525 334 3598 [XIL]
398 3527 484 3581 De
526 3524 859 3595 Godefrido,
908 3525 1010 3598 qui
1046 3525 1267 3582 duobus
1308 3541 1435 3583 cum
1465 3526 1787 3596 fratribus,

77 3615 516 3686 Jeroaolymam
537 3613 732 3669 valido
772 3614 1021 3669 exercitu
1047 3614 1295 3686 conﬂato
1321 3616 1530 3688 pergil.
1564 3647 1631 3655 —
1658 3617 1790 3673 Dux

81 3704 444 3771 Godefridus,
498 3703 792 3759 Eustachii
845 3704 1269 3760 Boloniensium
1327 3704 1548 3760 comitis
1613 3704 1787 3771 ﬁlius,

81 3793 233 3849 duos
270 3793 471 3848 habuit
508 3793 732 3858 fratres,
780 3792 1146 3859 Balduinum,
1195 3792 1297 3862 qui
1325 3792 1627 3848 Edessena:
1656 3793 1789 3849 urbi

83 3881 338 3952 praefuit,
383 3888 439 3937 et
484 3889 611 3951 post
658 3882 850 3951 ipsum
896 3881 1153 3941 fratrem.
1188 3895 1290 3937 rex
1320 3880 1557 3937 effectus
1589 3882 1788 3938 Hiero-

36 3971 336 4043 ~solymze,
394 3984 554 4026 nunc
606 3984 795 4040 usque
840 3978 1074 4041 regnat;
1135 3977 1190 4026 et
1245 3971 1625 4027 Eustachium
1686 3971 1789 4042 qui

36 4056 39 4064 '
86 4067 325 4129 paterno
366 4059 662 4114 comitatui
696 4067 918 4127 praeest.
969 4057 1035 4114 Hi
1067 4067 1284 4128 patrem
1316 4059 1655 4115 habuerunt
1684 4074 1790 4130 po-

88 4155 319 4212 tentem,
352 4154 407 4202 et
459 4146 753 4203 saecularis
804 4147 1017 4217 ingenii
1048 4148 1273 4217 virum;
1317 4148 1415 4204 sed
1457 4156 1513 4203 et
1547 4156 1790 4204 matrem

88 4236 290 4292 litteris
338 4236 593 4306 quidem,
644 4236 753 4292 nisi
803 4235 989 4303 fallor,
1038 4237 1346 4304 eruditam,
1376 4244 1432 4293 et
1468 4250 1542 4293 ex
1585 4238 1790 4293 Letha-

89 4323 271 4395 ringis
336 4323 588 4394 ingenue
645 4324 956 4379 admodum
1024 4324 1354 4392 oriundam,
1417 4328 1515 4380 sed
1574 4325 1792 4395 potissi-

1903 622 2080 682 ctum,
2114 615 2396 671 mirabilis
2445 630 2617 686 super
2662 616 2768 672 hoc
2811 617 3175 687 postmodum
3207 618 3607 687 opportunitas

1902 704 2114 760 arrisit.
2304 770 2317 777 _
3458 706 3463 709 ’

1973 791 2109 847 Tres
2160 792 2354 863 itaque
2405 792 2465 859 ii,
2518 792 2788 848 maximis
2855 807 3004 863 quos
3057 793 3347 849 habebant
3415 788 3605 850 oblitis

1902 879 2240 948 honoribus,
2315 895 2634 951 perrexere.
2706 881 2811 936 Sed
2877 895 2994 952 quo
3051 882 3271 938 caeteris
3330 883 3606 940 fratribus

1902 967 2260 1035 prudentior,
2290 968 2375 1037 ".eo
2427 966 2768 1024 Godefrldus
2828 969 2951 1025 dux
3003 970 3221 1026 exstitit
3253 970 3455 1026 militia
3485 985 3605 1027 nu-

1901 1056 2204 1112 merosiore
2280 1058 2582 1126 potentior.
2661 1056 2810 1113 Huic
2871 1058 3214 1129 adjungitur
3287 1060 3605 1116 Balduinus

1898 1157 2089 1199 comes
2136 1144 2205 1201 de
2251 1145 2559 1210 Montibus,
2618 1146 2911 1202 Rothberti
2972 1147 3342 1203 Flandrensis
3379 1148 3604 1204 comitis

1894 1231 2144 1301 junioris
2175 1233 2365 1302 patrui
2396 1233 2568 1289 ﬁlius.
2602 1234 2747 1290 Cum
2777 1234 2956 1290 nobili
2990 1234 3167 1305 igitur
3197 1249 3393 1292 rerum
3423 1250 3601 1307 eque-

1898 1320 2106 1376 strium
2148 1335 2358 1391 pompa
2400 1330 2457 1378 et
2504 1323 2796 1392 spectabili
2837 1323 3275 1380 fortissimorum
3314 1325 3602 1395 juvenum

1898 1408 2240 1480 frequentia,
2285 1411 2698 1481 Hungarorum
2746 1412 3155 1481 ingrediuntur
3195 1419 3451 1480 terram;
3489 1413 3601 1469 ha—

1899 1498 2094 1553 bentes
2125 1507 2315 1554 tamen
2366 1513 2515 1561 eam,
2559 1513 2735 1569 quam
2788 1500 2991 1555 Petrus
3029 1508 3216 1556 tenere
3246 1516 3361 1556 non
3394 1502 3596 1571 valuit,

1899 1600 2040 1657 erga
2072 1601 2206 1641 suos
2252 1587 2458 1643 milites
2504 1587 2895 1657 disciplinam;
2931 1596 2985 1643 et
3023 1588 3251 1645 duobus
3299 1598 3431 1645 ante
3482 1591 3600 1646 Do-

1899 1675 2040 1728 mini
2096 1674 2297 1730 Natale
2358 1675 2582 1742 diebus,
2665 1675 2832 1744 primi
2883 1684 3016 1730 ante
3084 1690 3283 1731 omnes
3342 1677 3600 1733 Francius

1900 1762 2205 1832 principes,
2297 1763 2496 1819 urbem
2572 1763 2813 1835 attigere
2891 1762 3597 1834 Constantinopolitanam,

1894 1855 2043 1905 384
2075 1851 2172 1906 sed
2203 1851 2465 1920 hospitati
2498 1859 2634 1907 sunt
2661 1859 2825 1907 extra
2849 1852 3051 1921 ipsam.

1965 1941 2037 1993 At
2086 1938 2341 2008 perﬁdus
2394 1939 2704 2009 imperator
2752 1942 3008 2006 territus,
3050 1939 3247 1996 audito
3292 1940 3597 1996 clarissimi

1895 2025 2060 2081 ducis
2112 2026 2387 2094 adventu,
2463 2028 2667 2083 detulit
2718 2028 2768 2083 ei
2820 2028 3223 2094 reverentiam,
3285 2029 3378 2084 sed
3429 2029 3602 2085 minis

1893 2114 2265 2181 extortitiam,
2315 2115 2578 2184 praebens
2623 2115 2674 2170 ei
2717 2129 2817 2185 pro
2850 2115 3159 2182 moenibus,
3196 2115 3255 2171 in
3295 2116 3484 2187 burgo
3513 2117 3599 2173 vi-

1893 2202 2096 2258 delicet
2136 2203 2316 2269 urbis,
2364 2204 2763 2259 commanendi
2825 2203 3134 2258 licentiam.
3196 2204 3444 2274 Hospitio
3499 2205 3603 2261 ita-

1895 2304 2009 2359 que
2053 2290 2125 2345 ad
2178 2289 2486 2359 imperium
2546 2290 2908 2360 imperatoris
2963 2299 3212 2360 accepto,
3264 2292 3334 2346 ad
3366 2300 3601 2348 contra-

1896 2377 2114 2433 hendas
2182 2378 2572 2447 undecunque
2638 2378 2830 2448 paleas
2901 2379 3184 2448 equisque
3257 2382 3598 2448 necessaria,

1894 2465 2018 2520 dux
2063 2473 2119 2521 et
2186 2464 2407 2535 quique
2449 2479 2712 2533 suorum,
2758 2466 3074 2536 armigeros
3121 2467 3382 2537 proprios
3426 2468 3600 2524 desti-

1894 2554 2135 2609 nabant.
2196 2554 2267 2609 Et
2314 2568 2448 2609 cum
2502 2554 2925 2610 arbitrarentur
2984 2554 3134 2610 licite
3171 2569 3239 2610 ac
3290 2570 3490 2612 secure
3537 2571 3597 2613 se

1897 2641 2222 2697 discurrere
2250 2656 2412 2712 posse
2442 2657 2558 2711 quo
2610 2642 2839 2709 vellent,
2870 2641 3017 2697 clam
3050 2643 3335 2713 princeps
3366 2644 3459 2699 ille
3506 2660 3602 2701 ne-

1895 2730 2230 2800 quissimus,
2279 2731 2368 2786 his
2397 2730 2501 2801 qui
2528 2730 2679 2786 circa
2707 2745 2767 2785 se
2800 2730 3189 2786 versabantur
3236 2733 3500 2802 imperat,
3535 2740 3601 2790 ut

1896 2818 2060 2874 ducis
2103 2818 2415 2886 ministros,
2467 2833 2839 2889 quorumque
2879 2819 3191 2888 pervadere
3232 2828 3480 2889 possent,
3511 2823 3597 2877 in-

1894 2906 2222 2964 differenter
2276 2898 2649 2963 occiderentf—
2680 2908 2842 2973 Quod
2900 2907 3000 2963 ubi
3072 2908 3376 2976 Balduino,
3434 2910 3599 2966 ducis

1895 2995 2058 3051 fratri
2113 3003 2470 3065 compertum
2523 3004 2626 3063 est,
2699 2995 2963 3051 obtendit
3016 2995 3294 3067 insidias;
3352 3004 3407 3052 et
3463 3009 3597 3051 cum

1827 3107 1869 3163 ο
1895 3098 2031 3139 suos
2076 3084 2375 3153 reperisset
2414 3083 2916 3153 Turcopolitarum
2963 3083 3236 3139 violentia
3286 3083 3595 3152 molestari,

1897 3172 2178 3228 acerrime
2223 3185 2338 3238 eos,
2370 3171 2454 3227 uti
2498 3171 2752 3239 decebat,
2799 3171 3175 3241 aggreditur:
3217 3179 3275 3227 et
3310 3172 3426 3226 Deo
3465 3185 3598 3241 pro-

1897 3268 2162 3330 sperante
2191 3268 2353 3315 tanta
2393 3259 2635 3315 victoria
2678 3259 2914 3329 potitur,
2967 3267 3031 3315 ut
3060 3273 3134 3314 ex
3176 3259 3259 3315 eis
3290 3259 3596 3329 sexaginta

1894 3348 2323 3419 comprehensis
2371 3348 2581 3419 partim
2627 3348 2921 3417 occiderit,
2978 3348 3193 3418 partim
3239 3348 3374 3404 duci
3430 3348 3596 3404 fratri

1894 3437 2182 3494 obtulerit.
2240 3440 2369 3494 Hac
2423 3437 2497 3493 ad
2546 3438 2703 3507 impii
2754 3438 3117 3507 imperatoris
3165 3436 3265 3492 ubi
3316 3436 3598 3493 devenere

1896 3526 2179 3594 notitiam,
2209 3526 2395 3582 multa
2422 3522 2923 3581 animadversione
2953 3533 3272 3595 torquetur.
3317 3524 3440 3589 Quo
3469 3525 3598 3596 ejus

1899 3622 2060 3670 motu
2105 3614 2329 3670 cautior
2358 3614 2465 3670 sibi
2503 3615 2765 3671 redditus
2818 3615 2963 3681 dux,
3015 3614 3200 3684 burgo
3255 3614 3437 3681 urbis,
3480 3628 3599 3685 quo

1896 3710 2266 3771 successerat,
2310 3703 2496 3771 cessit,
2550 3712 2606 3759 et
2650 3712 2816 3759 extra
2860 3703 3002 3759 ﬁnes
3047 3704 3174 3773 ejus
3220 3712 3409 3759 castra
3452 3702 3594 3773 ﬁgit.

1896 3796 1967 3848 At
1998 3792 2281 3862 princeps,
2316 3792 2458 3848 illati
2506 3792 2718 3848 doloris
2760 3806 2875 3846 non
2929 3793 3247 3859 immemor,
3298 3806 3429 3847 cum
3481 3793 3601 3848 dies

1897 3890 2045 3937 esset
2102 3881 2339 3937 acclinis
2387 3881 2459 3937 ad
2516 3894 2847 3951 vesperum,
2896 3880 3111 3935 directo
3168 3894 3233 3936 eo
3283 3894 3457 3950 quem
3499 3894 3600 3936 co-

1886 3983 2032 4040 gere
2072 3976 2295 4039 poterat
2361 3969 2643 4036 exercitu,
2700 3969 2904 4024 ducem
2957 3983 3091 4023 cum
3142 3980 3250 4023 sua
3303 3976 3471 4038 gente
3524 3967 3597 4023 ad

1898 4057 2048 4114 bella
2095 4058 2338 4114 lacessit.
2382 4058 2534 4126 Quos
2582 4059 2705 4113 dux
2742 4056 3067 4113 vehementi
3115 4056 3332 4125 excepit
3383 4055 3601 4112 instan-

1899 4148 1998 4214 tia,
2039 4156 2093 4203 et
2134 4148 2191 4203 in
2241 4147 2440 4218 fugam
2481 4146 2694 4217 pulsos,
2738 4145 3135 4215 persequendo
3169 4144 3356 4216 coegit
3393 4145 3453 4199 in
3488 4157 3598 4200 ur-

1896 4236 2045 4303 bem,
2108 4244 2446 4307 septemque
2501 4236 2743 4306 peremit
2801 4248 3023 4291 eorum.
3075 4234 3174 4289 His
3232 4235 3310 4289 ita
3367 4232 3603 4289 feliciter

1897 4325 2039 4381 actis
2067 4325 2189 4381 dux
2233 4325 2305 4380 ad
2338 4339 2447 4381 sua
2476 4333 2664 4381 castra
2704 4323 2892 4387 rediit,
2939 4337 3005 4378 ac
3037 4336 3136 4392 per
3170 4321 3435 4393 quinque
3480 4322 3601 4378 dies

89 4427 251 4469 mum
311 4412 567 4483 ingenita
639 4412 964 4481 serenitate,
1039 4420 1095 4469 et
1145 4427 1358 4485 magna
1410 4428 1545 4484 erga
1607 4415 1790 4471 Deum
1828 4409 2105 4470 Dresedit
2137 4413 2369 4480 ibidem,
2420 4413 2601 4469 donec
2631 4413 2752 4482 ipse
2781 4411 3211 4481 imperatorque
3242 4411 3599 4467 confiedera-

90 4500 268 4558 animi
324 4499 625 4556 devotione
689 4508 1099 4571 praestantem:
1160 4503 1332 4572 cujus
1365 4502 1605 4558 diutinae
1650 4503 1790 4559 reli-

35 4649 41 4662 ι
91 4589 248 4661 gioni
295 4595 411 4644 tam
469 4589 865 4659 spectabilium
922 4590 1301 4657 debebantur,
1361 4598 1423 4647 ut
1478 4592 1787 4659 credimus,

92 4677 307 4750 gaudia
340 4676 614 4734 ﬁliorum.
662 4676 751 4732 Illi
797 4678 982 4747 plane,
1024 4679 1093 4734 de
1135 4693 1253 4749 quo
1283 4679 1442 4750 loqui
1470 4680 1786 4749 adorimur,

90 4766 415 4833 Godefrido,
452 4781 518 4822 ex
565 4775 822 4823 materna
864 4767 1191 4823 hareditate
1220 4769 1373 4837 apud
1406 4769 1790 4839 Lotharingos

90 4856 337 4912 ducatus
365 4863 697 4911 accesserat.
730 4856 796 4911 Hi
822 4864 954 4924 tres,
979 4869 1014 4911 a
1036 4857 1238 4912 matris
1258 4870 1631 4928 nequaquam
1652 4858 1790 4912 sim-

91 4943 339 5014 plicitate
369 4943 694 5014 degeneres,
727 4959 862 5021 cum
884 4944 1068 5000 multa
1111 4959 1409 5002 armorum
1437 4946 1639 5017 gloria,
1664 4953 1790 5001 tum

36 5032 364 5087 1-modestia
419 5045 535 5087 non
592 5034 812 5089 minore
856 5032 1208 5090 ﬂoruerunt.
1267 5033 1494 5090 Solebat
1550 5046 1792 5089 narrare

91 5120 336 5192 gloriosa
379 5119 606 5189 mulier,
647 5134 781 5177 cum
831 5121 1010 5193 hujus
1048 5122 1420 5193 profectionis
1464 5124 1688 5178 exitum
1733 5128 1790 5178 et

91 5209 339 5264 ﬁliorum
388 5221 627 5263 suorum
679 5208 992 5266 miraretur
1036 5218 1329 5279 eventum,
1383 5210 1675 5281 quoddam
1730 5224 1790 5267 se

91 5297 317 5355 audisse
364 5310 438 5352 ex
492 5311 591 5353 ore
648 5297 750 5353 ﬁlii
808 5298 974 5354 ducis
1025 5299 1136 5355 tale
1191 5300 1558 5370 praesagium,
1606 5298 1790 5355 multo

90 5394 400 5456 antequam
456 5384 614 5441 ﬁeret
665 5385 901 5456 aliquod
985 5387 1463 5457 peregrinationis
1537 5386 1787 5442 initium.

91 5475 315 5531 Dicebat
373 5486 629 5543 namque
682 5487 742 5529 se
808 5471 1135 5530 desiderare
1181 5474 1463 5544 proﬁcisci
1520 5474 1791 5531 Hieroso-

90 5564 317 5635 lymam,
370 5569 426 5618 et
479 5561 585 5617 hoc
633 5576 752 5618 non
799 5562 1160 5633 simpliciter,
1220 5571 1286 5619 ut
1342 5562 1459 5629 alii,
1507 5563 1605 5619 sed
1654 5577 1790 5620 cum

89 5650 358 5710 violentia
402 5651 712 5718 exercitus,
742 5649 791 5707 si
831 5649 942 5707 sibi
990 5650 1153 5720 copia
1181 5657 1533 5722 suppeteret,
1564 5651 1781 5723 magni.

1897 4511 2101 4559 rentur
2125 4502 2195 4558 ad
2247 4516 2463 4572 pacem.
2507 4501 2613 4557 Sed
2665 4500 2773 4556 sibi
2806 4499 3041 4555 timidus
3093 4499 3359 4570 princeps
3405 4499 3602 4570 exegit

1896 4605 1930 4646 a
1961 4592 2106 4648 duce
2132 4589 2381 4658 monitis,
2437 4597 2503 4646 ut
2540 4588 2730 4646 Sancti
2787 4588 3013 4658 Georgii
3061 4588 3369 4644 Brachium
3412 4594 3601 4643 trans-

1896 4680 2024 4745 iret,
2086 4679 2374 4749 spondens
2429 4678 2586 4748 quod
2637 4676 2898 4733 omnium
2956 4675 3295 4730 victualium
3346 4675 3597 4746 negotia,

1899 4768 1983 4824 uti
2027 4767 2380 4823 haberentur
2425 4764 2935 4834 Constantinopoli.
2969 4763 3052 4819 eis
3098 4763 3307 4818 deferri
3346 4762 3598 4833 juberet,

1896 4864 1951 4912 et
1994 4855 2351 4926 pauperibus
2389 4869 2623 4925 quoque
2660 4867 2863 4910 eorum
2910 4852 3328 4922 eleemosynam
3370 4850 3599 4921 impen-

1895 4945 2073 5001 deret.
2104 4944 2263 5011 Quod
2292 4951 2348 5000 et
2375 4943 2590 5000 factum
2614 4949 2721 4999 est.

2553 5030 2786 5088 CAPUT
2825 5029 2949 5087 VII.

1968 5119 2164 5193 [XIIL]
2223 5119 2505 5176 Aimarus
2561 5119 2872 5175 Podiensis
2927 5116 3229 5190 episcopus
3271 5116 3490 5189 pietate
3541 5120 3600 5172 et

1892 5209 2141 5264 scientia
2180 5206 2559 5264 clarissimus.
2592 5237 2664 5250 —
2686 5207 2969 5274 Quoniam
3018 5207 3197 5278 igitur
3230 5206 3300 5263 de
3329 5206 3476 5263 duce
3504 5206 3600 5261 di-

1895 5299 2092 5354 ximus
2134 5297 2461 5369 cujusmodi
2492 5297 2610 5353 huc
2658 5311 2843 5367 usque
2878 5303 3266 5352 commeatum
3308 5295 3595 5363 habuerit,

1896 5394 2072 5444 restat
2102 5393 2164 5443 ut
2209 5386 2281 5440 ad
2324 5386 2611 5441 interioris
2652 5386 2909 5441 Francia:
2952 5398 3215 5455 proceres
3255 5385 3597 5453 redeamus;

1897 5484 1951 5532 et
1981 5475 2084 5546 qui
2128 5475 2363 5541 fuerint,
2398 5488 2586 5544 quave
2619 5474 2995 5544 perrexerint,
3038 5488 3186 5544 quos
3223 5474 3394 5529 etiam
3424 5485 3599 5528 even-

1897 5573 1991 5622 tus
2022 5562 2351 5631 habuerint,
2400 5563 2599 5634 aliqua
2642 5577 2714 5619 ex
2745 5571 2908 5634 parte
2939 5571 3269 5634 tangamus.
3305 5560 3600 5618 Podiensis

1895 5653 2191 5724 episcopus
2217 5653 2329 5721 vir,
2373 5652 2515 5722 vita,
2554 5652 2812 5721 scientia,
2851 5651 3213 5709 documentis
3240 5659 3299 5708 et
3325 5648 3599 5707 militaris
