3934 6440
346 394 446 447 711

1238 389 1301 446 ν.
1341 389 1678 447 GUIBERTI
1713 388 2004 445 ABBATIS
2041 390 2098 446 S.
2141 389 2381 445 MARIE
2420 389 2512 447 DE
2552 389 2946 448 NOVIGENTO

3744 393 3843 446 7I2

349 521 731 592 dispositionis
779 522 1088 593 sagacitate
1144 521 1466 590 mirandus,
1535 536 1669 577 cum
1736 521 2041 577 innumera
2079 522 2124 573 A
2156 518 2310 576 nime
2338 521 2646 577 convenit:
2688 521 2786 592 qui
2826 521 3061 591 quidem
3113 521 3371 592 corporis
3418 522 3661 592 pondus,
3720 524 3847 580 leni-

349 625 592 668 suarum
620 610 869 680 partium
900 619 1067 681 gente
1098 624 1196 680 per
1225 610 1558 668 Sclavorum
1588 612 1879 681 regionem
1912 624 2045 680 pro-

348 699 522 755 ﬁcisci
564 699 792 769 delegit.
844 698 1026 769 Cujus
1067 698 1435 766 vocabulum,
1470 699 1610 770 quia
1639 699 1903 768 superius
1956 711 2046 754 me

347 786 614 859 ignorare
641 786 959 855 dolueram,
1012 801 1115 842 nec
1151 800 1248 855 per
1290 801 1419 843 eam
1469 788 1686 844 discere
1726 787 1911 857 potui,
1941 802 2042 843 cu-

342 875 442 946 jus
485 890 608 932 esse
664 876 860 931 videor
912 876 1213 945 interpres,
1263 876 1603 932 historiam:
1638 890 1739 946 per
1780 890 1874 932 eos
1904 882 2038 931 tan-

345 964 476 1020 dem
507 964 609 1035 qui
658 964 717 1020 in
767 964 864 1019 illa
904 964 1262 1033 expeditione
1309 978 1441 1021 eum
1508 972 1811 1033 noverant,
1858 978 2045 1035 eoque

346 1052 435 1109 usi
464 1059 618 1119 sunt,
651 1051 948 1123 attigimus
976 1052 1103 1124 ejus
1132 1052 1391 1109 notitiam
1424 1068 1438 1109 :
1491 1054 1809 1110 vocabatur
1848 1060 2042 1110 autem

345 1140 495 1197 idem
526 1140 808 1210 pretiosus
829 1142 937 1209 vir,
969 1140 1256 1198 Aimarus.

421 1227 610 1301 [XIV/1]
643 1228 816 1300 Hugo
855 1230 1106 1301 Magnus
1140 1230 1591 1285 strenuissimus.
1643 1261 1712 1271 --
1745 1232 1898 1287 Inter
1930 1244 2039 1287 cae-

342 1326 492 1374 teros
548 1316 852 1387 principes,
909 1318 1139 1373 initium
1220 1318 1361 1374 mihi
1418 1318 1648 1375 videtur
1701 1334 1738 1375 a
1792 1318 2043 1388 Philippi

342 1407 493 1478 regis
523 1407 879 1462 Francorum
918 1404 1095 1462 fratre
1126 1407 1367 1477 Hugone
1412 1407 1618 1479 Magno
1647 1408 1996 1464 sumendum
2022 1422 2038 1475 ;

341 1497 464 1565 qui,
492 1496 597 1552 etsi
634 1495 706 1551 ab
744 1493 1041 1565 aliquibus
1086 1496 1382 1565 opulentia
1429 1510 1496 1550 ac
1540 1504 1811 1566 potestate
1837 1510 2043 1566 prame-

340 1583 516 1651 ditur,
555 1583 703 1639 nulli
752 1591 946 1639 tamen
1008 1591 1296 1653 quantum
1351 1583 1423 1639 ad
1491 1584 1774 1654 originem
1826 1590 2042 1653 spectat

339 1685 688 1741 morumque
735 1671 1077 1739 probitatem
1107 1671 1399 1727 secundus
1429 1672 1692 1728 habetur.
1745 1673 1925 1742 Cujus
1979 1672 2040 1726 in

339 1761 517 1815 armis
563 1760 894 1827 Strenuitas,
954 1773 1089 1815 cum
1138 1761 1362 1829 generis
1406 1761 1701 1830 majestate
1742 1760 2037 1828 serenitas,

2153 616 2328 664 tatem
2356 609 2480 680 [al.,
2512 607 2816 682 levitatem]
2861 624 3039 680 quam
3079 610 3173 666 hic
3214 610 3501 668 habuerat
3549 617 3697 668 885
3743 628 3845 669 vo-

2153 696 2413 765 luntatis,
2446 698 2803 769 nimiamque
2831 698 3168 756 eiiusionem
3196 700 3454 769 pecuniae
3486 700 3666 755 animi
3694 714 3846 757 escu-

2154 786 2432 855 lentioris,
2498 801 2614 844 non
2683 788 2805 845 sine
2848 786 3053 857 majori
3100 788 3499 855 somnolentia,
3553 788 3845 845 celebriori

2154 875 2488 945 petulantia,
2520 876 2770 945 fluxum,
2805 890 2873 932 ea
2904 891 3023 946 qua
3056 875 3115 931 in
3142 877 3436 932 Dominico
3468 877 3655 949 viguit
3682 891 3843 934 exer-

2148 965 2270 1020 citu
2311 965 2736 1034 perseverantia
2762 972 2817 1021 et
2865 965 3079 1021 virtute
3121 964 3321 1034 piavit.
3373 965 3470 1022 Isti
3501 965 3642 1021 adeo
3683 973 3846 1023 natu-

2149 1052 2347 1109 raliter
2392 1054 2563 1109 insita
2608 1052 2910 1110 clementia
2939 1053 3068 1121 fuit,
3123 1060 3189 1110 ut
3216 1054 3275 1109 in
3320 1067 3417 1110 eos
3446 1054 3548 1125 qui
3586 1068 3757 1124 penes
3785 1069 3845 1111 se

2148 1148 2373 1196 reatum
2428 1140 2765 1211 proditionis
2794 1154 2862 1196 ac
2906 1141 3194 1212 judicium
3250 1141 3449 1199 mortis
3501 1141 3840 1209 inciderant,

2149 1229 2345 1286 ulcisci
2376 1244 2490 1285 non
2537 1230 2779 1300 sineret;
2827 1229 2972 1300 quin
3008 1230 3184 1286 etiam
3225 1231 3273 1287 si
3322 1244 3440 1300 qua
3488 1231 3839 1294 accidissent,

2146 1332 2346 1374 eorum
2378 1318 2707 1375 infortuniis
2750 1319 3157 1389 illacrymaret.
3188 1318 3370 1390 Cujus
3407 1320 3642 1390 quidem
3672 1320 3730 1375 in
3761 1334 3843 1376 re-

2152 1407 2258 1463 bus
2304 1408 2521 1463 bellicis
2559 1408 2825 1472 audacia,
2857 1416 2912 1464 et
2956 1415 3246 1478 quantum
3276 1408 3350 1464 ad
3389 1422 3596 1478 parvas
3625 1409 3845 1464 machi-

2149 1497 2427 1564 nationes,
2488 1497 2704 1567 quibus
2778 1497 2991 1553 multos
3051 1496 3254 1554 foedari
3312 1498 3623 1564 cernimus,
3683 1499 3844 1555 nulla

2150 1585 2421 1653 versutia,
2455 1587 2651 1641 merito
2673 1586 3032 1655 laudaretur,
3081 1586 3192 1641 nisi
3231 1586 3578 1657 quibusdam
3607 1589 3845 1644 tacenda

2148 1672 2591 1743 indignitatibus
2647 1682 2987 1744 urgeretur;
3049 1675 3205 1744 quod
3257 1682 3436 1731 totum
3482 1676 3602 1745 jam
3653 1683 3843 1731 tamen

2148 1762 2200 1817 ei
2237 1762 2553 1817 condonari
2603 1762 2790 1828 debet,
2822 1761 2961 1832 quia
3003 1777 3106 1832 pro
3150 1763 3238 1819 his
3276 1763 3604 1834 horumque
3632 1764 3843 1820 simili—

338 1857 547 1919 przeter
600 1848 723 1904 haec
776 1847 950 1903 etiam
1003 1862 1142 1918 erga
1197 1863 1425 1904 omnem
1486 1862 1716 1904 sacrum
1774 1848 2037 1904 ordinem
2077 1819 2121 1874 Β
2161 1848 2291 1917 bus,
2354 1851 2465 1906 Deo
2514 1850 2564 1907 ei
2608 1851 2993 1920 temporaliter
3062 1852 3432 1920 retribuente,
3478 1819 3842 1921 carceralem,

339 1937 657 2002 humilitas,
689 1951 868 2007 quam
895 1952 1015 1993 suae
1068 1936 1248 2006 ipsius
1289 1937 1667 1993 nihilominus
1711 1945 2037 2006 temperan—

340 2026 432 2081 tiae
455 2025 757 2081 condiebat
788 2025 1073 2091 honestas,
1115 2026 1432 2096 justissime
1481 2026 1844 2096 praedicatur.
1895 2026 2042 2082 Huic

337 2114 578 2184 quidam
608 2128 911 2184 procerum
946 2114 1343 2171 innitebantur
1378 2130 1390 2169 :
1420 2123 1475 2171 et
1507 2115 1555 2170 si
1585 2116 1722 2185 quid
1758 2115 2040 2171 bellorum

330 2202 465 2273 jure
531 2203 729 2259 evictis
775 2203 1138 2274 gentilibus:
1197 2219 1293 2259 eos
1351 2204 1610 2259 obtinere
1660 2204 2036 2273 contingeret,

338 2292 531 2362 ipsum
561 2292 669 2347 sibi
700 2306 891 2363 regem
922 2292 1210 2361 praeficere
1237 2293 1684 2348 meditabantur.

409 2379 581 2450 [XV.]
627 2380 955 2451 Stephanus
992 2396 1179 2435 comes
1218 2379 1542 2434 ditissimus
1577 2396 1647 2434 ac
1694 2378 2037 2435 liberalissiv

336 2483 487 2525 mus.
516 2496 589 2509 —
628 2469 761 2524 Post
810 2469 966 2525 hunc
1007 2483 1196 2524 comes
1244 2469 1568 2538 Stephanus
1609 2469 1699 2524 vir
1745 2476 1904 2525 tanta
1937 2484 2038 2539 po-

337 2557 516 2613 tentia
563 2556 841 2626 przeditus
878 2556 1115 2623 exstitit,
1166 2564 1230 2612 ut
1284 2556 1435 2612 fama
1483 2560 1720 2613 testetur
1772 2561 1856 2613 tot
1904 2572 2036 2613 eum

336 2644 549 2716 pollere
602 2644 854 2701 dominio
911 2645 1296 2707 castellorum,
1366 2652 1508 2716 quot
1568 2659 1760 2702 annus
1815 2653 2037 2702 constat

338 2733 558 2790 honore
586 2734 857 2789 dierum:
903 2734 1094 2803 cujus,
1150 2734 1290 2789 dum
1332 2734 1423 2789 hic
1473 2742 1687 2804 ageret,
1724 2734 2035 2789 admodum

337 2821 626 2878 excellens
670 2821 982 2877 liberalitas
1038 2822 1165 2889 fuit,
1220 2830 1386 2893 grata
1422 2823 1560 2878 satis
1610 2821 2033 2891 personalitas;

338 2910 713 2967 consiliorum
741 2924 874 2967 vero
914 2911 1303 2980 undecunque
1342 2911 1550 2967 librata
1594 2911 1936 2979 maturitas;
1977 2911 2036 2965 in

337 3013 536 3055 rerum
589 2999 948 3069 equestrium
998 2999 1302 3068 industria,
1356 3006 1515 3055 tanta
1562 2999 1859 3055 nobilitate
1907 2999 2032 3069 [al.,

2150 1938 2360 1994 amisso
2388 1939 2544 1995 omni
2574 1940 2880 1995 comitatus
2906 1940 3121 1996 honore
3145 1940 3465 1996 custodiam
3490 1939 3663 1998 fovet.

2790 2027 3020 2084 CAPUT
3060 2029 3213 2085 VIII.

2221 2114 2443 2185 [XVIL]
2487 2114 2631 2171 Cum
2674 2115 2917 2173 istorum
2959 2131 3105 2186 quos
3152 2117 3222 2173 de
3268 2130 3376 2174 sua
3414 2118 3665 2189 quisque
3715 2133 3839 2189 pro-

2146 2202 2341 2258 vincia
2394 2217 2589 2258 secnm
2650 2211 2906 2260 traxerat
2958 2204 3185 2274 inclytis
3239 2206 3561 2274 ordinibus,
3634 2206 3843 2262 medio-

2147 2290 2333 2345 crium
2366 2289 2693 2359 principum
2720 2292 2863 2346 exiit
2892 2292 3221 2348 multitudo.
3266 2291 3523 2358 Qnorum
3566 2307 3843 2350 numero-

2149 2377 2307 2442 sitas,
2340 2378 2481 2447 quia
2511 2386 2764 2434 nostram
2811 2380 3042 2436 videtur
3087 2380 3435 2437 obnubilare
3464 2382 3750 2448 notitiam,
3783 2382 3843 2437 in

2151 2466 2415 2535 praesenti
2448 2467 2845 2537 suprimimus,
2895 2468 3157 2525 habituri
3202 2470 3516 2536 meliorem,
3570 2484 3842 2540 processu

2149 2555 2421 2621 historiae,
2480 2555 2762 2625 quosdam
2837 2556 3076 2612 forsitan
3151 2558 3515 2627 exprimendi
3574 2572 3838 2615 causam.

2148 2642 2332 2699 Unius
2364 2642 2539 2710 enim,
2578 2643 2782 2711 duum,
2829 2644 3027 2711 trium,
3073 2658 3177 2701 seu
3208 2655 3461 2715 quatuor
3497 2646 3843 2716 oppidorum

2146 2730 2406 2787 dominos
2434 2732 2567 2801 quis
2615 2731 2919 2788 numeret?
2967 2746 3220 2802 quorum
3271 2740 3428 2789 tanta
3477 2733 3648 2790 fuerit
3677 2736 3841 2806 copia

2146 2825 2211 2875 ut
2241 2821 2339 2874 vix
2368 2819 2598 2875 totidem
2629 2820 2879 2891 coegisse
2908 2828 3143 2889 putetur
3169 2821 3387 2879 obsidio
3417 2821 3685 2892 Trojana.

2214 2906 2295 2962 Eo
2324 2914 2577 2976 tempore
2616 2922 2751 2964 cuin
2803 2908 2950 2965 inter
2999 2909 3164 2980 regni
3196 2910 3466 2979 primates
3511 2925 3686 2980 super
3735 2912 3841 2968 hac

2142 2995 2506 3064 expeditione
2562 3009 2654 3051 res
2711 2994 2888 3063 fieret,
2943 3004 2998 3053 et
3030 2995 3383 3067 colloquium
3436 2998 3509 3053 ab
3558 2998 3658 3065 eis,
3714 3013 3844 3055 cum

335 3087 672 3158 mobilitate]
740 3087 1123 3158 preeminuit,
1187 3095 1251 3145 ut
1320 3102 1455 3144 eum
1512 3095 1631 3144 tota
1689 3088 1788 3143 illa
1839 3095 2037 3143 sancta
2072 3102 2115 3158 ο
2146 3082 2391 3153 Hugone
2426 3083 2649 3154 Magno,
2694 3084 2802 3140 sub
2844 3083 3090 3153 Philippi
3139 3086 3289 3156 regis
3318 3086 3640 3155 praesentia,
3676 3086 3843 3143 Pari-

335 3176 559 3244 militia,
605 3190 741 3233 cum
783 3177 841 3233 in
898 3178 1197 3246 procinctu
1247 3185 1447 3233 contra
1484 3177 1700 3233 Turcos
1741 3176 2030 3241 existeret,

332 3265 680 3321 dictatorem
709 3265 820 3321 sibi
856 3278 925 3320 ac
970 3266 1317 3336 magistrum
1368 3265 1616 3321 efficeret
1665 3263 1788 3337 [al.,
1830 3263 2035 3320 effece-

330 3353 449 3423 rit].
502 3354 649 3410 Huic
685 3354 1059 3425 sagacissima
1103 3354 1452 3410 feminarum
1497 3367 1647 3409 uxor
1695 3359 2030 3420 accesserat,

330 3456 463 3512 quae
491 3441 780 3498 Guilielmi
827 3441 1071 3497 senioris
1118 3442 1287 3513 regis,
1322 3442 1423 3511 qui
1471 3441 1791 3511 Anglorum
1845 3443 2034 3497 Scoto-

329 3544 581 3600 rumque
619 3530 729 3586 sibi
780 3544 961 3599 regna
990 3530 1237 3600 subegit,
1273 3530 1390 3585 tilia
1418 3530 1638 3586 fuerat:
1671 3529 1842 3599 cujus
1887 3543 2033 3599 pru—

330 3618 603 3685 dentiam,
664 3617 1143 3685 muniﬁcentiam,
1193 3617 1593 3687 dapsilitatem,
1649 3617 2031 3687 opulentiam-

330 3718 446 3776 que
479 3706 527 3761 si
578 3704 817 3761 laudare
872 3705 1139 3771 velimus,
1192 3720 1395 3762 vereor
1427 3720 1498 3762 ne
1550 3705 1676 3761 viro
1720 3706 2029 3776 magnifico

329 3792 547 3849 nubem
594 3807 666 3849 ex
718 3792 983 3860 feminea,
1042 3807 1218 3864 quam
1257 3801 1313 3850 et
1362 3794 1421 3850 in
1475 3792 1754 3850 viduitate
1796 3794 2028 3857 meruit,

330 3878 504 3936 laude
538 3879 809 3935 feramus.

402 3969 488 4023 De
543 3968 785 4025 Roberto
851 3967 1219 4024 Flandrensi.
1297 3967 1596 4040 Principes
1641 3968 1736 4023 illi
1801 3984 2026 4038 uxores,

326 4055 726 4127 possessiones,
757 4059 877 4125 etc.,
910 4056 1337 4128 derelinquunt.
1370 4087 1439 4096 —-
1469 4056 1555 4113 Ad
1591 4056 1798 4113 horum
1832 4071 2034 4114 cumu-

328 4144 530 4201 landas
559 4146 731 4213 vires,
758 4146 1041 4202 Robertus
1066 4146 1269 4216 junior
1297 4146 1557 4213 senioris,
1588 4146 1660 4202 ad
1690 4160 1862 4216 quem
1916 4146 2029 4201 im-

328 4234 606 4303 peratoris
635 4235 813 4290 missa
848 4242 934 4290 est
964 4234 1222 4302 epistola,
1268 4234 1439 4301 ﬁlius,
1484 4240 1597 4290 tota
1636 4234 1816 4290 animi
1865 4236 2029 4290 viva-

327 4322 496 4378 citate
550 4322 870 4392 dirigitur:
926 4331 980 4377 et
1031 4322 1465 4379 FlandrenSium
1527 4323 1885 4390 comitatum,
1935 4322 2029 4379 cui

2139 3170 2236 3226 siis
2269 3171 2596 3239 haberetur,
2658 3186 2851 3228 mense
2901 3172 3235 3241 Februario,
3293 3174 3457 3230 tertio
3505 3174 3639 3231 ldus
3687 3176 3838 3246 ejus-

2141 3258 2294 3326 dem,
2352 3259 2494 3315 luna
2548 3259 2804 3329 eclipsim
2855 3262 3097 3330 patiens,
3148 3267 3283 3317 ante
3325 3263 3509 3318 noctis
3562 3263 3839 3331 medium,

2141 3348 2459 3419 sanguineo
2508 3347 2787 3418 paulatim
2841 3348 3010 3418 coepit
3067 3348 3253 3405 colore
3307 3350 3507 3416 velari,
3560 3350 3746 3409 donec
3785 3352 3841 3408 in

2141 3436 2609 3493 cruentissimum
2660 3443 2777 3493 tota
2832 3436 3185 3493 horribiliter
3228 3444 3314 3493 est
3356 3452 3632 3495 conversa
3678 3442 3845 3498 rubo-

2142 3539 2282 3581 rem.
2316 3528 2385 3581 At
2430 3524 2529 3580 ubi
2570 3538 2796 3581 aurorae
2836 3525 3173 3595 crepusculo
3212 3533 3439 3583 naturae
3472 3527 3655 3596 rediit,
3692 3531 3844 3586 circa

2142 3614 2327 3684 ipsum
2360 3612 2624 3669 lunarem
2645 3613 2929 3670 circulum
2962 3614 3226 3670 insolitus
3267 3615 3536 3684 splendor
3574 3617 3843 3675 emicuit.

2139 3701 2397 3767 Quadam
2428 3709 2620 3757 autem
2648 3701 2834 3757 aestivi
2872 3701 2985 3757 diei
3017 3702 3339 3771 vespertina
3379 3704 3633 3759 irruente
3678 3704 3841 3771 hora,

2139 3797 2300 3846 tanta
2347 3790 2421 3845 ab
2478 3789 2766 3859 aquilonis
2831 3790 3003 3861 plaga
3058 3790 3380 3861 efflagratio
3430 3791 3707 3862 apparuit
3782 3800 3844 3849 ut

2141 3879 2375 3949 plurimi
2401 3893 2432 3934 e
2463 3878 2731 3935 domibus
2773 3879 2897 3934 suis
2943 3893 3063 3935 sese
3107 3880 3485 3949 proriperent,
3514 3889 3840 3950 quaerentes

2137 3969 2379 4040 quinam
2426 3969 2615 4025 hostes
2654 3969 2977 4038 provincias
3034 3983 3171 4025 suas
3237 3970 3379 4026 adeo
3428 3974 3589 4040 gravi
3644 3972 3843 4029 ambu-

2136 4057 2318 4113 stione
2374 4064 2683 4113 vastarent.
2746 4057 2890 4114 Vise
2963 4064 3102 4113 sunt
3153 4066 3427 4127 praeterea
3484 4073 3598 4115 non
3657 4061 3842 4117 multo

2139 4153 2264 4215 post
2294 4153 2571 4214 tempore,
2617 4159 2811 4201 mense
2851 4144 3035 4215 Aprili
3074 4145 3251 4201 stellze
3297 4153 3491 4214 noctu,
3534 4159 3602 4202 ac
3630 4146 3677 4201 si
3711 4148 3837 4217 plu-

2137 4235 2232 4289 via
2260 4234 2432 4290 dense
2459 4232 2528 4289 de
2557 4233 2884 4289 coelestibus
2930 4234 3064 4289 labi.
3117 4234 3279 4299 Quod
3321 4234 3378 4289 in
3420 4241 3645 4291 tantum
3680 4236 3839 4305 apud

2138 4323 2438 4393 plerasque
2486 4321 2769 4377 Ecclesias
2819 4331 3079 4392 portento
3127 4323 3333 4389 simile,
3380 4323 3536 4393 quod
3587 4332 3644 4379 et
3705 4325 3835 4392 fuit,

327 4411 514 4466 multa
567 4424 863 4467 armorum
912 4412 1384 4482 magnanimitate
1436 4411 1761 4481 praefuerat,
1804 4410 1876 4466 ad
1922 4411 2032 4467 hoc
2064 4399 2111 4454 Ῑ)
2143 4411 2405 4467 habitum
2432 4419 2535 4479 est,
2573 4418 2637 4467 ut
2667 4411 2895 4468 litanias
2927 4426 3028 4481 pro
3057 4412 3164 4468 hoc
3212 4411 3329 4481 ipso
3355 4413 3512 4482 quod
3542 4412 3835 4483 significa-

327 4505 395 4554 ut
435 4512 638 4554 eorum
684 4498 788 4568 qui
837 4514 938 4569 pro
966 4498 1189 4556 Christo
1238 4501 1469 4556 exsules
1519 4500 1642 4555 fieri
1671 4500 2025 4570 delegerunt,

329 4586 642 4642 commilito
683 4594 940 4653 vocetur,
987 4587 1272 4643 immutat.
1320 4586 1427 4653 Qui
1472 4586 1608 4642 huic
1652 4586 1807 4656 quod
1851 4601 2032 4656 cmpe-

329 4682 419 4732 rat
448 4674 676 4748 negotio
702 4689 880 4746 quam
925 4683 1356 4745 perseveranter
1400 4674 1691 4740 institerit,
1738 4681 2030 4744 gestorum

329 4763 696 4843 praesentium
752 4764 1071 4834 prosecutio
1123 4762 1457 4819 declarabit.
1508 4760 1597 4817 Hii
1650 4776 1860 4818 uxores
1906 4762 2030 4819 cla-

330 4854 608 4919 rissimas,
656 4866 791 4908 cum
832 4852 964 4908 filiis
1011 4851 1354 4923 gratissimis
1399 4850 1809 4920 relinquentes,
1851 4851 2029 4921 quid-

331 4941 474 5011 quid
524 4942 581 4996 in
636 4939 1036 4996 affectionibus
1071 4941 1261 5011 majus
1315 4947 1422 5009 est,
1482 4940 1767 5009 proposito
1813 4947 2031 5010 postpo-

331 5036 575 5084 suerunt
655 5027 848 5084 exilio.
922 5030 1003 5083 De
1080 5029 1396 5085 honoribus
1460 5028 2030 5100 possessionibusque

333 5116 559 5184 reticeo,
613 5127 746 5184 quae
794 5116 1030 5185 quidem
1083 5125 1250 5173 extra
1296 5130 1399 5172 nos
1443 5123 1597 5173 sunt.
1646 5116 1752 5172 Sed
1782 5116 1880 5174 illa
1907 5129 2029 5174 stu-

334 5217 530 5273 porem
565 5202 732 5258 nobis
781 5209 1096 5274 generant:
1145 5204 1433 5273 quomodo
1497 5203 1839 5260 maritorum
1897 5219 2034 5261 uxo-

332 5304 602 5361 rumque,
643 5290 834 5349 sobole
873 5290 1161 5347 mediante
1210 5292 1320 5347 imo
1350 5292 1752 5363 agglutinante
1780 5293 2030 5349 charita-

332 5387 437 5446 tes,
493 5381 616 5436 sine
662 5380 1077 5436 alterntrorum
1124 5380 1378 5451 periculo
1426 5381 1501 5438 ab
1548 5380 1794 5438 invicem
1835 5381 2031 5439 divelli

333 5476 620 5538 poterant.

405 5553 601 5628 [XVI]
624 5555 849 5611 Roberti
866 5554 1311 5611 Northmanniz
1327 5555 1564 5612 comitis
1588 5556 1810 5613 laudes.
1841 5585 1912 5599 —-
1930 5557 2032 5612 Dc-

332 5642 511 5715 nique
555 5644 871 5703 Robertum
914 5642 1354 5703 Northmanniaa
1400 5644 1664 5702 comitem
1715 5653 1900 5703 tacere
1931 5643 2033 5702 mi-

2139 4507 2236 4556 tur
2272 4499 2483 4555 damno
2521 4502 2829 4556 avertendo
2872 4500 3258 4568 instituerent,
3307 4507 3363 4557 et
3409 4502 3637 4571 scriptis
3694 4510 3836 4560 tem-

2139 4603 2247 4658 pus
2287 4596 2344 4644 et
2371 4596 2642 4645 eventum
2692 4589 3000 4646 traderent.
3052 4590 3242 4646 Mense
3288 4603 3493 4646 rursus
3545 4593 3834 4661 Augusto,

2137 4684 2299 4733 sexto
2329 4676 2465 4732 Idus
2496 4678 2777 4748 ejusdem,
2810 4686 2943 4735 ante
2972 4677 3104 4734 solis
3126 4692 3269 4748 pene
3297 4679 3646 4749 occubitum,
3684 4682 3837 4738 lunae

2139 4779 2273 4835 pars
2304 4779 2480 4836 prope
2510 4766 2697 4822 media
2738 4773 2822 4822 est
2870 4767 2929 4821 in
2976 4766 3356 4837 nigredinem,
3387 4768 3582 4824 multis
3611 4768 3840 4826 intuen-

2138 4853 2313 4922 tibus,
2401 4868 2588 4921 versa,
2654 4854 2753 4935 ubi
2802 4853 3131 4921 dicendum,
3180 4857 3335 4925 quod
3395 4855 3525 4912 licet
3580 4856 3723 4913 luna
3780 4858 3840 4913 in

2137 4942 2470 5012 pleniluniis
2546 4941 2889 4997 naturaliter
2962 4944 3216 5012 patiatur
3283 4944 3642 5014 defectiones,
3702 4954 3840 5003 sunt

2136 5038 2330 5088 tamen
2374 5030 2585 5101 aliquae
2636 5030 2696 5084 in
2743 5029 2880 5098 ipsis
2930 5030 3188 5088 colorum
3236 5033 3363 5104 ejus
3418 5035 3840 5091 mutationibus

2140 5118 2549 5190 portensiones.
2584 5118 2745 5173 Unde
2792 5126 2847 5173 et
2896 5118 2956 5173 in
3004 5122 3493 5189 pontiﬁcabilibus
3528 5131 3582 5179 et
3630 5137 3835 5194 regum

2140 5208 2312 5279 gestis
2338 5206 2547 5262 exinde
2576 5205 2755 5261 solent
2788 5205 2907 5262 fieri
2950 5208 3369 5268 adnotationes.
3415 5212 3552 5270 Visa
3596 5219 3734 5267 sunt
3784 5213 3840 5266 et

2140 5296 2253 5351 alia
2283 5295 2555 5364 pleraque
2585 5308 2724 5364 quae
2752 5309 2992 5351 narrare
3019 5300 3470 5368 supersedimus.

2211 5379 2461 5453 [XVIIL]
2500 5381 2862 5437 Raimundus
2895 5400 3082 5439 comes
3110 5388 3174 5443 S.
3203 5386 3415 5460 Egidii
3454 5386 3841 5459 proﬁciscitur

2138 5487 2269 5526 cum
2318 5468 2475 5525 aliis.
2523 5500 2592 5510 —-
2644 5471 2729 5527 Ad
2779 5481 3105 5530 extremum
3166 5474 3355 5532 Sancti
3410 5476 3601 5547 Egidii
3649 5490 3839 5533 comes

2139 5558 2520 5628 Raimundus,
2568 5574 2686 5617 non
2735 5562 2809 5618 ad
2857 5562 2947 5619 sui
2997 5563 3298 5633 vilitatem,
3348 5565 3446 5621 sed
3480 5580 3581 5635 pro
3608 5580 3837 5626 summa

2141 5645 2396 5716 ponitur.
2456 5646 2585 5717 Qui,
2661 5650 2803 5721 quia
2858 5650 2920 5707 in
2983 5665 3258 5724 supremo
3328 5653 3587 5711 Francia:
3661 5653 3836 5711 limbo
