3934 6394
111 342 230 393 713

1208 339 1428 395 GESTA
1467 340 1588 396 DEI
1629 339 1760 396 PER
1805 341 2144 396 FRANCOS.
2188 369 2253 380 —
2289 339 2420 394 LIB.
2464 339 2560 392 Ill.

3544 340 3649 392 714

114 469 500 534 morabatur,
559 475 778 537 quanto
829 468 1105 523 minorem
1149 483 1385 538 operum
1436 485 1675 526 suorum
1726 485 1834 525 no-
1872 475 1918 525 Α
1947 470 2096 526 tione
2137 485 2410 540 prospera
2455 469 2761 524 devehitur
2809 467 3213 536 Dyrrachium.
3265 466 3646 523 Consideran-

117 558 322 612 titiam
373 557 542 611 nobis
586 557 931 626 praebuerat,
988 564 1144 612 tanto
1189 559 1364 628 hujus
1411 559 1614 614 seriem
1664 559 1837 614 histo-

117 646 252 712 ria,
327 659 362 699 a
417 645 714 714 principiis
773 659 960 713 usque
1009 645 1080 699 ad
1136 644 1329 712 ﬁnem,
1390 647 1658 703 maxima
1719 661 1839 702 sua

121 733 374 788 virtutis
443 740 499 786 et
555 732 890 787 constantia
962 733 1314 788 monimento
1381 733 1664 790 nobilitat.
1733 734 1839 800 Qui

121 820 374 890 quidem
429 819 682 874 naturali
741 819 971 874 cuidam
1032 834 1139 875 suo
1187 819 1304 875 ﬁlio
1347 822 1622 877 comitatu
1668 836 1842 891 quem

123 907 374 978 regebat
414 907 629 972 relicto,
657 908 947 976 propriam
982 907 1307 978 conjugem,
1339 923 1472 964 cum
1509 909 1624 964 ﬁlio
1668 924 1842 979 quem

125 997 206 1051 ab
265 1008 337 1050 ea
387 1001 661 1064 exagerat
716 995 909 1060 unico,
965 1008 1158 1049 secum
1219 995 1408 1050 duxit.
1455 997 1592 1051 Erat
1650 1005 1842 1053 autem

129 1082 395 1154 pralatis
469 1081 675 1136 nostris
745 1081 1106 1150 principibus
1175 1090 1339 1138 atate
1405 1085 1706 1152 maturior,
1787 1093 1842 1140 et

127 1170 423 1230 exercitu,
455 1169 560 1223 nisi
606 1177 891 1238 quantum
934 1169 1005 1223 ad
1058 1170 1324 1240 garrulos
1368 1171 1669 1227 hominum
1709 1173 1843 1228 Pro-

130 1257 479 1311 vincialium
515 1271 696 1311 mores
744 1264 975 1324 spectat,
1020 1258 1167 1312 nulli
1211 1258 1468 1315 inferior.
1518 1262 1661 1316 Cum
1707 1274 1844 1330 ergo

130 1345 536 1414 copiosissima
565 1345 1005 1400 fortissimorum
1037 1346 1284 1401 militum
1337 1361 1565 1414 manus,
1611 1362 1679 1404 ea
1728 1362 1846 1416 qua

131 1434 387 1488 Romam
433 1432 710 1500 proﬁcisci
757 1432 1003 1488 solemus
1051 1433 1164 1498 via,
1215 1448 1398 1503 usque
1451 1434 1510 1488 in
1541 1434 1846 1504 Appuliam

131 1520 532 1585 devenissent,
569 1535 640 1574 ex
673 1519 859 1575 calore
886 1521 1132 1586 insolito,
1167 1535 1299 1590 qua
1333 1511 1470 1577 tunc
1511 1530 1634 1578 erat
1677 1531 1848 1577 asta—

133 1610 231 1670 tis,
293 1622 368 1662 ex
426 1608 793 1677 corruptione
837 1609 1004 1674 aeris,
1067 1609 1135 1664 de
1195 1623 1456 1664 escarum
1527 1609 1846 1678 insolentia,

134 1695 438 1752 innumeri
472 1697 780 1764 perniciem
815 1697 1006 1752 nimia
1037 1704 1455 1753 contraxerunt
1497 1698 1848 1753 inﬁrmitatis

1948 557 2088 612 dum
2120 572 2372 627 namque
2404 557 2510 613 sibi
2544 556 2750 618 fuerat,
2794 555 2935 626 quia
2973 555 3044 610 ad
3094 562 3389 610 tantarum
3438 569 3648 624 exspe-

1949 646 2252 700 ctationem
2317 658 2712 715 personarum,
2787 643 2858 698 ad
2927 650 3118 698 tantas
3176 641 3439 712 equitum
3492 641 3650 710 pedi-

1948 740 2190 804 tumque
2257 733 2470 802 copias,
2547 731 2721 787 totius
2789 730 3038 798 Gracia,
3101 737 3165 785 ut
3240 729 3321 785 ita
3377 730 3646 797 dixerim,

1950 821 2327 876 fundamenta
2353 826 2727 876 tremuerant.
2761 819 2831 874 Et
2882 818 3010 874 licet
3049 818 3294 873 aliorum
3346 831 3650 887 procerum

1951 908 2134 965 multo
2187 909 2386 978 major,
2431 923 2606 978 quam
2662 907 2864 976 ipsius,
2923 907 3078 976 apud
3128 921 3232 962 nos
3288 913 3657 975 reputaretur

1950 996 2282 1062 auctoritas,
2347 996 2504 1066 apud
2565 1002 2791 1050 exteros
2853 1001 3063 1061 tamen,
3125 993 3438 1062 praesertim
3499 994 3655 1063 apud

1951 1083 2326 1139 inertissimos
2365 1084 2665 1139 hominum
2697 1083 2942 1150 Gracos,
2989 1083 3058 1137 de
3100 1083 3251 1152 regis
3300 1083 3656 1137 Francorum

1952 1171 2124 1226 fratte
2159 1171 2501 1240 pravolarat
2533 1170 2758 1225 inﬁnita
2803 1169 3120 1225 celebritas.
3155 1169 3297 1224 Cum
3347 1182 3484 1238 ergo
3533 1169 3658 1223 dux

1952 1258 2330 1328 imperatoris,
2373 1260 2472 1328 qui
2502 1258 2709 1313 ibidem
2742 1256 3159 1322 commanehat,
3203 1269 3537 1326 nonniagna
3562 1256 3660 1310 ho-

1953 1347 2166 1402 minem
2193 1345 2552 1415 spectabilem
2583 1345 2914 1400 attendisset
2943 1344 3194 1399 cinctum
3230 1357 3430 1410 manu,
3465 1344 3656 1399 subri-

1957 1434 2080 1505 puit
2102 1434 2166 1506 [ι.
2189 1434 2494 1503 subrepsit.
2517 1434 2580 1487 E.
2604 1433 2686 1502 P.]
2713 1433 2864 1487 illius
2881 1433 3076 1487 animo
3103 1445 3176 1486 ex
3201 1438 3372 1486 tanta
3395 1431 3658 1486 solitudi-

1957 1523 2045 1576 nis
2067 1521 2492 1590 opportunitate
2525 1520 2800 1589 nequitia,
2839 1520 3122 1588 illumque
3145 1519 3660 1588 comprehendens,

1959 1609 2226 1678 pracepit
2296 1608 2846 1676 Constantinopolim
2908 1607 2980 1661 ad
3049 1607 3455 1674 imperatorem
3525 1621 3659 1661 cum

1957 1697 2142 1752 multa
2176 1695 2499 1766 provisione
2529 1710 2597 1750 ac
2629 1695 2949 1750 reverentia
2982 1694 3154 1762 duci;
3202 1694 3273 1748 ob
3323 1694 3429 1748 hoc
3473 1694 3659 1749 solum

132 1793 191 1840 et
273 1761 496 1839 mortis".
559 1784 645 1838 Ad
716 1785 972 1839 diversos
1028 1784 1225 1855 itaque
1277 1799 1396 1841 sese
1453 1786 1841 1854 contulerunt,
1887 1761 1928 1815 Β
1961 1793 2021 1840 ut
2052 1761 2217 1839 ﬁdem
2252 1783 2446 1839 timido
2480 1781 2724 1852 principi
2771 1782 2933 1837 daret
2981 1761 3144 1850 quod
3190 1795 3290 1850 per
3337 1795 3468 1836 eum
3522 1781 3655 1835 vita

137 1872 451 1928 transituri
483 1886 658 1937 mare,
689 1880 907 1940 portus.

217 1959 599 2015 Brundisium
632 1959 845 2028 plures,
884 1960 984 2014 hos
1024 1961 1263 2029 suscipit
1293 1960 1460 2016 avius
1489 1960 1731 2028 Ydrons,

213 2049 338 2103 Illis
373 2047 575 2116 piscosi
609 2055 922 2116 patuerunt
951 2063 1187 2117 aquora
1215 2049 1365 2103 Bari.

215 2135 428 2208 [XIX]
461 2139 530 2190 At
561 2136 725 2204 Hugo
768 2135 1036 2205 Magnus,
1088 2151 1203 2191 non
1249 2143 1572 2206 exspectata
1609 2151 1847 2192 suorum

138 2233 194 2280 et
228 2225 484 2278 militum
517 2223 1091 2293 comprincipumque
1138 2225 1387 2290 comitia,
1430 2224 1602 2279 nimis
1646 2224 1851 2279 incon—

139 2311 314 2377 sulte,
367 2311 542 2365 nimis
596 2324 954 2380 prapropere
1001 2311 1154 2367 adito
1206 2312 1334 2366 Bari
1363 2320 1552 2381 portu,
1605 2312 1852 2382 naviga-

1956 1887 2074 1927 sua
2106 1879 2160 1927 et
2187 1871 2420 1926 honoris
2469 1885 2703 1939 prorsus
2751 1868 3037 1924 indemnis
3083 1867 3368 1923 existeret.
3420 1869 3474 1922 Is
3516 1883 3653 1938 ergo

1960 1960 2199 2015 illustris
2231 1959 2341 2014 viri
2369 1973 2556 2024 casus,
2593 1958 2904 2013 maximam
2936 1956 3305 2026 sequentium
3351 1970 3655 2026 procerum

1960 2046 2276 2102 fortitudini
2355 2047 2783 2101 enervationem
2868 2044 3080 2100 intulit.
3164 2044 3320 2098 Idem
3402 2057 3659 2112 namque

1960 2135 2144 2190 facere
2175 2134 2330 2203 quod
2370 2134 2442 2189 ab
2475 2134 2580 2189 isto
2610 2133 2895 2204 exigebat,
2937 2147 3040 2188 seu
3077 2132 3154 2198 vi,
3201 2147 3303 2187 seu
3347 2132 3515 2199 clam,
3561 2145 3666 2186 seu

1960 2223 2219 2293 precario
2268 2230 2499 2277 cateros
2556 2222 2736 2292 coegit
2793 2220 3067 2290 principis
3115 2217 3469 2275 fraudulenti
3512 2225 3667 2274 astu-

1962 2311 2060 2367 tia.
2091 2310 2193 2366 Sed
2221 2311 2342 2381 jam
2382 2311 2512 2365 ﬁnis
2540 2310 2677 2365 huic
2706 2309 2894 2364 libello
2920 2308 3164 2364 accedat.

1448 2553 1794 2638 LIBER
1850 2551 2355 2638 TERTIUS.

728 2841 958 2899 CAPUT
993 2839 1290 2896 PRIMUM.

227 2939 380 2989 386
415 2931 506 3002 [1.]
557 2934 635 2986 De
664 2929 982 2986 Boemundo
1012 2927 1247 2983 Roberti
1290 2941 1391 2980 seu
1447 2924 1738 2982 Wiscardi
1776 2925 1857 2994 ﬁ-

157 3022 256 3076 lio.
290 3053 361 3060 —
402 3022 490 3075 Ex
523 3019 743 3075 cunctis
773 3019 889 3073 fere
917 3015 1356 3073 occidentalium
1388 3014 1638 3084 partium
1669 3013 1858 3084 regio—

157 3111 355 3175 nibus,
395 3123 531 3165 cum
580 3105 1020 3162 innumerabilis
1063 3105 1346 3160 exercitus
1388 3102 1702 3172 appulisset
1742 3107 1858 3170 Ap—

159 3199 400 3270 puliam,
469 3196 541 3251 ad
600 3195 998 3250 Boemundum
1055 3191 1330 3258 Rotberti,
1382 3191 1481 3261 qui
1522 3189 1859 3245 Wiscardus

155 3287 495 3351 vocabatur,
536 3283 738 3346 ﬁlium,
780 3281 1093 3352 singularis
1149 3278 1589 3349 magniﬁcentia
1640 3278 1855 3346 virum,

157 3371 526 3431 adventantis
557 3369 946 3425 multitudinis
987 3367 1242 3437 pervenit
1286 3367 1570 3437 verbum;
1623 3365 1667 3422 is
1717 3373 1858 3421 tunc

157 3461 429 3531 temporis
481 3459 853 3514 Amalﬁtanos
897 3457 1190 3513 obsidione
1237 3461 1669 3525 compresserat.
1751 3453 1855 3510 Cui

158 3566 291 3608 cum
320 3549 565 3606 nuntius
598 3547 665 3602 de
695 3561 763 3602 ea
811 3561 942 3616 qua
987 3544 1316 3600 conﬂuebat
1364 3551 1530 3614 gente
1577 3556 1857 3612 superve-

157 3640 350 3704 nisset,
428 3635 750 3692 sciscitatus
835 3634 1059 3689 itineris
1146 3646 1373 3699 causas,
1451 3631 1614 3687 audit
1717 3631 1856 3701 quia

159 3725 469 3783 Jerusalem
511 3738 544 3778 a
574 3723 860 3794 gentibus,
896 3722 1007 3777 imo
1039 3721 1401 3776 Dominicum
1434 3719 1759 3788 sepulcrum
1802 3727 1856 3774 ct

163 3828 325 3871 sacra
388 3813 596 3868 ibidem
654 3811 774 3866 loca
829 3810 1203 3881 ignominiose
1256 3809 1474 3874 habita,
1526 3809 1597 3864 ab
1655 3822 1852 3862 eorum

165 3901 414 3959 dominio
450 3901 701 3956 eximere
743 3906 1132 3969 properarent.
1181 3897 1296 3953 Nec
1341 3897 1393 3952 ei
1437 3897 1667 3952 demum
1716 3895 1854 3950 taci-

166 3998 288 4048 tum
316 3998 400 4046 est
439 3996 580 4060 quot
634 3988 923 4058 cujusque
981 3985 1224 4057 generis,
1263 3987 1615 4055 quantaeque
1661 3982 1855 4038 excel-

165 4079 351 4136 lentia
388 4077 520 4144 viri,
551 4076 775 4143 relictis,
812 4082 876 4130 ut
902 4075 982 4130 sic
1013 4075 1220 4142 dicam,
1258 4073 1548 4128 bonorum
1588 4071 1855 4142 majesta-

1897 2835 1938 2892 C
1969 2843 2208 2903 mutato,
2242 2834 2454 2905 ipsum,
2504 2834 2660 2905 quod
2712 2849 2854 2892 suus
2903 2835 3154 2905 ipsorum
3203 2834 3504 2903 Dominus,
3567 2834 3672 2892 iter

1969 2925 2475 2996 aggrediebantur.
2507 2925 2692 2980 Tanta
2720 2931 2914 2980 autem
2944 2924 3016 2979 ad
3067 2925 3117 2980 id
3169 2925 3288 2980 voti
3330 2931 3470 2980 tunc
3517 2924 3668 2978 mili-

1969 3019 2092 3068 tum
2167 3011 2482 3068 multitudo
2549 3011 2833 3067 conﬂuxit
2902 3018 2967 3068 ut
3028 3011 3203 3068 frater
3264 3011 3410 3082 ejus,
3469 3011 3671 3068 Sicilia

1967 3115 2173 3166 comes,
2255 3100 2554 3170 Rogerius,
2633 3099 2946 3154 admodum
3021 3099 3234 3155 doleret
3291 3100 3432 3168 quia
3488 3100 3545 3154 in
3601 3113 3668 3155 ea

1967 3189 2257 3244 obsidione
2286 3188 2442 3243 omni
2484 3201 2627 3257 pene
2674 3201 2912 3243 suorum
2957 3186 3211 3243 ﬁdelium
3245 3187 3448 3243 solatio
3503 3187 3668 3243 frau-

1967 3278 2224 3332 daretur.

2039 3364 2151 3433 [ll.]
2192 3361 2509 3417 Boemundi
2535 3362 2916 3418 Northmanni
2945 3379 3038 3415 res
3060 3364 3247 3433 gesta.
3282 3393 3351 3402 —-
3382 3361 3486 3417 Sed
3528 3375 3670 3432 pau-

1966 3452 2046 3508 cis
2073 3451 2495 3521 expediendum
2525 3459 2628 3517 est,
2683 3465 2802 3520 quo
2850 3450 3137 3521 sanguine
3175 3458 3404 3518 cretus;
3453 3451 3669 3520 quibus

1961 3541 2115 3597 idem
2180 3541 2543 3595 Boemundus
2614 3539 2683 3594 ad
2757 3539 2864 3594 hoc
2927 3539 3158 3594 honoris
3221 3541 3294 3594 sit
3364 3549 3662 3609 promotus

1967 3629 2303 3686 accessibus.
2351 3628 2631 3684 Robertus
2681 3642 2852 3698 quem
2903 3628 3264 3697 agnominari
3304 3628 3663 3684 Wiscardum

1967 3719 2222 3774 diximus
2251 3731 2323 3772 ex
2348 3716 2768 3772 Northmannia
2807 3715 3024 3771 exstitit
3066 3715 3370 3783 oriundus,
3414 3723 3468 3770 et
3508 3713 3662 3770 tenui

1965 3807 2103 3863 satis
2168 3806 2288 3860 loco
2353 3813 2541 3860 natus.
2611 3805 2663 3860 Is
2719 3818 2753 3859 a
2801 3805 2999 3859 nativa
3047 3817 3226 3874 quam
3284 3803 3669 3873 pramisimus

1966 3895 2197 3965 regione
2229 3895 2425 3949 utrum
2472 3900 2674 3962 sponte
2723 3906 2988 3962 egressus
3042 3892 3256 3957 nescio,
3315 3905 3389 3945 an
3442 3890 3662 3960 pulsus,

1965 3984 2134 4054 pedes
2164 3983 2222 4038 in
2251 3982 2521 4052 Apuliam
2556 3981 2733 4051 abiit;
2777 3981 2853 4037 ibi
2899 3995 3080 4050 equos
3129 3987 3185 4035 et
3231 3993 3412 4042 arma,
3460 3979 3672 4049 quibus

1965 4087 2142 4143 eques
2222 4071 2397 4137 ﬁeret,
2470 4083 2588 4139 qua
2652 4069 2836 4138 potuit
2911 4074 3051 4133 arte,
3111 4065 3471 4122 commeruit.
3531 4065 3669 4120 Inde

166 4168 338 4234 tibus,
374 4167 444 4221 ad
487 4166 605 4221 hac
657 4163 982 4234 peragenda
1031 4176 1207 4232 quam
1270 4161 1531 4216 inaudita
1584 4161 1855 4216 aviditate
1895 4161 2194 4219 Dcastella
2255 4159 2542 4230 quadam,
2595 4155 2901 4214 contractis
2943 4156 3063 4226 jam
3133 4155 3521 4224 undecunque
3565 4167 3670 4223 qui

167 4255 588 4313 contenderent.
628 4256 695 4308 At
731 4253 823 4308 ille
881 4253 1194 4322 interrogat
1240 4264 1314 4305 an
1362 4263 1524 4305 arma
1571 4249 1851 4312 deferant,

169 4355 362 4402 utrum
400 4357 581 4413 peras,
618 4355 690 4397 an
723 4341 920 4412 aliqua
965 4340 1139 4410 hujus
1183 4353 1346 4394 nova
1387 4338 1859 4408 peregrinationis

171 4434 418 4505 insignia
447 4432 774 4503 praeferant,
805 4445 936 4500 qua
985 4429 1056 4484 ad
1087 4428 1357 4484 ultimum
1391 4429 1447 4482 in
1494 4427 1656 4482 bellis
1696 4428 1862 4498 signa

171 4523 543 4580 conclamant.
603 4519 1032 4589 Respondetur:
1101 4517 1279 4572 Arma
1327 4516 1516 4586 iplane
1562 4516 1862 4572 Francisco

172 4627 283 4670 usu
310 4617 551 4682 gestant.
585 4609 782 4666 Crucis
811 4615 1004 4663 autem
1035 4605 1306 4676 ﬁguram,
1341 4612 1443 4660 aut
1475 4604 1534 4659 in
1579 4604 1860 4672 humeris,

175 4717 272 4758 seu
323 4699 582 4764 ubilibet,
659 4711 732 4753 ex
784 4709 902 4767 qua
955 4694 1158 4750 volunt
1217 4693 1458 4749 materia
1517 4692 1608 4748 vel
1669 4707 1863 4762 panno

177 4795 523 4861 praceptum
555 4794 639 4843 est
670 4792 735 4842 ut
779 4783 1036 4841 vestibus
1083 4789 1340 4838 assuant.
1395 4783 1632 4837 Remota
1672 4788 1866 4837 autem

179 4875 492 4946 arroganti,
549 4875 825 4930 varietate
877 4873 1198 4943 signorum,
1261 4870 1554 4926 humiliter
1604 4869 1660 4924 in
1711 4868 1870 4925 bellis

180 4966 531 5034 ﬁdeliterque
583 4962 1049 5018 conclamabunt.
1097 4961 1246 5016 Deus
1293 4975 1348 5014 ID
1405 4973 1566 5015 VULT.
1616 4957 1701 5013 Ad
1750 4958 1871 5013 hac

181 5055 268 5110 ille
296 5051 485 5110 cordis
515 5051 800 5108 excitatus
840 5064 873 5106 a
922 5050 1120 5117 fundo,
1177 5050 1288 5105 Deo
1339 5047 1677 5116 inspirante,
1727 5060 1875 5102 com-

184 5143 478 5214 pungitur,
538 5148 592 5196 et
637 5139 878 5210 pallium
925 5137 1400 5209 pretiosissimum
1443 5136 1612 5207 jussit
1658 5133 1871 5190 aﬁ‘erri.

182 5233 465 5300 Idemque,
534 5242 637 5299 per
697 5227 1021 5284 cruciculas
1063 5227 1192 5282 fecit
1251 5224 1442 5286 incidi,
1496 5237 1718 5292 suaque
1770 5221 1877 5276 sibi

185 5319 464 5390 imposita,
517 5318 656 5382 suis,
717 5316 820 5386 qui
868 5316 1112 5385 idipsum
1154 5313 1308 5383 quod
1356 5318 1594 5367 voverat
1644 5308 1880 5364 affecta-

185 5410 339 5475 bant,
375 5419 576 5461 cruces
606 5405 975 5474 apponendas
1000 5401 1305 5471 expendit;
1339 5413 1474 5456 nam
1525 5397 1733 5453 milites
1780 5395 1882 5466 qui

182 5498 230 5556 ei
287 5497 348 5552 in
404 5493 502 5550 illa
551 5493 842 5549 obsidione
889 5489 1360 5561 obsequebantur
1411 5485 1603 5542 animo
1649 5492 1883 5554 repente

543 5593 820 5658 PATROL.
875 5589 1078 5656 CLVI.

1963 4249 2071 4307 sibi
2111 4248 2536 4304 auxiliarentur
2597 4245 2985 4315 pradonibus,
3047 4257 3162 4299 non
3229 4243 3449 4312 absque
3507 4255 3674 4297 navo

1968 4346 2159 4394 tamen
2189 4334 2524 4404 proditionis
2556 4347 2865 4403 usurpans,
2908 4331 3138 4402 aliaque
3185 4330 3420 4401 perinde
3458 4328 3675 4386 crebris

1971 4423 2400 4482 incursionibus
2452 4422 2688 4493 fatigata
2736 4435 3043 4489 occupans,
3092 4419 3264 4476 etiam
3309 4419 3482 4475 urbes
3527 4432 3673 4488 pra-

1972 4506 2120 4569 ditas
2158 4512 2396 4572 obsedit,
2430 4519 2484 4566 et
2513 4511 2585 4565 ad
2634 4510 3024 4565 necessitatem
3073 4507 3376 4563 deditionis
3424 4505 3672 4576 impulit.

1975 4603 2064 4665 Et.
2103 4609 2165 4657 ut
2200 4600 2399 4670 paucis
2425 4599 2743 4665 absolvam,
2778 4605 3074 4666 tantopere
3103 4610 3292 4652 novus
3338 4596 3507 4650 homo
3557 4607 3677 4649 sua

1977 4691 2098 4746 loca
2145 4688 2556 4744 dominationis
2601 4685 2880 4751 extendit,
2941 4685 3000 4739 in
3048 4691 3273 4740 tantum
3319 4697 3451 4752 qua
3494 4680 3680 4738 voluit

1977 4792 2228 4850 quaque
2284 4775 2630 4846 perdomuit,
2700 4780 2765 4830 ut
2824 4777 2973 4828 sicut
3038 4771 3097 4826 in
3164 4768 3503 4840 epitaphicis
3553 4768 3682 4838 ejus

1978 4867 2241 4923 versibus
2271 4864 2483 4920 dicitur
2515 4878 2528 4917 :

2509 4950 2660 5006 Urbe
2691 4946 2974 5021 expulerit
3001 4963 3151 5013 eum,

2054 5046 2230 5110 Quem
2261 5040 2496 5114 Ligures
2518 5055 2727 5112 regem,
2759 5039 2946 5094 Roma
2976 5037 3299 5091 Lemannus
3327 5032 3497 5089 habet
3527 5048 3539 5087 :

2055 5131 2366 5189 Henricum
2397 5129 2660 5184 videlicet
2698 5131 3049 5198 Augustum,
3096 5124 3289 5179 virum
3342 5123 3545 5193 utique
3589 5120 3685 5176 in-

1986 5218 2262 5285 numeris,
2293 5217 2403 5273 imo
2438 5217 2550 5272 fere
2576 5216 2818 5287 jugibus
2850 5213 3102 5269 victoriis
3136 5211 3515 5268 fortunatum.

1992 5310 2262 5374 Parthus,
2315 5305 2532 5374 Arabs,
2583 5303 2998 5374 Macedumque
3047 5301 3308 5372 phalanx
3362 5315 3477 5354 non
3547 5297 3691 5354 texit

3293 5387 3362 5458 [Α
3374 5385 3552 5440 [exim

2068 5487 2419 5550 Graecorum,
2451 5479 2549 5553 qui
2577 5479 2871 5536 nobiscum
2896 5493 3039 5549 sape
3071 5476 3213 5548 agit,
3243 5474 3585 5548 principem.
