3934 6446
271 376 374 428 715

1157 374 1218 428 ν.
1259 371 1594 430 GUIBERTI
1633 373 1926 428 ABBATIS
1962 372 2018 429 S.
2060 373 2301 430 MANE
2338 375 2431 430 DE
2467 374 2868 433 NOVIGENTO

3658 382 3780 433 716

257 508 364 565 Sed
394 521 788 578 sapenumero
815 521 950 564 eum
979 507 1272 578 subigens,
1300 507 1412 564 nisi
1456 507 1663 564 veneni
1712 508 1958 564 haustus
1995 510 2044 563 A
2077 509 2386 565 residuam.
2419 509 2581 577 Quod
2633 510 3008 580 imperatoris,
3063 511 3165 581 qui
3216 511 3347 567 inde
3403 526 3518 567 non
3567 513 3784 583 procul

254 596 306 652 ei
352 596 544 652 subito
589 596 764 651 vitam
797 594 1210 666 praripuisset,
1243 602 1419 665 caput
1465 603 1804 651 coronatum
1859 595 1955 650 in-

253 685 341 741 fra
395 697 626 754 paucos.
681 690 747 739 ut
802 683 1036 752 dicitur,
1104 683 1243 750 dies,
1311 683 1954 753 Constantinopolitanis

253 772 486 828 sedibus
535 771 836 827 intulisset.
890 771 1092 827 Videat
1139 771 1238 840 qui
1289 770 1415 826 vult
1465 770 1628 825 hodie
1682 771 1780 826 filii
1825 770 1954 840 ejus

255 859 570 916 Boemundi
601 859 930 930 potentiam,
964 858 1064 928 qui
1095 866 1354 913 veterum
1377 858 1705 914 oblitterata
1733 859 1952 914 vilitate

251 956 578 1017 parentum,
614 947 852 1016 Philippi
885 948 1035 1016 regis
1066 947 1418 1001 Francorum
1465 946 1640 1001 filiam
1672 946 1841 1002 duxit
1893 946 1951 1000 in

251 1036 611 1106 conjuginm,
661 1043 715 1091 et
770 1034 1024 1104 pradicti
1066 1034 1260 1090 Alexis
1315 1048 1626 1104 aggressus
1671 1042 1755 1090 est
1799 1034 1952 1089 obti-

250 1138 388 1179 nere
419 1123 692 1178 violenter
720 1123 1048 1192 imperium.
1093 1123 1336 1192 Rogerio
1385 1123 1564 1192 igitur
1604 1121 1782 1177 fratre
1825 1122 1951 1192 ejus

248 1217 537 1267 remeante
598 1210 884 1278 Siciliam;
953 1217 1009 1266 et
1077 1223 1250 1279 prope
1310 1209 1700 1265 omnimodam
1764 1209 1950 1280 gentis

248 1313 368 1355 sua
421 1297 803 1362 amissionem,
867 1312 1000 1368 qua
1052 1304 1169 1353 tota
1240 1297 1558 1354 Jerusalem
1638 1297 1947 1353 videbatur

249 1387 421 1453 itura,
453 1385 695 1440 dolente.

322 1474 405 1526 De
439 1471 732 1528 Tancredo
763 1471 1078 1528 Boemundi
1099 1475 1323 1544 nepote.
1355 1503 1424 1512 —
1455 1472 1611 1528 Idem
1659 1473 1949 1528 Boemun-

245 1561 356 1616 dus
385 1561 708 1628 contractis,
751 1574 882 1630 qua
921 1561 994 1616 ad
1044 1568 1260 1616 tantam
1310 1560 1720 1630 professionem
1761 1574 1948 1616 neces-

244 1648 411 1704 saria
469 1654 654 1713 erant,
709 1646 908 1716 copiis,
967 1647 1292 1702 conscensis
1321 1661 1453 1702 cum
1513 1661 1618 1703 suo
1689 1649 1948 1703 exercitu

244 1735 513 1802 navibus,
545 1749 692 1791 aura
721 1734 1038 1790 famulante
1069 1735 1340 1798 secunda,
1395 1734 1568 1790 littori
1618 1735 1946 1806 Bulgarico,

246 1823 482 1880 feliciter
510 1831 764 1888 evectus,
805 1823 1134 1892 exponitur.
1187 1823 1251 1878 In
1295 1822 1464 1892 cujus
1500 1823 1776 1878 comitatu
1815 1837 1948 1879 cum

245 1912 430 1968 multa
465 1910 822 1982 equestrium
857 1911 1115 1966 virorum
1159 1909 1434 1980 probitas,
1482 1917 1604 1966 tum
1653 1911 1950 1980 principa-

245 1999 386 2054 lium
461 2013 577 2054 non
640 2011 822 2069 parva
894 1997 1221 2053 sublimitas
1286 1999 1522 2054 exstitit.
1583 1999 1736 2054 Inter
1779 2013 1944 2069 quos,

242 2087 626 2156 Tancredum,
685 2086 1038 2142 marchionis
1083 2086 1392 2157 cujusdam
1458 2100 1532 2142 ex
1605 2087 1944 2155 Boemundi,

242 2175 356 2231 nisi
387 2175 571 2242 fallor,
607 2189 800 2231 sorore
835 2174 1055 2241 ﬁlium;
1085 2175 1255 2245 cujus
1309 2173 1488 2229 frater
1519 2187 1653 2229 cum
1708 2175 1949 2245 Hugone

243 2265 450 2334 Magno
480 2271 868 2333 pracesserat,
896 2264 988 2318 cui
1029 2263 1377 2330 Guillelmus,
1407 2269 1530 2318 erat
1576 2263 1948 2332 vocabulum,

239 2359 296 2407 et
337 2352 646 2422 quemdam
695 2351 797 2420 qui
844 2351 1146 2406 dicebatur
1212 2352 1282 2406 de
1333 2350 1521 2421 prima
1565 2350 1799 2406 civitate
1844 2350 1942 2406 Ri-

243 2439 523 2495 chardum
559 2439 968 2494 nominatiores
998 2439 1364 2509 agnovimus,
1398 2439 1589 2494 virum
1624 2449 1764 2494 sane
1811 2438 1945 2508 pul-

242 2527 383 2582 chra
449 2527 702 2596 corporis
759 2527 1101 2583 habitudine
1153 2527 1551 2596 spectandum,
1617 2541 1791 2597 quem
1844 2540 1947 2596 pro

240 2615 593 2683 Constantia,
645 2615 962 2670 Boemundi
1011 2616 1276 2686 conjuge,
1327 2615 1399 2670 ad
1455 2615 1711 2670 Francia
1753 2629 1946 2685 regem

240 2703 494 2759 vidimus
525 2703 806 2774 legatione
840 2703 1226 2772 perfunctum.
1257 2703 1562 2772 Ingressus
1605 2703 1783 2773 igitur
1811 2716 1944 2757 cum

238 2793 361 2848 suis
391 2791 678 2862 Bulgaria
709 2791 1020 2862 regionem,
1050 2791 1292 2846 multam
1342 2789 1696 2860 opulentiam
1741 2804 1944 2846 eorum

239 2894 372 2951 qua
399 2879 472 2935 ad
528 2879 802 2935 victualia
833 2879 1120 2949 pertinent
1169 2885 1530 2948 repererunt.
1571 2877 1644 2932 Et
1680 2891 1814 2934 cum
1870 2877 1943 2933 ad

239 2967 755 3038 Andropolitanam
789 2968 1152 3024 devenissent
1200 2967 1450 3037 vallem;
1497 2967 1708 3023 ibidem
1765 2967 1945 3022 donec

2062 597 2282 665 aberat,
2315 597 2454 654 dum
2506 599 2872 667 comperisset
2919 597 3225 664 exercitus,
3274 599 3558 667 comitem,
3604 601 3786 656 ducis

2063 687 2164 756 qui
2201 694 2566 755 pracesserat
2598 687 2934 742 destitutum
2963 687 3245 756 prasidio,
3302 688 3663 758 aggreditur,
3721 696 3783 744 et

2061 773 2284 828 comitis
2311 773 2450 829 socii
2494 775 2794 843 repentina
2843 773 3090 828 hostium
3141 773 3467 829 incursione
3517 775 3774 830 turban-

2061 868 2177 916 tur.
2212 861 2562 917 Perveniunt
2614 862 2734 917 hac
2781 862 2851 916 ad
2905 875 3075 917 aures
3115 862 3394 916 Tancredi
3445 862 3774 930 fortissimi,

2060 957 2116 1005 et
2147 949 2297 1004 dicto
2326 949 2499 1005 citius
2556 950 2956 1019 retrogradum
3007 963 3240 1005 sumens
3295 951 3419 1017 iter,
3477 965 3654 1020 seque
3712 951 3779 1006 in

2061 1036 2278 1092 ﬂumen
2311 1037 2610 1106 prafatum
2641 1037 2969 1108 projiciens,
3005 1037 3075 1092 ad
3114 1051 3210 1093 eos
3256 1037 3359 1107 qui
3407 1037 3776 1108 impeteban-

2056 1131 2152 1180 tur
2190 1125 2470 1180 tranando
2499 1127 2798 1194 pervenit:
2849 1133 2905 1180 et
2955 1125 3069 1180 duo
3129 1139 3272 1194 pene
3323 1125 3501 1180 millia
3561 1141 3772 1182 secum

2057 1211 2522 1276 auxiliariorum,
2556 1211 2658 1282 qui
2692 1219 2814 1282 post
2844 1213 3030 1282 ipsum
3075 1221 3347 1268 enatuere
3400 1211 3524 1285 [al.,
3568 1221 3775 1268 enata-

2058 1298 2314 1374 verunt],
2378 1301 2683 1356 contraxit.
2735 1301 2933 1355 Hostes
2981 1300 3210 1370 reperit.
3265 1307 3320 1356 et
3372 1309 3574 1357 contra
3628 1315 3776 1356 suos

2058 1389 2267 1445 acriter
2296 1388 2687 1458 confligentes,
2716 1387 2943 1454 acriori,
2977 1396 3040 1443 ut
3073 1401 3175 1458 par
3201 1395 3344 1455 erat,
3399 1387 3773 1444 animositate

2059 1476 2356 1548 pervasit:
2394 1491 2497 1532 nec
2529 1489 2707 1542 mora,
2757 1476 3002 1545 subegit.
3047 1475 3396 1546 Apprehensi
3449 1476 3645 1546 itaque
3689 1489 3772 1530 ex

2053 1565 2134 1622 eis
2159 1565 2414 1636 plurimi,
2443 1573 2573 1620 ante
2604 1565 2912 1620 Boemundi
2949 1565 3310 1634 prasentiam
3361 1563 3762 1628 deducuntur,

2056 1660 2112 1708 et
2141 1652 2200 1707 in
2230 1651 2466 1707 vincula
2507 1652 2918 1722 conjiciuntur.
2955 1651 3040 1706 Ad
3073 1665 3219 1720 quos
3251 1651 3396 1706 idem
3450 1649 3722 1720 princeps
3750 1665 3765 1704 :

2064 1763 2085 1790 ι
2119 1744 2255 1807 Cur,
2293 1739 2506 1810 inquit.
2537 1750 2590 1794 et
2615 1739 2821 1794 Christi
2853 1747 2908 1795 et
2957 1753 3142 1793 meam
3192 1738 3562 1808 insequimini
3616 1753 3764 1807 gen-

2059 1833 2170 1882 tem
2190 1826 2220 1882 ?
2249 1827 2371 1896 Ego
2403 1825 2732 1895 imperatori
2761 1832 2948 1881 vestro
2979 1825 3122 1880 nihil
3144 1824 3456 1881 efrersionis
3481 1825 3704 1881 molior.
3736 1846 3762 1874 ι

2059 1916 2104 1971 Ε
2136 1923 2339 1970 contra
2367 1913 2449 1968 illi
2479 1929 2492 1968 :
2528 1934 2556 1962 ‹‹
2589 1914 2674 1968 Ex
2703 1921 2896 1968 nostra
2924 1913 3330 1968 deliberatione
3381 1914 3461 1968 nil
3510 1914 3762 1984 agimus,

2058 2009 2248 2071 togam
2341 1998 2463 2072 [al.,
2522 1998 2748 2070 regam]
2807 1999 3082 2070 principis
3129 2000 3442 2063 emerituri,
3492 2001 3762 2056 militiam

2058 2089 2294 2160 professi
2341 2103 2560 2155 sumus,
2609 2096 2664 2144 et
2706 2088 2992 2158 quidquid
3041 2089 3206 2144 nobis
3249 2089 3602 2159 praceperit,
3653 2102 3764 2146 ne—

2057 2178 2302 2232 cessario
2378 2190 2876 2246 prosequemur.»
2937 2176 3097 2244 Quod
3149 2179 3242 2232 vir
3293 2179 3562 2247 egregius
3625 2191 3762 2233 cum

2056 2265 2328 2330 audisset,
2383 2263 2698 2334 impunitos
2770 2279 2836 2320 ac
2884 2265 3278 2335 irredemptos,
3340 2265 3488 2320 illico
3537 2265 3763 2320 laxavit

2056 2354 2232 2408 abire.
2264 2352 2481 2419 Quarta
2513 2353 2674 2415 feria,
2705 2368 2837 2423 qua
2869 2355 3021 2422 apud
3055 2353 3410 2408 Christianos
3438 2360 3523 2408 est
3573 2352 3762 2422 Caput

2055 2447 2256 2496 vocata
2279 2439 2511 2510 jejunii,
2546 2440 2758 2495 bellum
2799 2439 2950 2494 istud
2986 2440 3199 2496 factum
3235 2448 3476 2496 constat.

2729 2527 2961 2583 CAPUT
3002 2527 3074 2584 ll.

2127 2615 2272 2685 [I[l.]
2353 2613 2556 2668 Foedus
2605 2631 2736 2668 cum
2795 2615 3126 2668 Boemundo
3171 2614 3593 2678 fraudulenter
3646 2614 3758 2669 init

2051 2701 2388 2772 imperator.
2417 2732 2486 2741 —
2513 2702 2704 2758 Alexis
2729 2703 3038 2772 imperator
3081 2703 3351 2772 comperti
3403 2704 3509 2758 viri
3555 2702 3756 2760 eximii

2058 2791 2324 2852 facinore,
2360 2790 2461 2846 uni
2488 2804 2559 2846 ex
2592 2789 2712 2845 suis
2759 2790 3110 2855 necessariis,
3167 2792 3337 2860 cujus
3394 2791 3754 2860 potissimum

2055 2878 2412 2935 innitebatur
2449 2878 2700 2945 consilio,
2735 2884 2873 2934 tunc
2905 2879 3201 2934 mandavit
3229 2887 3294 2935 ut
3324 2879 3752 2950 magnanimem

2054 2981 2186 3022 cum
2216 2981 2320 3022 suo
2346 2965 2603 3021 exercitu
2628 2966 2831 3022 ducem
2881 2979 2982 3036 per
3035 2973 3246 3021 terram
3293 2981 3457 3022 suam
3509 2967 3741 3022 honori-

241 3062 357 3112 tota
434 3071 634 3112 eorum
711 3056 906 3112 classis
983 3058 1374 3126 perenatasset
1445 3062 1500 3110 et
1573 3053 1942 3122 allaberetur,
1985 3063 2025 3118 c
2057 3054 2161 3109 fice
2187 3054 2512 3118 deduceret,
2539 3053 2718 3108 donec
2760 3053 2829 3108 ad
2881 3053 2972 3108 sui
3022 3054 3382 3123 praesentiam
3429 3054 3751 3109 Constanti-

238 3151 741 3215 exspectaverunt.
801 3145 941 3200 Tota
1014 3143 1193 3216 igitur
1249 3148 1394 3198 381
1473 3151 1639 3213 gente
1713 3149 1944 3209 coacta;

243 3232 491 3290 collectis
553 3233 890 3303 proceribus
943 3231 1244 3288 consilium
1303 3245 1437 3287 cum
1491 3230 1574 3287 eis
1632 3229 1948 3286 communi-

245 3329 356 3388 cat,
433 3321 560 3391 pari
611 3322 872 3378 omnium
946 3319 1257 3376 indictione
1315 3319 1652 3389 pracipiens
1703 3325 1786 3385 ut,
1847 3332 1948 3388 per

243 3409 602 3466 Christianas
670 3408 981 3465 transitum
1061 3405 1319 3462 habituri
1385 3414 1600 3478 gentes,
1699 3405 1946 3476 benigne

239 3497 693 3566 innocenterque
717 3511 774 3552 se
802 3501 1060 3566 agerent,
1091 3508 1198 3550 nec
1223 3508 1422 3550 eorum
1476 3494 1720 3564 patriam
1781 3493 1948 3562 depo-

247 3586 612 3656 pularentur,
677 3598 780 3654 pro
829 3597 1082 3654 quorum
1132 3581 1412 3652 suffragio
1458 3582 1680 3637 venisse
1727 3581 1947 3637 debue-

256 3681 429 3742 rant;
499 3687 568 3728 ea
629 3671 837 3738 solum,
907 3678 963 3727 et
1021 3685 1199 3742 quam
1264 3670 1518 3742 paciﬁce,
1573 3670 1706 3725 dato
1756 3677 1948 3724 tamen

255 3761 458 3830 pretio,
499 3760 841 3830 acciperent,
899 3774 1031 3830 qua
1081 3759 1154 3815 ad
1200 3760 1473 3815 victualia
1520 3759 1780 3814 sufficere
1820 3771 1948 3826 pos-

252 3856 398 3905 sent.
435 3849 840 3905 Processerunt
873 3848 1024 3916 inde,
1051 3855 1106 3904 et
1137 3847 1275 3904 dum
1315 3847 1385 3903 de
1424 3847 1568 3902 urbe
1617 3846 1674 3900 in
1722 3845 1945 3912 urbem,

253 3937 324 3993 de
353 3951 490 3994 rure
520 3937 582 3992 in
613 3951 736 4004 rus,
768 3937 838 3993 de
865 3937 1076 4008 oppido
1129 3935 1486 3992 transierunt
1536 3934 1594 3990 in
1650 3933 1947 4004 oppidum,

255 4025 613 4081 uberrimum
645 4024 863 4096 ubique
893 4038 1154 4094 reperere
1191 4023 1619 4089 commercium,
1669 4023 1850 4078 donec
1887 4022 1947 4076 in

251 4126 379 4168 eam
449 4126 581 4182 qua
635 4121 876 4168 vocatur
923 4111 1177 4167 Castoria
1225 4111 1503 4167 devenere
1552 4110 1949 4180 provinciam;

253 4199 356 4256 ubi
388 4207 444 4256 et
475 4199 834 4256 Dominicum
863 4199 1192 4255 solemniter
1235 4199 1614 4266 celebravere,
1661 4197 1946 4266 Natalem,

253 4290 706 4359 commoratique
735 4295 867 4344 sunt
899 4287 1120 4359 aliquot
1149 4287 1351 4344 diebus
1380 4287 1607 4344 ibidem.

323 4377 688 4440 Quasierunt
731 4376 908 4448 igitur
953 4391 988 4432 a
1027 4376 1366 4447 provinciali
1417 4384 1584 4448 gente
1631 4375 1946 4446 negotium,

249 4464 347 4520 sed
377 4463 484 4534 ipsi
511 4464 825 4520 noluerunt
863 4465 946 4520 eis
991 4464 1245 4535 prabere
1289 4478 1635 4520 consensum
1677 4478 1744 4518 eo
1789 4461 1950 4518 scili-

251 4560 339 4608 cet
371 4553 525 4622 quod
563 4559 896 4608 vererentur
923 4567 1038 4619 eos,
1090 4552 1365 4608 militares
1410 4552 1535 4608 illos
1580 4549 1946 4615 astimantes,

253 4654 369 4696 non
402 4641 752 4712 peregrinos,
799 4648 854 4696 et
883 4641 1023 4711 quia
1082 4640 1294 4696 vellent
1343 4637 1686 4696 exterminio
1737 4645 1949 4693 terram

249 4727 475 4784 tradere
530 4743 600 4784 ac
637 4730 912 4800 perimere
967 4728 1113 4785 illos.
1170 4728 1244 4784 At
1301 4726 1380 4782 illi
1423 4725 1714 4793 modestia,
1771 4738 1948 4795 quam

251 4816 595 4886 habuerant,
653 4817 714 4872 in
771 4817 1021 4874 furorem
1094 4829 1283 4882 versa,
1351 4813 1697 4882 diripiebant
1746 4827 1945 4883 equos,

250 4905 444 4972 boves,
477 4905 688 4973 asinos,
720 4919 788 4961 ac
817 4905 1088 4976 qualibet
1121 4902 1226 4958 sibi
1275 4902 1459 4957 utilia.
1511 4900 1773 4971 Egressis
1820 4909 1946 4956 tan-

251 4993 380 5049 dem
409 4994 479 5048 de
524 4993 780 5050 Castoria
825 4993 1079 5050 occurrit
1128 4989 1455 5060 Pelagonia,
1507 4988 1608 5045 ubi
1654 4989 1950 5059 quoddam

251 5081 650 5138 hareticorum
681 5089 936 5138 castrum
966 5079 1282 5150 reperiunt,
1331 5077 1487 5148 quod
1544 5075 1806 5148 undique
1838 5091 1947 5148 ag-

251 5170 452 5240 gressi,
485 5170 557 5225 ad
607 5185 781 5226 suum
835 5169 1008 5224 subdi
1059 5181 1293 5237 coegere
1341 5165 1669 5236 imperium,
1717 5175 1772 5222 et
1816 5165 1948 5237 igne

249 5255 525 5327 subjecto,
557 5256 1000 5312 combusserunt
1029 5267 1162 5310 cum
1208 5253 1330 5309 suis
1379 5252 1800 5310 habitatoribus
1845 5265 1947 5306 ca-

249 5351 455 5399 strum.
488 5343 624 5400 Inde
667 5343 741 5398 ad
793 5341 1042 5397 ﬂuvium
1091 5343 1437 5411 perveniunt
1488 5340 1592 5412 qui
1647 5340 1948 5396 dicebatur

250 5431 585 5486 Baudarum
650 5429 778 5500 [al.,
834 5428 1210 5499 Baudarum].
1273 5429 1620 5500 Progressus
1671 5436 1755 5484 est
1805 5441 1945 5498 ergo

249 5519 620 5574 Boemundus
644 5531 778 5573 cum
813 5516 1013 5586 aliqua
1066 5531 1306 5572 suorum
1356 5517 1607 5572 militum
1649 5524 1828 5586 parte,
1884 5516 1944 5570 in

247 5617 431 5662 manu
479 5612 676 5660 autem
720 5604 1026 5674 cujusdam
1068 5603 1160 5662 sui
1196 5604 1420 5661 comitis
1462 5613 1684 5674 partem
1730 5602 1945 5661 dimisit

2055 3141 2306 3211 nopolim
2338 3139 2650 3197 deveniret.
2683 3140 2946 3211 Cumque
2981 3155 3081 3210 per
3114 3141 3294 3211 ipsius
3323 3141 3540 3212 imperii
3571 3141 3754 3197 muni-

2053 3230 2204 3299 cipia
2228 3239 2283 3285 et
2327 3228 2500 3285 urbes
2559 3229 2828 3284 transiret
2880 3231 3189 3295 exercitus,
3246 3231 3548 3300 regionum
3603 3243 3749 3300 qua-

2054 3331 2304 3387 rumque
2331 3316 2532 3372 incolis
2563 3316 2859 3386 imperiale
2875 3316 3116 3387 jubebat
3147 3317 3418 3383 edictum,
3465 3315 3752 3388 quatenus

2052 3405 2101 3462 ei
2133 3411 2459 3476 satagerent
2487 3412 2840 3474 comportare
2871 3405 3092 3474 copiam
3137 3419 3331 3460 rerum
3377 3406 3753 3476 undicunque

2053 3493 2368 3550 venalium.
2403 3491 2492 3548 Sic
2522 3501 2714 3548 autem
2741 3493 2957 3548 militia
2991 3491 3070 3546 illi
3114 3506 3215 3562 per
3257 3493 3584 3562 provincias
3622 3508 3749 3563 pro-

2053 3595 2251 3652 perare
2315 3579 2567 3636 dabatur
2622 3589 2686 3636 ut
2739 3580 2938 3636 nullus
2987 3593 3189 3635 eorum
3256 3581 3358 3650 qui
3421 3581 3752 3637 Boemundo

2053 3669 2428 3736 cohaserant,
2461 3668 2614 3724 intra
2645 3667 2954 3738 cujuslibet
2998 3667 3242 3722 civitatis
3285 3682 3482 3732 muros
3531 3669 3748 3740 ingredi

2054 3757 2499 3828 permitteretur.
2534 3755 2656 3812 Nisi
2687 3764 2824 3810 sunt
2855 3763 3047 3811 autem
3084 3755 3253 3811 iidem
3303 3757 3511 3812 milites
3542 3757 3749 3812 irrum-

2056 3859 2190 3914 pere
2219 3844 2510 3914 quoddam
2533 3850 2810 3911 castrum,
2845 3843 3010 3898 bonis
3041 3857 3172 3914 qua
3213 3851 3354 3900 tunc
3403 3844 3752 3900 videbantur

2055 3938 2370 4002 competere
2395 3931 2753 4002 opulentum.
2789 3935 2857 3987 At
2887 3931 2978 3986 vir
3011 3931 3103 3988 ille
3156 3931 3396 3988 illustris
3442 3933 3496 3988 id
3545 3932 3744 3999 vetuit,

2056 4019 2265 4088 partim
2290 4033 2362 4074 ne
2388 4019 2711 4089 terrajura
2753 4019 3030 4086 turbaret,
3078 4020 3285 4090 partim
3335 4021 3404 4076 de
3457 4021 3748 4090 imperato-

2054 4108 2136 4164 ris
2161 4114 2421 4164 tenerum
2453 4107 2646 4163 adhuc
2673 4109 2930 4163 animum
2963 4105 3294 4173 offenderet,
3324 4109 3435 4164 imo
3480 4123 3552 4164 ne
3584 4115 3746 4177 pacta

2055 4208 2188 4251 cum
2225 4209 2292 4251 eo
2317 4209 2418 4264 per
2449 4195 2836 4252 internuntios
2869 4211 3066 4252 recens
3097 4197 3243 4253 facta
3265 4205 3530 4252 cassaret.
3587 4197 3743 4252 Unde

2057 4289 2300 4353 emptam
2331 4283 2622 4352 ineptiam,
2654 4298 2806 4355 agre
2837 4284 3042 4352 ferens,
3091 4285 3274 4341 iratus
3322 4285 3444 4341 suis
3490 4285 3591 4355 qui
3634 4299 3742 4341 ca-

2062 4378 2282 4441 perant,
2359 4379 2416 4426 et
2474 4372 2796 4442 specialiter
2841 4373 3160 4437 Tancredo,
3203 4375 3491 4443 repressit.
3541 4373 3602 4428 Id
3648 4387 3742 4428 ve-

2056 4472 2218 4528 spere
2289 4459 2626 4531 contigerat.
2697 4459 2864 4516 Mane
2923 4471 3117 4516 autem
3199 4461 3365 4526 facto,
3434 4460 3743 4530 procedunt

2055 4554 2389 4615 castrenses,
2461 4554 2516 4603 et
2585 4561 2702 4617 pra
2750 4562 2810 4603 se
2860 4549 3048 4603 crucis
3100 4548 3312 4603 vexilla
3369 4547 3628 4614 ferentes,
3673 4546 3743 4603 ad

2057 4635 2372 4691 Boemundi
2400 4643 2766 4705 conspectum
2801 4649 2932 4692 cum
2981 4635 3283 4706 multiplici
3327 4634 3650 4692 humilitate
3689 4642 3742 4692 et

2055 4723 2330 4794 religione
2381 4723 2755 4779 contendunt.
2823 4724 2946 4794 Ipse
3002 4738 3138 4779 vero
3186 4721 3496 4778 at‘fahiliter
3540 4737 3636 4779 eos
3678 4735 3741 4778 ac

2053 4818 2352 4867 mansuete
2381 4810 2708 4880 admittens,
2741 4811 2965 4868 indulta
2997 4811 3210 4868 eisdem
3236 4825 3344 4866 sua
3373 4811 3579 4882 gratia,
3611 4824 3646 4866 a
3685 4824 3742 4866 se

2053 4899 2414 4955 latabundos
2441 4899 2648 4955 emisit.

2124 4987 2384 5058 Denique
2412 4988 2484 5044 ad
2504 4987 2820 5058 quamdam
2849 4986 3164 5044 deveniunt
3185 4986 3412 5053 urbem,
3432 5001 3562 5057 qua
3581 4985 3741 5042 Serra

2051 5083 2315 5143 vocatur,
2367 5076 2466 5132 ubi
2510 5089 2617 5132 sua
2665 5075 2843 5132 fixere
2903 5075 3180 5144 tentoria;
3234 5089 3342 5130 nec
3390 5075 3500 5130 illis
3546 5074 3740 5132 diebus

2052 5177 2312 5234 congrua
2364 5165 2472 5220 sibi
2527 5163 2760 5220 defuere
2811 5165 3176 5219 commercia.
3235 5163 3320 5218 Ibi
3377 5162 3738 5219 Boemundus

2051 5265 2186 5306 cum
2231 5251 2460 5307 duobus
2510 5250 2792 5321 prafectis
2839 5249 3108 5319 palatinis
3153 5250 3212 5304 in
3258 5250 3619 5306 concordiam
3661 5263 3738 5306 re-

2051 5339 2173 5395 diit.
2211 5339 2372 5395 Unde
2399 5353 2501 5408 pro
2529 5351 2730 5393 eorum
2761 5351 2910 5392 novo
2940 5336 3172 5404 foedere,
3202 5345 3258 5393 et
3300 5352 3403 5407 pro
3439 5338 3572 5408 jure
3619 5351 3735 5393 ser-

2051 5429 2242 5483 vando
2310 5425 2641 5496 provincia.
2714 5423 2886 5493 jussit
2934 5425 3158 5480 restitui
3213 5426 3501 5494 quidquid
3546 5425 3734 5482 incolis

2050 5515 2346 5570 sublatum
2379 5513 2563 5568 fuerat
2588 5516 2812 5582 prada.
2847 5513 3073 5569 Exinde
3100 5512 3358 5580 alterius,
3380 5525 3512 5584 qua
3535 5513 3734 5569 dicitur

2051 5603 2226 5668 Busa,
2260 5600 2507 5657 civitatis
2548 5599 2692 5657 ﬁnes
2738 5601 3068 5672 attigerant,
3116 5607 3174 5658 et
3220 5615 3371 5670 ecce,
3416 5600 3733 5659 Gracorum
