3934 6432
66 463 183 514 ’717

1204 460 1431 518 GESTA
1470 462 1587 518 DEI
1630 463 1768 518 PER
1810 462 2152 518 FRANCOS.
2177 492 2245 502 ——
2276 463 2406 518 LIB.
2448 463 2546 518 Ill.

3525 469 3629 521 718

68 588 510 656 promiscuum
546 588 780 659 vulgus,
812 587 892 643 illi
935 587 1113 643 nobili
1142 589 1371 645 obviam
1401 590 1526 645 viro
1563 605 1814 647 concur—
1850 598 1897 647 Α
1929 592 1985 646 in
2019 592 2340 648 latitudine.
2370 593 2683 663 Frangitur
2734 593 2972 649 illustris
2999 594 3248 650 hominis
3275 595 3382 652 hac
3408 595 3630 665 pollici-

70 690 246 743 rens,
323 677 607 747 quaelibet
668 676 895 731 venalia
953 690 1060 745 pro
1126 685 1375 746 tempore
1448 679 1820 735 conferebat:

74 765 332 835 ibique,
396 764 593 820 triduo
638 772 770 819 ante
825 777 1002 819 orente
1050 765 1359 821 Dominicae
1418 767 1585 828 diem.
1633 776 1821 823 castra

73 866 378 922 posuere.
444 852 810 907 Boemundus
860 860 1054 907 autem
1105 853 1331 922 proprio
1379 853 1493 909 illic
1547 855 1822 911 comitatu

74 941 371 1007 dimisso,
401 939 935 1005 Constantinopolin
966 940 1366 1009 proﬁciscitur,
1400 942 1600 1011 paucis
1623 956 1819 998 secum

76 1028 396 1084 militibus
423 1028 664 1093 eductis,
700 1041 832 1083 cum
883 1027 1224 1097 imperatore
1263 1029 1615 1100 colloquium
1650 1031 1819 1086 habi-

78 1125 298 1173 turus.
339 1116 574 1171 Interim
621 1115 951 1171 Tancredus
999 1117 1345 1185 procurabat
1380 1118 1720 1184 exercitum,
1765 1126 1819 1175 et

80 1204 244 1259 dum
281 1205 450 1259 videt
479 1217 803 1273 quousque,
828 1202 949 1273 jam
974 1204 1259 1261 exhausto
1290 1206 1602 1276 marsupio,
1638 1207 1816 1263 victui

80 1293 441 1348 necessaria
489 1291 796 1347 difﬁculter
853 1305 1060 1358 emere,
1136 1294 1427 1362 proposuit
1498 1295 1649 1364 apud
1734 1310 1812 1363 se,

82 1381 265 1450 quod
301 1381 501 1436 tritam
532 1381 683 1435 viam
715 1380 1025 1446 desereret;
1056 1388 1111 1435 et
1140 1382 1212 1437 ad
1253 1390 1442 1451 partes
1474 1384 1665 1438 minus
1694 1383 1815 1439 fre-

81 1476 430 1539 quentatas
471 1468 864 1523 itinerantium
906 1468 1256 1537 assiduitate,
1304 1484 1439 1526 suos
1474 1471 1810 1538 deflecteret,

80 1558 195 1612 ubi
235 1557 467 1627 largior
493 1556 861 1612 emendorum
895 1555 988 1611 afﬁ
1001 1558 1192 1612 uentia
1216 1558 1438 1613 cunctis
1466 1567 1809 1628 suppeteret.

82 1646 360 1702 Divertit
402 1645 576 1716 igitur
620 1659 717 1701 eos
762 1658 797 1699 a
845 1653 1023 1700 strata
1063 1646 1312 1714 publica,
1355 1647 1681 1717 vallemque
1719 1648 1812 1703 di-

81 1748 418 1791 versorum
477 1733 879 1788 alimentorum
957 1733 1216 1788 ubertate
1270 1735 1604 1802 confertam,
1658 1742 1810 1791 888

83 1821 563 1893 pauperioribus
626 1835 866 1877 suorum
931 1822 1303 1889 consulendo,
1374 1824 1693 1891 subintrat;
1754 1826 1809 1879 in

83 1881 318 1981 quaet
352 1910 569 1965 Pascha
597 1909 961 1965 Dominicum
1003 1910 1194 1965 debita
1234 1881 1479 1979 populus
1527 1881 1821 1982 cuin'ipso
1861 1881 1902 1936 Β

85 1999 415 2056 affectione
445 1998 822 2053 concelebrat.
874 2000 944 2053 At
976 1997 1171 2053 Alexis
1216 1999 1610 2055 Boemundum
1659 2001 1731 2055 ad
1762 2016 1821 2058 se

86 2089 308 2144 venire
372 2086 749 2155 comperiens,
811 2085 1120 2154 plurimam
1166 2087 1501 2142 adventanti
1545 2102 1819 2145 reveren-

87 2177 237 2233 tiam
269 2175 454 2246 jussit
486 2173 759 2243 impendi,
782 2181 847 2229 et
896 2174 1198 2243 hospitalia
1244 2174 1301 2229 in
1354 2175 1536 2244 ipsius
1573 2176 1820 2233 civitatis

90 2266 298 2336 burgo
335 2263 602 2333 praeberi.
632 2262 755 2328 Quo
784 2269 1031 2332 recepto,
1063 2262 1135 2317 ad
1165 2262 1520 2333 colloquium
1569 2267 1818 2321 accersi-

87 2360 215 2420 tur,
267 2352 633 2420 veniensque
681 2351 837 2420 apud
878 2349 1068 2420 ipsum
1116 2358 1332 2406 secreto
1372 2359 1611 2409 acturus
1657 2354 1819 2409 exci-

89 2441 285 2511 pitur.

167 2525 337 2599 [IV.]
391 2527 617 2582 Interea
672 2526 797 2582 dux
854 2526 1211 2594 Godefridus,
1270 2541 1403 2583 cum
1450 2527 1624 2583 fratre
1691 2529 1816 2585 Bal-

89 2616 311 2682 duino,
349 2628 420 2669 ac
448 2614 653 2669 deinde
703 2613 895 2669 Sancti
940 2613 1129 2684 Egidii
1168 2628 1377 2681 comes,
1416 2616 1647 2686 utrique
1684 2631 1816 2673 cum

90 2717 290 2759 manu
324 2716 445 2756 non
473 2702 708 2771 exigua,
742 2702 980 2771 attigere
1008 2702 1637 2771 Constantinopolitana
1672 2704 1817 2759 sub-

90 2790 299 2847 urbia.
351 2790 519 2844 Tunc
558 2789 749 2844 Alexis
793 2789 1066 2858 perﬁdus,
1111 2790 1213 2860 qui
1254 2790 1387 2845 olim
1437 2798 1635 2846 contra
1676 2792 1819 2848 Tur-

91 2894 193 2934 cos
225 2878 594 2934 auxiliorum
628 2878 941 2946 putabatur
986 2878 1214 2943 avidus,
1248 2878 1562 2935 acerbitate
1610 2893 1814 2936 ranco-

91 2968 178 3023 ris
238 2966 588 3031 infrenduit,
637 2973 692 3021 et
738 2978 857 3036 qua
887 2966 1089 3021 fraude
1139 2974 1216 3022 tot
1261 2967 1515 3034 militias,
1574 2968 1703 3037 sibi,
1754 2977 1816 3025 ut

91 3056 376 3125 putabat,
410 3053 764 3123 ingruentes,
813 3055 970 3123 turpi
1027 3055 1405 3124 praecipitaret
1450 3056 1620 3117 exitio
1670 3070 1817 3126 szepe

1932 681 2144 736 talione
2190 682 2490 747 severitas;
2548 695 2654 736 nec
2705 680 2897 737 differt
2955 691 3314 738 sacramenta
3358 691 3626 754 tyranno,

1929 776 1984 823 ct
2008 770 2159 838 quod
2194 770 2361 839 Hugo
2390 770 2636 839 Magnus
2663 784 2797 826 cum
2839 771 3195 838 necessitate,
3228 780 3352 828 tum
3387 774 3631 842 pecunia

1931 856 2287 913 lenocinante
2328 856 2649 927 iuraverat,
2701 857 2808 913 hoc
2862 858 2909 913 is
2957 872 3026 913 eo
3073 859 3379 923 consensit,
3438 868 3629 916 tenore

1923 942 2141 1013 jurare,
2187 951 2253 1000 ut
2304 966 2325 993 ι
2377 944 2421 1000 si
2472 944 2667 1001 Alexis
2714 959 2783 1000 ea
2822 959 2943 1015 qua
2983 946 3239 1015 jurando
3288 945 3418 1019 [al.,
3475 946 3626 1019 viro]

1929 1033 2396 1099 pasciscebantur
2462 1033 2589 1103 [al.,
2623 1033 3068 1103 pasciscebatur]
3101 1033 3455 1104 infringeret,
3536 1034 3631 1091 ille

1925 1119 1998 1173 ab
2039 1119 2143 1186 his,
2189 1134 2321 1190 quae
2363 1119 2749 1190 jurejurando
2797 1120 3145 1189 ﬁrmaverat,
3197 1122 3345 1177 liber
3396 1130 3562 1179 esset.
3600 1145 3628 1171 »

1926 1207 2028 1263 Sed
2060 1209 2107 1262 si
2142 1209 2275 1278 quis
2315 1217 2723 1277 percunctetur
2770 1224 2952 1279 quare
2984 1210 3031 1264 is
3057 1217 3113 1265 et
3140 1210 3235 1265 alii
3284 1225 3318 1267 a
3368 1226 3472 1267 suo
3514 1212 3628 1268 sint

1922 1295 2131 1364 rigore,
2178 1296 2250 1350 ad
2300 1296 2604 1351 deferenda
2667 1305 2912 1366 tyranno
2962 1307 3344 1365 sacramenta,
3388 1298 3625 1367 deﬂexi;

1922 1384 2063 1438 sciat
2122 1397 2383 1453 proceres
2437 1398 2678 1440 suorum
2749 1386 2806 1439 in
2878 1386 3119 1441 Domino
3173 1386 3628 1443 commilitonum

1926 1472 2261 1527 subvenisse
2306 1473 2650 1537 necessitati,
2706 1473 2922 1542 quibus
2965 1481 3088 1529 erat
3129 1474 3312 1529 multa
3362 1476 3628 1543 penuria,

1921 1559 1969 1613 si
2024 1567 2341 1615 mercatum
2386 1561 2674 1615 euntibus
2712 1568 3027 1629 negaretur
3084 1562 3373 1630 stipendii.
3434 1564 3630 1625 Alexis

1921 1662 2156 1716 quoque
2185 1648 2365 1702 nihilo
2397 1648 2582 1702 secius
2601 1656 2656 1702 et
2688 1647 2806 1717 ipse
2837 1650 3046 1704 nostris
3075 1648 3243 1704 ﬁdem
3270 1662 3629 1709 sacramento

1919 1735 2281 1804 praestiterat,
2311 1736 2452 1805 quia
2481 1757 2511 1783 ‹‹
2561 1737 2680 1805 ipse
2711 1751 2844 1791 cum
2894 1737 2995 1803 eis,
3044 1751 3148 1792 suo
3190 1739 3405 1806 pariter
3451 1742 3627 1796 comi-

1927 1830 2085 1878 tante
2111 1822 2388 1889 exercitu,
2422 1823 2735 1882 deveniret.
2770 1832 3042 1893 terraque
3090 1824 3354 1894 marique
3377 1826 3625 1895 juvaret,

1930 1925 1999 1966 ac
2023 1912 2334 1981 utrobique
2360 1913 2601 1967 convehi
2632 1912 2809 1967 victui
2856 1912 3098 1967 emenda
3141 1913 3402 1983 juberet;
3433 1916 3479 1970 si
3510 1931 3627 1986 qua

1926 2000 2099 2056 etiam
2150 2000 2261 2055 illis
2306 1999 2535 2055 evenire
2565 2000 2778 2054 damna
2831 2000 3208 2071 contingeret,
3257 2001 3380 2057 sine
3438 2004 3625 2060 immi-

1929 2088 2167 2143 nutione
2215 2089 2536 2144 restitueret
2591 2088 2664 2142 ad
2716 2088 3180 2157 supplementum
3242 2090 3373 2162 [al..
3430 2104 3627 2161 supre-

1930 2174 2144 2247 mum];
2179 2176 2467 2231 neminem
2518 2177 2575 2230 in
2627 2176 2735 2230 hac
2778 2176 3146 2245 expeditione
3197 2178 3417 2245 vexari,
3467 2178 3615 2246 laedi,

1927 2263 2127 2328 occidi,
2157 2270 2259 2319 aut
2296 2263 2464 2320 vellet
2494 2270 2595 2319 aut
2624 2264 2852 2330 sineret,
2887 2272 3172 2334 quantum
3228 2265 3334 2320 sibi
3383 2265 3626 2323 facultas

1927 2358 2269 2422 suppeteret.
2301 2372 2323 2399 ι

2586 2438 2819 2495 CAPUT
2858 2439 2954 2494 IIl.

2001 2525 2116 2599 [V.]
2171 2528 2368 2583 Comes
2412 2533 2688 2596 praeterea
2742 2526 2933 2583 Sancti
2982 2527 3191 2598 Egidii,
3244 2544 3377 2585 cum
3423 2534 3625 2589 castris

1930 2616 2052 2670 suis
2092 2622 2427 2684 occupasset
2484 2614 2761 2685 Byzantea
2800 2615 3105 2682 suburbia,
3138 2630 3273 2686 pars
3302 2631 3438 2673 vero
3468 2618 3626 2673 mili-

1924 2705 2015 2759 tia:
2054 2703 2303 2758 necdum
2354 2702 2423 2757 ad
2468 2701 2760 2773 integrum
2800 2703 3176 2772 convenisset,
3219 2706 3385 2775 cmpit
3425 2713 3623 2775 tyran-

1924 2805 2038 2847 nus
2092 2791 2354 2847 comitem
2398 2791 2702 2847 sollicitare
2750 2805 2851 2860 per
2905 2792 3202 2859 nuntium,
3260 2801 3343 2860 ut,
3392 2795 3474 2850 uti
3526 2794 3622 2849 alii

1922 2880 2193 2947 fecerant,
2251 2878 2436 2935 facere
2482 2886 2538 2935 et
2594 2880 2701 2949 ipsi
2763 2880 2871 2935 sibi
2929 2888 3222 2950 pateretur
3276 2882 3621 2939 hominium.

1923 2968 2233 3024 Mandabat
2263 2967 2384 3022 haec
2412 2969 2642 3037 tyranni
2674 2967 2968 3023 insolentis
2998 2970 3229 3036 astutia,
3273 2970 3369 3025 sed
3408 2985 3439 3026 e
3478 2986 3623 3027 con-

1921 3063 2033 3121 tra,
2106 3053 2393 3124 quomodo
2491 3053 2833 3123 nequissimi
2892 3054 3265 3111 ulcisceretur
3321 3058 3617 3124 invidiam,

90 3142 377 3198 revolvit.
405 3140 512 3197 Sed
540 3142 706 3207 Deus,
754 3142 923 3211 cujus
973 3142 1069 3197 illa
1118 3143 1212 3211 pia
1253 3143 1490 3214 agmina
1530 3144 1814 3200 ducebam
1853 3169 1894 3224 ο
1928 3142 2150 3199 comitis
2181 3141 2410 3213 gloriosi
2438 3149 2688 3211 cmperat
2726 3142 2847 3211 jam
2896 3156 3091 3197 secum
3138 3147 3436 3201 ruminare
3478 3160 3622 3216 pru-

93 3238 195 3287 tur
230 3230 541 3296 instinctu,
573 3229 650 3284 ita
675 3243 769 3284 eos
798 3237 882 3285 est
912 3230 1091 3285 tuitus
1142 3237 1207 3287 ut
1250 3231 1449 3287 nullus
1496 3232 1568 3288 ad
1606 3247 1807 3289 eorum

91 3319 403 3374 larsionem
431 3317 784 3386 nequissimo
828 3326 1042 3387 pateret
1078 3318 1257 3386 locus,
1306 3319 1437 3387 imo,
1477 3321 1632 3376 omni
1674 3335 1810 3391 pos-

92 3405 380 3461 sibilitate
420 3404 663 3473 succisa,
712 3407 907 3475 gravis
951 3406 1157 3462 misero
1197 3407 1554 3465 incuteretur
1598 3418 1805 3465 metus.

91 3493 373 3564 Denique
408 3493 549 3548 visis
596 3493 1012 3550 conﬂuentium
1059 3496 1278 3561 cuneis,
1332 3496 1811 3567 Constantinopo—

93 3581 266 3636 litani
328 3581 678 3650 turbantur;
725 3582 1149 3652 consiliumque
1210 3583 1534 3652 quaesituri,
1598 3585 1811 3655 glome-

95 3677 337 3725 rantur.
388 3671 536 3724 Dum
584 3670 738 3724 enim
789 3670 987 3725 timent
1030 3684 1102 3725 ne
1144 3671 1348 3727 civitas
1393 3674 1812 3743 supervenien-

99 3756 251 3811 tium
304 3757 723 3812 numerositate
771 3764 1087 3826 prematur,
1141 3765 1198 3813 et
1254 3772 1456 3815 eorum
1503 3760 1812 3829 provinciae

98 3844 545 3915 depopulationi
591 3844 914 3923 tradantur,
964 3845 1022 3900 in
1068 3846 1287 3901 consilii
1317 3847 1495 3903 habiti
1541 3848 1813 3904 eventila-

102 3932 259 3988 tione
314 3932 634 4002 reperiunt,
676 3944 968 4003 quatenus
1011 3941 1436 3990 sacramentum
1484 3935 1680 4007 exigat
1724 3943 1809 4006 ty-

104 4032 337 4076 rannus
362 4034 397 4075 a
430 4020 665 4075 Francis
696 4041 719 4070 ι
753 4021 908 4090 quod
940 4035 1242 4091 nunquam
1273 4022 1389 4078 sint
1425 4023 1531 4079 sibi
1562 4024 1811 4080 nocituri

105 4106 200 4162 vel
233 4108 380 4163 suis.
409 4128 437 4157 »
472 4107 633 4173 Quod
663 4108 763 4164 ubi
795 4109 1245 4165 fuitnostrorum
1275 4110 1626 4181 primoribus
1645 4112 1809 4183 agni-

108 4201 257 4263 tum,
304 4209 523 4267 magna
568 4204 652 4251 est
706 4196 856 4251 illico
900 4197 1351 4255 subsannatione
1395 4206 1808 4269 contemptum.

111 4282 539 4353 Perpenderant
570 4283 738 4354 plane
780 4284 921 4354 quia
957 4286 1005 4340 si
1048 4300 1163 4356 quo
1196 4294 1360 4357 pacto
1406 4287 1619 4357 primos
1646 4302 1812 4344 exer-

110 4370 261 4426 citus
312 4385 348 4428 a
395 4378 575 4441 empto
615 4385 885 4428 exerrare
939 4374 1317 4444 contingeret,
1376 4381 1455 4431 tot
1506 4382 1813 4446 tantosque

1914 3230 2129 3290 dentia.
2165 3234 2238 3286 At
2291 3230 2596 3300 principes,
2644 3230 2768 3285 dux
2798 3230 3000 3301 utique
3037 3231 3398 3301 Godefridus,
3445 3235 3611 3305 Hugo

1916 3321 2182 3392 Magnus,
2244 3319 2643 3389 Robertusque
2693 3319 3082 3387 Flandrensis,
3127 3328 3183 3376 et
3228 3322 3417 3377 ceteri
3450 3323 3617 3379 dixe-

1918 3415 2055 3465 runt
2086 3408 2227 3477 quia
2266 3419 2573 3476 nunquam
2617 3412 2819 3462 contra
2849 3406 3102 3476 aliquem
3147 3408 3249 3478 qui
3293 3409 3622 3467 Christiano

1916 3502 2221 3551 censeatur
2278 3494 2607 3565 agnomine,
2667 3507 2832 3550 arma
2873 3496 3208 3564 portabunt.
3265 3497 3508 3567 Insuper
3564 3506 3621 3555 et

1920 3582 2296 3639 Boemundus
2324 3582 2519 3638 intulit
2546 3582 2687 3653 quia
2717 3582 2764 3637 si
2805 3582 3020 3638 bellum
3062 3583 3392 3653 imperatori
3421 3600 3621 3641 move-

1919 3677 2023 3733 ret,
2063 3678 2118 3725 et
2183 3677 2545 3726 sacramenta
2586 3670 2911 3727 securitatis
2959 3672 3257 3740 abnueret,
3321 3673 3623 3743 imperato-

1918 3758 2020 3815 riae
2049 3758 2167 3827 ipse
2199 3758 2615 3814 adminiculum
2648 3759 2825 3828 partis
2844 3760 3131 3815 existeret.
3182 3761 3386 3831 Itaque
3435 3775 3622 3817 comes

1919 3846 2343 3902 communicato
2389 3860 2523 3902 cum
2581 3860 2822 3901 suorum
2877 3862 3112 3918 quoque
3166 3849 3621 3905 necessariorum

1916 3934 2152 3990 consilio
2203 3932 2325 4006 [al.,
2366 3948 2501 3990 cum
2554 3934 2675 3989 suis
2706 3934 2986 4005 consilio],
3022 3956 3044 3984 ι
3091 3936 3225 3992 vita;
3273 3950 3339 3992 ac
3385 3937 3622 3993 honoris

1920 4022 2376 4087 indemnitatem,
2410 4042 2431 4070 ιι
2476 4022 2635 4093 jurat
2666 4021 2833 4078 Alexi
2866 4022 3060 4092 impio,
3112 4024 3267 4094 quod
3308 4046 3336 4072 ‹‹
3368 4040 3474 4081 nec
3521 4040 3622 4095 per

1919 4123 1979 4166 se
2028 4109 2308 4177 videlicet,
2365 4124 2559 4180 neque
2623 4110 2961 4180 opitulando
3020 4110 3137 4178 alii,
3199 4111 3354 4169 illius
3401 4112 3620 4169 faveret

1915 4197 2110 4254 exitio.
2150 4219 2172 4247 ι
2223 4197 2486 4268 Cumque
2531 4198 2582 4253 ei
2645 4198 2888 4255 verbum
2937 4199 3007 4255 de
3038 4199 3293 4257 hominio
3344 4200 3619 4271 replicas—

1919 4292 2065 4354 sent,
2099 4285 2246 4341 dixit
2274 4299 2333 4341 se
2369 4286 2575 4355 capitis
2612 4286 2782 4342 malle
2831 4286 3028 4343 subire
3072 4287 3394 4357 periculum
3441 4304 3621 4361 quam

1919 4374 2019 4429 tali
2048 4375 2217 4429 modo
2249 4388 2309 4428 se
2342 4373 2393 4429 ei
2415 4374 2534 4429 fore
2564 4374 2906 4429 obnoxium.

111 4458 325 4516 milites
369 4459 787 4529 stipendiorum
828 4461 1024 4531 inopes
1079 4462 1274 4529 factos,
1318 4471 1517 4520 contra
1564 4478 1633 4521 ea
1679 4479 1811 4535 qua
1848 4459 1893 4514 D
1991 4462 2216 4518 Interea
2260 4461 2574 4517 Boemundi
2632 4462 2924 4518 exercitus
2980 4463 3623 4534 Constantinopolitanis

113 4545 381 4603 fecissent
419 4556 802 4610 sacramenta.
855 4549 1070 4617 perﬁdo
1121 4549 1366 4621 principi
1413 4551 1622 4609 inferre
1660 4567 1812 4622 prae-

111 4633 257 4691 lium
296 4642 599 4705 oporteret.
632 4636 702 4691 Et
729 4644 900 4703 certe,
935 4658 964 4683 «
991 4637 1039 4692 si
1069 4638 1254 4703 nobis,
1287 4639 1585 4710 inquiunt,
1616 4641 1816 4697 nullus

113 4720 473 4782 incumberet
524 4723 695 4780 timor
743 4724 1097 4791 futurorum,
1149 4727 1204 4781 id
1253 4727 1460 4793 solum,
1511 4729 1666 4798 quod
1716 4743 1817 4799 per

112 4807 406 4867 Graeculos
453 4811 608 4875 istos,
657 4813 919 4868 omnium
971 4812 1368 4881 inertissimos,
1412 4817 1612 4886 iurare
1654 4832 1816 4887 coge-

115 4910 334 4966 remur,
368 4900 534 4956 nobis
562 4908 709 4955 esset
751 4900 1098 4970 sempiterna
1127 4902 1485 4971 pudendum.
1518 4903 1695 4960 Plane
1717 4918 1816 4960 eos

116 4984 373 5044 dicturos
402 4987 637 5043 minime
666 4988 1034 5059 ambigimus,
1065 4989 1224 5059 quia,
1253 4989 1500 5047 velimus
1542 4989 1812 5058 nolimus,

117 5070 374 5142 ipsorum
407 5075 644 5145 imperio
666 5075 1049 5146 paruerimus.
1079 5097 1100 5125 ι

189 5160 277 5217 Ad
308 5163 430 5219 haec
478 5163 803 5232 imperator,
850 5162 1222 5220 fortissimum
1269 5164 1666 5222 Boemundum
1715 5178 1817 5236 ag-

124 5249 402 5318 greditur,
432 5257 487 5306 et
509 5251 848 5308 muneribus
871 5259 1037 5321 parat
1057 5251 1282 5308 allicere
1304 5266 1476 5323 quem
1499 5252 1819 5322 plurimum

125 5337 452 5395 verebatur.
490 5338 640 5394 Bello
669 5339 822 5394 enim
857 5352 992 5395 eum
1028 5352 1178 5409 saape
1215 5340 1456 5409 vicerat;
1480 5347 1537 5397 et
1567 5339 1691 5395 ideo
1737 5339 1819 5396 illi

128 5424 313 5489 potius
342 5439 522 5496 quam
554 5428 772 5481 cateris
800 5424 1136 5481 imminebat
1182 5439 1355 5495 quem
1396 5439 1572 5482 suum
1599 5424 1817 5494 specia-

129 5507 256 5567 liter
307 5512 587 5570 aamulum
644 5512 1009 5583 agnoscebat.
1060 5511 1308 5581 Spondet
1358 5526 1496 5584 ergo
1542 5512 1595 5569 ei
1647 5511 1820 5581 quin-

128 5595 305 5658 decim
360 5601 582 5657 dietum
639 5600 840 5657 itinere
896 5606 1108 5655 terram
1163 5601 1347 5656 eidem
1401 5614 1463 5656 se
1519 5600 1819 5664 daturum,

131 5682 269 5743 citra
307 5686 694 5756 Antiochiam,
733 5688 795 5745 in
841 5686 1223 5758 longitudine,
1275 5694 1402 5745 octo
1446 5686 1826 5744 nihilominus

1920 4549 2154 4606 arcibus
2183 4549 2628 4620 propinquabat.
2662 4549 2997 4605 Tancredus
3040 4549 3252 4619 itaque,
3287 4565 3620 4608 sacramen-

1920 4638 1994 4694 tis
2026 4652 2158 4708 quaa
2190 4637 2576 4707 exigebantur
2613 4637 2686 4693 ab
2741 4638 3083 4706 imperatore
3128 4639 3453 4707 compertis,
3486 4653 3619 4696 cum

1920 4740 1988 4782 ea
2034 4739 2213 4796 quam
2259 4726 2534 4781 ductabat
2557 4725 2716 4781 omni
2742 4739 2882 4794 pene
2910 4725 3224 4781 Boemundi
3275 4726 3621 4796 frequentia,

1922 4813 2115 4870 Sancti
2172 4812 2399 4883 Georgii
2455 4813 2714 4869 celeriter
2769 4812 3080 4869 Brachium
3131 4814 3622 4884 printergreditur.

1922 4902 2011 4958 Ad
2040 4902 2181 4969 haec,
2216 4901 2409 4957 Sancti
2457 4901 2644 4972 Egidii
2688 4899 2911 4957 comitis
2956 4900 3261 4965 exercitus,
3314 4915 3417 4971 per
3457 4902 3619 4973 ejus-

1920 4990 2049 5045 dem
2078 4989 2241 5045 urbis
2266 4989 2516 5045 confinia
2545 4997 2734 5046 castra
2780 4989 3045 5059 ponendo
3094 4988 3469 5060 dispergitur.
3511 4989 3624 5056 Qui

1923 5091 2112 5133 comes
2160 5076 2372 5132 ibidem
2418 5091 2552 5134 cum
2608 5078 2731 5133 suis
2783 5077 2959 5147 copiis
3013 5076 3437 5147 aliquantisper
3485 5077 3627 5133 desi-

1924 5166 2057 5221 dere
2108 5164 2407 5235 disposuit.
2455 5165 2823 5221 Boemundus
2868 5165 3043 5221 etiam
3090 5179 3220 5221 cum
3279 5164 3625 5235 imperatore

1925 5253 2219 5320 remansit,
2255 5261 2315 5309 ut
2345 5267 2478 5309 cum
2515 5268 2581 5309 eo
2630 5252 2843 5310 valeret
2874 5261 3119 5310 tractare
3164 5254 3451 5321 licentius,
3480 5268 3625 5325 qua-

1928 5350 2096 5398 tenus
2137 5341 2418 5411 imperiali
2467 5342 2672 5410 edicto,
2731 5355 2835 5411 pro
2880 5342 3254 5399 convehendo
3282 5341 3625 5399 victualium

1930 5428 2189 5497 undique
2240 5427 2490 5498 negotio,
2559 5428 2829 5497 gentibus
2904 5435 3066 5484 trans
3110 5428 3364 5484 Nicaeam
3428 5429 3626 5499 positis

1929 5514 2315 5572 denuntiaret.
2358 5514 2697 5571 Godefridus
2743 5523 2935 5571 autem
2973 5515 3119 5584 dux,
3169 5516 3273 5586 qui
3330 5530 3627 5586 praecesse-

1930 5610 2059 5671 rat,
2110 5618 2243 5660 cum
2299 5603 2592 5660 Tancredo
2669 5608 2819 5658 889
2892 5605 3153 5673 pervenit
3206 5604 3623 5673 Nicomediam,

1931 5690 2233 5748 Nicomede
2277 5700 2530 5758 auctore,
2575 5690 2676 5763 qui
2727 5691 3021 5762 subegisse
3068 5691 3370 5759 Casarem,
3421 5700 3479 5749 et
3508 5706 3626 5749 non
