3934 6394
307 432 412 484 ⁸719

1201 424 1263 479 ν.
1304 421 1641 482 GUIBERTI
1678 420 1971 478 ABBATIS
2008 422 2065 478 S.
2106 420 2351 479 MARIE
2388 419 2479 476 DE
2519 419 2915 477 NOVIGENTO

3720 420 3837 473 720

310 558 714 629 triumphasse,
780 556 838 614 in
892 554 1187 626 triumpho
1257 560 1526 611 cantatur
1579 553 1885 624 insignem,
1939 558 1998 608 et
2033 552 2079 606 Λ
2109 551 2496 621 pedententim
2552 552 2698 608 alter
2751 558 2876 622 post
2933 551 3178 608 alterum
3247 565 3467 621 coepere
3520 550 3828 623 progredi.

307 648 503 704 triduo
528 661 665 703 cum
693 646 815 701 suis
843 652 1090 715 uterque
1127 643 1305 713 copiis
1349 640 1558 698 mansit
1597 642 1828 698 ibidem.
1867 641 2004 697 Per-

310 734 565 806 pendens
595 734 790 804 itaque
821 733 946 789 dux
1000 731 1350 803 quibusdam
1381 731 1505 786 vias
1535 729 1843 800 praepediri
1872 729 2002 784 obi-

307 824 493 888 cibus,
518 836 623 877 nec
661 822 988 877 facultatem
1033 827 1352 889 suppetere,
1386 832 1505 889 qua
1536 818 1680 873 tanti
1728 831 2007 873 numero-

308 911 445 967 sitas
468 909 760 965 exercitus
786 909 1036 965 Nicaeam
1075 907 1289 962 valeret
1325 905 1510 973 adire;
1548 904 1826 976 quoniam
1855 918 2004 971 eam,

310 1010 427 1068 qua
483 995 633 1051 Petri
677 996 929 1052 eremitaa
988 993 1246 1050 homines
1300 992 1653 1047 transierant
1714 992 2004 1056 semitam,

308 1092 472 1141 tanta
520 1098 635 1139 non
681 1091 866 1153 posset
911 1082 1202 1139 ullatenus
1243 1080 1553 1136 multitudo
1615 1079 2005 1151 praetergredi,

310 1170 519 1229 direxit
546 1177 680 1226 ante
708 1185 767 1226 se
796 1170 907 1225 tria
938 1170 1237 1225 hominum
1257 1167 1435 1223 millia
1467 1181 1604 1223 cum
1633 1167 1804 1222 asciis
1833 1174 2010 1236 atque

311 1262 628 1327 securibus,
694 1258 798 1329 qui
856 1257 1090 1313 callium
1158 1256 1605 1327 praepedimenta
1650 1254 2007 1319 dirimerent,

312 1346 532 1417 iterque
582 1347 739 1401 fieret
786 1343 1053 1409 liberum,
1107 1343 1416 1411 aperiendo
1461 1340 1761 1411 angustias
1822 1353 2011 1409 usque

309 1434 579 1489 Nicaeam.
624 1433 764 1487 Erat
809 1438 1004 1486 autem
1037 1430 1129 1484 via
1164 1428 1575 1484 incredibiliter
1613 1426 1797 1482 ardua
1828 1424 2013 1494 perni-

310 1520 421 1574 mis
467 1532 729 1589 scrupea,
774 1524 831 1573 et
879 1516 1123 1571 minacis
1170 1516 1530 1585 proceritatis
1562 1522 1836 1570 montana
1874 1526 2011 1582 pro-

310 1607 557 1662 cedens:
605 1620 804 1677 quam,
851 1606 951 1675 qui
976 1604 1256 1674 praemissi
1306 1604 1552 1670 fuerant,
1598 1602 1807 1657 excisis
1835 1600 2013 1656 cauti-

311 1694 422 1749 bus
465 1694 790 1759 dtlatantes,
836 1705 1036 1747 cruces
1078 1691 1289 1746 ferreas
1328 1690 1677 1760 ,ligneasque
1724 1687 2014 1757 stipitibus

312 1782 687 1851 imponebant
706 1779 837 1835 altis
867 1798 884 1833 :
935 1787 998 1835 ut
1027 1781 1205 1834 nostri
1237 1793 1351 1834 non
1376 1778 1771 1833 exorbitarent
1814 1791 1849 1831 a
1893 1779 2010 1831 tra-

313 1870 467 1937 mite,
504 1869 685 1940 signis
711 1868 941 1924 eminus
984 1868 1243 1937 stipitum
1289 1866 1447 1922 visis.
1491 1865 1745 1921 Tandem
1805 1878 2015 1919 venere

313 1958 585 2025 Niczeam,
631 1970 763 2027 quae
793 1956 967 2012 totius
1003 1954 1293 2010 Romanis:
1359 1952 1687 2022 metropolis
1734 1959 1819 2007 est
1874 1950 2016 2006 civi-

315 2052 422 2112 tas,
456 2045 853 2115 Bithynizeque
882 2049 1076 2111 caput,
1128 2048 1515 2097 trecentorum
1556 2040 1750 2095 decem
1788 2046 1844 2094 et
1890 2046 2016 2094 octo

316 2133 554 2188 Patrum
601 2132 819 2201 synodo
866 2131 1064 2198 clara;
1118 2130 1215 2185 sed
1263 2129 1519 2186 Omousii
1574 2128 1907 2194 assertione,
1962 2134 2018 2182 et

315 2220 433 2276 Arii
460 2220 829 2275 damnatione
876 2217 1249 2287 praeclarior:
1297 2217 1597 2286 pridieque
1641 2215 1771 2271 Maii
1802 2214 2014 2277 Nonas,

316 2308 470 2365 circa
504 2307 661 2363 urbis
701 2306 1057 2362 territorium
1103 2313 1294 2360 castra
1340 2304 1553 2371 sedere,
1606 2303 1770 2358 tertio
1800 2316 1873 2357 ex
1902 2316 2019 2371 quo

318 2408 355 2450 a
429 2393 758 2448 Nicomedia
814 2398 1168 2447 recesserant
1239 2388 1348 2445 die.
1431 2394 1757 2459 Antequam
1825 2396 2019 2443 autem

318 2480 636 2537 Boamundi
676 2480 1015 2535 adventaret
1047 2478 1356 2545 exercitus,
1405 2484 1565 2533 tanta
1612 2478 1776 2547 panis
1819 2476 1897 2531 ibi
1927 2476 2021 2530 di-

318 2571 472 2624 citur
517 2566 801 2623 exstitisse
849 2566 1111 2635 penuria,
1164 2574 1227 2621 ut
1278 2579 1432 2620 unus
1458 2566 1620 2633 panis
1664 2572 1766 2620 aut
1808 2563 2023 2619 vicenis

320 2663 423 2711 aut
472 2654 707 2710 tricenis
755 2653 1010 2708 denariis
1047 2652 1408 2708 venderetur.
1462 2652 1529 2705 Ai
1557 2652 1927 2707 Boemundus
1959 2659 2022 2708 ut

321 2742 525 2810 adfuit,
589 2740 873 2796 maximas
911 2754 1283 2811 quorumque
1326 2740 1620 2795 venalium
1666 2740 1875 2809 copias,
1909 2748 2019 2795 ter-

321 2844 505 2900 raque
537 2830 804 2899 marique
831 2828 1023 2884 evexit
1065 2828 1198 2900 [al.,
1231 2828 1520 2892 convexit,
1554 2827 1881 2898 contraxit],
1914 2836 2024 2884 sta-

321 2923 544 2994 timque
581 2922 843 2978 omnium
898 2924 1028 2977 usui
1077 2929 1347 2991 aptorum
1385 2918 1678 2989 opulentia
1723 2919 2024 2989 repentina

322 3012 469 3068 cont]
479 3011 625 3067 uxit.

990 3096 1222 3154 CAPUT
1259 3095 1350 3150 IV.

393 3187 510 3258 [V.]
543 3185 744 3241 Nicaea
771 3184 1061 3241 obsidetur
1100 3201 1139 3240 a
1169 3183 1415 3240 Franci:
1447 3184 1504 3237 et
1530 3181 1781 3255 capitur.
1811 3210 1884 3223 —
1914 3182 2019 3238 Do-

322 3276 548 3331 minicae
578 3288 715 3346 ergo
763 3274 853 3330 die
880 3272 1264 3340 Ascensionis,
1303 3285 1523 3342 coepere
1553 3285 1657 3341 pro
1703 3271 1887 3326 muris
1927 3283 2021 3325 ur-

321 3363 453 3419 bem
482 3363 870 3431 undecunque
912 3361 1242 3430 pervadere.
1290 3368 1345 3415 et
1372 3358 1670 3415 machinas
1708 3359 2015 3426 instruere,

323 3452 528 3521 phalas
569 3450 811 3520 erigere,
861 3449 1188 3504 instaurare
1228 3446 1571 3517 phalaricas,
1622 3461 1923 3503 murorum
1951 3460 2020 3502 ac

318 3538 573 3595 turrium
620 3550 791 3607 gyros
838 3534 1238 3605 frequentibus
1296 3548 1397 3604 per
1447 3534 1732 3590 ambitum
1784 3535 2018 3603 pulsare

323 3626 562 3681 balistis.
594 3625 778 3679 Tanta
812 3631 1005 3681 autem
1045 3623 1372 3678 animorum
1416 3624 1731 3679 acrimonia
1769 3621 2019 3678 obsessio

324 3713 489 3770 urbis
518 3711 810 3781 incipitur,
858 3719 922 3767 ut
966 3712 1146 3766 solius
1194 3710 1355 3766 bidui
1404 3710 1555 3767 infra
1582 3713 1850 3781 spatium,
1896 3724 2021 3766 mu—

324 3814 419 3856 ros
461 3797 791 3855 effoderent.
834 3799 1044 3855 Verum
1087 3798 1282 3867 Turci,
1338 3799 1441 3869 qui
1479 3800 1764 3856 civitatem
1795 3799 2017 3855 obtine-

322 3888 483 3954 bant,
540 3889 613 3943 ad
664 3888 808 3943 alias
854 3887 1090 3944 nuntios
1146 3888 1408 3944 civitates
1462 3888 1745 3959 dirigunt,
1800 3901 1919 3958 quo
1944 3886 2018 3943 ad

322 3992 437 4046 eos,
492 3977 705 4033 scilicet
753 3991 918 4046 opem
976 3975 1173 4044 laturi,
1230 3976 1626 4032 conveniant:
1703 3992 1769 4032 eo
1816 3976 2019 4047 utique

322 4067 512 4133 modo,
564 4073 628 4122 ut
672 4064 1066 4121 indubitanter
1108 4078 1209 4134 per
1252 4064 1631 4120 meridianam
1675 4072 1897 4134 portam
1930 4065 2019 4118 in-

320 4162 565 4225 troeant,
614 4154 894 4225 quoniam
952 4166 1020 4208 ea
1059 4166 1204 4223 ,pars
1251 4152 1324 4208 ab
1373 4152 1667 4207 obsidione
1719 4151 1793 4206 sit
1839 4149 2021 4205 libera

322 4255 429 4298 nec
492 4241 768 4312 opitulari
821 4238 1148 4295 volentibus
1203 4239 1318 4295 illic
1374 4239 1508 4308 ipsis
1556 4238 1712 4294 ullus
1766 4237 2017 4292 obsistet.

323 4329 487 4385 Unde
530 4328 771 4399 contigit
816 4336 880 4383 ut
921 4340 991 4382 ea
1042 4328 1165 4396 ipsa
1202 4327 1312 4394 die,
1354 4340 1488 4382 cum
1540 4325 1859 4382 Sabbatum
1892 4331 2018 4393 post

2112 640 2220 705 Qui
2272 654 2307 696 a
2353 640 2563 696 nostris
2601 647 2914 711 gratanter,
2964 646 3030 694 ut
3078 639 3335 706 decebat,
3385 639 3626 707 excepti,
3675 653 3837 695 caesa

2112 743 2219 785 sua
2265 729 2470 799 capita,
2526 742 2630 798 pro
2671 727 2989 783 testimonio
3027 734 3355 782 nostrorum
3400 727 3676 793 victoria,
3730 741 3836 782 re-

2114 816 2433 887 liquerunt.
2464 820 2600 881 Quae
2635 823 2756 885 post
2788 828 2989 870 eorum
3022 815 3217 884 fugam
3263 814 3481 870 balistis
3522 828 3590 869 ac
3621 814 3831 870 fundis

2113 904 2184 960 ad
2217 912 2493 960 terrorem
2527 902 2851 974 gentilium,
2886 902 3337 971 projiciebantur
3368 902 3426 956 in
3459 901 3688 957 urbem.

2184 993 2258 1048 At
2297 992 2475 1048 beatae
2515 991 2801 1046 memoriae
2855 989 3148 1046 Podiensis
3193 990 3511 1059 episcopus,
3562 997 3617 1045 et
3665 989 3834 1044 San-

2114 1081 2190 1137 cti
2219 1080 2401 1151 Egidii
2450 1093 2637 1135 comes
2674 1078 3076 1148 Raymundus,
3123 1077 3469 1134 infirmando
3508 1077 3670 1134 urbis
3700 1086 3830 1133 sta-

2114 1168 2198 1224 tui
2230 1167 2569 1233 insistentes,
2606 1166 2812 1222 turrim
2844 1166 3180 1235 quamdam,
3230 1180 3362 1236 quae
3398 1173 3522 1221 erat
3549 1165 3828 1235 ipsorum

2115 1255 2389 1325 contigua
2437 1254 2656 1321 castris,
2710 1253 2871 1309 factis
2904 1254 3101 1310 subter
3143 1254 3214 1309 ad
3262 1254 3389 1324 ejus
3436 1253 3834 1309 fundamenta

2114 1342 2446 1399 enervanda
2474 1341 2779 1408 cuniculis,
2825 1342 3130 1397 destituere
3166 1340 3419 1412 aggressi
3470 1348 3624 1396 sunt.
3678 1340 3833 1396 Fos-

2117 1430 2344 1487 soribus
2373 1430 2550 1500 igitur
2595 1429 2668 1484 ad
2716 1429 2837 1484 hac
2878 1428 3177 1484 efﬁcienda
3221 1429 3436 1496 locatis,
3487 1443 3619 1484 cum
3671 1427 3831 1483 arci-

2118 1519 2357 1586 balistis,
2392 1526 2448 1573 et
2493 1516 2765 1582 arcubus,
2806 1524 2861 1571 et
2910 1516 3155 1572 balearis
3195 1515 3433 1572 habenae
3481 1516 3828 1580 tortoribus,

2120 1608 2332 1676 pariter
2388 1603 2820 1661 suffodientium
2874 1604 3198 1660 defensores
3249 1605 3563 1660 adduntur.
3614 1605 3833 1672 Itaque

2121 1708 2311 1773 usque
2343 1694 2414 1749 ad
2444 1693 2544 1748 soli
2576 1692 2927 1748 subsidentis
2973 1692 3364 1748 extremitates
3402 1706 3532 1747 arce
3563 1690 3822 1755 succisa,

2120 1780 2531 1838 nutabundum
2583 1780 2809 1834 interim
2862 1780 3136 1848 parietem
3189 1780 3360 1849 tignis
3412 1778 3833 1847 asseribusque

2051 1838 2094 1892 Β
2120 1876 2462 1936 sustentant,
2491 1876 2546 1924 et
2589 1868 2816 1937 penitus
2852 1838 3076 1922 aedificii
3124 1838 3278 1923 calcve
3314 1868 3435 1938 jam
3483 1867 3698 1934 diruto,
3726 1838 3833 1921 ’δίο

2123 1958 2316 2028 ignem
2348 1956 2621 2027 subjectis
2651 1955 2914 2011 trabibus
2945 1955 3076 2011 inde
3096 1955 3416 2025 subjiciunt
3448 1970 3460 2009 :

2194 2046 2297 2102 Ast
2327 2044 2425 2100 ubi
2457 2042 2658 2099 nubila
2690 2056 2804 2096 nox
2841 2041 3047 2096 indixit
3078 2042 3353 2111 utrinque
3383 2042 3656 2111 quietem,

2196 2134 2381 2202 Lapsa
2406 2131 2538 2186 facit
2566 2130 2817 2186 subitam
2850 2130 3026 2185 turris
3054 2138 3303 2185 castrata
3330 2131 3559 2184 ruinam
3592 2143 3605 2183 :

2197 2220 2477 2289 Tempora
2510 2219 2607 2274 sed
2636 2218 2820 2272 noctis
2862 2217 3003 2286 quia
3045 2224 3181 2273 sunt
3211 2217 3404 2272 minus
3433 2225 3563 2286 apta
3589 2214 3823 2277 duellis,

2199 2307 2566 2375 Francigenae
2595 2313 2835 2372 cessant,
2869 2319 2940 2359 ne
2968 2305 3183 2359 Turcos
3214 2312 3378 2360 nocte
3406 2304 3705 2359 lacessant.

2197 2396 2350 2451 Illico
2377 2402 2568 2450 tamen
2611 2393 2803 2456 Turci,
2850 2406 2952 2462 pro
2997 2406 3115 2447 suae
3146 2391 3347 2447 salutis
3376 2391 3611 2447 tuitione
3661 2390 3819 2446 solli-

2126 2484 2242 2551 citi,
2296 2490 2410 2539 tota
2452 2481 2761 2551 sagacitate
2812 2486 3218 2549 consurgunt:
3262 2488 3317 2534 et
3362 2493 3594 2534 murum
3642 2486 3821 2533 tantas

2129 2572 2336 2628 ibidem
2396 2569 2769 2635 fortitudinis,
2815 2575 2974 2622 tanta
3031 2567 3317 2622 celeritate
3376 2566 3707 2633 restituunt,
3754 2574 3823 2622 ut

2129 2658 2398 2731 postridie
2448 2656 2677 2713 nullum
2739 2670 2833 2710 eos
2875 2653 3119 2710 lzedendi
3175 2654 3433 2710 valerent
3488 2652 3668 2708 nostri
3730 2667 3822 2709 re-

2128 2748 2311 2819 perire
2359 2746 2569 2802 locum.
2622 2746 2843 2798 Interea
2897 2743 3025 2809 loci,
3077 2756 3276 2797 recens
3315 2741 3635 2797 adveniunt
3686 2741 3820 2808 viri,

2130 2849 2425 2892 armorum
2473 2834 2650 2903 gloria
2701 2830 3077 2898 celeberrimi,
3136 2830 3487 2899 comitesque
3535 2828 3819 2895 ditissimi,

2129 2924 2198 2981 de
2228 2922 2445 2993 quibus
2476 2934 2656 2990 supra
2701 2920 2948 2989 egimus,
2989 2931 3121 2973 cum
3155 2916 3498 2987 frequentiis
3530 2930 3663 2986 quae
3713 2917 3822 2971 sibi

2128 3013 2481 3068 cohatserant
2509 3008 2882 3074 militaribus;
2914 3006 2985 3060 ad
3018 3020 3267 3076 quorum
3296 3005 3607 3060 adventum
3638 3005 3823 3060 omnis

2055 3112 2097 3168 α
2129 3100 2222 3156 ille
2250 3097 2477 3155 Domini
2506 3094 2879 3165 conjubilavit
2906 3095 3193 3149 exercitus
3224 3108 3236 3147 :
3287 3092 3820 3149 Northmannorum

2130 3188 2346 3245 scilicet
2390 3198 2577 3242 comes
2626 3182 2929 3248 Robertus,
2975 3189 3030 3237 et
3065 3180 3435 3237 Carnotensis
3477 3195 3666 3237 comes
3706 3180 3822 3237 Ste-

2124 3276 2380 3347 phanus.

2196 3360 2337 3434 [VL]
2376 3360 2556 3432 Igitur
2585 3356 2974 3423 Boemundus,
3021 3356 3231 3413 urbem
3270 3356 3493 3412 obsedit
3548 3369 3582 3411 a
3613 3355 3816 3419 fronte,

2122 3464 2180 3514 et
2208 3456 2540 3512 Tancredus
2583 3467 2620 3509 a
2650 3453 2853 3522 latere;
2905 3452 3069 3509 tertio
3098 3452 3240 3519 loco,
3291 3452 3415 3508 dux
3444 3451 3816 3521 Godefridus;

2123 3551 2352 3616 quarto,
2397 3543 2837 3599 Flandrensium
2873 3556 3087 3609 comes;
3120 3540 3325 3610 quinto
3375 3555 3564 3596 comes
3610 3540 3819 3596 North-

2124 3632 2466 3701 mannicus;
2524 3638 2684 3687 sexto
2727 3630 2918 3685 Sancti
2976 3629 3166 3700 Egidii
3222 3643 3431 3695 comes,
3489 3636 3545 3683 et
3590 3629 3821 3684 Podien—

2123 3722 2201 3778 sis
2228 3722 2545 3790 episcopus.
2603 3719 2689 3774 Ita
2735 3732 2870 3773 vero
2909 3731 3038 3773 eam
3094 3716 3355 3773 obsidere
3387 3717 3713 3779 intendunt,
3756 3724 3820 3773 ut

2123 3808 2354 3865 nullum
2386 3806 2712 3863 introeundi
2741 3806 3111 3874 exeundique
3142 3805 3354 3861 obsessi
3387 3807 3636 3874 reperire
3683 3805 3820 3874 qui-

2124 3904 2253 3953 rent
2305 3896 2548 3951 aditum.
2596 3894 2735 3949 Erat
2785 3907 2921 3963 ergo
2974 3892 3050 3948 ibi
3105 3892 3472 3948 considerare
3522 3893 3819 3947 collectum

2124 3985 2300 4041 totius
2352 3984 2705 4039 Francorum
2756 3982 2992 4049 militiae,
3066 3980 3399 4047 nobilitatis,
3479 3979 3816 4050 prudentiae,

2125 4086 2541 4142 armorumque
2588 4070 2952 4127 claritudinis
3023 4074 3178 4124 suo
3243 4069 3476 4137 ﬂorem;
3547 4082 3690 4140 quos
3760 4069 3819 4124 in

2123 4160 2378 4232 equestri
2420 4159 2789 4216 loricatorum
2839 4157 3313 4229 galeatorumque
3368 4157 3584 4221 decore,
3636 4157 3675 4212 ii
3716 4156 3819 4227 qui

2123 4249 2489 4306 exercituum
2515 4251 2870 4318 quantitates
2905 4247 3193 4315 pensitare
3222 4245 3559 4312 didicerant,
3588 4253 3817 4301 centum

2124 4337 2353 4394 circiter
2391 4336 2573 4392 millia
2622 4343 2916 4405 putavere.
2965 4334 3139 4389 Porro
3198 4334 3472 4403 pedestris
3526 4333 3817 4403 populosi-

322 4418 550 4473 Domini
579 4415 979 4472 Ascensionem
1021 4422 1186 4479 esset,
1236 4429 1272 4471 a
1317 4416 1523 4471 comite
1576 4414 1769 4470 Sancti
1797 4414 2009 4484 Egidii,

2180 4434 2297 4482 item
2329 4425 2536 4491 turbae,
2583 4432 2637 4479 et
2683 4424 2912 4479 illorum
2952 4435 3263 4478 numerum
3303 4421 3405 4491 qui
3459 4420 3817 4477 assectaban—

321 4512 378 4561 et
436 4518 472 4559 a
531 4504 805 4560 Podiense
849 4502 1116 4573 episcopo
1170 4509 1345 4572 portas
1416 4502 1608 4557 aditus
1662 4503 2009 4558 muniretur.

320 4593 543 4649 Accidit
574 4593 650 4649 ibi
680 4607 772 4649 res
820 4593 961 4648 clari
1006 4592 1238 4648 nomine
1278 4593 1456 4662 digna
1496 4593 1783 4647 facinoris.
1830 4595 2012 4663 Egre-

321 4682 453 4753 gius
481 4696 736 4753 namque
764 4696 952 4738 comes
982 4682 1179 4748 isdem,
1208 4695 1342 4737 cum
1363 4680 1630 4736 fidensad
1657 4681 1857 4745 Deum,
1887 4688 2012 4735 tum

319 4770 480 4827 fortis
524 4778 580 4827 et
604 4779 777 4841 aptus
821 4770 895 4826 ad
949 4783 1132 4835 arma,
1174 4782 1281 4824 nec
1328 4770 1521 4824 minus
1571 4768 2012 4825 instructissimo

319 4857 543 4914 cinctus
596 4858 858 4914 exercitu
909 4857 1111 4913 obvios
1157 4855 1364 4911 habuit
1412 4854 1856 4911 auxiliariorum
1917 4868 2012 4910 cu-

318 4958 456 5001 neos
486 4953 855 5014 properantes
880 4945 942 4999 in
989 4944 1214 5000 urbem.
1254 4943 1363 5010 Qui
1393 4943 1584 4999 animo
1626 4942 1836 4997 divinae
1863 4942 2010 4998 sub-

317 5033 462 5088 sidio
492 5033 725 5088 virtutis
752 5033 977 5098 innixo,
1024 5032 1362 5103 aggreditur
1409 5033 1624 5088 Turcos
1661 5038 1718 5087 et
1753 5038 2008 5100 superat,

316 5120 602 5189 compellit
649 5120 706 5174 in
753 5119 974 5191 fugam,
1044 5129 1381 5191 partemque
1432 5133 1632 5176 eorum
1693 5120 2008 5174 maximam

317 5216 569 5264 truncat.
603 5207 711 5263 Sed
740 5208 883 5264 fmde
914 5209 1151 5277 repulsi,
1202 5223 1382 5264 novas
1421 5208 1729 5264 intendunt
1756 5207 2009 5263 conflare

313 5295 506 5366 capias
538 5311 552 5352 :
579 5309 831 5367 quarum
862 5297 945 5352 fisi
978 5298 1329 5353 adminiculo
1357 5312 1491 5354 cum
1537 5297 1719 5353 multa
1746 5295 2008 5352 exsulta-

312 5384 467 5441 tione
519 5384 725 5441 iterare
782 5385 931 5441 bella
975 5387 1313 5452 decernunt,
1356 5386 1610 5442 advectis
1656 5386 1870 5456 pariter
1911 5398 2008 5440 se-

312 5487 449 5529 cum
496 5473 781 5529 funibus:
822 5474 1038 5544 quibus
1102 5480 1327 5529 nostros
1381 5473 1585 5545 ligatos
1635 5473 2004 5530 Corozaniam

312 5560 630 5617 abductare
669 5570 1018 5631 proponunt.
1077 5562 1198 5616 Hac
1240 5573 1378 5630 ergo
1414 5575 1515 5630 spe
1540 5562 1679 5618 dum
1722 5560 2006 5617 extollun-

314 5658 411 5709 tur
440 5651 617 5720 inani,
648 5667 723 5709 ex
751 5667 1023 5723 supremo
1055 5650 1286 5716 montis,
1325 5651 1427 5719 qui
1460 5652 1590 5709 urbi
1622 5651 2000 5722 prominebat,

2124 4521 2219 4571 tur
2244 4513 2629 4584 equestribus,
2664 4526 2824 4582 posse
2848 4511 2921 4567 ab
2951 4509 3149 4580 aliquo
3173 4509 3478 4579 supputari
3519 4524 3632 4565 non
3677 4509 3818 4564 aesti-

2121 4617 2215 4659 mo
2257 4602 2504 4672 penitus.
2541 4601 2734 4667 Plane,
2767 4614 2884 4656 non
2914 4598 3080 4654 modo
3109 4612 3242 4669 quae.
3271 4612 3305 4653 a
3334 4597 3646 4654 clientibus
3694 4597 3812 4653 sive

2118 4690 2419 4759 mancipiis
2468 4688 2651 4745 solent
2706 4687 2943 4758 praeberi
2986 4686 3174 4742 ofﬁcia
3233 4686 3583 4742 militaribus
3635 4700 3815 4755 perso-

2118 4782 2225 4846 nis,
2288 4780 2698 4837 deferebantur
2753 4793 2789 4833 a
2861 4777 3105 4845 talibus;
3162 4778 3260 4833 sed
3333 4776 3405 4832 ad
3476 4775 3812 4844 absidiones,

2117 4869 2190 4925 ad
2220 4868 2436 4938 praelia,
2472 4867 2614 4923 adeo
2658 4880 2862 4922 eorum
2910 4864 3097 4921 fuerat
3128 4866 3334 4932 virtus,
3381 4871 3437 4920 et
3480 4864 3661 4920 instar
3694 4863 3809 4919 leo-

2117 4958 2208 5014 nis
2236 4956 2481 5013 audacia
2528 4953 2846 5010 necessaria
2898 4952 3236 5024 majoribus,
3285 4953 3368 5009 uti
3410 4952 3596 5008 solent
3649 4965 3809 5009 arma

2114 5044 2207 5100 vel
2264 5043 2535 5100 utensilia
2574 5041 2864 5112 quislibet,
2915 5041 3060 5097 bello
3115 5055 3219 5097 seu
3262 5054 3428 5110 opere
3464 5041 3812 5106 exercendis,

2113 5139 2437 5201 opportuna
2467 5128 2774 5199 aliquoties
2803 5143 2927 5187 esse
2956 5130 3246 5187 manibus.

2120 5217 2287 5291 [VIL]
2327 5219 2523 5274 Dicere
2557 5216 2756 5274 nullus
2971 5218 3168 5275 Sermo
3196 5218 3427 5284 valebit,

2113 5307 2340 5374 Quanta
2368 5319 2465 5376 per
2490 5306 2679 5375 ipsum
2967 5307 3217 5377 Tempus
3247 5306 3455 5362 ibidem

2110 5394 2572 5462 Armipotentum
2972 5394 3153 5449 Fulsit
3183 5393 3467 5449 honestas.

2110 5480 2251 5536 Tam
2280 5481 2542 5551 generosi
2968 5480 3252 5537 Germinis
3280 5494 3491 5551 agmen

2110 5568 2282 5626 Nulla
2309 5572 2485 5626 coisse
2967 5570 3145 5626 Terra
3171 5583 3275 5641 per
3302 5570 3517 5637 orbem,

2109 5656 2329 5717 Viderit
2357 5670 2629 5729 usquam.
2966 5658 3210 5729 Singula
3232 5658 3279 5715 si
3309 5658 3398 5714 vis
