3934 6410
108 353 209 404 7'21
1203 348 1420 402 GESTA
1458 347 1580 401 DEI
1619 345 1760 401 PER
1800 345 2132 400 FRANCOS.
2162 373 2232 383 —
2276 343 2411 398 LIB.
2463 346 2559 400 ΙΙΙ.

993 480 1280 548 Factaque
1309 478 1519 547 passim

983 571 1099 626 Aut
1131 583 1331 639 genus,
1366 576 1468 624 aut
1497 567 1613 622 vim

986 658 1108 713 Non
1140 658 1247 712 erit
1274 657 1364 711 ille
1396 655 1520 729 [a|.,
1550 655 1700 727 illic]

986 747 1148 811 Ecce,
1182 745 1377 800 relicta

985 834 1220 889 Foedera
1253 833 1439 887 vitant

985 922 1234 991 Pignora
1259 920 1512 986 sordent,

989 1010 1190 1064 Fervet
1221 1009 1277 1062 in
1303 1007 1461 1063 omni

982 1096 1414 1165 Martyriorum.

984 1184 1186 1239 Omine
1213 1183 1324 1239 fusi

983 1273 1122 1339 Quis
1155 1271 1403 1340 reperire

980 1360 1235 1430 Quisque
1270 1359 1448 1414 leonis

978 1449 1130 1519 Ergo
1160 1447 1363 1503 Nicaeae

979 1537 1220 1592 Cernere
1253 1539 1505 1605 gratum.

991 1624 1151 1678 Flore
1182 1623 1416 1688 nitebat,

987 1713 1192 1766 Forma
1222 1724 1516 1779 sonusque

978 1801 1102 1855 Lux
1137 1800 1504 1854 thoracarum

984 1883 1210 1938 Solibus
1241 1881 1356 1936 ibat
1385 1896 1398 1934 :

981 1971 1167 2026 Cassis
1197 1977 1251 2025 et
1284 1969 1476 2036 umbo,

982 2058 1262 2128 Fulgidus
1289 2065 1493 2112 exstat.

119 2153 304 2206 Hosce
336 2151 578 2215 videres,
976 2146 1250 2202 Turbinis
1280 2146 1479 2211 instar,

116 2239 311 2295 Ariete
341 2238 541 2294 crebro
981 2235 1218 2290 Volvere
1251 2247 1462 2288 muros.

123 2325 357 2395 Reperit
388 2339 560 2381 arcus
593 2322 676 2396 [al
706 2365 720 2391 ,
758 2321 944 2396 artus]
981 2323 1184 2392 Cuspis
1212 2336 1414 2376 eorum

119 2415 402 2470 Francica
433 2414 629 2469 duros.
978 2411 1215 2466 Obtudit
1247 2424 1411 2464 enses

116 2500 395 2557 Crebrius
422 2500 564 2555 ossis

118 2590 430 2658 Comparat
461 2587 584 2642 illos

115 2677 327 2731 Cedere
356 2676 591 2740 Turcos,

115 2762 390 2818 Cominus
419 2762 528 2817 illis
558 2761 687 2833 [al.,
730 2760 866 2830 illic]

114 2851 322 2905 Mutua
350 2849 568 2919 quique

114 2935 555 3001 Missiliumivis.

113 3025 267 3080 Mors
299 3023 533 3093 inopina

112 3111 309 3166 Gloria
340 3118 563 3165 nostros

113 3197 458 3253 Reddiderat
489 3211 501 3251 :
539 3205 678 3253 tunc

112 3287 470 3342 Exhibuere.

115 3374 356 3430 Praemia
383 3382 582 3430 morte.

114 3465 259 3518 Acer
284 3471 339 3518 et
369 3462 565 3518 audax

115 3551 294 3618 Quem
327 3550 576 3606 melioris

116 3639 239 3694 Rite
267 3637 539 3708 probarit.

114 3726 370 3783 Crimina
398 3725 602 3780 mentis

114 3814 364 3872 Credidit
391 3813 579 3869 omnis

119 3904 176 3959 Si
206 3903 310 3958 sibi
341 3900 501 3972 digni

111 483 321 552 Regna
351 488 634 549 retexam,

110 573 326 628 Praelia
355 571 545 626 dicam
571 586 583 625 :

108 659 224 724 Qui
263 668 443 729 queat
473 660 700 726 horum,

109 749 527 818 IEquiparare.

112 837 262 891 Sede
290 844 620 906 parentum,

111 924 262 994 Conj
276 925 543 994 ugiorum
572 937 584 976 :

115 1014 300 1067 Pinna
329 1012 533 1066 domus
563 1018 738 1080 sunt;

115 1100 302 1154 Milite
331 1113 474 1154 cura

113 1190 388 1256 Cumque
416 1187 634 1241 cruoris

113 1275 321 1330 Turba
346 1275 631 1339 trahatur,

115 1364 307 1418 Possit
337 1363 574 1418 inertem
594 1362 621 1416 *Ρ

115 1453 359 1507 Pectore
392 1451 593 1506 fertur.

114 1539 339 1595 Maenia
362 1538 532 1608 cingi,

115 1625 378 1694 Campus
406 1639 689 1694 equorum

115 1714 190 1768 Et
225 1714 600 1783 phalerarum

113 1801 348 1871 Cuique
384 1801 640 1870 placebat
672 1815 684 1854 :

114 1885 430 1940 Pulchrior
456 1885 678 1940 haustis

113 1975 290 2043 jEreq
302 1988 373 2029 ue
405 1973 554 2028 flavo

114 2063 360 2117 Limbus
390 2061 589 2116 eodem

987 2497 1209 2554 Vulnus
1241 2503 1459 2550 acutos.

978 2585 1263 2641 Moenibus
1292 2583 1422 2638 altis

979 2673 1194 2741 Lignea
1221 2669 1418 2726 turris.

977 2758 1179 2814 Praelia
1211 2759 1430 2812 fervent
1458 2770 1470 2810 :

971 2845 1200 2915 Spicula
1231 2848 1527 2912 torquent.

969 2934 1166 2989 lactus
1197 2931 1403 2986 inanis.

973 3020 1242 3090 Quosque
1275 3017 1528 3085 supinat.

975 3107 1180 3163 Caelica
1213 3106 1382 3160 fortes

971 3195 1221 3264 Corpora
1249 3191 1378 3247 fatis

972 3283 1237 3349 Quaerere
1268 3279 1523 3351 gaudent

972 3371 1260 3426 Marcidus
1287 3368 1492 3435 omnis,

968 3457 1252 3514 Redditur
1283 3457 1406 3511 istic
1432 3470 1444 3508 :

968 3538 1134 3616 Optio
1166 3547 1296 3601 vitae

973 3632 1405 3701 Laudisjavaraa

968 3722 1102 3776 Inde
1125 3721 1330 3793 procul
1355 3727 1510 3776 sunt.

970 3810 1169 3864 lddare
1198 3807 1510 3877 Christum,

966 3897 1225 3953 Nominis
1254 3911 1480 3963 auram,

966 3986 1082 4042 Nec
1111 3987 1218 4042 sibi
1244 3986 1578 4055 quisquam,

965 4072 1254 4140 Quidlibet
1283 4074 1416 4144 egit,

121 3992 271 4047 Bella
301 3995 588 4059 pararent.

118 4077 388 4147 Quisquis
417 4073 637 4131 honesti

119 4170 361 4236 Arrogat
391 4171 605 4229 actum,

122 4255 186 4308 In
218 4252 455 4308 Darium
489 4249 781 4320 Scythicos
810 4262 924 4304 non
955 4247 1045 4304 his
1075 4247 1334 4304 conferre
1367 4249 1688 4318 triumphos

121 4340 457 4408 Quibimus;
491 4347 590 4394 aut
621 4337 754 4393 sciri
786 4343 1048 4406 poterunt
1077 4336 1373 4391 molimina
1399 4335 1532 4406 Cyri

125 4429 310 4499 Digna
340 4427 465 4483 viro
503 4427 821 4490 Thameris,
856 4439 986 4494 qum
1015 4425 1301 4480 clauserat
1333 4434 1460 4481 utre
1502 4424 1741 4482 cruoris.

125 4515 362 4573 Luxeris
390 4523 682 4580 eventum,
716 4513 860 4569 bone
901 4513 1096 4582 Pyrre,
1127 4514 1337 4569 tuendo
1371 4515 1705 4570 Tarentum.

126 4604 189 4658 In
219 4615 470 4657 vacuum
501 4602 687 4670 garris
717 4613 869 4655 nova
897 4614 1122 4655 sumere
1151 4600 1348 4669 praelia
1382 4601 1589 4657 barris.

127 4689 460 4746 Hannibalis
490 4689 720 4744 comites
749 4687 921 4744 semel
951 4695 1007 4743 et
1041 4687 1144 4754 bis,
1174 4689 1649 4759 terqueQuirites

127 4780 194 4835 Ut
219 4787 466 4849 segetem
492 4777 720 4833 caedunt
753 4792 766 4830 :
800 4775 933 4830 victi
966 4783 1156 4832 tamen
1188 4779 1332 4833 urbe
1366 4780 1659 4835 recedunt.

125 4868 180 4924 Si
210 4867 316 4923 fuit
347 4865 632 4921 indemnis
659 4865 768 4921 sub
800 4864 1020 4921 Caesare
1043 4879 1241 4936 pugna
1267 4867 1552 4924 decennis.

127 4956 203 5011 Sit
231 4969 334 5024 pro
359 4955 589 5024 jactura
617 4967 716 5022 per
743 4953 958 5009 Gallica
988 4955 1208 5010 mansio
1241 4968 1399 5011 rura.

127 5043 370 5111 Tempus
405 5039 538 5096 huic
566 5054 753 5110 operaa
780 5039 969 5104 breve,
1003 5054 1275 5112 prospera
1304 5049 1514 5099 cuncta
1540 5042 1703 5099 fuere

128 5129 267 5186 Cum
301 5129 452 5184 Deus
473 5136 618 5184 esset
649 5129 707 5183 in
741 5127 829 5183 his
857 5144 871 5194 ;
905 5129 1106 5196 probat
1148 5129 1401 5199 optimus
1451 5132 1646 5187 omnia
1689 5129 1821 5187 ﬁnis

128 5216 401 5287 Obtigerit
432 5217 526 5272 cui
555 5230 710 5272 mors
737 5229 871 5272 cum
902 5224 1151 5286 martyre
1181 5218 1364 5288 gloria
1394 5219 1456 5274 fit
1485 5219 1616 5286 fors,

129 5305 395 5375 Quisquis
421 5313 565 5375 eget,
597 5311 776 5371 taxat,
809 5303 947 5374 quia
975 5305 1218 5361 crimina
1249 5321 1418 5375 poma
1448 5308 1691 5364 relaxat.
1751 5317 1754 5320 '

197 5393 398 5466 [Vill]
430 5393 748 5457 Quamdam
794 5393 1049 5462 ejusdem
1097 5395 1258 5449 urbis
1309 5403 1528 5463 partem
1576 5393 1820 5465 objectio

132 5483 254 5549 laci,
287 5481 457 5552 longe
491 5482 720 5551 lateque
747 5482 1088 5550 stagnantis,
1137 5483 1456 5539 ambierat:
1507 5485 1660 5539 unde
1708 5483 1820 5537 ho-

3553 349 3659 401 722

1875 477 1922 528 Α
1953 475 2301 532 videbantur
2342 477 2552 532 habere
2590 484 2847 535 meatum
2881 493 2894 532 :
2944 492 3017 534 ex
3072 492 3190 548 quo
3237 477 3411 533 etiam
3455 477 3652 547 ligno-

1943 577 2076 619 rum
2104 565 2422 634 pabulique
2455 566 2668 620 ﬁebant
2696 567 2797 632 eis,
2842 574 2896 622 et
2941 580 3430 636 quorumcunque
3479 567 3649 622 deve-

1945 652 2162 708 ctiones
2208 653 2458 708 utilium.
2509 653 2890 720 Quamobrem
2937 668 3217 724 proceres,
3270 660 3462 709 coacto
3515 668 3648 708 con-

1945 741 2094 803 cilio,
2128 755 2234 795 sua
2263 741 2524 797 omnium
2556 743 2868 798 assertione
2899 743 3235 806 decernunt,
3273 749 3335 797 ut
3374 742 3446 796 ad
3487 741 3652 810 prin-

1946 829 2127 898 cipem
2163 830 2852 899 Constantinopolitanum
2898 831 3104 899 legatio
3133 829 3471 893 destinetur,
3521 845 3653 898 qua:

1945 926 2222 988 suggerat
2255 931 2429 973 naves
2458 919 2920 988 quamplurimas
2950 919 3272 974 Civizenam
3329 916 3446 989 [a|.,
3492 917 3649 973 Cizi-

1943 1006 2168 1075 cenam]
2220 1019 2405 1075 usque
2455 1007 2654 1062 urbem
2705 1007 2908 1062 debere
2963 1006 3217 1076 perduci,
3270 1006 3371 1061 ubi
3417 1012 3648 1074 portum

1945 1101 2165 1149 constat
2197 1093 2426 1164 haberi;
2459 1107 2527 1149 ac
2556 1095 2762 1150 deinde
2795 1095 3010 1150 bonum
3044 1094 3167 1148 sine
3214 1107 3460 1148 numero
3489 1093 3650 1162 paria

1945 1181 2299 1251 conglobari,
2360 1181 2459 1251 qui
2507 1196 2606 1237 eas
2650 1197 2750 1252 per
2795 1190 3096 1238 montanas
3159 1182 3451 1250 silvasque
3517 1196 3654 1236 con-

1945 1276 2188 1335 vectent,
2222 1269 2406 1324 donec
2437 1269 2707 1338 praedicto
2741 1271 3072 1326 inserantur
3104 1270 3273 1325 Iacui.
3308 1269 3422 1324 Nec
3465 1282 3649 1335 mora,

1945 1354 2113 1409 velox
2182 1355 2366 1422 operis
2421 1357 2713 1411 exsecutio
2771 1356 3088 1410 deliberata
3147 1368 3215 1409 ac
3259 1353 3646 1422 expostulata,

1946 1443 2204 1512 principe
2234 1451 2582 1510 maturante,
2615 1444 3022 1513 prosequitur:
3063 1443 3394 1512 pariterque
3453 1441 3492 1494 ii
3546 1441 3649 1510 qui

1944 1539 2230 1586 vocantur
2257 1531 2578 1599 Turcopoli,
2614 1546 2761 1600 quos
2793 1546 2909 1586 non
2941 1531 3082 1585 alios
3120 1544 3297 1600 quam
3338 1528 3650 1584 familiares

1943 1620 2071 1688 ejus
2102 1619 2336 1674 militias
2362 1619 2759 1688 intelligimus,
2792 1619 3145 1688 diriguntur.
3197 1617 3476 1672 Adductis
3506 1631 3648 1687 ergo

1863 1737 1913 1776 ~_
1943 1713 2114 1776 prout
2146 1705 2421 1775 principis
2451 1706 2694 1775 urgebat
2751 1705 3080 1774 imperium,
3135 1705 3445 1773 puppibus,
3500 1703 3644 1772 ipsa,

1942 1807 2062 1864 qua
2091 1793 2400 1862 deportatae
2429 1800 2566 1848 sunt
2594 1792 2707 1848 illic
2736 1792 3022 1848 siluerunt
3065 1792 3176 1858 die,
3224 1799 3282 1845 at
3335 1799 3510 1846 noctu
3549 1804 3648 1846 eas

1944 1881 2306 1937 intruserunt
2333 1881 2504 1946 Iacui,
2535 1887 2751 1936 etcum
2803 1879 2884 1934 eis
2929 1878 3278 1948 Turcopolos
3321 1879 3498 1932 armis
3551 1877 3646 1932 in-

1942 1966 2368 2022 structissimos.
2428 1967 2594 2024 Mane
2637 1967 2832 2038 itaque
2876 1968 3055 2023 classe
3111 1966 3444 2035 composita,
3509 1980 3643 2022 cum

1941 2055 2126 2110 multa
2155 2054 2451 2120 modestia,
2496 2069 2562 2110 ac
2590 2056 2636 2110 si
2667 2069 2739 2111 ex
2771 2070 2971 2111 eorum
3005 2055 3384 2125 vectigalibus
3432 2061 3640 2122 essent,

1941 2143 2453 2212 proficiscebantur
2478 2143 2550 2198 ad
2589 2143 2809 2199 urbem.
2842 2143 3014 2199 Turci
3053 2143 3269 2212 quibus
3313 2149 3480 2197 erant
3535 2142 3644 2196 ista

1938 2232 2264 2301 spectaculo
2321 2232 2702 2297 mirabantur,
2758 2231 3131 2300 ambigentes,
3183 2244 3257 2284 an
3323 2243 3431 2285 sua
3489 2229 3646 2298 ipso:

1937 2333 2092 2387 rum,
2126 2320 2214 2374 vel
2248 2319 2609 2389 imperatoris
2640 2320 2762 2374 haec
2789 2319 2986 2373 eadem
3033 2325 3177 2372 esset
3208 2318 3442 2372 evectio.
3480 2317 3642 2372 Post-

1938 2422 2116 2478 quam
2148 2422 2283 2462 vero
2311 2422 2379 2462 ea
2417 2422 2548 2477 qum
2583 2408 2847 2461 viderant
2895 2405 3123 2461 hostilia
3167 2406 3284 2460 fore
3333 2413 3639 2470 noverunt,

1936 2496 2140 2553 timore
2170 2496 2362 2551 lethali
2385 2497 2796 2560 extabuerunt,
2830 2494 2926 2548 sed
2954 2501 3242 2563 quantum
3287 2493 3368 2548 illi
3421 2493 3643 2548 lamen-

1937 2585 2084 2640 tiset
2142 2584 2392 2652 ﬂetibus,
2450 2592 2675 2639 tantum
2736 2583 2917 2638 nostri
2975 2581 3342 2637 indulserunt
3391 2581 3641 2652 gaudiis,

1937 2673 2376 2744 gratiarumque
2406 2673 2519 2728 Deo
2548 2677 2930 2741 repensarunt
2963 2669 3283 2740 plausibus.

2007 2761 2272 2816 Reddidit
2299 2761 2477 2830 igitur
2507 2761 2563 2815 id
2597 2754 2849 2830 ipsorum
2893 2758 3276 2814 infortunium
3326 2762 3464 2810 sol
3532 2756 3642 2812 ho-

1935 2855 2048 2903 stes
2096 2861 2520 2917 usquequaque
2565 2846 2831 2911 defectos,
2882 2847 3123 2916 jamque
3176 2843 3245 2898 de
3284 2843 3404 2898 suis
3440 2849 3496 2898 et
3533 2856 3639 2898 au-

1933 2936 2296 2992 xiliariorum
2353 2936 2577 2992 viribus
2625 2936 3007 3004 desperantes,
3064 2931 3393 3002 imperatori
3463 2931 3640 2987 missa

1863 3047 1906 3102 C
1936 3023 2218 3095 legatione
2250 3023 2594 3093 promittunt
2623 3023 2763 3091 quia
2793 3021 3139 3076 deditionem
3167 3021 3416 3075 facerent
3449 3019 3633 3086 urbis,

1936 3112 1985 3167 si
2009 3126 2104 3167 eos
2141 3125 2273 3167 cum
2297 3111 2580 3166 uxoribus
2609 3117 2663 3165 et
2695 3109 2825 3164 ﬁliis
2855 3109 3012 3164 abire
3051 3109 3238 3174 licere,
3273 3107 3429 3177 apud
3462 3108 3638 3162 Fran-

1935 3216 2030 3258 cos
2075 3201 2421 3269 impetraret,
2473 3197 2764 3268 permissis
2804 3210 2923 3252 una
2973 3195 3328 3252 substantiis.
3377 3193 3637 3260 Quorum

1939 3299 2220 3361 tyrannus
2272 3286 2529 3358 petitioni
2580 3285 3005 3358 gratantissime
3032 3285 3249 3351 favens,
3284 3299 3399 3340 non
3445 3283 3633 3339 solum

1935 3377 2277 3448 impunitate
2307 3375 2562 3440 donavit,
2596 3375 2693 3429 sed
2740 3374 2914 3429 etiam
2953 3387 3178 3428 summo
3226 3371 3330 3426 sibi
3374 3371 3634 3426 sarcien-

1932 3466 2036 3522 dos
2063 3477 2276 3530 amore,
2309 3461 2858 3530 Constantinopolim
2889 3474 3074 3530 usque
3113 3459 3418 3515 contraxit.
3454 3459 3636 3527 Cujus

1935 3553 2123 3609 infida:
2157 3566 2256 3620 per
2283 3552 2477 3606 omnia
2497 3551 2697 3618 menti,
2722 3547 3048 3618 principalis
3073 3547 3130 3601 in
3156 3547 3266 3601 hoc
3292 3560 3462 3615 opere
3489 3545 3634 3601 sub-

1925 3643 2155 3713 jacebat
2186 3641 2445 3706 intentio,
2497 3637 2654 3710 quod
2687 3640 2734 3693 si
2779 3639 3135 3692 Francorum
3182 3634 3498 3690 discrimini
3543 3633 3633 3689 lo—

1931 3745 2035 3787 cus
2082 3731 2224 3785 forte
2280 3729 2436 3786 ullus
2491 3727 2805 3796 aliquando
2857 3732 3094 3794 pateret,
3144 3737 3317 3793 penes
3373 3736 3432 3777 se
3481 3721 3633 3790 ipsos

1931 3818 2168 3873 haberet
2222 3831 2368 3887 quos
2425 3815 2640 3870 eisdem
2695 3819 3014 3881 opportune
3063 3810 3351 3881 objiceret.
3409 3808 3630 3877 Septem

1931 3903 2304 3961 hebdomadis
2361 3902 2668 3970 tribusque
2727 3899 2930 3954 diebus
2993 3899 3100 3954 hac
3147 3906 3286 3954 sunt
3335 3896 3631 3952 obsidione

1929 3992 2162 4059 detenti,
2190 3998 2245 4048 et
2293 4005 2366 4046 ex
2415 3989 2624 4045 nostris
2674 3986 2910 4056 plurimi
2950 3999 3166 4040 munus
3214 3984 3421 4040 ibidem
3473 3998 3632 4040 rece-

1930 4096 2064 4152 pere
2107 4079 2388 4149 martyrii.
2436 4079 2515 4133 De
2560 4076 2777 4147 quibus
2823 4073 3060 4129 indubie
3118 4071 3399 4128 sententia
3445 4071 3630 4140 profe-

1929 4177 2090 4225 retur
2115 4167 2268 4238 quod
2301 4167 2402 4238 qui
2432 4166 2629 4221 mortis
2657 4163 2834 4219 exitio
2871 4176 2988 4217 sese
3041 4175 3142 4230 pro
3194 4159 3323 4214 fidei
3369 4158 3628 4229 objecere

1852 4296 1898 4352 Β
1926 4255 2335 4326 justitia,inter
2348 4267 2442 4309 eos
2462 4251 2708 4322 profecto
2730 4249 2885 4320 apud
2920 4250 3096 4304 Deum
3119 4253 3480 4312 censeantur,
3504 4245 3628 4352 qui,

1924 4343 2211 4414 sanguine
2261 4343 2319 4397 in
2369 4340 2616 4410 pretium
2664 4339 2816 4403 dato,
2863 4336 3102 4407 praemia
3148 4348 3410 4391 meruere
3457 4333 3629 4389 coale-

1927 4433 2055 4500 stia,
2090 4445 2195 4488 nec
2226 4445 2321 4487 eos
2368 4429 2478 4485 illis
2525 4429 2770 4496 impares
2811 4425 3056 4481 dixerim
3107 4423 3209 4493 qui
3251 4422 3419 4478 famis
3467 4435 3634 4477 occu-

1927 4521 2104 4577 buere
2129 4519 2375 4574 miseria.
2412 4518 2528 4573 Hoc
2551 4515 2705 4571 enim
2747 4513 2824 4570 ibi
2878 4513 3044 4568 modo
3101 4511 3267 4582 periit
3293 4511 3631 4580 lmultitudo

1927 4607 2306 4680 perplurima.
2341 4605 2395 4661 Si
2426 4617 2682 4674 namque
2718 4603 2890 4673 juxta
2930 4601 3286 4670 prophetam,
3334 4599 3489 4667 quod
3536 4597 3628 4652 hi-

1927 4695 2232 4753 storialiter
2276 4695 2464 4750 dicere
2516 4693 2700 4757 liceat,
2750 4711 2771 4738 ι
2807 4689 3008 4745 Melius
3045 4687 3152 4742 fuit
3199 4686 3399 4741 occisis
3440 4685 3630 4754 gladio

1927 4799 2106 4857 quam
2137 4782 2447 4838 interfectis
2477 4782 2624 4836 fame
2655 4780 2892 4850 (Jerem.
2926 4791 3004 4841 IV,
3031 4775 3104 4844 4),
3136 4795 3156 4820 ι
3185 4773 3284 4843 qui
3309 4773 3506 4842 procul
3527 4774 3631 4828 du-

1929 4873 2024 4930 bio
2063 4870 2328 4927 cruciatu
2371 4869 2740 4926 diuturniore
2788 4872 2924 4922 sunt
2966 4862 3262 4920 moriendo
3310 4861 3461 4929 torti,
3513 4877 3629 4917 non

1926 4967 2120 5027 erunt,
2185 4965 2249 5015 ut
2307 4957 2461 5014 credi
2519 4957 2606 5012 fas
2652 4963 2756 5022 est,
2820 4953 3040 5024 absque
3087 4964 3299 5007 corona
3351 4949 3630 5007 nobiliore

1928 5046 2211 5118 martyrii.

1975 5140 1982 5144 ’
2601 5131 2832 5188 CAPUT
2881 5130 2952 5188 V.

2000 5223 2146 5297 [IX.]
2191 5223 2432 5280 Civitate
2471 5222 2668 5292 itaque
2715 5220 2956 5287 reddita,
3006 5227 3060 5276 et
3106 5218 3310 5275 Turcis
3349 5218 3628 5276 Constan-

1929 5312 2225 5383 tinopolim
2275 5310 2483 5376 ductis,
2528 5309 2869 5379 tyrannicus
2909 5308 3002 5364 ille
3051 5307 3332 5378 princeps,
3383 5307 3628 5364 nimium

1929 5402 1999 5459 de
2029 5401 2190 5457 urbis
2218 5399 2576 5455 restitutione
2607 5397 2862 5468 gavisus,
2906 5405 3233 5452 nostrorum
3283 5397 3634 5465 primoribus

1933 5501 2177 5544 munera
2210 5485 2434 5541 infinita
2462 5484 2744 5555 largitur;
2775 5491 2829 5538 et
2870 5483 3202 5553 quibusque
3251 5483 3634 5551 pauperrimis

129 5579 235 5627 stes
262 5569 566 5626 submissis
589 5567 833 5635 ratibus,
867 5567 1110 5625 liberum
1150 5570 1402 5626 exeundi
1448 5572 1840 5640 intrandique
1927 5575 2289 5643 eleemosyna
2329 5573 2555 5644 copiosa
2597 5570 2897 5628 tribuitur.
2947 5571 3036 5626 Ex
3085 5585 3202 5641 quo
3248 5569 3636 5626 mediocribus
