3934 6436
306 331 410 383 723

1187 328 1249 382 V.
1293 326 1630 383 GUIBERTI
1670 326 1965 382 ABBATIS
2000 325 2061 382 S.
2102 327 2344 382 MARDE
2380 326 2471 382 DE
2510 326 2901 383 NOVIGENTO

3700 326 3809 380 724

300 463 589 520 exercitus
611 460 885 532 personis.
934 474 1083 531 quas
1128 460 1560 531 magnificentia
1608 461 1706 518 illa
1750 469 1834 518 est
1874 462 1996 518 visa
2031 462 2078 514 A
2107 461 2282 529 aliud,
2319 462 2416 517 sed
2455 462 2529 517 ad
2576 462 2726 518 bella
2774 477 2906 533 qua
2956 461 3276 518 imminent.
3331 483 3353 511 ι
3388 460 3447 516 Si
3500 460 3805 531 inquiunt,

306 550 697 622 pratergredi,
730 549 913 605 multa
953 548 1064 604 fuit
1106 548 1425 604 invidentia
1466 558 1665 605 contra
1717 551 2002 620 principes

303 653 371 694 ac
401 637 664 693 simultas
700 636 973 707 ingenita.
1008 636 1136 699 Nec,
1165 637 1338 707 juxta
1382 638 1692 707 quemdam
1741 638 2000 693 modum‘

302 726 359 781 id
389 739 624 794 prorsus
663 724 897 794 injuria.
949 724 1037 779 Hii
1078 739 1282 794 nempe
1323 740 1631 782 exercuere
1663 726 1893 795 pralia;
1925 726 1999 781 ad

301 815 406 870 hos
445 812 677 868 attinuit
721 813 897 868 totius
950 812 1263 868 obsidionis
1309 813 1561 880 effectus,
1611 813 1849 869 molium
1898 828 1998 869 ve-

298 902 534 965 ctiones,
589 900 991 956 machinarum
1041 901 1498 970 balistarumque
1548 902 1834 970 impactio.
1883 902 1992 968 Hii,

298 991 561 1059 inquam,
620 995 689 1044 ut
726 987 978 1044 breviter
1017 988 1304 1054 claudam,
1356 995 1728 1057 portaverant
1772 989 1997 1057 pondus

298 1076 410 1133 diei
442 1083 497 1131 et
527 1083 720 1131 astus.
754 1075 947 1130 Prima
978 1076 1156 1144 igitur
1184 1074 1275 1129 die
1306 1089 1425 1143 qua
1463 1075 1536 1130 ab
1578 1075 1719 1130 urbe
1768 1084 1996 1145 recepta

297 1163 618 1233 digressum
663 1170 767 1223 est.
822 1169 1051 1231 pontem
1098 1162 1407 1231 quemdam
1459 1162 1717 1230 pervium
1768 1162 1992 1218 habue-

296 1257 455 1315 runt,
533 1250 687 1305 circa
747 1263 920 1319 quem
987 1249 1162 1304 biduo
1222 1249 1558 1304 continuato
1632 1258 1989 1306 manserunt.

296 1337 485 1393 Tertia
522 1344 713 1392 autem
744 1337 835 1392 die
859 1351 998 1392 cum
1026 1343 1385 1406 exoromeret
1411 1336 1529 1405 jam
1566 1338 1752 1392 tenuis
1781 1351 1994 1393 aurora

295 1423 724 1493 crepusculum,
795 1431 1178 1479 surrexerunt
1236 1424 1439 1490 nostri,
1494 1430 1549 1479 et
1602 1424 1741 1479 dum
1801 1424 1993 1480 adhuc

295 1511 475 1566 dubia
504 1511 613 1566 sub
662 1511 789 1565 luce
834 1511 1158 1573 cacutiant,
1205 1510 1358 1565 bivio
1402 1510 1685 1566 scinditur
1738 1511 1795 1566 in
1850 1526 1986 1579 uno,

291 1605 350 1654 et
387 1598 559 1654 biduo
590 1598 812 1666 integro
859 1597 968 1651 sub
1013 1597 1240 1653 duobus
1284 1598 1560 1667 disparati
1604 1598 1991 1668 profiscuntur

218 1670 227 1683 ’
294 1686 647 1777 agminibus.
706 1685 773 1777 In
830 1683 1008 1777 altero
1064 1686 1367 1777 agminum
1415 1686 1787 1777 boemundus
1842 1695 1983 1754 erat,
2019 1723 2062 1777 Β

295 1769 579 1824 Robertus
609 1782 682 1822 ex
721 1767 1163 1836 Northmannia,
1197 1769 1526 1825 Tancredus
1569 1784 1803 1841 quoque
1852 1785 1985 1826 cum

292 1855 545 1924 plurima
575 1854 818 1921 militia;
851 1868 885 1910 a
913 1855 1115 1911 comite
1147 1855 1335 1912 Sancti
1367 1857 1570 1928 Egidii,
1621 1858 1767 1914 duce
1806 1858 1986 1914 Gode-

293 1942 459 2009 frido,
540 1942 797 1997 Podiensi
862 1944 1144 2013 episcopo,
1201 1945 1445 2015 Hugone
1500 1947 1725 2016 Magno,
1784 1947 1987 2003 comite

294 2030 649 2096 Flandrensi,
683 2044 784 2099 per
811 2030 944 2085 avia
972 2031 1239 2100 quadam
1279 2032 1674 2089 adducebatur
1717 2032 1983 2089 alterum.

367 2112 540 2166 Turci
563 2112 819 2169 Francos
846 2112 1207 2184 impugnant.
1256 2144 1325 2155 —
1364 2116 1558 2171 Tertia
1601 2117 1850 2187 denique
1896 2118 1987 2173 die

292 2198 352 2254 in
383 2198 804 2265 Boemundum,
837 2202 1188 2271 comitesque
1216 2202 1361 2271 ejus,
1416 2202 1480 2257 fit
1524 2204 1847 2259 Turcorum
1892 2205 1988 2259 in-

294 2286 469 2342 ﬁnita
510 2288 920 2354 multitudinis,
967 2302 1100 2343 cum
1150 2289 1469 2357 repentina,
1520 2293 1644 2346 tum
1694 2291 1983 2360 terribilis,

290 2380 345 2429 et
396 2388 571 2444 prope
622 2389 738 2429 non
786 2375 1018 2430 ferenda
1062 2375 1294 2431 collisio.
1341 2376 1577 2433 Videres
1626 2392 1722 2433 eos
1769 2380 1988 2434 scenice

291 2474 467 2530 super
522 2471 873 2527 nostrorum,
935 2463 1036 2532 qui
1097 2463 1430 2531 putabatur,
1488 2466 1687 2521 timore
1744 2467 1983 2536 garrire,

290 2549 640 2605 astimantes
684 2564 781 2605 eos
835 2564 906 2605 ex
957 2550 1250 2619 inopinata
1296 2551 1622 2607 incursione
1668 2554 1891 2619 terreri,
1931 2563 1987 2611 et

292 2636 582 2703 bellicum,
616 2637 773 2706 quod
800 2646 1236 2705 consueverant,
1281 2640 1511 2709 signum
1562 2641 1823 2696 terrificis
1866 2656 1986 2697 sua

291 2722 508 2794 lingua
539 2725 779 2780 vocibus
822 2725 1149 2781 inclamare.
1200 2727 1352 2781 Licet
1387 2741 1525 2796 ergo
1578 2728 1666 2783 vir
1713 2729 1985 2795 eximius,

289 2825 471 2866 manu
512 2811 883 2880 impeteretur
924 2814 1166 2882 enormi,
1214 2828 1330 2869 non
1373 2814 1561 2870 amisit
1600 2815 1799 2872 timore
1845 2832 1986 2873 con-

290 2898 522 2964 silium;
556 2900 654 2954 sed
687 2900 981 2955 confestim
1026 2901 1220 2956 sistere
1264 2902 1508 2971 gradum
1558 2903 1814 2973 pracipit
1857 2919 1986 2960 om-

2114 549 2299 617 prima
2342 563 2511 618 penes
2554 549 2769 605 Turcos
2812 564 3023 621 pugna
3061 550 3391 605 rudimenta
3435 548 3630 603 videre
3682 546 3809 601 col-

2111 636 2301 703 libeat,
2323 637 2443 707 jam
2477 644 2612 693 sunt
2642 652 2775 706 qua
2824 638 3016 701 vultis,
3070 644 3272 707 prasto
3315 636 3521 691 venite.
3562 656 3583 683 ι
3631 634 3810 689 Ducis

2112 723 2308 794 itaque
2336 724 2566 779 nomine
2590 725 2821 795 dignus,
2850 726 3136 794 specimen
3185 722 3398 779 militia
3440 722 3805 788 Godefridus,

2106 820 2161 867 et
2191 813 2264 868 ab
2294 827 2362 868 ea
2390 828 2520 883 qua
2563 813 2679 879 regi
2722 813 3009 881 competit,
3068 811 3399 867 fortitudine
3452 824 3568 864 non
3626 810 3809 879 dege-

2106 913 2230 966 ner,
2280 900 2393 954 imo
2442 900 2752 968 pardalica,
2807 911 2857 952 ttl
2912 898 2992 953 sic
3031 898 3237 964 dicam,
3287 896 3645 951 animositate
3696 909 3809 964 pa-

2104 987 2361 1051 trissans,
2399 987 2565 1057 Hugo
2597 987 2859 1056 Magnus,
2893 1000 3024 1041 cum
3072 985 3193 1039 suis
3238 984 3603 1053 primicopiis,
3654 997 3811 1052 qua-

2103 1074 2237 1129 dam
2311 1074 2535 1143 epulari
2625 1073 2920 1129 alacritate
2981 1078 3356 1127 concurrunt.
3409 1070 3623 1126 Deinde
3689 1070 3806 1125 Po-

2102 1159 2312 1215 diensis
2339 1160 2655 1230 episcopus,
2707 1174 2823 1216 non
2865 1159 3032 1215 modo
3084 1158 3279 1214 multis
3336 1157 3553 1227 quibus
3592 1156 3807 1211 emicat

2102 1246 2296 1311 armis,
2353 1248 2449 1301 sed
2512 1247 2743 1303 monitis
2787 1245 3168 1315 precibusque
3217 1250 3366 1297 ειη
3411 1242 3588 1299 sacris
3637 1257 3804 1298 com-

2102 1332 2311 1387 muniit
2341 1332 2527 1401 ipsum
2561 1347 2574 1386 :

2171 1418 2345 1489 Sique
2375 1420 2517 1475 foret
2546 1418 2823 1489 tepidum,
2873 1418 3185 1474 fervescere
3230 1416 3514 1487 compulit
3562 1430 3796 1486 agmen.

2170 1508 2254 1561 Ad
2279 1515 2602 1562 extremum
2636 1506 2786 1561 sicut
2816 1513 2941 1560 erat
2981 1513 3145 1560 atate
3200 1504 3453 1574 gravior,
3504 1503 3801 1572 experien-

2100 1591 2294 1661 tiaque
2367 1592 2718 1655 instructior,
2799 1599 2854 1646 et
2931 1590 3183 1645 consiliis
3252 1588 3462 1643 idcirco
3516 1588 3794 1655 securior,

2098 1694 2285 1736 comes
2318 1679 2508 1735 Sancti
2540 1679 2724 1750 Egidii
2774 1678 3136 1734 Raimundus
3169 1674 3619 1730 Provincialium
3653 1690 3797 1730 suo-

2097 1780 2226 1821 rum
2262 1765 2573 1836 manipulis
2602 1764 3063 1821 succenturiatus
3090 1764 3301 1832 erupit.
3351 1761 3794 1831 Superinspecto

2096 1854 2277 1925 igitur
2332 1853 2517 1909 hostili
2576 1852 2836 1908 exercitu
2894 1859 3054 1907 tanta
3095 1850 3304 1906 nostris
3347 1849 3648 1903 admiratio
3698 1848 3794 1902 in-

2093 1942 2292 2008 crevit,
2324 1949 2388 1997 ut
2435 1941 2515 1995 nil
2572 1940 2731 1995 aliud
2786 1940 3155 2005 mirarentur,
3213 1938 3326 1992 nisi
3378 1937 3479 1992 ubi
3532 1935 3793 2006 gentium

2094 2029 2268 2084 ubive
2328 2036 2612 2097 terrarum
2670 2035 2787 2082 tam
2848 2026 3072 2081 infinita
3118 2024 3395 2080 coaluerit
3459 2024 3789 2080 multitudo.

2094 2117 2277 2171 Erant
2307 2124 2497 2171 autem
2528 2115 2723 2180 Turci,
2755 2114 2991 2180 Arabes,
3034 2127 3102 2167 ac
3166 2112 3484 2177 Sarraceni,
3537 2126 3794 2182 quorum

2095 2203 2244 2257 inter
2273 2202 2460 2257 hostes
2487 2210 2543 2257 et
2571 2212 2850 2257 numerus
2874 2210 2928 2257 et
2952 2200 3204 2271 dignitas
3245 2199 3573 2266 eminebat;
3625 2200 3793 2269 copia

2094 2290 2289 2346 minus
2342 2300 2561 2360 patens,
2608 2292 2677 2346 de
2732 2288 3057 2345 auxiliariis
3110 2296 3166 2343 et
3220 2288 3415 2342 minus
3462 2286 3790 2343 celebribus

2094 2377 2319 2446 populis
2372 2385 2513 2432 erat.
2564 2377 2798 2433 Videres
2845 2374 3125 2431 montium
3164 2375 3308 2444 juga
3348 2375 3415 2429 de
3458 2374 3567 2429 hac
3610 2374 3791 2430 colle-

2094 2464 2280 2519 ctione
2310 2463 2570 2533 profana,
2602 2470 2658 2519 et
2701 2463 2934 2519 collium
2983 2475 3246 2517 convexa
3294 2461 3639 2525 densescere,
3698 2461 3791 2515 in-

2095 2550 2553 2606 numerabilibus
2601 2549 2937 2619 frequentiis
3006 2548 3202 2602 omnia
3271 2547 3482 2616 operiri
3554 2560 3792 2615 campe-

2093 2636 2252 2691 stria.

2164 2727 2304 2782 Suos
2331 2724 2547 2780 milites
2574 2725 2879 2779 hortantur
2901 2723 3073 2778 duces
3108 2723 3185 2778 ad
3224 2740 3499 2795 pugnam.
3548 2756 3613 2766 —-
3672 2726 3793 2782 Pri-

2094 2827 2281 2868 mores
2347 2813 2543 2884 itaque
2612 2828 2745 2869 cum
2793 2813 2899 2868 sibi
2972 2812 3217 2867 subditis
3276 2814 3785 2870 commonitorium

2094 2899 2346 2955 habuere
2371 2914 2693 2955 sermonem
2722 2917 2736 2954 :
2773 2922 2794 2949 ι
2835 2900 2888 2955 Si
2917 2901 3049 2964 Deo,
3079 2899 3373 2968 inquiunt,
3410 2900 3561 2955 hanc
3607 2902 3827 2970 quam‘

289 2985 483 3053 nibus,
557 2994 613 3041 et
684 2988 1072 3057 papilionibus
1150 2990 1449 3054 devolutis,
1500 2990 1671 3060 jussit
1726 2991 1984 3048 celeriter
2020 3002 2062 3058 ρ
2092 2987 2369 3042 exercetis
2394 2988 2659 3062 militiam
2699 2988 3041 3056 devovistis;
3089 2988 3135 3042 si
3195 2988 3427 3057 patrias,
3471 2988 3519 3044 si
3566 2989 3784 3058 domos,

288 3080 476 3128 castra
536 3076 840 3131 consterni.
890 3074 1233 3145 Priusquam
1281 3090 1419 3131 vero
1471 3090 1540 3131 ea
1586 3092 1718 3147 qua
1763 3093 1981 3149 prace-

289 3167 451 3229 perat
492 3162 944 3231 explicarentur,
1010 3163 1253 3233 propriis
1302 3164 1582 3221 militibus
1636 3166 1807 3221 infit:
1868 3190 1889 3216 ι
1920 3166 1980 3223 Si

286 3260 390 3302 vos
440 3250 781 3305 meministis
811 3250 1031 3306 militia
1092 3266 1270 3321 quam
1315 3251 1545 3321 professi
1588 3253 1741 3319 estis,
1788 3255 1978 3310 consi-

286 3335 485 3392 derata
512 3339 846 3394 necessitate
895 3354 1027 3409 qua
1082 3347 1272 3410 urget,
1320 3341 1436 3395 ite:
1487 3340 1729 3397 viriliter
1772 3343 1853 3398 eis
1892 3358 1981 3399 oc-

286 3422 520 3489 currite,
552 3423 844 3491 honorem,
879 3425 1209 3495 pariterque
1239 3426 1401 3481 vobis
1447 3426 1624 3481 vitam
1673 3427 1976 3485 defendite.

285 3514 377 3575 At,
438 3523 540 3565 vos
626 3511 861 3580 pedites,
927 3512 1173 3567 tentoria
1233 3511 1538 3581 diligenter
1607 3515 1973 3570 cxtendite.»

285 3595 408 3662 Quo
485 3596 635 3652 dicto
709 3598 881 3654 citius
935 3599 1183 3668 expleto.
1247 3615 1376 3656 ecce
1421 3616 1516 3658 eos
1563 3602 1730 3658 Turci
1785 3604 1980 3660 subita

288 3682 690 3752 pravolatione
721 3684 1083 3752 obambiunt,
1113 3687 1336 3756 spicula
1356 3689 1600 3759 jaciunt,
1644 3704 1975 3761 pugnaque,

285 3782 388 3839 pro
427 3783 604 3837 more,
632 3770 846 3842 fugaci,
900 3776 1223 3843 pectoribus
1279 3777 1518 3847 sagittas
1560 3777 1849 3833 incussere
1890 3791 1977 3831 se—

285 3854 609 3923 quentium.
656 3857 862 3914 Franci
924 3874 1059 3916 vero
1111 3864 1395 3931 proposito
1446 3863 1625 3918 fidelis
1673 3877 1972 3927 memores.

282 3955 390 3998 nec
434 3957 659 4013 semper
704 3946 943 4003 celebris
981 3962 1102 4005 sua
1147 3950 1379 4006 virtutis
1422 3951 1630 4021 ignari,
1678 3950 1805 4006 licet
1849 3951 1977 4005 evi-

282 4028 482 4085 denter
521 4041 895 4101 agnoscerent
944 4042 1116 4090 tanta
1166 4037 1563 4092 numerositati
1608 4053 1665 4093 se
1706 4038 1972 4107 impares,

280 4124 471 4172 tamen
527 4119 760 4175 obviare
810 4120 1140 4179 furentibus
1189 4124 1378 4180 vivaci
1432 4125 1793 4181 animositate
1846 4140 1976 4181 con-

279 4204 545 4260 tendunt.
591 4206 713 4262 Illic
759 4223 946 4264 comes
988 4209 1441 4279 Northmannia,
1490 4213 1841 4279 recordatus,
1889 4213 1973 4268 uti

2088 3072 2134 3127 si
2167 3072 2460 3145 conjuges,
2493 3073 2541 3129 si
2592 3073 2819 3142 liberos,
2865 3075 2911 3129 si
2957 3076 3207 3145 denique
3250 3089 3491 3144 corpora
3540 3084 3789 3131 contem-

2088 3161 2293 3229 psistis,
2325 3170 2381 3217 et
2428 3162 2552 3231 ipsa
2602 3163 2918 3233 quinetiam
2976 3163 3096 3217 sola
3147 3162 3480 3218 resederunt
3523 3162 3787 3234 gloriosis

2086 3248 2426 3317 exponenda
2453 3249 2763 3319 martyriis,
2805 3249 2945 3320 quid
2976 3264 3078 3304 vos
3128 3249 3200 3303 ad
3238 3249 3486 3304 'istorum
3526 3250 3783 3306 conside-

2086 3336 2388 3403 rationem,
2448 3350 2666 3405 precor,
2719 3338 3052 3392 exterreat?
3104 3350 3236 3391 cum
3292 3336 3467 3391 unius
3526 3345 3784 3392 vestrum

2085 3423 2299 3476 ex-Deo
2332 3422 2445 3477 lida
2489 3424 2791 3494 sagacitas,
2845 3424 3019 3479 totius
3075 3424 3252 3495 hujus
3305 3424 3565 3480 vilissimi
3620 3425 3784 3495 vulgi

2085 3510 2483 3578 superstitione
2510 3512 2835 3580 pravaleat.
2882 3513 2937 3568 Si
2986 3512 3078 3567 hic
3125 3512 3291 3567 vobis
3340 3511 3514 3571 fuerit
3560 3512 3783 3567 obeun-

2085 3596 2247 3662 dum,
2319 3611 2564 3668 regnum
2627 3612 2725 3653 vos
2788 3598 3011 3654 caleste
3058 3607 3270 3665 manet,
3322 3598 3470 3654 felici
3524 3599 3784 3654 obituros

2084 3684 2296 3753 exitio;
2335 3686 2379 3741 si
2408 3685 2746 3751 vivendum,
2780 3694 3072 3755 exspectat
3101 3701 3223 3753 vos,
3276 3686 3320 3741 si
3368 3686 3437 3741 de
3478 3686 3586 3741 fide
3635 3701 3777 3755 pra-

2085 3772 2331 3839 sumitis,
2360 3781 2517 3828 certa
2542 3773 2821 3843 victoria;
2850 3783 2974 3844 post
3012 3774 3333 3840 victoriam,
3384 3774 3604 3844 gloria;
3658 3781 3781 3844 post

2083 3861 2346 3932 gloriam,
2382 3864 2565 3933 major
2593 3863 2856 3919 audacia.
2889 3864 2972 3918 Ad
3006 3864 3126 3918 hac
3151 3877 3223 3918 ex
3268 3863 3519 3919 hostium
3563 3864 3780 3920 divitiis

2084 3948 2379 4017 opulentia
2445 3949 2691 4019 copiosa.
2750 3949 3095 4007 Utrumlibet
3146 3964 3283 4019 ergo
3341 3950 3582 4017 accidat,
3637 3951 3781 4008 inest

2082 4037 2246 4092 vobis
2314 4038 2624 4108 utrobique
2672 4038 2995 4105 securitas;
3040 4045 3097 4093 et
3152 4038 3371 4107 ubique
3436 4038 3778 4110 neutiquam

2082 4122 2223 4192 quid
2273 4123 2519 4179 timeatis
2575 4123 2841 4187 habetur,
2902 4122 3064 4178 nulla
3118 4138 3220 4178 vos
3266 4122 3387 4192 jam
3448 4126 3776 4181 retractatio

2083 4209 2172 4264 vel
2244 4209 2508 4265 dubietas
2576 4220 2912 4265 remoretur.
2965 4210 3123 4281 Ergo
3171 4220 3391 4267 mentes
3439 4219 3494 4267 et
3532 4226 3777 4281 corpora

279 4291 488 4356 decuit,
548 4301 800 4362 paterna
849 4295 1235 4354 bellicositatis
1299 4307 1354 4355 et
1422 4300 1737 4357 nobilitatis
1798 4300 1969 4356 avita
2008 4296 2206 4352 Dfidei
2241 4298 2548 4353 Dominica
2578 4297 2767 4353 crucis
2797 4297 3060 4364 addicite,
3111 4306 3166 4353 et
3215 4306 3415 4355 contra
3464 4299 3620 4356 hunc
3666 4314 3774 4371 ag-

280 4392 491 4449 magna
546 4379 695 4435 illico
748 4395 1045 4438 armorum
1107 4385 1531 4450 exercitatione.
1600 4387 1969 4456 hostiumque

279 4466 621 4535 repulsione,
694 4469 1036 4526 defensionis
1107 4473 1367 4542 exempla
1415 4474 1695 4530 exercitui
1750 4482 1964 4543 nostro,

277 4553 695 4624 aliquantisper
721 4559 1010 4627 exterrito,
1040 4560 1306 4630 prabuit.

345 4642 545 4699 Adfuit
573 4642 742 4733 etiam
771 4646 921 4702 Deus
946 4655 1010 4703 ut
1058 4649 1400 4706 feminarum
1444 4665 1575 4733 qua
1612 4651 1965 4707 comitaban-

273 4733 372 4782 tur
426 4743 540 4785 non
594 4731 708 4786 illic
767 4748 1002 4805 quoque
1059 4736 1167 4793 illis
1213 4738 1430 4794 deesset
1463 4731 1772 4804 instantia;
1832 4740 1965 4808 ipsa

274 4815 425 4870 enim
457 4830 641 4887 aquas
670 4824 998 4879 recreandis
1042 4825 1340 4891 militibus,
1390 4809 1567 4895 quam
1619 4826 1815 4882 sedulo
1861 4826 1965 4882 de-

272 4900 564 4973 ferebant;
630 4907 725 4960 sed
797 4909 978 4964 multo
1042 4910 1434 4979 vigilantiores
1500 4913 1965 4982 instigationibus

269 5002 364 5042 eos
392 4991 511 5045 suis
539 5004 606 5046 ac
647 4992 896 5057 monitis,
944 4996 1379 5067 solertioresque
1432 5000 1744 5054 reddebant
1785 5014 1962 5068 quam

270 5073 429 5129 illata
486 5075 685 5131 fierent
739 5079 896 5133 unda
944 5091 1221 5137 recentes.
1297 5084 1370 5139 At
1442 5085 1539 5140 ubi
1595 5082 1963 5140 Boeinundus

268 5162 489 5217 moneri
528 5162 699 5231 capit
729 5166 871 5220 tanti
910 5166 1303 5237 inaequalitate
1349 5186 1707 5243 congressus,
1760 5171 1829 5227 iis
1858 5172 1960 5242 qui

267 5247 432 5303 devia
463 5252 873 5320 sequebantur,
907 5253 1054 5309 illico
1105 5259 1307 5313 nuntio
1355 5259 1659 5326 mediante,
1709 5260 1962 5315 notificat

266 5336 458 5391 comiti
524 5337 715 5393 Sancti
780 5339 970 5408 Egidii
1029 5342 1373 5414 Raimundo,
1443 5347 1575 5402 duci
1637 5347 1955 5415 Godefrido,

267 5421 497 5492 Hugoni
543 5422 769 5494 Magno,
834 5426 1096 5483 Podiensi
1133 5432 1412 5502 episcopo,
1463 5432 1705 5501 aliisque
1753 5446 1955 5488 eorum

264 5508 509 5565 comitia
539 5517 605 5567 ut
651 5511 897 5570 celerius
918 5515 1210 5577 advenire
1261 5528 1709 5590 praproperent,
1737 5534 1853 5577 non
1882 5520 1956 5576 ob

2077 4391 2296 4454 gestum
2333 4382 2650 4453 palearum,
2685 4384 2936 4440 tantillos
2980 4385 3243 4443 videlicet
3290 4401 3358 4443 ac
3405 4402 3547 4456 pene
3586 4387 3774 4444 nullos

2077 4470 2355 4536 homines,
2384 4484 2546 4525 arma
2578 4471 2872 4540 capessite.
2913 4493 2934 4520 ι

2146 4559 2444 4623 Praterea,
2524 4557 2830 4613 ordinatim
2908 4559 3058 4615 acies
3112 4560 3519 4630 disponuntur.
3572 4562 3639 4617 In
3689 4562 3769 4618 si-

2074 4644 2251 4699 nistro
2308 4658 2490 4699 cornu
2562 4645 2969 4714 magnanimus
3018 4649 3403 4716 Boemundus,
3461 4665 3767 4721 comesque

2073 4732 2625 4801 Northmannorum,
2687 4734 2848 4789 miles
2898 4736 3217 4792 acerrimus
3284 4738 3634 4803 Tancredus,
3714 4752 3770 4801 et

2073 4821 2175 4890 qui
2213 4820 2422 4875 dicitur
2480 4820 2548 4875 de
2605 4821 2791 4890 prima
2840 4823 3068 4879 civitate
3121 4825 3419 4881 Ricardus.
3479 4827 3767 4883 Podiensis

2072 4915 2263 4963 autem
2297 4906 2593 4974 episcopus
2630 4907 2972 4963 altrinsecus
3012 4924 3042 4963 e
3085 4911 3314 4979 regione
3362 4912 3613 4968 hostium
3668 4928 3766 4981 per

2075 5005 2351 5052 montana
2431 4996 2822 5064 progrediens,
2904 4998 3225 5053 Turcorum
3298 5002 3586 5056 exercitus
3656 5015 3765 5056 am-

2072 5084 2279 5139 biebat.
2315 5082 2568 5139 Sinistra
2614 5084 2784 5138 etiam
2834 5083 2913 5139 illi
2964 5086 3111 5154 parti
3167 5087 3529 5143 Raimundus
3580 5103 3763 5144 comes

2069 5169 2384 5238 adequitat.
2418 5170 2479 5224 In
2509 5170 2711 5227 dextro
2758 5181 2949 5227 autem
3006 5174 3123 5228 dux
3179 5174 3533 5234 Godefridus.
3586 5175 3758 5231 Flan-

2067 5257 2403 5327 drcnsisque
2431 5258 2727 5325 Robertus,
2771 5259 2937 5329 Hugo
2967 5261 3228 5332 Magnus,
3260 5270 3313 5318 et
3344 5262 3566 5332 reliqua
3620 5277 3760 5333 pra-

2063 5352 2279 5413 potens,
2341 5353 2533 5414 utpote
2576 5346 2800 5403 Christo
2876 5357 3337 5418 pugnaturorum
3404 5364 3631 5405 manus.
3713 5350 3757 5405 Ο

2066 5433 2230 5499 bone,
2304 5432 2667 5490 internorum
2724 5436 3003 5506 cognitor,
3065 5438 3234 5504 Deus,
3291 5438 3433 5508 quid
3495 5438 3550 5493 in
3601 5445 3754 5494 tanto

2065 5519 2454 5590 lacrymarum
2484 5521 2589 5578 tibi
2612 5521 2809 5579 fusum
2856 5531 2939 5578 est
2988 5523 3320 5593 apparatu?
3363 5524 3511 5590 Quid
3554 5523 3615 5580 in
3661 5524 3751 5579 illo
