3934 6406
144 351 255 403 725
1291 349 1510 406 GESTA
1548 351 1662 403 DEI
1702 350 1841 405 PER
1881 349 2217 405 FRANCOS.
2243 349 2465 404 —LIB.
2507 349 2598 402 III.
3597 355 3700 407 726

146 481 507 549 procinctu,
565 496 639 537 ex
686 481 943 536 omnium
1005 478 1218 545 animo,
1269 479 1376 549 piae
1429 479 1887 548 compunctionis
1924 481 1971 532 A
2003 479 2393 548 undecunque
2445 479 2676 533 coierat.
2710 477 2870 534 Certe
2907 478 3015 548 ipsi
3051 479 3278 545 Franci,
3322 479 3423 550 qui
3453 494 3512 535 se
3541 487 3700 536 tanto

148 583 218 622 ac
254 569 660 625 confessionis
712 568 980 624 emersit?
1021 569 1088 622 Et
1133 567 1328 636 digna,
1368 573 1428 620 ut
1477 580 1581 634 par
1611 575 1712 633 est,
1753 581 1887 621 con-
1993 567 2251 622 obtulere
2323 566 2663 631 discrimini,
2717 566 2884 636 pleno
2940 581 3037 622 ore
3089 567 3343 622 fatentur
3404 582 3696 638 nusquam

147 657 532 712 sideratione
573 657 704 726 quis
749 663 959 726 penset,
1019 664 1240 724 quanta
1285 654 1565 709 mentium
1606 656 1886 709 teneritu-
1995 655 2195 709 Turcis
2229 655 2339 710 illis
2389 648 2585 716 genus'
2623 655 2924 709 hominum
2983 655 3366 724 comparabile
3409 670 3571 725 posse
3601 671 3702 712 co-

150 744 316 810 dinc,
353 758 433 799 ex
463 745 550 799 tui
581 745 756 800 solius
793 758 910 812 spe,
944 751 1286 798 cunctorum
1341 743 1682 812 generaliter
1715 742 1888 796 corda
1997 743 2212 813 gnosci,
2273 744 2413 798 adeo
2471 751 2706 813 argutos
2778 743 3004 809 animis,
3055 757 3122 797 ac
3179 752 3444 799 strenuos
3502 745 3698 808 armis,

151 833 604 900 pependerint?
679 833 912 902 quantis
962 832 1031 885 ad
1106 839 1175 896 te,
1240 831 1479 896 Christe,
1545 829 1888 886 maeroribus
1997 830 2100 900 qui
2145 832 2315 886 etiam
2366 845 2497 886 cum
2549 832 2607 884 in
2671 830 2852 886 initiis
2903 845 3035 886 cum
3081 830 3160 886 eis
3205 830 3351 886 bello
3394 832 3702 902 conﬂigere

152 919 550 989 singulorum
602 933 968 990 quorumque
1006 919 1242 988 justitiae
1273 925 1375 974 aut
1418 925 1646 987 peccata
1675 917 1888 972 clama-
1995 919 2292 987 coepissent
2341 918 2668 974 eorumden:
2729 919 2982 973 novitate
3025 932 3320 973 armorum
3355 932 3526 987 prope
3566 928 3704 974 sunt

153 1007 402 1062 verint?
469 1009 791 1073 Fleverant,
855 1007 1261 1076 Christumque
1308 1007 1498 1062 adhuc
1551 1006 1658 1074 piis
1705 1005 1887 1074 piissi-
1997 1007 2298 1075 desperati.
2346 1007 2563 1061 Nostris
2605 1007 2757 1061 enim
2820 1007 3115 1075 inexperta
3143 1015 3266 1061 erat
3313 1015 3472 1061 tanta
3500 1021 3702 1062 eorum

155 1110 329 1150 mum
369 1096 644 1164 suspiriis
698 1095 1022 1159 irritabant,
1083 1109 1216 1150 cum
1263 1109 1390 1149 ecce
1447 1094 1635 1148 crucis
1675 1095 1889 1148 frontes
1999 1094 2057 1148 in
2105 1094 2420 1163 equitando
2485 1094 2734 1164 agilitas,
2792 1093 2850 1148 in
2900 1094 3186 1148 evitandis
3232 1102 3558 1149 nostrorum
3607 1095 3702 1149 in-

157 1191 421 1239 cunctas
457 1192 747 1253 praeeunte
780 1183 986 1253 sigillo,
1022 1198 1134 1237 non
1168 1183 1292 1238 dico
1325 1183 1577 1246 leonum,
1606 1181 1700 1235 sed
1732 1181 1888 1251 quod

159 1271 362 1340 magis
441 1272 726 1339 competit,
786 1275 1105 1338 martyrum
1161 1269 1543 1330 animositate,
1595 1266 1889 1322 confertis-

158 1360 350 1413 simos
383 1359 601 1414 vexilla
632 1360 900 1413 feruntur
926 1358 983 1412 in
1019 1359 1225 1412 hostes.

158 1447 304 1501 Mox
338 1447 565 1502 abeunt
587 1447 824 1507 Arabes.
862 1447 1066 1512 Persae,
1099 1446 1389 1514 Turcique
1409 1443 1621 1500 feroces
1650 1459 1662 1497 :

238 1536 402 1590 Ante
437 1535 559 1604 pios
593 1535 808 1604 populi,
843 1543 1002 1604 terga
1031 1534 1234 1588 dedere
1259 1541 1467 1588 truces.

161 1622 255 1677 Fit
289 1622 465 1691 fuga,
494 1622 745 1692 disperse
777 1623 1046 1676 miserum
1077 1621 1433 1690 protenditur
1463 1635 1709 1692 agmen;

234 1709 370 1764 Non
405 1725 571 1765 secus
592 1725 657 1765 ac
690 1711 907 1778 lepores
939 1709 1253 1780 diffugiunt
1287 1709 1524 1764 Arabes.

158 1797 407 1863 Quanta
442 1798 620 1868 fugax
651 1797 827 1853 acies!
865 1798 926 1852 lit
954 1813 1158 1853 eorum
1195 1797 1431 1866 prodiga
1461 1798 1670 1867 caedes;

234 1883 594 1938 Nostrorum
629 1884 802 1954 gladii
839 1884 938 1938 vix
973 1892 1208 1954 potuere
1239 1898 1423 1937 neces.

160 1972 408 2026 Damna
459 1972 644 2026 ferens
694 1972 984 2036 membris,
1032 1973 1318 2041 cujusque
1355 1971 1686 2028 retunditur
1715 1973 1883 2028 ensis.

239 2060 420 2114 Falce
453 2059 609 2114 velut
641 2068 878 2130 segetes,
911 2060 991 2114 sic
1021 2068 1277 2115 resecant
1309 2060 1582 2116 homines.

165 2147 272 2202 Hic
305 2158 510 2216 caput,
547 2147 638 2201 hic
671 2161 858 2213 nares,
895 2147 986 2201 hic
1017 2156 1257 2218 guttura
1283 2155 1531 2214 truncat,
1571 2147 1662 2203 hic
1692 2163 1882 2204 aures.

238 2235 548 2290 Scinditur
573 2235 741 2291 alvus
773 2236 927 2300 huic,
960 2236 1168 2290 obvius
1189 2235 1376 2290 omnis
1409 2237 1527 2290 abit
1561 2233 1683 2307 [al.,

1717 2324 1881 2396 obit].

159 2409 543 2480 Obstupuere
573 2425 799 2477 manus,
831 2411 1137 2481 riguerunt
1168 2411 1404 2466 brachia
1431 2413 1602 2468 caede.

235 2498 428 2554 Nemo
456 2499 677 2568 repellit
705 2514 821 2564 eos,
847 2514 1082 2569 quoque
1111 2499 1321 2554 ferente
1357 2501 1521 2554 mori.

160 2585 394 2656 Nempe
428 2587 808 2642 subinduerat
835 2602 1037 2642 sensus
1069 2587 1342 2641 bebitudo
1377 2587 1659 2656 profanos.

236 2674 568 2743 Excipiunt
598 2676 832 2730 veniens
866 2685 1090 2744 pectora
1115 2690 1264 2730 caeca
1298 2675 1536 2739 malum,

237 2762 354 2832 [X.]
417 2762 721 2816 Poliuntur
774 2762 1012 2817 victoria
1061 2763 1272 2818 Franci
1326 2793 1394 2802 —
1446 2763 1640 2818 Fuisse
1690 2771 1884 2819 autem

159 2865 374 2905 eorum
411 2851 660 2906 hostium
695 2852 795 2920 qui
826 2852 960 2906 victi
992 2851 1220 2906 fuerant
1259 2865 1566 2906 numerum
1597 2852 1884 2922 quadrin-

163 2947 348 3008 genta
412 2939 717 3008 sexaginta
788 2940 971 2994 millia
1031 2941 1296 3005 traditur,
1357 2949 1564 3008 praeter
1627 2941 1879 3006 Arabes;

1996 1182 2267 1236 cursibus
2328 1182 2420 1237 vel
2494 1182 2704 1238 ictibus
2763 1182 2912 1236 mira
2983 1181 3308 1250 pernicitas,
3385 1182 3701 1249 praesertim

1997 1284 2130 1324 cum
2189 1284 2302 1323 non
2348 1269 2566 1325 soleant
2607 1270 2756 1338 ipsas
2800 1269 3056 1324 emittere
3103 1268 3209 1323 nisi
3269 1269 3551 1339 fugaciter
3594 1285 3701 1338 pu-

1999 1357 2233 1426 gnando
2303 1357 2558 1425 sagittas.
2623 1358 2724 1411 Est
2784 1364 2974 1411 autem
3037 1369 3238 1410 eorum
3303 1355 3496 1424 opinio
3545 1357 3700 1425 quod

2001 1445 2353 1499 Francorum
2426 1444 2778 1499 contribules
2856 1443 3123 1510 existant,
3186 1449 3241 1497 et
3314 1457 3431 1512 pra
3482 1446 3702 1500 caeteris

1999 1533 2269 1602 gentibus
2324 1532 2457 1587 solis
2509 1532 2830 1600 specialiter
2879 1530 3086 1586 Turcis
3133 1538 3186 1586 et
3229 1531 3466 1586 Francis
3504 1531 3698 1587 deberi

2000 1619 2245 1674 militare
2277 1619 2590 1689 fastigium.

2652 1705 2885 1762 CAPUT
2937 1706 3034 1762 VI.

2069 1793 2421 1864 [XI.]Igitur
2448 1793 2530 1848 eis
2558 1794 2666 1848 hoc
2713 1793 2880 1848 modo
2931 1793 3198 1861 repulsis,
3243 1801 3298 1849 et
3342 1793 3433 1849 die
3487 1801 3695 1849 noctu-

1997 1895 2111 1950 que
2136 1895 2169 1935 a
2203 1883 2554 1936 Francorum
2587 1880 2727 1935 facie
2772 1880 3174 1951 fugitantibus,
3208 1881 3448 1952 contigit
3474 1881 3697 1947 fducem

1997 1969 2097 2039 qui
2159 1969 2360 2024 Nicaeae
2428 1976 2690 2038 praeerat,
2749 1983 2880 2023 cum
2934 1969 3118 2024 multa
3169 1969 3420 2023 amentia
3481 1970 3697 2024 timoris

1996 2064 2121 2126 post
2165 2057 2336 2111 tinem
2382 2055 2698 2111 obsidionis
2734 2056 3014 2124 elapsum,
3065 2055 3258 2111 decem
3308 2057 3564 2112 millibus
3610 2072 3700 2112 oc-

1995 2159 2227 2200 currere
2281 2145 2562 2211 Arabum,
2612 2143 2704 2199 cui
2743 2144 3054 2213 inquiunt:
3093 2162 3116 2194 α
3143 2144 3374 2200 Minime
3416 2145 3698 2214 gentium,

1995 2233 2372 2302 quamobrem
2430 2233 2509 2286 ita
2557 2232 2762 2287 misere
2822 2231 3134 2286 exterritus
3179 2231 3371 2302 fugis?
3423 2232 3693 2299 Francos,

1995 2321 2094 2385 ait,
2129 2335 2218 2375 me
2280 2320 2507 2389 penitus
2547 2319 2878 2388 dispersisse
2923 2333 2990 2373 ac
3047 2319 3400 2374 interemisse
3450 2327 3697 2388 putave—

1993 2423 2149 2473 ram;
2202 2417 2495 2477 totamque
2545 2421 2746 2462 eorum
2793 2421 3078 2462 summam
3131 2408 3299 2462 rebar
3327 2407 3449 2478 jam
3486 2406 3695 2476 sempi-

1994 2504 2170 2552 ternae
2196 2496 2514 2564 captivitati
2549 2495 2838 2560 traditam,
2871 2504 2927 2550 et
2971 2495 3108 2549 dum
3159 2509 3255 2549 eos
3287 2495 3565 2564 paulatim
3597 2509 3698 2564 per

1993 2583 2319 2653 manipulos
2366 2584 2740 2638 adventantes
2780 2589 2836 2638 et
2883 2591 3124 2648 turmas,
3177 2582 3560 2637 subacturum
3606 2595 3696 2637 me

1992 2673 2232 2736 aestimo,
2267 2680 2322 2726 et
2351 2672 2410 2726 in
2464 2679 2688 2726 exteras
2731 2671 2933 2740 ligatos
2982 2678 3162 2724 terras
3211 2669 3515 2734 abducere,
3560 2676 3697 2723 tunc

1992 2760 2184 2817 subito
2216 2768 2331 2814 tam
2381 2759 2674 2814 numerosi
2722 2772 3041 2828 apparuere
3064 2757 3351 2812 exercitus
3389 2765 3452 2811 ut
3481 2755 3696 2824 campis

1992 2857 2047 2904 et
2095 2847 2387 2902 montibus
2427 2861 2628 2901 eorum
2660 2845 3049 2901 multitudinis
3083 2845 3420 2899 enormitate
3446 2843 3692 2912 repletis,

1993 2949 2286 3006 nusquam
2318 2936 2390 2990 ab
2433 2948 2631 2989 eorum
2676 2934 3011 3003 frequentiis
3042 2941 3370 2988 nostrarum
3404 2932 3697 2986 videretur

161 3040 434 3095 quorum
488 3025 628 3081 adeo
667 3029 916 3082 enormis
955 3028 1172 3082 exstitit
1229 3028 1528 3096 pluralitas
1589 3037 1652 3083 ut
1699 3028 1886 3083 omnis
1923 3045 1964 3100 ρ
1993 3024 2293 3094 regionum
2324 3030 2475 3078 terra
2523 3035 2749 3076 vacare.
2788 3042 2810 3068 ι
2861 3019 3260 3088 Captivitatem
3292 3033 3468 3088 quam
3495 3020 3696 3075 asserit

160 3128 374 3169 eorum
428 3115 708 3170 hebetarit
736 3123 959 3170 nostros
993 3115 1303 3185 quantitas.
1341 3117 1598 3172 Primum
1625 3117 1879 3186 quidem,

161 3203 539 3257 conclamata
582 3203 974 3271 desperatione
1014 3203 1234 3268 salutis,
1283 3204 1353 3258 ad
1386 3219 1492 3258 sua
1536 3218 1712 3274 quam
1746 3219 1881 3273 pro—

160 3304 302 3359 pere
330 3290 540 3358 trepidi
583 3293 824 3346 tentoria
859 3292 1135 3360 tendunt;
1191 3291 1388 3361 ibique
1435 3307 1564 3362 quae
1615 3309 1730 3362 prae
1767 3306 1884 3348 ma-

163 3379 350 3435 nibus
411 3379 665 3434 habuere
721 3379 1016 3448 correptis,
1078 3379 1426 3450 diffugiunt;
1485 3388 1718 3451 totaque
1763 3395 1882 3436 una

164 3466 259 3521 die
311 3467 500 3522 nostri
555 3481 651 3521 eos
689 3467 1096 3522 instantissime
1169 3477 1615 3538 persequuntur.
1675 3470 1880 3539 Spoliis

164 3553 374 3624 itaque
417 3555 527 3610 illis
579 3555 978 3610 recedentibus
1037 3555 1363 3611 farciuntur
1406 3558 1635 3626 ereptis,
1672 3565 1726 3611 et
1757 3565 1880 3626 post

165 3641 516 3698 innumeras
567 3643 924 3712 sanguinum
985 3643 1255 3710 fusiones,
1309 3644 1546 3712 copiosae
1601 3646 1876 3713 pecuniae,

168 3731 563 3798 pretiosarum
631 3731 898 3795 vestium,
952 3733 1357 3799 pecuariorum
1419 3732 1699 3800 plurium,
1753 3747 1884 3802 quae

169 3819 431 3874 tulerant
460 3819 784 3888 fugacibus,
818 3819 1020 3874 solatio
1050 3820 1368 3887 potiuntur.
1399 3820 1486 3874 Ab
1521 3821 1660 3874 hora
1685 3829 1876 3876 autem

171 3908 344 3961 tertia
396 3922 580 3976 usque
636 3907 695 3961 in
751 3907 950 3962 horam
1000 3920 1210 3961 nonam
1257 3906 1434 3975 hujus
1485 3921 1714 3976 pugnae,
1767 3908 1880 3962 imo

171 3993 582 4051 internecionis
647 3996 925 4061 Arabica,
1002 3994 1266 4063 flagravit
1339 3995 1688 4050 incendium.
1755 3995 1878 4050 Duo

172 4095 310 4138 vero
358 4097 432 4138 ex
492 4084 702 4138 nostris
761 4082 1062 4138 reverendi
1117 4081 1368 4136 nominis
1425 4096 1705 4151 proceres,
1757 4084 1876 4138 Jos-

173 4168 373 4227 frcdus
403 4172 638 4240 quidam
671 4171 740 4226 de
779 4171 965 4226 Monte
997 4169 1262 4226 Scabioso
1304 4185 1587 4240 agnomen
1634 4170 1874 4236 habens,

173 4264 227 4310 et
285 4258 647 4324 Guillelmus,
720 4259 789 4313 de
843 4272 958 4328 quo
1017 4271 1196 4326 supra
1256 4257 1531 4324 diximus,
1599 4257 1873 4313 Tancredi

175 4343 374 4406 frater,
408 4346 620 4416 aliique
660 4359 838 4416 quam
865 4345 1117 4414 plurimi,
1153 4359 1405 4415 quorum
1439 4345 1670 4400 nomina
1702 4346 1878 4400 solius

177 4432 274 4488 Dei
326 4435 542 4490 notitiae
590 4443 726 4489 sunt
774 4434 1008 4499 credita,
1061 4433 1268 4489 ibidem
1313 4423 1730 4488 occubuerunt.
1777 4434 1880 4490 Hic

177 4522 365 4590 plane,
426 4523 520 4578 hic
563 4524 899 4592 experimur
958 4522 1188 4578 virtutis
1243 4522 1553 4578 Chistianae
1603 4522 1874 4592 insignia,

174 4617 227 4665 et
256 4612 397 4667 dum
436 4611 556 4666 haec
599 4625 916 4680 paucorum
967 4625 1099 4665 cum
1158 4609 1478 4666 innumeris
1519 4609 1666 4665 bella
1698 4611 1878 4666 mira—

176 4712 311 4755 mur
355 4699 626 4769 imparia;
663 4707 843 4754 totum
901 4697 1220 4754 necessario
1256 4698 1466 4753 referre
1514 4698 1776 4768 cogimur
1805 4699 1878 4754 ad

176 4785 383 4844 Christi
418 4788 596 4843 solius
641 4787 878 4842 auxilia.
910 4787 965 4841 Si
1020 4786 1172 4842 enim
1218 4787 1286 4842 de
1338 4787 1425 4841 his
1472 4789 1571 4856 qui
1620 4788 1878 4844 nondum

177 4887 211 4928 a
243 4878 357 4932 Deo
385 4875 743 4932 desciverant
771 4875 1004 4941 Iudaeis,
1064 4874 1275 4930 dicitur
1307 4875 1363 4928 in
1412 4876 1584 4930 veteri
1618 4876 1829 4944 pagina
1862 4891 1874 4930 :

178 4966 320 5032 quia
353 4987 374 5013 ι
421 4964 872 5034 persequebatur
914 4976 1070 5018 unus
1131 4962 1285 5017 mille
1336 4970 1391 5018 et
1433 4963 1547 5018 duo
1600 4963 1882 5033 fugabant

179 5051 372 5108 decem
412 5053 591 5108 millia
631 5052 809 5122 (Deut.
863 5065 1044 5116 xxxu,
1079 5052 1201 5118 30);
1232 5071 1253 5097 ι
1307 5064 1421 5104 non
1453 5049 1646 5104 minus
1671 5052 1739 5104 de
1773 5051 1879 5106 hac

180 5139 321 5194 mihi
387 5139 615 5194 videtur
692 5135 1056 5192 sentiendum
1130 5133 1388 5199 victoria,
1468 5133 1568 5188 ubi
1629 5133 1878 5188 hominis

181 5239 416 5294 prorsus
474 5225 792 5296 ingenium,
841 5237 960 5292 qua
997 5230 1119 5278 arte
1165 5235 1199 5277 a
1247 5221 1484 5276 tantillis
1543 5221 1880 5276 innumera-

181 5311 320 5368 biles
364 5312 552 5368 evinci
613 5311 890 5380 valerent,
923 5325 1048 5380 spes
1093 5318 1148 5365 et
1176 5309 1476 5365 aestimatio
1525 5309 1722 5364 defecit
1763 5309 1878 5364 hu—

183 5414 372 5458 mana.

250 5491 356 5546 Sed
389 5487 628 5546 forsitan
673 5485 866 5556 quivis
907 5485 1187 5557 objectat:
1220 5484 1456 5540 Rustica
1497 5499 1704 5540 manus
1733 5491 1875 5548 erat,

180 5581 233 5628 et
277 5574 686 5646 gregariorum
760 5572 1006 5628 militum
1066 5573 1424 5642 peripsema,
1471 5577 1619 5626 393
1666 5572 1873 5641 passim

1992 3114 2222 3178 factam,
2271 3112 2345 3167 ad
2398 3111 2713 3166 exercitum
2787 3109 3054 3165 convenit
3105 3109 3251 3164 Petri
3308 3109 3558 3164 eremitze
3597 3123 3693 3164 re-

1991 3201 2160 3268 ferre,
2226 3207 2559 3269 sequentem
2626 3212 2762 3253 vero
2821 3197 3251 3252 multitudinem
3308 3196 3380 3251 ad
3431 3211 3526 3252 eos
3590 3196 3692 3266 qui

1990 3289 2192 3344 urbem
2225 3302 2412 3357 nuper
2463 3288 2743 3357 subegere
2790 3285 3013 3341 Nicmae.
3048 3309 3068 3334 ι
3103 3288 3249 3341 Cum
3278 3299 3434 3354 ergo,
3481 3284 3688 3353 inquit,

1989 3385 2070 3433 tot
2117 3377 2464 3446 populorum
2512 3375 2783 3431 examina
2819 3374 3161 3429 vidissemus
3207 3382 3262 3428 et
3312 3373 3494 3427 instar
3531 3387 3690 3443 sege-

1988 3473 2110 3521 tum
2142 3479 2355 3520 cuneos
2393 3464 2831 3527 crebrescentes,
2862 3462 2966 3532 qui
2999 3475 3295 3517 armorum
3316 3473 3689 3530 nequaquam

1987 3553 2314 3610 defensione
2369 3552 2864 3622 praesumpsimus,
2915 3565 3021 3606 nec
3065 3550 3220 3605 enim
3262 3557 3450 3604 tutum
3506 3549 3691 3603 fuerat

1988 3651 2227 3697 mortem
2259 3643 2588 3712 contiguam
2625 3640 3000 3703 evadendam,
3058 3638 3147 3693 vel
3187 3637 3325 3707 pede
3355 3636 3688 3692 'adminicu-

1989 3730 2143 3784 lante
2191 3729 2544 3785 censuimus.
2596 3729 2778 3793 Unde,
2822 3728 3019 3793 fateor,
3064 3726 3166 3782 etsi
3213 3725 3435 3792 remoti,
3477 3739 3550 3780 ex
3588 3739 3690 3779 eo-

1987 3832 2142 3882 rum,
2188 3832 2333 3886 quos
2383 3818 2654 3884 vidimus,
2705 3817 2830 3872 dira
2869 3815 3261 3870 recordatione
3301 3813 3685 3877 concutimur,

1989 3906 2297 3974 adhucque
2329 3905 2397 3960 de
2444 3912 2700 3974 experta,
2733 3905 2863 3958 licet
2909 3903 2980 3956 ad
3015 3909 3387 3967 momentum,
3433 3902 3686 3970 ipsorum

1988 3993 2275 4049 ferocitate
2330 3993 2615 4047 timemus.
2651 3989 2810 4056 Quod
2849 3990 2896 4044 si
2945 3997 3000 4044 et
3041 4003 3142 4043 vos
3193 4003 3332 4043 meae
3381 3988 3688 4055 experien—

1990 4081 2079 4137 tiae
2110 4079 2276 4134 ﬁdem
2311 4079 2563 4148 praebere
2601 4077 2837 4144 velletis,
2894 4076 3032 4131 huic
3066 4091 3242 4145 quam
3289 4088 3526 4143 propere
3567 4075 3686 4128 loco

1987 4168 2300 4224 cederetis:
2336 4168 2475 4237 quia
2505 4166 2550 4222 si
2585 4181 2686 4222 vos
2723 4179 2922 4221 eorum
2966 4178 3174 4218 manus
3212 4162 3504 4232 contingat
3538 4162 3685 4216 inci—

1989 4254 2140 4321 dere,
2194 4254 2539 4324 multiplices
2591 4253 2712 4309 sine
2753 4253 2929 4308 dubio
2978 4260 3182 4307 vestrae
3232 4248 3685 4318 improvidentiae

1917 4331 1960 4384 D
1986 4343 2270 4399 constabit
2322 4357 2518 4413 paenas
2573 4357 2674 4397 vos
2716 4341 2892 4396 luere.
2930 4363 2950 4388 ι
2991 4341 3122 4395 Haec
3153 4339 3230 4394 illi
3281 4338 3599 4402 audientes,
3631 4343 3686 4391 et

1987 4431 2334 4486 credendum
2393 4432 2720 4501 judicantes
2782 4428 3054 4498 expertis,
3115 4433 3414 4483 verterunt
3475 4424 3686 4479 celeres

1987 4527 2196 4574 cuncta
2244 4527 2581 4587 retrorsum,
2631 4525 2685 4574 et
2742 4532 2841 4587 per
2887 4518 3222 4571 universam
3254 4527 3374 4568 sese
3405 4512 3684 4567 diffudere

1987 4606 2345 4662 Romaniam.

2058 4695 2228 4765 [XIL]
2308 4693 2597 4748 Simulant
2644 4691 2812 4748 Turci
2863 4693 3118 4746 Francos
3169 4686 3459 4752 derisisse,
3536 4683 3686 4737 unde

1984 4782 2144 4837 intra.
2184 4783 2349 4838 urbes
2387 4780 2632 4836 admissi
2660 4783 3025 4852 grassantur,
3066 4775 3464 4848 diripiuntque
3503 4772 3683 4827 eccle-

1983 4870 2125 4924 sias.
2157 4900 2226 4909 --
2256 4870 2480 4925 Interea
2509 4884 2540 4924 e
2567 4869 2804 4939 vestigio
2846 4867 3116 4937 fugitivos
3145 4865 3360 4919 Turcos
3410 4859 3684 4927 subsequi

1987 4959 2271 5015 curabant
2313 4957 2532 5022 nostri;
2578 4956 2956 5026 praecedentes
2983 4961 3176 5009 autem
3210 4950 3312 5018 illi,
3338 4949 3476 5004 dum
3514 4947 3686 5002 urbes

1985 5055 2041 5103 et
2069 5055 2259 5102 castra
2312 5052 2734 5114 pertranseunt,
2784 5058 2904 5099 sese
2949 5043 3200 5097 Francos
3240 5039 3442 5093 vicisse
3476 5035 3680 5105 passim

1979 5133 2295 5206 jactitando
2344 5131 2610 5198 efferunt,
2667 5132 2864 5200 sicque
2912 5139 3080 5186 terrae
3135 5126 3505 5190 habitatores,
3567 5136 3686 5192 qua

1988 5223 2168 5289 ibant,
2227 5221 2604 5277 mendacibus
2658 5220 2850 5275 verbis
2902 5218 3190 5275 eludunt:
3241 5238 3262 5264 ι
3319 5214 3451 5278 Nos,
3497 5213 3682 5276 aiunt,

1985 5311 2222 5382 agmina
2250 5310 2573 5367 Christiana
2618 5310 2958 5378 repulimus,
2998 5307 3196 5376 eisque
3221 5303 3394 5359 totius
3423 5300 3686 5365 deinceps

1988 5412 2196 5453 ausum
2250 5395 2668 5466 congressionis
2725 5394 3089 5450 abstulimus.
3141 5392 3344 5460 Itaque
3395 5403 3498 5443 nos
3537 5385 3686 5441 intra

1990 5485 2161 5541 urbes
2207 5493 2426 5539 vestras
2477 5482 2774 5545 admittite,
2808 5489 2863 5537 et
2911 5487 3207 5551 gratanter
3231 5493 3324 5533 eos
3359 5476 3460 5546 qui
3493 5480 3684 5529 tanto-

1990 5587 2121 5642 pere
2153 5587 2254 5627 vos
2289 5578 2524 5626 tuentur
2568 5569 2834 5640 excipite.
2873 5592 2892 5615 -
2925 5569 3194 5624 Civitates
3235 5579 3372 5635 ergo
3416 5561 3681 5633 ingressi,
