3934 6416
281 385 392 442 727

1192 384 1255 438 V.
1296 381 1624 439 GUIBERTI
1666 382 1956 439 ABBATIS
1993 383 2049 439 S.
2093 382 2333 437 MARIE
2370 381 2463 437 DE
2502 381 2886 438 NOVIGENTO

3689 384 3788 438 728

271 513 644 571 ecclesiarum
680 511 1027 582 diripiebant
1055 520 1314 579 ornatus,
1361 512 1727 583 publicarum
1759 512 1971 569 aedium
2008 512 2058 567 A
2089 513 2480 585 indignatione
2512 514 2742 582 refutat,
2766 513 2906 570 dum
2935 511 3042 569 sibi
3068 519 3124 568 et
3151 511 3402 568 civitatis
3440 511 3783 577 dominium,

273 602 596 673 spoliabant
626 601 835 672 copias,
869 614 1083 657 aurum
1128 608 1577 671 argentumque,
1631 600 1844 656 dlversi
1873 615 1975 671 ge-

275 690 430 748 neris
478 688 775 757 animalia,
813 696 869 745 et
915 690 961 744 si
994 702 1112 759 qua
1166 695 1555 758 suppeterent,
1597 688 1817 758 eripere
1847 702 1975 744 mo-

273 778 566 834 liebantur
593 776 779 833 utilia.
814 776 902 832 Ad
962 776 1069 831 hoc.
1097 777 1267 831 etiam
1320 790 1584 845 quosque
1614 775 1975 831 Christiano—

275 878 407 921 rum
470 864 616 919 filios
673 877 773 934 pro
821 864 1122 933 mancipiis
1164 863 1545 929 abducebant,
1596 872 1802 918 caetera
1845 878 1976 933 quae

275 952 471 1007 minus
512 950 720 1020 praedm
775 950 1066 1019 patebant,
1106 949 1389 1005 incendiis
1437 949 1828 1016 absumentes,
1868 949 1977 1005 ad-

275 1045 513 1094 ventum
560 1037 903 1093 nostratium
939 1050 1162 1106 semper
1206 1037 1514 1105 praeeundo
1553 1043 1831 1092 verentes.
1865 1036 1978 1091 Hos

276 1125 528 1195 denique
572 1123 842 1193 profanos
890 1138 989 1192 per
1040 1123 1417 1179 solitudinum
1453 1123 1634 1179 nostri
1681 1124 1813 1178 avia
1854 1122 1976 1177 dis-

278 1212 588 1282 quirentes,
649 1219 859 1268 terram
917 1212 1200 1267 desertam
1258 1210 1476 1265 inviam
1523 1218 1579 1266 et
1634 1211 1975 1281 inaquosam

277 1300 642 1355 intraverunt
677 1298 866 1368 (Ρεαι.
930 1314 1064 1365 ιχιι,
1121 1298 1194 1369 3),
1249 1298 1319 1353 de
1361 1312 1480 1369 qua
1525 1299 1623 1353 vix
1666 1297 1976 1353 miserandi

276 1394 649 1443 emerserunt.
727 1386 872 1442 Hinc
942 1386 1128 1451 famis,
1206 1386 1338 1441 inde
1415 1386 1538 1441 sitis
1601 1386 1977 1455 agitabantur

276 1476 491 1545 inopia,
540 1474 801 1545 nihilque
858 1474 1149 1544 pertinens
1175 1474 1299 1529 esui
1335 1480 1553 1543 poterat
1580 1473 1836 1542 reperiri,
1867 1472 1976 1528 nisi

277 1563 431 1630 quod
492 1562 790 1632 spicarum
841 1561 1252 1618 confricatione
1316 1560 1624 1630 aliquoties
1669 1560 1977 1615 videbatur

276 1647 525 1703 crudelis
573 1648 762 1703 inedia
822 1648 1150 1717 temperari.
1208 1646 1422 1702 Ibidem
1463 1645 1656 1715 plures
1696 1646 1977 1715 equestris

276 1734 433 1790 viros
475 1736 772 1806 dignitatis
820 1742 1039 1791 constat
1088 1734 1288 1799 obisse,
1323 1734 1463 1789 dum
1502 1734 1855 1790 desertorum
1887 1734 1975 1790 in-

278 1822 518 1878 solentia
537 1798 735 1877 “vitam
788 1822 957 1892 equis
1016 1821 1311 1889 adimeret,
1364 1821 1750 1891 itinerumque
1789 1821 1977 1892 impa—
2016 1798 2058 1853 Β

278 1909 478 1963 tientia
531 1908 801 1964 delicatos
867 1908 1191 1978 perimeret.
1267 1908 1423 1963 Unde
1486 1908 1683 1973 boves,
1757 1921 1978 1977 capros,

279 1997 502 2062 arietes,
534 2005 608 2063 et,
638 1996 792 2066 quod
839 1997 1053 2052 mirum
1102 1996 1286 2067 magis
1331 2004 1434 2060 est,
1466 2010 1638 2052 canes
1665 1997 1982 2068 sagmarios

280 2091 420 2139 tunc
450 2083 592 2149 ﬁeri,
624 2098 907 2154 equorum
967 2084 1487 2154 vehiculorumque
1521 2084 1759 2153 grandis
1800 2084 1982 2154 coegit

279 2177 539 2241 egestas;
600 2171 689 2226 his
736 2172 888 2227 enim
941 2170 1210 2226 omnibus
1257 2185 1360 2241 pro
1410 2172 1644 2227 modulo
1692 2172 1979 2242 impertie-

281 2258 498 2314 bantur
528 2259 615 2314 vel
646 2259 1082 2329 qualescunque
1118 2258 1457 2314 sarcinulas.

357 2344 555 2399 Turcis
597 2345 852 2416 expulsi:
905 2344 1168 2399 Iconium
1216 2344 1619 2416 ingrediuntur
1650 2344 1885 2400 Franci.
1913 2374 1984 2388 —

283 2432 509 2489 Exinde
565 2433 897 2502 opulentam
947 2447 1020 2488 ex
1076 2433 1166 2488 his
1203 2446 1336 2503 quae
1394 2433 1524 2488 usui
1575 2440 1836 2501 prosunt,
1889 2447 1984 2488 eos

283 2520 524 2592 contigit
554 2521 790 2576 introire
812 2520 1202 2590 provinciam;
1248 2520 1681 2591 attigeruntque
1725 2520 1982 2577 Iconium

284 2608 593 2675 civitatem,
662 2607 824 2665 Pauli
875 2608 1111 2677 apostoli
1169 2606 1471 2663 tolerantia
1513 2615 1568 2663 et
1622 2609 1849 2678 scriptis
1903 2609 1985 2663 in-

284 2695 529 2767 signem.
573 2699 673 2751 Ast
712 2695 1091 2765 provinciales
1135 2694 1523 2751 admonebant
1552 2696 1984 2765 praemuniendo

285 2790 530 2852 nostros,
583 2790 647 2839 ut
695 2796 880 2852 aquas
918 2782 1148 2838 utribus
1196 2783 1493 2853 impositas
1553 2797 1747 2839 secum
1801 2784 1984 2840 defer-

286 2877 432 2937 rent,
461 2870 601 2940 quia
644 2870 756 2926 dici
788 2869 962 2926 unius
1008 2870 1228 2938 itinere,
1257 2870 1404 2926 nihil
1437 2885 1725 2942 aquarum
1756 2871 1985 2941 penitus

287 2958 654 3026 reperiretur.
725 2958 811 3013 Ita
863 2972 1000 3029 ergo
1055 2957 1253 3026 fecere,
1315 2959 1495 3015 donec
1553 2960 1625 3015 ad
1679 2959 1984 3030 cujusdam

286 3059 446 3101 oram
496 3046 757 3101 ﬂuminis
800 3045 1099 3102 devenere.
1149 3047 1354 3118 Ibique
1388 3061 1488 3116 per
1512 3047 1754 3104 biduum
1790 3048 1981 3118 hospi-

290 3133 368 3189 tia
426 3147 735 3201 sumpsere.
800 3134 1126 3190 Przeeuntes
1169 3135 1366 3205 itaque
1413 3135 1513 3205 qui
1562 3149 1987 3204 prmcursorum

286 3218 472 3276 ofﬁcio
498 3220 913 3292 fungebantur,
945 3236 1254 3292 pervenere
1289 3222 1614 3290 Erachiam,
1642 3223 1741 3278 ubi
1767 3223 1989 3278 Turco-

289 3320 417 3361 rum
456 3308 705 3376 plurima
744 3307 999 3377 phalanx
1029 3309 1423 3378 agglomerata
1452 3310 1681 3377 coierat,
1716 3308 1771 3363 id
1803 3308 1989 3364 solum

291 3394 645 3463 praestolans,
713 3395 1000 3465 quomodo
1060 3395 1270 3451 Christi
1337 3396 1595 3451 valerent
1652 3395 1990 3465 perturbare

292 3481 584 3551 militiam;
628 3496 775 3551 quos
835 3482 1017 3537 nostri
1081 3481 1371 3549 invenere,
1429 3491 1485 3538 et
1535 3482 1701 3538 solita
1747 3482 1991 3538 audacia

292 3569 564 3638 intrepidi
636 3581 958 3638 pervasere.
1005 3570 1203 3624 Hostes
1258 3583 1396 3624 vero
1455 3569 1624 3625 celeri
1678 3570 1993 3627 elabuntur

293 3653 455 3726 fuga.

365 3742 490 3798 Non
524 3756 688 3798 secus
718 3755 787 3796 ac
817 3741 987 3798 missa
1011 3742 1174 3813 jactu
1204 3743 1438 3800 Baleare
1465 3744 1696 3815 sagitta.

367 3828 573 3901 Lapsi:
606 3829 669 3883 in
689 3830 906 3901 fugam
948 3829 1146 3884 Turcis
1192 3831 1445 3886 Tarsum
1462 3832 1616 3886 ultro
1645 3831 1795 3887 cives
1842 3832 1993 3888 Tan-

294 3918 463 3973 credo
515 3917 747 3973 dedunt.
792 3920 944 3973 Item
998 3919 1282 3974 Athenam
1323 3924 1379 3974 et
1408 3919 1799 3975 Mamislram.
1830 3951 1899 3960 —
1928 3922 1992 3977 In

298 4007 501 4063 urbem
529 4020 685 4079 ergo,
713 4006 833 4078 jam
863 4007 1041 4063 libero
1072 4014 1299 4077 patente
1327 4008 1509 4076 aditu,
1543 4009 1720 4064 nostri
1754 4009 1989 4078 intrant,

299 4103 668 4166 quatuorque
715 4109 974 4151 mansere
1022 4095 1225 4151 diebus
1267 4095 1493 4151 ibidem.
1546 4096 1633 4152 Ibi
1662 4098 1993 4153 Tancredus

300 4184 616 4240 Boemundi
661 4197 858 4252 nepos,
906 4190 961 4238 et
999 4182 1317 4238 Balduinus
1369 4183 1532 4239 ducis
1556 4184 1842 4240 Godefridi
1872 4185 1995 4241 fra-

301 4278 405 4339 ter,
452 4285 568 4327 non
608 4269 849 4341 diffugio
907 4270 1145 4337 militiae,
1186 4271 1284 4326 sed
1333 4272 1661 4328 animorum
1706 4273 1992 4343 acredine,

300 4359 375 4415 ab
405 4358 694 4415 exercitus
725 4357 1102 4414 contubernio
1127 4358 1386 4430 digressi,
1415 4360 1624 4416 vallem
1656 4361 1991 4431 quamdam,

303 4460 480 4517 quam
530 4446 835 4502 Botentroh
890 4446 1144 4503 vocitant
1187 4461 1254 4503 ea
1284 4447 1503 4519 lingua,
1539 4456 1675 4505 sunt
1734 4449 1991 4520 ingressi.

302 4533 633 4590 Tancredus
680 4534 909 4604 itaque,
969 4533 1053 4590 uti
1099 4542 1222 4591 erat
1267 4537 1545 4593 consortis
1590 4537 1914 4607 impatiens,
1963 4551 1998 4593 a

303 4623 541 4693 praefato
601 4621 775 4678 etiam
840 4622 1005 4678 ducis
1052 4622 1228 4679 fratre
1283 4623 1585 4693 dividitur,
1636 4625 1997 4695 Tarsumque

299 4710 562 4782 specialis
620 4710 858 4780 apostoli
913 4711 1090 4767 nostri
1145 4711 1439 4767 adoranda
1490 4711 1787 4769 nativitate
1852 4728 1995 4782 prai-

304 4799 511 4868 cluem,
541 4813 674 4855 cum
722 4804 872 4854 394
906 4800 1028 4855 suis
1059 4800 1417 4871 aggreditur.
1438 4801 1609 4857 Turci
1636 4814 1709 4856 ex
1737 4800 1882 4856 urbe
1904 4801 1999 4857 ob-

304 4887 382 4943 vii
412 4888 861 4944 adventantibus
885 4888 963 4943 ad
990 4888 1140 4944 bella
1169 4888 1502 4957 prosiliunt;
1538 4889 1633 4944 sed
1666 4888 2000 4944 imminente

304 4989 612 5043 concursu,
669 4976 741 5032 ad
799 4976 963 5032 urbis
1013 4977 1083 5033 de
1112 4990 1231 5047 qua
1277 4977 1609 5046 prodierant
1641 4977 1999 5032 munimenta

306 5061 625 5132 refugiunt.
701 5063 1033 5118 Tancredus
1095 5077 1251 5131 vero,
1330 5064 1578 5120 admisso
1634 5071 1758 5133 post
1812 5064 2001 5120 hostes

307 5162 477 5218 equo,
538 5156 760 5218 portam
811 5150 972 5205 urbis
1034 5159 1353 5207 castrorum
1414 5166 1657 5207 suorum
1725 5151 2001 5222 positione

308 5234 607 5293 conclusit.
651 5236 766 5291 Nec
820 5249 1001 5301 mora,
1052 5236 1370 5295 Balduinus
1421 5239 1752 5304 adveniens,
1801 5239 1872 5295 ad
1900 5237 2000 5293 ob-

308 5322 586 5379 sidionem
630 5321 878 5379 civitatis
930 5323 1110 5393 ipsius
1165 5325 1503 5383 altrinsecus
1551 5334 1606 5382 et
1658 5326 1778 5395 ipse
1803 5340 2001 5382 conse-

309 5410 420 5479 dit;
451 5417 506 5467 et
530 5410 893 5467 Tancredum
942 5412 1265 5482 expostulat
1316 5422 1379 5470 ut
1425 5413 1716 5482 capiendis
1753 5413 2003 5469 civitatis

311 5498 673 5569 participium
747 5497 1061 5570 indulgeat,
1118 5514 1294 5569 quam
1349 5514 1454 5556 suo
1500 5513 1696 5557 secum
1741 5501 2001 5557 exercitu

310 5584 696 5643 collaborante
731 5593 1004 5657 capessat.
1060 5586 1222 5655 Quod
1250 5587 1581 5645 Tancredus
1609 5587 1795 5645 multa
1823 5586 2003 5644 animi

2083 608 2139 657 et
2170 602 2424 657 victoria:
2455 600 2704 672 insignia
2733 614 3007 672 arrogare
3038 601 3341 657 desiderat.

2152 690 2277 745 Nox
2326 690 2520 760 itaque
2577 690 2929 759 supervenit,
2981 697 3036 746 et
3064 691 3343 746 Turcorm
3393 689 3629 760 vulgus,
3678 690 3785 746 ob-

2083 777 2319 832 sidionis
2356 777 2680 847 impatiens,
2744 793 2848 833 nec
2892 778 3020 848 ejus
3052 778 3155 847 qui
3198 777 3498 833 obsederat
3526 778 3784 846 pertina-

2083 865 2184 919 ciae
2210 872 2263 921 et
2290 865 2521 921 virtutis
2566 866 2858 935 ignarum,
2894 866 3233 921 universum
3262 879 3494 934 prorsus
3531 864 3778 935 aufugit.

2083 951 2304 1018 Quibus
2337 952 2416 1007 ita
2454 954 2719 1018 extrusis,
2758 954 2830 1006 liii
2868 953 2968 1021 qui
3028 953 3087 1007 in
3136 953 3279 1008 urbe
3319 952 3778 1019 commanehant,

2086 1040 2266 1109 ipsius
2317 1039 2566 1108 profecto
2621 1046 2787 1095 terrae
2856 1039 3115 1110 gentiles,
3177 1039 3515 1095 Christianae
3567 1039 3782 1095 scilicet

2082 1125 2331 1181 hominis
2376 1126 2735 1193 conditionis,
2769 1127 2827 1182 in
2850 1127 2969 1197 ipsa
3000 1126 3215 1195 egressi
3254 1127 3326 1182 ad
3347 1134 3569 1182 nostros
3596 1134 3779 1193 nocte,

2082 1213 2483 1269 conclamant:
2524 1237 2545 1263 ι
2594 1213 2818 1281 Franci,
2867 1214 3160 1283 inquiunt,
3216 1219 3505 1268 maturate
3556 1213 3781 1283 ingredi

2081 1300 2392 1366 civitatem,
2452 1302 2592 1369 quia
2650 1300 2987 1371 alienigenae
3043 1299 3376 1370 diffugiunt.
3437 1301 3501 1354 ln
3556 1306 3783 1355 tantum

2081 1397 2284 1445 vestrae
2332 1388 2682 1444 fortitudinis
2736 1402 3046 1458 concepere
3110 1386 3462 1443 timorem!»
3530 1391 3630 1443 Ast
3679 1386 3784 1443 ubi

2082 1476 2284 1543 eluxit,
2318 1475 2423 1531 loci
2457 1475 2638 1545 ipsius
2689 1476 2967 1545 primores
3021 1474 3222 1530 urbem
3261 1473 3414 1530 ultro
3459 1474 3698 1541 dedunt,
3727 1480 3786 1530 et

2083 1563 2194 1630 his,
2252 1577 2398 1633 quos
2437 1577 2613 1632 super
2652 1562 2779 1632 ejus
2840 1562 3091 1618 dominio
3134 1563 3334 1632 jurgia
3380 1571 3597 1619 motare
3640 1576 3787 1617 com-

2083 1658 2368 1720 pererant,
2401 1650 2566 1706 aiunt
2598 1666 2612 1704 :
2652 1672 2673 1699 ι
2709 1650 2877 1706 Illum
2918 1652 3083 1706 nobis
3116 1651 3415 1720 prmsidere
3455 1650 3785 1721 deligimus,

2085 1750 2259 1806 quem
2288 1750 2420 1793 cum
2450 1736 2652 1793 Turcis
2684 1738 2822 1793 adeo
2846 1739 3058 1794 ‘acriter
3086 1740 3349 1795 hesterno
3374 1739 3555 1810 egisse
3573 1752 3788 1808 cogno-

2087 1824 2299 1879 vimus.
2335 1845 2365 1873 ››
2411 1823 2627 1881 Verum
2680 1824 3018 1890 Balduinus,
3068 1826 3360 1880 Tancredo
3409 1824 3787 1895 pervicaciter

2089 1909 2328 1976 instans,
2381 1909 2666 1967 civitatem
2738 1925 2932 1967 secum
2976 1911 3189 1980 pariter
3239 1912 3650 1967 cohortabatur
3696 1910 3787 1965 in-

2088 2000 2261 2060 trare,
2290 2002 2347 2051 et
2394 2004 2566 2064 prout
2605 1997 2816 2067 cuique
2862 1997 3104 2053 facultas
3148 1997 3369 2064 inesset,
3426 1998 3619 2067 spoliis
3647 1996 3792 2053 diri-

2091 2083 2311 2151 piendis
2364 2082 2643 2140 insistere.
2677 2088 2747 2140 At
2789 2085 3119 2140 Tancredus
3175 2098 3288 2139 non
3322 2085 3642 2141 inconsulte
3695 2099 3787 2141 re-

2090 2168 2241 2225 fert:
2281 2193 2302 2220 ι
2339 2172 2400 2226 Id
2455 2186 2513 2228 se
2566 2172 2776 2228 habere
2838 2172 3127 2242 propositi,
3180 2172 3526 2243 impugnare
3581 2173 3786 2244 utique

2088 2257 2320 2321 Turcos,
2356 2271 2472 2312 non
2511 2258 2756 2327 spoliare
2785 2258 3154 2325 Christianos,
3188 2259 3503 2327 praesertim
3551 2274 3686 2315 cum
3725 2274 3787 2316 se

2088 2351 2288 2412 sponte
2326 2343 2616 2414 elegerint,
2651 2360 2755 2401 nec
2779 2346 3024 2402 alterum
3069 2360 3247 2416 quam
3280 2360 3338 2402 se
3378 2346 3573 2403 velint.
3614 2369 3634 2395 ι
3687 2348 3787 2403 Li-

2088 2438 2176 2485 cet
2219 2430 2339 2485 haac
2388 2431 2616 2496 diceret,
2673 2433 3041 2488 considerans
3092 2439 3285 2487 tamen
3343 2447 3476 2488 eum
3534 2434 3790 2502 potentia

2091 2529 2463 2585 praeemmere
2501 2519 2828 2589 copiosioris
2856 2519 3162 2587 exercitus,
3197 2519 3364 2575 vellet
3413 2518 3607 2583 nollet,
3661 2518 3788 2575 viro

2090 2605 2169 2660 illi
2197 2620 2300 2674 pro
2336 2614 2585 2675 tempore
2630 2607 2815 2662 cessit.
2856 2604 2961 2662 Cui
3002 2606 3135 2662 inde
3188 2606 3470 2662 recedenti
3512 2607 3641 2662 duae
3685 2619 3791 2675 per

2090 2691 2435 2747 deditionem
2504 2691 2730 2760 optimae
2791 2706 2849 2747 se
2916 2692 2966 2748 ei
3048 2693 3433 2748 subdiderunt
3504 2691 3786 2759 civitates,

2090 2778 2317 2834 Athena
2376 2778 2658 2847 videlicet,
2717 2786 2771 2836 et
2828 2779 3142 2848 Mamistra,
3202 2787 3257 2836 et
3302 2778 3533 2835 castella
3580 2792 3789 2850 quam-

2091 2865 2362 2936 plurima.

2161 2954 2347 3005 Actus
2421 2951 2665 3007 breviter
2723 2952 3194 3024 perstringuntur
3253 2950 3549 3009 Balduini.
3604 2982 3674 2992 —
3716 2953 3788 3008 Αι

2092 3039 2368 3108 quoniam
2398 3038 2467 3094 de
2501 3040 2606 3094 hoc
2637 3040 2757 3109 ipso
2791 3040 3068 3096 Balduino
3108 3040 3307 3095 nullus
3347 3040 3580 3095 forsitan
3621 3039 3791 3094 dein—

2096 3140 2229 3194 ceps
2281 3125 2562 3181 referendi
2612 3139 2733 3181 sese
2787 3126 3000 3195 aperiet
3033 3126 3210 3194 locus,
3257 3128 3454 3196 paucis
3497 3126 3793 3182 insinuare

2096 3218 2265 3273 velim
2308 3232 2487 3287 quam
2535 3218 2885 3274 fortuniosus
2940 3219 3067 3289 ejus
3123 3219 3295 3275 fuerit
3348 3222 3561 3276 exitus.
3623 3219 3791 3290 Apud

2097 3306 2367 3361 Edessam
2398 3307 2819 3377 Mesopotamiae
2877 3308 3099 3376 urbem,
3159 3309 3307 3365 sicut
3336 3308 3409 3365 ab
3440 3308 3528 3364 his
3554 3309 3655 3378 qui
3695 3309 3794 3364 ibi-

2098 3391 2227 3448 dem
2269 3393 2479 3448 versati
2534 3401 2690 3462 sunt,
2741 3396 3086 3465 accepimus,
3137 3398 3227 3453 vir
3264 3397 3502 3467 quidam
3546 3397 3794 3452 ducatus

2099 3478 2317 3535 honore
2374 3480 2702 3550 praefuerat,
2778 3486 2880 3552 qui
2944 3484 3329 3541 Christianam
3412 3484 3790 3554 provinciam,

2099 3580 2277 3636 quam
2305 3568 2556 3638 regebat,
2582 3583 2696 3624 non
2716 3571 3038 3655 tarrﬁarmis
3066 3587 3100 3627 a
3130 3571 3428 3643 gentilium
3462 3570 3794 3626 incursibus

2098 3668 2276 3726 quam
2333 3656 2669 3724 pecuniaria
2715 3658 3101 3728 redemptione
3150 3665 3495 3729 protexerat.
3528 3658 3584 3712 ls
3635 3655 3794 3711 senio

2102 3750 2469 3812 gravescente
2518 3743 2638 3813 jam
2688 3745 3011 3814 squalidus,
3051 3760 3184 3801 cum
3238 3752 3383 3800 esset
3410 3745 3464 3799 ei
3494 3757 3644 3799 uxor
3670 3742 3795 3797 sine

2099 3828 2315 3896 liberis,
2380 3829 2683 3886 identidem
2740 3845 2908 3900 anus,
2966 3833 3107 3888 dum
3175 3833 3425 3888 Francos
3469 3832 3797 3903 agnovisset

2101 3917 2518 3987 Mesopotamiae
2572 3919 2873 3987 contiguos
2914 3918 3147 3985 finibus,
3187 3919 3369 3975 multo
3402 3927 3544 3974 aestu
3574 3918 3793 3974 deside-

2100 4006 2268 4062 rabat
2323 4005 2673 4076 quempiam,
2705 4022 2878 4076 quem
2932 4006 3039 4062 sibi
3076 4007 3394 4076 adoptaret,
3426 4020 3498 4062 ex
3539 4006 3797 4062 Franco-

2102 4108 2234 4150 rum
2290 4094 2502 4150 habere
2551 4094 2858 4159 nobilibus,
2904 4094 3025 4165 qui,
3079 4095 3235 4163 quod
3280 4094 3399 4164 ipse
3445 4095 3644 4163 pretio,
3690 4094 3800 4149 hoc

2102 4181 2196 4237 ille
2263 4180 2579 4237 defensaret
2633 4182 2813 4236 armis
2862 4195 2929 4236 ac
2980 4181 3220 4237 viribus.
3275 4181 3522 4252 Contigit
3580 4182 3799 4237 interea

2103 4272 2411 4342 quemdam
2446 4270 2788 4327 familiarem
2826 4270 2908 4326 illi
2938 4270 3195 4339 militem,
3228 4270 3526 4341 hujusque
3569 4269 3659 4326 sui
3699 4270 3794 4326 de-

2037 4348 2077 4402 ι)
2105 4359 2298 4416 siderii
2348 4359 2660 4422 conscium,
2726 4372 2858 4414 cum
2907 4356 3015 4414 hoc
3077 4359 3198 4428 ipso
3247 4358 3531 4414 Balduino
3583 4357 3798 4413 habere

2104 4450 2476 4521 colloquium.
2526 4449 2633 4506 Cui
2668 4464 2802 4506 eum
2834 4449 2927 4505 ille
2972 4450 3319 4520 adipiscendi
3362 4450 3610 4506 ducatus
3636 4464 3796 4520 spem

2106 4536 2420 4604 indidisset,
2477 4535 2587 4591 sia
2633 4535 2867 4605 praafato
2897 4536 3118 4593 seniore
3164 4552 3225 4592 se
3267 4537 3527 4607 adoptari
3556 4536 3797 4606 permit-

2105 4631 2264 4691 teret,
2315 4636 2501 4678 comes
2547 4623 2806 4691 credidit,
2858 4630 2913 4679 et
2962 4624 3139 4680 milite
3177 4623 3481 4680 comitante
3526 4625 3796 4680 Edessam

2106 4710 2265 4766 adiit.
2296 4713 2344 4763 Α
2373 4724 2489 4779 quo
2534 4707 2742 4766 affectu
2788 4709 2985 4778 nimio,
3036 4719 3419 4781 praeterquam
3460 4711 3799 4780 sperabatur

2106 4805 2398 4867 exceptus,
2429 4795 2502 4851 ab
2516 4796 2777 4866 utrisque
2799 4798 2961 4854 estin
2995 4798 3178 4854 ﬁlium
3209 4798 3534 4868 adoptatus.
3555 4798 3800 4865 Adopta-

2108 4884 2278 4941 tionis
2323 4892 2515 4940 autem
2570 4884 2702 4940 talis
2749 4898 2855 4954 pro
2913 4887 3100 4955 gentis
3139 4886 3556 4942 consuetudine
3590 4884 3799 4938 dicitur

2108 4971 2280 5028 fuisse
2327 4972 2551 5027 modus.
2605 4971 2766 5026 Intra
2811 4971 3022 5028 lineam
3086 4973 3415 5039 interulam,
3465 4985 3642 5042 quam
3692 4982 3793 5024 nos

2108 5074 2386 5117 vocamus
2429 5060 2742 5127 camisiam,
2811 5062 3034 5117 nudum
3092 5062 3305 5118 intrare
3372 5076 3504 5118 eum
3560 5060 3795 5127 faciens,

2109 5150 2217 5206 sibi
2256 5148 2553 5214 astrinxit;
2601 5157 2656 5205 et
2690 5150 2810 5205 haec
2854 5151 3049 5206 omnia
3095 5151 3292 5206 osculo
3319 5149 3493 5205 libato
3525 5147 3795 5213 firmavit,

2110 5236 2257 5293 idem
2306 5244 2361 5292 et
2401 5235 2609 5292 mulier
2674 5245 2798 5307 post
2856 5237 3090 5293 modum
3141 5237 3290 5294 fecit.
3347 5237 3447 5292 His
3492 5233 3794 5304 explicitis,

2109 5339 2242 5381 cum
2291 5324 2654 5381 civitatenses
2684 5339 2818 5381 eum
2864 5325 2937 5380 ab
2993 5326 3226 5381 honoris
3268 5325 3489 5395 pristini
3548 5321 3799 5379 culmine

2108 5411 2452 5480 expositum,
2503 5411 2795 5480 privatum
2842 5411 2962 5482 jam
3034 5418 3351 5477 cernerent,
3400 5407 3797 5479 conjuratione

2109 5500 2256 5556 clam
2288 5498 2452 5565 facta,
2485 5513 2631 5566 eam,
2691 5499 2749 5555 in
2779 5513 2898 5569 qua
2948 5512 3080 5554 cum
3116 5498 3395 5554 Balduino
3445 5497 3796 5561 morabatur,

2108 5586 2377 5644 obsedere
2408 5595 2637 5657 repente
2664 5586 2908 5643 curiam.
2940 5584 3413 5642 Recordabantur
3447 5583 3602 5641 enim
3646 5595 3798 5653 quo-
