3934 6430
128 392 237 443 729

1253 352 1477 453 GES'IIA
1509 398 1629 454 DEI
1670 401 1811 457 PER
1851 402 2190 459 FRANCOS.
2232 433 2301 442 —
2326 405 2456 459 LIB.
2499 406 2588 460 IV.

3563 418 3670 470 730

127 521 424 577 rumdam
458 537 592 612 quae
622 523 703 612 eis
730 522 1002 579 intulerat
1030 524 1337 580 malorum.
1387 526 1623 583 Obsesso
1664 529 1861 599 itaque
1897 535 1944 587 Α
1973 532 2182 587 urbani
2213 547 2271 588 se
2298 547 2330 588 a
2362 533 2507 590 duce
2552 542 2872 604 praeventos
2921 537 3290 611 intelligunt;
3349 542 3468 612 ipse
3513 543 3670 600 enim

128 621 216 672 eo,
250 623 399 665 cum
444 610 752 680 adoptivus
799 625 1000 668 eorum
1046 627 1234 668 novus
1285 615 1541 671 resistere
1586 618 1865 673 Francica

131 696 522 754 animositate
555 708 798 768 pararet,
834 702 1026 756 senior
1065 716 1197 756 eum
1240 703 1386 757 mira
1431 703 1540 758 ﬁde
1585 704 1860 770 cohibuit,

133 783 347 841 dicens
381 801 483 855 pro
516 796 665 842 certo
696 788 838 843 scire
873 803 932 843 se
983 789 1055 844 ab
1102 804 1302 845 eorum
1355 792 1624 846 manibus
1667 792 1864 846 nulla-

137 879 320 926 tenus
353 873 502 937 erui,
537 875 721 943 ipsum
758 889 910 938 vero,
944 890 1046 945 pro
1070 891 1176 932 sua
1225 878 1550 934 defensione
1599 879 1863 934 facillime

137 973 314 1028 posse
361 962 693 1031 periclitari.
742 963 990 1018 Intinitis
1041 979 1177 1035 ergo
1232 967 1304 1022 ab
1351 981 1416 1021 eo
1455 968 1692 1022 extorsit
1733 982 1860 1037 pre-

138 1047 344 1113 cibus,
382 1056 446 1104 ut
478 1063 802 1118 repugnare
841 1049 1154 1116 desisteret,
1205 1059 1260 1106 et
1308 1065 1440 1106 cum
1491 1053 1582 1107 ille
1632 1053 1862 1121 illacry-

141 1148 324 1190 mans
357 1138 777 1198 miserabiliter,
815 1137 986 1192 malle
1034 1152 1092 1193 se
1141 1153 1273 1193 cum
1317 1154 1382 1194 eo
1428 1139 1570 1195 mori
1628 1140 1857 1208 diceret,

140 1225 373 1293 repulit
404 1226 718 1292 hominem,
753 1234 971 1280 etcum
1019 1226 1313 1281 obsidente
1357 1241 1414 1282 se
1465 1228 1675 1296 populo
1722 1229 1858 1298 egit,

143 1321 454 1382 quatenus
481 1328 627 1369 novo
680 1313 762 1368 illi
817 1314 1060 1383 principi
1109 1322 1388 1383 parceret,
1427 1315 1677 1383 seipsum
1726 1328 1861 1369 vero

142 1407 332 1470 prout
362 1401 528 1456 vellet
554 1400 852 1455 occideret.
887 1400 1049 1463 Quod
1078 1408 1133 1455 et
1163 1408 1354 1454 actum
1382 1408 1486 1455 est.

218 1490 573 1556 Interempto
627 1489 823 1558 itaque
889 1503 972 1554 eo,
1033 1487 1370 1554 Balduinus,
1429 1488 1703 1543 ducatum
1753 1487 1860 1543 sibi

141 1589 219 1630 ex
256 1576 564 1644 adoptione
594 1577 867 1636 delatum,
910 1584 1142 1630 strenue
1175 1575 1442 1641 obtinuit,
1475 1583 1528 1630 et
1559 1590 1626 1630 ex
1674 1577 1858 1631 Fran-

140 1665 230 1718 cis
290 1664 517 1732 equites
570 1677 636 1719 ac
693 1664 936 1718 famulos
993 1663 1064 1717 ad
1122 1663 1212 1718 sui
1265 1665 1600 1725 custodiam,
1644 1677 1862 1720 memor

137 1760 409 1820 experta:
467 1765 650 1820 nuper
709 1751 1063 1821 proditionis,
1123 1751 1408 1806 adhibuit.
1474 1751 1600 1806 Non
1673 1752 1854 1808 multo

1972 635 2104 675 cum
2146 621 2327 676 multa
2370 631 2725 679 armatorum
2785 625 2854 680 ad
2910 627 3204 683 ecclesiam
3261 631 3672 700 constipatione

1975 709 2264 777 processit,
2297 723 2363 764 ac
2402 725 2562 766 sacro
2607 712 2791 767 ofﬁcio
2839 714 3116 770 interfuit.
3170 717 3296 785 Ipsa
3344 725 3534 773 tamen
3581 719 3672 774 die

1971 795 2146 851 siluit.
2193 797 2467 852 Postridie
2520 806 2710 854 autem
2768 810 3044 857 convocat
3100 803 3429 871 Edessenos,
3491 813 3545 860 et
3601 806 3670 861 de

1974 883 2292 951 proditione
2320 896 2614 953 causatur,
2646 895 2699 943 et
2739 903 2872 944 cum
2922 890 3144 960 legibus
3190 906 3286 947 eos
3333 893 3403 948 ad
3450 893 3666 948 confes-

1971 971 2190 1026 sionem
2223 980 2466 1042 cogeret,
2507 973 2733 1030 difﬁteri
2785 991 2916 1045 qua
2969 988 3391 1047 proposuerunt
3436 980 3671 1036 minime

1971 1057 2406 1124 permittuntur.
2457 1059 2745 1117 Convictis
2792 1061 2987 1132 itaque
3032 1065 3207 1120 totius
3255 1067 3414 1122 urbis
3459 1067 3667 1135 primo-

1970 1143 2152 1206 ribus,
2209 1147 2296 1202 his
2335 1147 2568 1216 quidem
2628 1150 2797 1218 pedes
2845 1151 3037 1218 incidi,
3101 1153 3211 1207 illis
3263 1168 3489 1221 manus,
3544 1155 3672 1209 aliis

1971 1245 2102 1286 cum
2135 1234 2374 1288 naribus
2404 1249 2594 1302 aures,
2632 1237 2981 1305 quibusdam
3035 1238 3267 1308 linguas
3306 1255 3438 1295 cum
3481 1241 3664 1310 labiis,

1969 1322 2281 1389 generandi
2325 1336 2456 1376 vero
2486 1323 2750 1378 ofﬁcialia
2781 1327 3039 1393 cunctis;
3073 1327 3343 1382 omnibus
3373 1328 3670 1384 nihilomi—

1968 1417 2080 1458 nus
2111 1405 2338 1459 diversa
2370 1411 2517 1460 395
2569 1421 2668 1476 per
2713 1409 2918 1463 exsilia
2968 1409 3134 1479 longe
3185 1410 3414 1481 lateque
3457 1412 3670 1468 distra-

1968 1491 2092 1545 ctis.
2125 1491 2358 1546 Etcum
2389 1492 2637 1562 denique
2689 1495 2886 1550 nullus
2935 1497 3231 1552 resedisset
3282 1499 3383 1567 qui
3435 1500 3668 1554 turbam

1969 1576 2157 1631 denuo
2187 1577 2292 1632 sibi
2323 1581 2608 1634 concitare
2653 1581 2950 1649 quivisset,
3005 1591 3126 1638 tum
3185 1585 3415 1640 demum
3472 1599 3670 1640 secure

1967 1665 2262 1731 experitur
2318 1667 2451 1735 quis
2509 1667 2650 1721 tanti
2693 1668 2940 1724 ducatus
3002 1670 3224 1725 fructus
3295 1685 3362 1725 ac
3429 1672 3667 1727 felicitas

1967 1760 2130 1807 esset.
2167 1753 2356 1808 Vitam
2387 1769 2524 1824 ergo
2556 1770 2687 1810 cum
2729 1756 2926 1812 multis
2954 1758 3161 1826 opibus
3196 1767 3248 1814 et
3296 1762 3668 1829 prosperitate

141 1847 282 1909 post
335 1846 526 1894 autem
580 1846 849 1908 tempore,
897 1854 1028 1894 cum
1079 1839 1409 1894 Dominicus
1465 1838 1682 1894 Natalis
1747 1839 1855 1894 ad-
1896 1822 1936 1876 Β
1968 1840 2234 1909 ducebat,
2297 1822 2562 1910 plurimis
2608 1843 2853 1899 urbibus
2908 1822 3245 1914 imperabat,
3297 1822 3453 1901 inter
3519 1861 3667 1917 quas

140 1935 323 1992 esset,
357 1928 490 1981 novi
523 1927 686 1981 ducis
727 1941 920 1982 necem
970 1928 1026 1982 in
1071 1927 1190 1996 ipso
1235 1926 1474 1982 solemni
1517 1927 1606 1981 die
1663 1926 1862 1982 iterata

144 2014 602 2084 conspiratione,
631 2015 934 2070 deﬁniunt.
966 2013 1072 2080 Qui
1105 2029 1304 2070 eorum
1336 2022 1615 2070 tractatus
1656 2014 1861 2070 ducem

141 2103 393 2158 minime
443 2103 628 2158 latuit.
681 2103 944 2158 Insinuat
997 2103 1174 2173 igitur
1217 2111 1272 2158 et
1328 2103 1446 2172 ipse
1501 2103 1589 2157 his
1639 2103 1742 2171 qui
1801 2103 1862 2157 in

146 2207 258 2247 suo
300 2192 587 2246 asseclatu
619 2199 784 2246 erant
833 2191 1086 2258 Francis,
1140 2199 1203 2246 ut
1251 2191 1406 2246 festis
1455 2190 1720 2246 Ecclesiae
1775 2191 1856 2246 lo-

140 2280 314 2335 ricati
349 2295 417 2334 ac
448 2279 675 2350 galeati,
724 2279 836 2333 imo
868 2294 934 2334 ac
979 2281 1023 2334 si
1073 2279 1144 2334 ad
1196 2280 1344 2334 bella
1389 2280 1592 2348 parati,
1639 2278 1861 2348 equites

143 2369 502 2434 assisterent,
565 2367 776 2435 pedites
824 2366 1054 2432 lanceis,
1111 2366 1338 2436 gladiis,
1390 2367 1740 2436 bipennibus
1799 2382 1859 2423 se

142 2455 469 2520 munirent,
525 2463 581 2510 et
635 2455 717 2510 sic
770 2455 989 2525 ubique
1043 2456 1436 2525 procederent.
1497 2454 1619 2522 Quo
1688 2455 1858 2522 facto,

1969 1929 2223 1984 Seleucia
2255 1930 2326 1984 ab
2367 1930 2607 2000 antiquo
2645 1931 2882 1986 celebris
2935 1934 3245 1999 eminebat,
3309 1935 3487 1989 donec
3543 1942 3668 2004 post

1969 2018 2204 2073 fratrem
2251 2018 2640 2085 Godefridum,
2687 2018 2790 2090 qui
2847 2021 3250 2090 Hierosolyma;
3299 2030 3662 2092 regnaverat,

1967 2119 2040 2160 ex
2071 2105 2286 2161 ducatu
2319 2106 2551 2175 quidem
2584 2107 2845 2176 pervenit
2877 2108 2949 2162 ad
2976 2123 3254 2178 regnum;
3289 2110 3384 2164 sed
3433 2110 3664 2176 exinde,

1965 2193 2186 2248 nullius
2222 2194 2446 2262 excepit
2493 2201 2733 2249 terrenae
2782 2195 3063 2251 felicitatis
3105 2205 3502 2267 augmentum,
3554 2197 3668 2252 imo

1966 2295 2070 2350 pro
2102 2282 2216 2336 Deo
2245 2281 2392 2336 beati
2422 2281 2633 2337 laboris
2665 2283 3026 2352 exercitium,
3059 2292 3255 2355 utpote
3285 2285 3376 2340 cui
3403 2285 3544 2356 juge
3586 2291 3668 2340 est

1968 2383 2102 2425 cum
2131 2369 2446 2440 gentilibus
2475 2370 2760 2440 praelium.

1193 2761 1617 2848 INCIPIT
1675 2761 2021 2846 LIBER
2079 2761 2640 2860 QUARTUS.

726 3066 958 3123 CAPUT
997 3067 1288 3124 PRIMUM.

223 3173 330 3247 [1.]
355 3171 794 3241 Objectionibus,
818 3172 966 3243 quod
987 3189 1107 3243 quae
1118 3174 1325 3226 narrat
1335 3169 1860 3236 minimeaudierit,

144 3261 411 3317 occurrit
442 3265 666 3315 auctor.
709 3292 778 3301 —
825 3261 1002 3316 Nemo
1046 3261 1222 3331 juste,
1267 3269 1331 3316 ut
1377 3261 1615 3324 aestimo,
1669 3273 1758 3314 me
1806 3259 1861 3313 id

146 3351 347 3421 operis
377 3349 596 3405 deridet
625 3363 943 3420 agressum.
994 3349 1113 3402 Etsi
1159 3349 1313 3403 enim
1362 3361 1551 3416 neque
1598 3346 1864 3401 Hieroso-

147 3439 374 3509 lymam
408 3442 534 3503 isse,
569 3445 624 3492 et
658 3437 959 3506 plerasque
990 3448 1278 3505 personas,
1315 3435 1437 3489 loca
1487 3433 1864 3488 nihilominus

150 3529 286 3597 ipsa
319 3527 463 3581 mihi
497 3527 772 3581 hactenus
805 3524 1105 3594 contigerit
1143 3538 1258 3578 non
1302 3522 1544 3586 novisse,
1601 3521 1658 3575 in
1703 3521 1862 3576 nullo

151 3614 418 3687 generali
489 3613 721 3668 utilitati
798 3627 926 3668 reor
997 3613 1213 3679 obesse,
1277 3610 1563 3680 siquidem
1621 3623 1687 3663 ea
1732 3623 1863 3678 qum

149 3703 362 3772 scripsi
440 3701 529 3757 vel
587 3702 888 3770 scripsero,
948 3714 982 3755 a
1038 3700 1178 3755 viris
1234 3699 1492 3754 veritatis
1544 3697 1863 3753 testimonio

153 3791 418 3861 praeditis
456 3797 676 3846 constat
708 3789 960 3844 audisse.
1002 3787 1056 3843 Si
1090 3788 1229 3843 mihi
1274 3787 1441 3856 plane
1489 3787 1544 3841 id
1591 3787 1864 3856 objicitur

153 3879 302 3950 quia
333 3893 446 3933 non
476 3878 739 3940 viderim,
774 3878 826 3932 id
861 3877 1030 3946 obiici
1062 3891 1175 3931 non
1208 3883 1388 3946 potest
1417 3875 1570 3945 quod
1606 3890 1722 3930 non
1752 3888 1865 3931 au-

155 3967 388 4034 dierim,
419 3981 553 4021 cum
584 3965 735 4020 visui
765 3966 1027 4020 auditum
1079 3963 1503 4034 quodammodo
1554 3977 1862 4033 supparem

156 4055 412 4125 profecto
442 4053 800 4110 crediderim.
841 4052 1117 4120 Quamvis
1148 4052 1302 4107 enim

305 4177 548 4248 Segnius
578 4176 803 4232 irritent
827 4175 1046 4231 animos
1077 4174 1321 4230 demissa
1355 4189 1454 4244 per
1494 4188 1716 4242 aurem,

307 4265 492 4329 Quam
533 4279 664 4334 quze
696 4271 832 4318 sunt
862 4263 1042 4319 oculis
1071 4263 1332 4336 subjecta
1365 4263 1647 4318 fidelibus.

1899 3063 2286 3120 CTurcorum
2329 3064 2678 3131 incursibus,
2726 3065 2773 3120 si
2826 3065 3147 3120 accederint
3201 3066 3362 3132 forte,
3419 3065 3665 3121 laetatur.

1976 3153 2129 3206 [nter
2171 3153 2427 3208 eundum
2494 3153 2688 3222 itaque
2737 3154 3000 3222 pervium
3048 3153 3304 3208 habuere
3350 3154 3668 3219 castellum,

1971 3241 2062 3295 cui
2099 3241 2238 3296 adeo
2270 3240 2518 3295 difﬁcilis
2546 3249 2689 3296 esset
2718 3255 2981 3296 accessus
3011 3249 3075 3297 ut
3114 3256 3340 3297 cassum
3379 3242 3670 3298 videretur

1975 3328 2183 3384 ibidem
2212 3328 2520 3399 cujuslibet
2552 3329 2817 3384 molimen
2855 3329 3127 3385 assultus.
3159 3330 3293 3385 Erat
3331 3337 3522 3385 autem
3559 3331 3672 3385 illic

1975 3418 2197 3473 Simeon
2229 3417 2488 3487 quidam,
2521 3418 2843 3473 Christiano
2875 3419 3117 3489 insignis
3158 3418 3484 3489 agnomine,
3536 3433 3668 3488 pro-

1972 3506 2177 3561 vinciae
2226 3505 2455 3576 gentilis
2501 3507 2779 3576 ejusdem,
2843 3507 2943 3576 qui
2999 3521 3032 3560 a
3091 3507 3422 3576 proceribus
3465 3506 3671 3562 nostris

1971 3594 2290 3650 dominium
2324 3595 2500 3664 hujus
2531 3594 2778 3665 regionis
2808 3595 3060 3664 expetiit,
3098 3635 3113 3663 ,
3144 3609 3260 3665 quo
3291 3609 3417 3650 eam
3447 3609 3480 3649 a
3515 3595 3669 3650 Tur-

1973 3697 2170 3738 corum
2202 3683 2622 3752 irruptionibus
2649 3684 2878 3739 deberet
2905 3684 3073 3739 tueri.
3105 3683 3220 3738 Nec
3250 3683 3387 3738 dare
3435 3684 3482 3738 ei
3535 3698 3670 3738 mu-

1973 3786 2084 3828 nus
2139 3771 2412 3827 distulere
2467 3773 2749 3841 petitum;
2801 3772 2920 3841 ipse
2973 3786 3110 3827 vero
3167 3771 3382 3827 desedit
3434 3771 3667 3838 ibidem,

1974 3859 2201 3916 laturus
2255 3868 2420 3915 terrae
2479 3860 2827 3930 praasidium.
2885 3860 3143 3929 Denique
3188 3861 3364 3915 nostri
3432 3874 3671 3930 progre-

1974 3947 2210 4010 dientes,
2245 3947 2559 4003 Caesaream
2588 3946 2996 4016 Cappadocum
3043 3946 3302 4017 attigere.
3363 3948 3670 4015 Postquam

1973 4043 2164 4090 autem
2259 4033 2696 4091 Caesariensium
2779 4046 3072 4088 excessere
3159 4032 3536 4100 provinciam,
3596 4032 3671 4086 ad

1974 4123 2288 4193 quamdam
2321 4123 2516 4178 multa
2546 4121 2995 4191 pulchritudinis
3022 4127 3076 4175 et
3105 4119 3250 4174 situs
3287 4120 3564 4175 uberrimi
3592 4119 3672 4175 ci-

1974 4211 2208 4267 vitatem
2242 4225 2568 4281 pervenere,
2606 4224 2783 4280 quam
2827 4209 3003 4264 trium
3049 4209 3232 4278 spatio
3281 4207 3673 4263 hebdomada-

1975 4315 2105 4356 rum
2138 4300 2456 4355 Turcorum
2490 4299 2708 4354 obsedit
2749 4299 3058 4366 exercitus,
3103 4304 3414 4366 antequam
3465 4297 3533 4351 ad
3580 4310 3676 4351 eos

237 4391 450 4444 Tamen
482 4389 612 4459 quis
641 4389 1152 4459 historiographos,
1181 4389 1314 4458 quis
1342 4403 1436 4444 eos
1484 4387 1582 4458 qui
1632 4393 1861 4443 sancto-
1901 4403 1946 4456 ι)
1977 4388 2319 4458 pertingeret
2346 4395 2553 4443 nostra;
2581 4386 2960 4456 expeditionis
2998 4387 3318 4455 adventus;
3353 4385 3448 4440 sed
3477 4383 3674 4440 nullus

164 4493 299 4534 rum
327 4478 487 4534 Vitas
516 4478 744 4532 edidere
779 4477 1056 4547 ambigat,
1086 4492 1200 4531 non
1233 4477 1416 4532 solum
1462 4491 1592 4545 qua:
1645 4476 1865 4531 obtuti—

167 4567 300 4632 bus,
336 4566 430 4620 sed
463 4580 530 4620 ea
560 4565 854 4634 scripsisse
880 4581 1011 4635 quae
1049 4565 1295 4620 aliorum
1342 4565 1654 4619 hauserant
1700 4563 1867 4619 intel-

163 4655 308 4711 lecta
338 4654 612 4709 relatibus
631 4655 660 4707 ?
685 4653 738 4708 Si
764 4667 1016 4723 namque
1044 4666 1241 4720 verax,
1276 4660 1338 4708 ut
1362 4653 1574 4722 legitur
1601 4653 1863 4722 quidam,

162 4751 218 4800 et
253 4765 273 4791 ι
309 4743 466 4812 quod
490 4743 700 4797 viditet
719 4742 960 4808 audivit,
982 4742 1089 4796 hoc
1111 4748 1350 4797 testatur
1372 4741 1566 4811 (Joan.
1589 4756 1668 4806 ιιι,
1695 4742 1804 4810 3‘2),
1837 4761 1862 4791 ι

162 4831 498 4886 authentica
531 4829 729 4898 procul
758 4829 938 4885 dubio
959 4843 1093 4884 vera
1124 4829 1439 4884 dicentium
1463 4829 1737 4895 narratio,
1767 4828 1867 4884 ubi

167 4919 364 4974 videre
396 4932 510 4973 non
542 4917 812 4986 suppetit,
848 4917 1279 4986 comprobatur.
1311 4916 1367 4971 Si
1405 4917 1476 4972 sit
1523 4917 1718 4986 itaque
1766 4916 1868 4986 qui

165 5015 387 5076 carpat,
437 5005 542 5076 qui
586 5013 770 5074 coepta
818 5005 1112 5074 despiciat,
1161 5005 1330 5060 habet
1381 5005 1584 5074 utique
1633 5005 1872 5059 liberam

166 5095 479 5163 optionem,
516 5094 562 5148 si
595 5093 732 5148 velit
770 5100 836 5148 ut
873 5093 1144 5163 corrigat,
1195 5099 1249 5147 et
1295 5091 1389 5147 cui
1430 5100 1626 5147 nostra
1673 5091 1869 5161 displi-

167 5190 317 5248 cent,
351 5195 457 5236 sua
486 5181 720 5236 scribat.

237 5271 543 5323 Introeunt
583 5267 926 5321 Armeniam
968 5265 1352 5335 Raimundus,
1396 5265 1769 5321 Boemundus
1817 5268 1874 5320 et

170 5356 537 5417 Godefridus.
581 5355 797 5408 Deinde
828 5357 1110 5410 Caesarem
1161 5353 1554 5425 Cappadociae.
1589 5383 1656 5394 —
1687 5355 1874 5424 [gitur

170 5446 506 5502 Dominicus
534 5443 821 5499 exercitus
849 5457 980 5498 cum
1020 5443 1268 5498 ducibus
1314 5443 1454 5506 suis,
1504 5443 1869 5510 Raymundo,

169 5535 359 5591 Sancti
411 5533 600 5603 Egidii
659 5531 880 5598 comite,
938 5532 1268 5587 Boemundo
1320 5541 1494 5600 atque
1549 5530 1870 5598 Godefrido,

167 5625 414 5694 aliisque
481 5620 932 5691 quampluribus
1009 5619 1344 5676 Armeniam
1406 5619 1748 5690 ingreditur,
1805 5619 1874 5674 de

1973 4478 2054 4534 eis
2083 4477 2394 4532 obsidendo
2441 4475 2705 4544 provenit
2751 4473 3005 4529 effectus.
3056 4473 3278 4530 Nostris
3321 4488 3457 4544 ergo
3501 4473 3671 4528 adve-

1976 4565 2288 4630 nientibus,
2322 4577 2429 4619 sua
2470 4563 2723 4632 ipsorum
2767 4561 3056 4617 deditione
3099 4562 3336 4629 civium,
3387 4563 3528 4617 urbs
3575 4575 3675 4617 ea-

1975 4653 2102 4710 dem
2131 4660 2395 4722 suscepta
2433 4659 2536 4707 est.
2591 4651 2750 4706 Hanc
2798 4665 2975 4719 eques
3019 4649 3278 4719 quidam,
3330 4649 3432 4718 qui
3475 4651 3678 4705 Petrus

1977 4741 2046 4796 de
2079 4739 2322 4809 Alpibus
2352 4739 2688 4805 vocabatur,
2719 4752 2753 4792 a
2788 4737 3144 4806 principibus
3179 4737 3436 4805 precario
3483 4736 3678 4806 exegit

1979 4836 2273 4898 quatenus
2306 4835 2594 4898 quantum
2626 4827 2696 4882 ad
2727 4824 3088 4894 imperatoris
3129 4822 3330 4888 Graeci,
3361 4835 3427 4877 ac
3474 4836 3677 4892 proce-

1978 4931 2107 4972 rum
2139 4916 2306 4970 ﬁdem
2341 4923 2666 4971 nostrorum
2699 4921 2934 4983 spectat,
2986 4911 3312 4966 defenderet
3364 4911 3675 4980 regionem,

1979 5004 2091 5070 cui,
2144 5018 2278 5058 cum
2327 5003 2504 5058 nimio
2551 5001 2778 5062 affectu,
2830 5003 2910 5056 uti
2966 5000 3208 5054 ﬁdelitas
3262 4998 3678 5068 interpellantis

1977 5091 2357 5156 emerebatur,
2411 5089 2636 5144 indulta
2689 5097 2791 5144 est.
2852 5089 2978 5143 Nox
3039 5088 3148 5143 diei
3210 5087 3290 5142 illi
3345 5094 3675 5154 accesserat,

1981 5179 2312 5235 Boemundo
2344 5177 2608 5232 auditum
2659 5185 2762 5239 est,
2821 5176 2977 5246 quod
3035 5176 3244 5243 hostes,
3296 5175 3399 5246 qui
3458 5175 3678 5245 pridem

1981 5267 2183 5323 urbem
2231 5265 2385 5320 illam
2435 5265 2795 5332 obsederant,
2847 5264 3081 5331 crebris,
3137 5263 3235 5319 sed
3289 5277 3403 5319 non
3454 5262 3682 5333 magnis

1985 5353 2438 5424 promotionibus
2490 5353 2926 5423 subsequentes,
2990 5360 3214 5407 nostros
3273 5351 3677 5422 praecederent.

1983 5443 2294 5499 Contentus
2320 5441 2515 5510 itaque
2545 5441 2666 5496 sola
2691 5441 2798 5496 sibi
2842 5441 3248 5510 pertinentium
3299 5439 3546 5495 militum
3595 5454 3683 5494 co-

1986 5531 2162 5594 mitia,
2196 5528 2520 5598 przecessit;
2553 5530 2646 5584 sed
2678 5544 2774 5584 eos
2804 5529 2904 5598 qui
2947 5528 3380 5598 quaerebantur,
3437 5542 3550 5582 non
3600 5541 3682 5582 re-

1984 5618 2146 5688 perit.
2181 5617 2389 5672 Urbem
2421 5631 2675 5687 quoque,
2709 5632 2842 5686 quae
2873 5618 3069 5673 Coxon
3098 5617 3255 5686 apud
3302 5631 3399 5672 eos
3447 5613 3677 5683 dicitur,
