3934 6404
313 361 410 413 ’731

1202 354 1268 406 ν.
1315 351 1642 408 GUIBERTI
1673 349 1964 408 ABBATIS
1998 352 2058 407 S.
2098 352 2338 408 MARLE
2379 353 2470 408 DE
2510 352 2906 409 NOVIGENTO

3699 353 3808 407 732

312 487 642 558 attingunt;
665 485 766 542 ubi
781 498 1004 551 earum,
1036 497 1168 554 quae
1199 483 1332 539 usui
1356 482 1572 539 habilia
1590 489 1774 548 erant,
1809 494 2005 537 rerum
2041 482 2089 536 Α
2117 484 2174 535 et
2203 485 2554 556 expugnant.
2585 513 2654 522 —-
2683 482 2938 554 Denique
2967 481 3316 552 perveniunt
3345 481 3405 537 in
3435 481 3535 536 illa
3579 495 3806 551 campe-

313 570 623 641 plurimam
654 567 1008 638 opulentiam
1037 573 1393 636 repererunt.
1430 564 1558 620 Loci
1587 579 1723 635 ergo
1756 564 1910 620 illius
1931 564 2012 619 in-

311 658 554 727 digenae,
589 657 742 712 intra
770 655 1018 712 civitatis
1059 661 1270 723 portas,
1313 654 1521 708 nostris
1567 659 1866 722 gratanter
1907 651 2008 706 ad-

311 745 517 811 missis,
579 743 756 799 trium
831 743 1057 798 dierum
1129 748 1449 812 opportuna
1505 742 1646 798 satis
1708 741 2010 800 refectione

312 831 656 888 confortant.

383 918 500 989 [IL]
532 919 706 974 Audit
728 925 1000 988 praeterea
1023 915 1210 972 Sancti
1232 916 1416 986 Egidii
1438 931 1626 973 comes
1645 917 1881 984 Turcos,
1906 917 2010 987 qui

309 1005 678 1061 Antiochenaa
701 1005 829 1060 urbi
851 1012 1268 1060 consueverant
1288 1012 1556 1074 prazstare
1576 1005 1916 1071 custodiam,
1933 1003 2006 1060 ab

309 1093 436 1162 ejus
477 1093 780 1148 decessisse
830 1092 1134 1162 praesidio;
1184 1100 1524 1163 partemque
1567 1093 1657 1148 sui
1709 1091 2002 1161 praemittit

310 1181 616 1242 exercitus,
670 1180 773 1250 qui
823 1194 950 1235 eam
1009 1180 1304 1235 obtineant
1356 1189 1410 1234 et
1473 1181 1724 1235 dominio
1779 1187 2008 1236 servent

308 1269 451 1339 ejus.
480 1268 688 1323 Electis
728 1267 905 1338 igitur
956 1267 1025 1322 de
1081 1268 1326 1336 propria:
1385 1266 1600 1322 militiae
1655 1267 2006 1336 primoribus

312 1363 584 1425 quatuor,
616 1370 866 1426 quorum
902 1355 1089 1411 tribus
1122 1355 1268 1410 idem
1313 1355 1518 1416 inerat,
1567 1355 1780 1410 scilicet
1831 1354 2002 1419 Petri,

309 1443 676 1511 vocabulum,
745 1450 992 1514 quartus
1035 1441 1375 1498 Guillelmus
1431 1443 1501 1498 de
1550 1443 1732 1498 Monte
1791 1442 2004 1498 Pislerii

307 1529 624 1596 dicebatur,
656 1530 757 1601 qui
791 1539 846 1585 et
877 1531 1033 1600 apud
1069 1545 1175 1586 nos
1208 1531 1385 1586 armis
1435 1530 1708 1586 celebrior
1754 1531 2004 1586 habeba-

311 1625 424 1685 tur,
466 1618 682 1688 dirigit,
715 1633 810 1674 eos
839 1617 934 1674 illo
965 1632 1096 1673 cum
1125 1618 1457 1688 quingentis
1486 1619 1798 1688 equitibus.
1838 1619 2004 1674 Haud

307 1704 506 1774 procul
548 1705 743 1774 itaque
768 1704 840 1760 ab
875 1704 1017 1760 urbe
1051 1705 1339 1774 praedicta,
1373 1704 1578 1759 vallem
1601 1705 1840 1771 intrant,
1871 1712 1926 1760 et
1948 1706 2004 1760 in

308 1790 431 1861 ipsa
463 1791 611 1847 valle
641 1799 896 1848 castrum
926 1791 1244 1861 reperiunt,
1271 1799 1325 1846 et
1355 1791 1565 1847 ibidem
1617 1792 1834 1847 civitati
1886 1793 2005 1848 An-

305 1879 603 1946 tiochense,
633 1879 848 1934 Turcos
874 1892 1008 1934 eum
1061 1892 1242 1934 manu
1290 1879 1517 1948 copiosa
1561 1878 1864 1948 praesidere
1905 1893 2010 1934 au-

307 1967 494 2023 diunt.
526 1967 678 2032 Quos
705 1966 876 2022 etiam
907 1966 1159 2022 maximo
1189 1974 1476 2036 apparatu
1513 1975 1568 2021 et
1614 1980 1909 2021 armorum
1955 1973 2010 2022 et

305 2055 604 2110 hominum
635 2069 756 2110 sese
790 2055 1070 2110 instruere
1105 2063 1306 2110 contra
1355 2053 1622 2118 Francos,
1672 2053 1720 2109 si
1770 2053 2008 2123 quando

305 2143 413 2200 sibi
446 2143 789 2213 ingruerint.
822 2142 1147 2198 addiscunt.
1179 2142 1380 2197 Petrus
1417 2156 1574 2212 ergo,
1607 2155 1762 2196 unus
1802 2155 1871 2196 ex
1919 2141 2008 2197 his

307 2245 453 2302 quos
481 2232 748 2300 superius
774 2231 964 2286 Petros
993 2235 1142 2283 τωο
1182 2229 1376 2285 vocari
1399 2229 1674 2297 diximus,
1709 2229 1804 2285 cui
1833 2229 2005 2283 etiam

305 2331 590 2389 agnomen
621 2331 656 2372 a
687 2318 828 2382 loco,
861 2316 962 2388 qui
993 2318 1178 2372 Roasa
1209 2317 1442 2381 dicitur,
1487 2317 1693 2382 fuerat,
1745 2329 1776 2372 a
1817 2317 2002 2372 socio-

306 2419 436 2460 rum
462 2413 614 2460 coetu
652 2419 710 2460 se
740 2405 1021 2471 dividens,
1065 2403 1226 2460 urbis
1275 2404 1578 2474 cujusdam
1634 2419 1764 2474 qua:
1816 2405 2004 2476 Rugia

307 2493 537 2559 dicitur,
567 2493 776 2549 vallem
804 2492 1146 2563 ingreditur.
1190 2501 1246 2548 et
1294 2492 1544 2548 inventis
1583 2493 1785 2549 Turcis
1831 2493 2001 2549 Sara-

307 2581 597 2651 cenisque,
661 2595 793 2636 cum
867 2581 949 2636 eis
1027 2581 1416 2650 congreditur,
1484 2588 1560 2644 et,
1647 2581 2001 2650 interemptis

305 2682 506 2725 eorum
539 2667 1002 2738 quamplurimis,
1036 2668 1176 2723 alios
1208 2669 1592 2738 persequitur.
1636 2669 1747 2724 Hoc
1793 2670 1999 2724 Arme-

305 2755 387 2812 nii
413 2756 789 2821 attendentes,
820 2763 876 2810 et
905 2755 974 2811 de
1007 2755 1114 2810 viri
1142 2755 1474 2810 fortitudine
1492 2756 1818 2825 jucundati,
1861 2771 2000 2826 pro-

306 2852 432 2914 pter
480 2843 764 2898 insolitam
811 2843 1120 2900 adversum
1163 2843 1378 2898 Turcos
1421 2844 1744 2908 audaciam,
1795 2844 1994 2900 ditioni

307 2931 461 2987 illius
489 2945 548 2986 se
575 2931 920 3000 mancipant.
949 2932 1064 2988 Nec
1093 2946 1274 2998 mora,
1315 2931 1543 2988 cuidam
1585 2933 1756 2988 Busa:
1804 2932 1996 2987 nomi—

2118 571 2278 638 stria,
2329 572 2430 627 ubi
2477 571 2752 641 Syrorum
2806 569 3278 641 praedicatissima
3325 569 3655 639 metr0polis
3701 569 3810 624 sita

2117 658 2476 730 dignoscitur
2505 657 2826 726 Antiochia,
2859 658 3031 728 cujus
3064 657 3368 713 titulorum
3399 665 3538 713 sunt
3581 657 3808 726 specia-

2117 747 2213 814 lia,
2249 757 2450 817 praeter
2481 761 2548 803 ea
2577 747 2793 819 quibus
2822 746 2893 801 ad
2925 745 3203 800 saeculum
3240 744 3437 800 floruit
3486 743 3806 814 privilegia,

2117 835 2273 904 quod
2302 835 2608 891 Christiani
2658 833 2906 890 nominis
2953 833 3084 887 inde
3136 833 3496 902 pullularunt
3525 831 3793 902 insignia.

2118 922 2420 992 Pharphar
2469 923 2650 992 ipsius
2703 920 2950 976 civitatis
3009 919 3228 975 ﬂuvius
3278 926 3672 988 nuncupatur.
3723 919 3809 973 Ad

2115 1011 2284 1081 cujus
2305 1025 2437 1066 cum
2471 1009 2650 1065 nostri
2681 1007 3070 1078 perVenisscnt
3121 1007 3396 1077 contigua
3435 1007 3557 1062 loca
3602 1007 3806 1074 pontis,

2111 1097 2349 1168 quidam
2391 1112 2464 1154 ex
2505 1097 2586 1152 eis
2635 1097 2850 1166 quibus
2913 1095 3268 1166 praecedendi
3329 1103 3517 1150 castra
3547 1093 3805 1150 officium

2113 1185 2320 1251 fuerat,
2356 1186 2666 1246 maximam
2705 1185 3027 1239 Turcorum
3065 1181 3350 1238 offendere
3394 1195 3657 1245 manum,
3705 1181 3809 1250 qui

2118 1273 2380 1342 plurimis
2425 1271 2783 1328 suffarcinati
2829 1270 3008 1340 copiis
3064 1284 3373 1340 suggerere
3423 1268 3811 1338 properabant

2113 1360 2439 1416 obsidendis
2467 1359 2774 1414 auxilium.
2803 1358 2956 1424 Quos
2994 1357 3172 1412 nostri
3218 1357 3316 1412 ubi
3371 1363 3807 1426 perspexerunt,

2113 1448 2391 1504 Francica
2424 1449 2482 1502 in
2512 1462 2610 1502 eos
2639 1446 2927 1502 ferocitate
2976 1452 3352 1510 concurrunt,
3397 1451 3454 1499 et
3502 1458 3644 1513 pene
3686 1443 3812 1498 sine

2112 1536 2231 1593 ullo
2284 1536 2558 1605 temporis
2612 1534 2915 1590 interstitio
2962 1533 3314 1602 subigentes,
3382 1531 3491 1586 hac
3563 1531 3812 1600 illacque

2112 1624 2468 1694 dispergunt.
2503 1623 2746 1677 Laniant
2786 1621 3020 1676 miseros
3051 1620 3232 1674 instar
3261 1619 3526 1686 arietum,
3563 1626 3641 1686 et,
3673 1633 3806 1688 qum

2116 1711 2288 1782 paulo
2317 1718 2449 1766 ante
2480 1718 2692 1765 terrere
2726 1716 3029 1777 potuerant
3056 1721 3238 1774 arma,
3273 1707 3621 1777 projiciunt;
3661 1705 3812 1777 fugit

2120 1813 2218 1868 per
2245 1812 2458 1854 cuneos
2508 1798 2680 1853 turba
2734 1796 3018 1867 gregaria,
3071 1795 3383 1850 vulnerant
3427 1801 3483 1849 et
3528 1793 3806 1860 obruunt,

2117 1887 2258 1942 dum
2315 1885 2527 1940 mistim
2591 1887 2916 1954 properant,
2975 1883 3128 1939 socia
3152 1881 3671 1951 agmina;pridem
3702 1895 3810 1935 su-

2117 1975 2293 2044 perba
2323 1974 2508 2028 rabies
2542 1974 2711 2029 sentit
2741 1971 3003 2037 humilia,
3035 1979 3090 2026 et
3118 1983 3252 2041 quae
3281 1977 3610 2024 nostrorum
3650 1967 3810 2022 aesti—
3867 1972 3874 1982 '

2114 2062 2311 2118 mabat
2373 2076 2431 2116 se
2490 2061 2822 2131 gavisuram
2884 2058 3196 2128 stragibus,
3245 2057 3474 2112 laetatur
3525 2055 3572 2111 si
3634 2053 3809 2124 possit

2113 2163 2337 2215 eruere,
2373 2149 2460 2205 vel
2497 2163 2628 2204 cum
2671 2147 2907 2218 pudore,
2948 2159 3210 2214 corpora.
3258 2145 3324 2200 Hi
3376 2143 3479 2214 qui
3531 2155 3810 2214 veneran‘

2111 2237 2522 2308 expugnandis
2554 2237 2699 2292 ferre
2736 2233 3102 2304 suffragium,
3130 2233 3276 2288 iiunt
3295 2233 3568 2288 continuo
3589 2244 3808 2301 conge-

2111 2325 2222 2380 ries
2253 2324 2397 2380 faeda
2424 2325 2794 2390 cadaverum,
2827 2330 2882 2378 et
2921 2335 3068 2391 quas
3105 2320 3434 2376 deferebant
3480 2317 3809 2375 obsidendis

2108 2412 2319 2481 copias,
2367 2411 2670 2467 destinavit
2702 2409 3072 2478 Omnipotens
3103 2406 3519 2466 obsessoribus.
3563 2404 3802 2461 consilio

2108 2499 2579 2564 misericordiore,
2654 2497 3006 2566 praebendas.
3076 2495 3176 2550 His
3233 2495 3410 2565 igitur
3468 2508 3584 2549 non
3638 2493 3807 2548 aliter

2105 2601 2282 2658 quam
2359 2595 2575 2656 segetes
2623 2585 2903 2656 grandine
2952 2583 3451 2649 comminuuutur,
3509 2581 3802 2650 oppressis

2106 2675 2291 2730 multa
2330 2675 2540 2729 nostris
2569 2673 2902 2728 resederunt
2931 2670 3132 2741 spolia,
3183 2670 3489 2725 innumera
3531 2668 3807 2724 frumenti

2105 2762 2346 2832 vinique
2372 2761 2787 2830 relinquuntur
2831 2758 3158 2828 impendia;
3205 2771 3514 2827 equorum,
3555 2757 3805 2812 camelo-

2103 2865 2256 2916 rum,
2292 2849 2705 2918 asinorumque
2735 2846 3094 2918 pedestribus
3118 2859 3336 2901 cessere
3365 2844 3645 2900 subsidia.
3693 2845 3805 2900 Ita-

2102 2953 2217 3010 que
2244 2937 2420 2994 nostri
2449 2950 2624 3007 super
2670 2934 2890 3006 przefati
2930 2933 3188 2990 ﬂuminis
3232 2947 3394 2988 oram
3439 2940 3629 2988 castra
3673 2947 3808 2988 con-

306 3034 378 3076 ne
433 3019 671 3087 civitati,
735 3020 1124 3076 habitatorum
1179 3020 1484 3087 deditione,
1531 3019 1880 3090 praeﬁcitur;
1938 3019 1995 3074 in
2035 3028 2375 3105 csiiiuum.

305 3107 594 3178 plerisque
628 3108 819 3164 itidem
850 3109 1098 3164 castellis
1121 3108 1430 3178 excipitur.

374 3195 678 3252 Exercitus
717 3205 907 3253 autem
965 3197 1252 3260 residuus,
1304 3210 1338 3252 a
1393 3196 1610 3258 Coxon,
1667 3195 1764 3252 illa
1817 3211 1993 3267 quam

303 3283 559 3340 diximus
585 3285 748 3350 urbe,
785 3285 1098 3355 digressus,
1147 3298 1248 3354 per
1293 3291 1602 3354 angustam
1646 3297 1715 3338 ac
1764 3283 1998 3338 confra-

305 3386 504 3444 gosam
556 3372 972 3428 incredibiliter
1013 3371 1402 3440 quorumdam
1459 3371 1732 3441 processit
1774 3378 1995 3426 monta-

302 3475 511 3516 norum
543 3461 826 3523 semitam.
857 3461 998 3516 adeo
1026 3461 1366 3523 arduorum,
1409 3467 1472 3515 ut
1499 3474 1667 3515 nemo
1711 3473 1844 3515 eum
1894 3459 1997 3528 qui

302 3549 540 3618 praeibat
569 3549 862 3604 ullatenus
917 3548 1236 3617 praecedere
1281 3555 1480 3616 potest,
1529 3548 1625 3603 sed
1673 3547 1816 3604 alios
1875 3554 1999 3617 post

303 3637 444 3693 alios
526 3636 819 3707 sigillatim
885 3635 1345 3705 pedetentimque
1418 3635 1721 3705 procedere
1771 3649 1999 3691 necesse

301 3723 463 3779 foret.
497 3723 671 3778 Arcto
698 3735 952 3792 namque
976 3729 1030 3776 et
1068 3722 1241 3778 nimis
1269 3735 1509 3792 scrupeo
1539 3722 1670 3778 calli
1719 3723 1997 3792 praerupti

302 3810 544 3868 maximi
594 3809 720 3881 [al.,
782 3809 1056 3880 maxima]
1112 3824 1328 3882 vorago
1371 3811 1714 3877 subtererat,
1774 3811 1892 3878 ubi,
1949 3811 1998 3866 si

301 3912 520 3970 equum
549 3913 701 3969 equo
729 3897 935 3955 offendi
982 3899 1357 3969 contingeret,
1412 3898 1752 3968 desperabili
1803 3899 1996 3955 statim

303 3987 613 4058 praecipitio
666 3987 968 4056 deperiret.
1030 3987 1265 4044 Videres
1340 4000 1592 4042 cuneum
1665 3987 1992 4055 militarem,

301 4074 402 4145 qui
434 4074 654 4145 pridem
686 4074 991 4132 insolentia
1032 4074 1306 4130 itinerum
1361 4075 1664 4144 inediaque
1712 4075 1780 4131 de
1828 4090 1998 4146 eque-

303 4163 520 4220 stribus
551 4163 764 4232 pedites
796 4163 927 4218 facti
973 4170 1161 4224 erant,
1208 4161 1486 4218 feralibus
1530 4163 1682 4219 afﬁci
1729 4164 1994 4232 tristitiis,

302 4263 530 4321 pugnos
553 4251 835 4318 collidere,
886 4249 1153 4306 vellicare
1195 4249 1448 4319 capillos,
1503 4259 1578 4317 et,
1643 4253 1841 4308 mortis
1887 4252 1996 4308 sibi

2178 3115 2250 3169 At
2277 3111 2661 3177 Boemundus,
2685 3109 2904 3181 junctis
2928 3108 3038 3164 sibi
3067 3107 3502 3164 lectissimorum
3553 3105 3805 3162 militum

2107 3203 2363 3259 millibus
2416 3209 2688 3271 quatuor,
2739 3207 2915 3268 portae
2963 3196 3213 3253 civitatis
3263 3211 3384 3252 sese
3415 3196 3700 3265 opposuit,
3750 3203 3807 3251 et

2108 3305 2179 3346 ne
2209 3291 2343 3361 quis
2366 3289 2440 3345 ab
2471 3303 2538 3345 ea
2557 3288 2740 3344 exiret
2773 3287 2860 3342 vel
2893 3286 3290 3356 ingrederetur
3319 3284 3374 3338 in
3408 3284 3612 3354 ipsam,
3661 3283 3808 3354 vigi-

2109 3378 2214 3434 lias
2269 3391 2338 3434 ea
2378 3377 2455 3432 ibi
2505 3383 2668 3430 nocte
2718 3372 3098 3430 continuavit.
3160 3371 3433 3427 Postridie
3491 3370 3562 3425 ad
3621 3369 3807 3440 ipsam

2107 3480 2296 3535 usque
2325 3462 2708 3529 Antiochiam,
2743 3460 3042 3517 duodecim
3091 3459 3217 3515 Kal.
3264 3457 3620 3524 Novembris,
3668 3472 3804 3514 cum

2107 3560 2317 3625 quarta
2349 3560 2496 3608 esset
2527 3551 2688 3617 feria,
2713 3557 2768 3605 et
2815 3549 3002 3604 media
3044 3548 3164 3618 jam
3213 3555 3485 3616 ageretur
3525 3546 3666 3613 dies,
3714 3548 3810 3600 de-

2111 3641 2347 3698 veniens
2375 3638 2629 3696 consedit
2653 3637 2964 3701 exercitus,
2999 3635 3174 3691 trium
3205 3633 3454 3689 civitatis
3479 3639 3802 3703 portarum,

2106 3727 2491 3786 obsidentium
2541 3724 2798 3795 diligenti
2849 3721 3122 3778 instantia
3161 3720 3484 3792 prmpeditis
3529 3719 3802 3786 aditibus,

2105 3816 2201 3874 sed
2233 3823 2444 3885 quarto
2483 3819 2744 3877 vacante,
2801 3809 3076 3880 quoniam
3126 3808 3326 3864 nullus
3380 3807 3432 3863 ei
3476 3807 3802 3862 obsidendas

2107 3910 2300 3972 patere
2332 3907 2553 3971 poterat
2589 3898 2766 3964 locus,
2816 3905 3220 3952 montanorum
3266 3897 3673 3965 contiguorum
3718 3895 3801 3950 al-

2107 3989 2353 4045 titudine
2407 3987 2657 4057 plurima
2711 3986 3096 4055 angustiaque
3151 3983 3531 4039 obstantibus.
3584 3983 3802 4038 Tantus

2106 4085 2298 4133 autem
2319 4090 2437 4132 non
2459 4076 2627 4130 modo
2651 4073 2892 4140 civibus,
2921 4086 3122 4128 verum
3141 4072 3342 4128 Turcis
3373 4072 3796 4142 praestantibus,

2103 4173 2430 4220 nostrorum
2462 4169 2647 4218 metus
2688 4161 2987 4226 incutitur,
3019 4168 3083 4216 ut
3111 4174 3312 4215 eorum
3339 4167 3540 4215 contra
3576 4167 3800 4214 nostros

2106 4267 2278 4308 nemo
2307 4251 2656 4322 procederet,
2689 4263 2875 4312 nemo,
2927 4261 2994 4304 ac
3041 4249 3086 4302 si
3138 4247 3432 4302 nundinas
3481 4246 3665 4302 acturi
3710 4260 3803 4302 ve-

303 4339 614 4407 imprecato
641 4339 824 4404 exitu,
873 4337 1078 4393 loricas
1119 4345 1175 4394 et
1225 4339 1439 4409 galeas,
1490 4340 1762 4409 quaelibet
1809 4354 1993 4406 arma,
2033 4321 2078 4375 Β
2109 4321 2346 4404 nissent,
2385 4339 2506 4394 ulla
2542 4337 2624 4392 eis
2667 4336 2992 4392 hostilitatis
3049 4335 3346 4391 molimina
3377 4336 3704 4401 intentaret,
3745 4342 3801 4390 et

304 4426 428 4484 sine
458 4426 636 4482 ullius
665 4427 834 4496 pretii
865 4435 1140 4496 respectu,
1176 4427 1426 4484 denariis
1475 4429 1660 4484 tribus
1701 4437 1802 4485 aut
1851 4443 1997 4498 qua-

302 4521 438 4571 tuor
465 4527 567 4570 seu
593 4515 856 4584 quinque
884 4515 1220 4583 distrahere,
1269 4523 1324 4572 et
1379 4517 1518 4572 dum
1573 4531 1688 4572 non
1747 4517 2000 4586 suppetit

301 4607 544 4670 emptor,
619 4599 866 4670 clypeos,
945 4601 1174 4671 aliaque
1229 4603 1547 4673 peroptima
1599 4605 1658 4660 in
1714 4603 1998 4673 profunda

301 4688 580 4759 disjicere.
623 4689 934 4745 dummodo
982 4689 1244 4747 valerent
1281 4699 1438 4748 tanto
1487 4691 1816 4747 discrimine
1865 4705 1999 4746 cor-

302 4791 442 4846 pora
471 4777 572 4834 vix
609 4776 718 4833 sibi
747 4776 1093 4833 sufficientia
1142 4780 1432 4849 expedire.
1490 4779 1580 4834 Ex
1629 4779 1717 4834 bis
1769 4779 1997 4834 tandem

302 4865 550 4936 scopulis
617 4879 686 4920 ac
750 4865 996 4936 rupibus
1061 4875 1363 4937 postquam
1418 4881 1553 4922 cum
1625 4867 1999 4923 intolerandis

303 4967 584 5009 emersere
617 4952 934 5016 laboribus.
988 4955 1189 5010 urbem
1235 4954 1548 5025 quamdam
1593 4953 1860 5010 Marasim
1911 4954 1998 5010 di-

303 5049 453 5097 ctam
486 5041 795 5107 introeunt,
847 5042 1018 5112 cujus
1065 5042 1218 5098 cives
1273 5043 1354 5097 eis
1397 5041 1628 5097 obviam
1684 5041 1998 5098 laetabundi

302 5128 605 5198 prodeunt,
636 5135 692 5183 et
721 5127 952 5184 abunde
980 5129 1330 5186 exercitibus
1375 5128 1604 5185 venalia
1642 5129 1992 5186 convehunt.

299 5215 715 5286 Becreavitque
770 5217 1083 5273 exhaustos
1113 5217 1280 5274 tellus
1322 5217 1634 5282 uberrima,
1690 5231 1998 5288 quousque

300 5303 694 5360 restitueretur
721 5303 803 5360 eis
836 5304 1052 5360 domini
1099 5305 1432 5366 Boemundi.
1471 5307 1573 5376 qui
1611 5305 1998 5376 subsequeba-

301 5398 419 5458 tur,
451 5405 742 5462 quemque
776 5392 1256 5462 praestolabantur
1286 5393 1518 5460 ibidem,
1548 5393 1866 5464 praesentia.

974 5479 1200 5535 CAPUT
1239 5480 1306 5534 II.

375 5566 489 5640 [ιι]
525 5567 897 5624 Anfioclu'am
936 5566 1166 5621 tandem
1190 5568 1536 5638 perveniunt
1563 5566 1788 5636 Franci,
1819 5583 1995 5640 quam

2107 4429 2230 4485 haec
2259 4428 2464 4484 fucatae
2504 4424 2839 4495 superficies
2883 4424 3038 4494 pacis
3075 4422 3407 4494 quindecim
3452 4422 3628 4478 ferme
3679 4421 3800 4478 die-

2106 4516 2235 4582 bus,
2291 4512 2472 4570 veluti
2527 4513 2900 4578 conclamata,
2962 4510 3289 4580 perstiterit.
3361 4509 3523 4564 Circa
3595 4508 3797 4564 urbem

2105 4611 2299 4660 autem
2337 4603 2520 4672 ipsam
2561 4599 2907 4656 fertilissima
2952 4599 3130 4670 hujus
3173 4596 3483 4653 obsidionis
3532 4597 3802 4663 exstitere

2104 4689 2456 4762 primordia;
2505 4687 2767 4744 omnium
2816 4687 2950 4743 usui
3001 4685 3491 4750 convenientium,
3553 4693 3803 4754 tempore

2103 4791 2388 4836 novorum
2459 4776 2600 4832 inibi
2677 4789 2876 4830 recens
2942 4782 3090 4840 acto,
3161 4773 3419 4828 fervebat
3473 4773 3799 4843 opulentia;

2102 4865 2323 4933 vineas,
2383 4864 2479 4920 sed
2538 4877 2654 4934 quo
2701 4871 2952 4932 tempore
3001 4861 3198 4926 miror,
3249 4860 3544 4916 vindemia
3581 4861 3801 4930 depen-

2103 4954 2272 5010 dente
2332 4951 2588 5018 refertas,
2645 4950 2936 5006 frumenta
3001 4963 3116 5004 non
3183 4948 3420 5009 horreis,
3475 4948 3571 5004 sed
3622 4947 3802 5006 foveis

2070 5048 2278 5110 °atque
2318 5039 2604 5095 cuniculis
2652 5037 2918 5092 immersa
2969 5035 3188 5104 ubique
3235 5034 3614 5104 reperiebant,
3664 5049 3798 5091 cum

2102 5143 2210 5184 nec
2258 5127 2566 5184 arboribus
2620 5138 2790 5195 poma
2851 5125 3130 5190 deessent,
3203 5130 3259 5178 et
3331 5121 3602 5191 quaelibet
3665 5121 3799 5177 vita:

2101 5217 2362 5286 ipsorum
2408 5213 2706 5271 commoda
2759 5211 2878 5268 solo
2909 5211 3200 5268 uberrimo
3231 5208 3629 5279 suppeditante
3656 5223 3798 5265 con-

2102 5305 2364 5361 fluerent.

2173 5389 2428 5446 Armenii
2459 5396 2652 5446 autem
2684 5395 2738 5444 et
2767 5387 2914 5457 Syri,
2947 5401 3020 5442 ex
3071 5386 3288 5456 quibus
3335 5393 3562 5456 praeter,
3613 5393 3678 5440 ut
3717 5385 3798 5440 sic

2103 5479 2371 5543 dixerim,
2402 5479 2620 5534 Turcos
2647 5476 2926 5546 epibatas,
2970 5482 3087 5530 tota
3137 5475 3279 5530 urbs
3335 5475 3432 5529 illa
3474 5473 3792 5539 constabat,

2101 5580 2237 5624 cum
2297 5566 2498 5623 urbem
2552 5565 2737 5635 ipsam
2790 5562 3124 5629 incolerent,
3177 5569 3234 5618 et
3285 5561 3622 5618 Christianae
3676 5573 3795 5616 sese
