3934 6392
183 320 291 372 ’733

1293 312 1514 369 GESTA
1552 312 1667 367 DEI
1706 312 1847 368 PER
1884 310 2311 368 FRANCOS.—
2339 311 2468 367 LIB.
2510 314 2598 368 IV.

3587 320 3692 374 ’734

182 449 355 506 titulo
389 447 738 505 conditionis
770 446 1058 515 efferrent,
1092 447 1293 502 crebro
1335 454 1559 502 nostros
1597 446 1882 514 invisere;
1920 447 1966 501 Α
2064 446 2587 517 Appropinquabat
2637 447 2837 521 Natale
2893 448 3278 518 Dominicum,
3329 457 3383 507 et
3426 450 3692 508 frumen-

185 546 243 594 et
297 551 421 593 esse
475 550 676 593 eorum
734 535 1073 591 universum
1126 534 1438 600 addiscere,
1485 541 1541 590 et
1589 534 1710 590 suis
1755 548 1887 603 quae

187 624 346 694 apud
390 632 619 679 nostros
662 622 938 692 aucupati
968 623 1195 677 fuerant
1227 621 1518 676 nuntiare.
1557 620 1700 678 Cum
1732 621 1886 675 enim

189 712 443 768 Francos
496 726 617 767 suis
666 711 912 766 assiduae
960 709 1441 765 confabulationis
1486 709 1639 765 visco
1695 708 1884 764 allice-

188 806 337 865 rent,
370 806 426 854 et
464 813 524 853 se
558 812 593 853 a
629 798 951 853 Turcorum
1004 796 1145 852 facie
1184 796 1450 866 fugitare.
1502 795 1697 851 multis
1743 795 1886 850 adu-

188 886 420 942 lationis
466 886 770 952 lenocinio,
818 892 1148 940 nostrorum
1187 884 1433 940 auribus
1465 888 1609 938 39'!
1670 883 1887 938 mussi-

189 983 421 1041 tassent,
474 988 684 1030 uxores
728 981 920 1029 tamen
980 971 1241 1043 proprias
1290 972 1583 1038 excedere,
1632 972 1888 1027 nullate-

189 1079 301 1120 nus
341 1063 414 1119 ab
447 1063 588 1119 urbe
615 1062 902 1128 sinebant,
946 1069 1001 1116 et
1040 1060 1111 1115 ad
1151 1061 1325 1129 ipsas,
1369 1060 1613 1131 digressi
1638 1075 1672 1115 a
1704 1061 1885 1114 Fran-

189 1152 287 1213 cis,
315 1150 735 1221 postliminium
769 1148 1058 1211 facientes,
1092 1162 1223 1217 quae
1255 1148 1424 1204 istinc
1458 1148 1887 1218 subintelligere

190 1246 468 1308 poterant,
520 1238 590 1292 ad
636 1238 852 1293 Turcos
900 1236 1355 1292 Christianorum
1406 1235 1657 1305 partium
1711 1235 1878 1291 infir-

192 1327 373 1382 miora
421 1326 697 1381 ferebant.
741 1323 1032 1393 Proposito
1076 1324 1255 1393 igitur
1289 1337 1491 1379 eorum
1522 1323 1770 1393 cognito,
1820 1337 1887 1378 ac

193 1414 438 1471 essentia
500 1414 656 1485 Syris
711 1412 1119 1481 interpretibus
1170 1413 1280 1467 sita
1328 1410 1420 1481 υἱ,
1471 1411 1655 1481 scita],
1715 1410 1887 1466 Turci

195 1504 262 1559 de
299 1503 533 1559 civitate
570 1501 873 1570 aliquoties
901 1513 1220 1567 erumpere,
1267 1498 1464 1568 aliqua
1494 1498 1703 1553 nostris
1741 1499 1883 1554 sub—

194 1591 395 1659 ripere,
428 1590 570 1645 dum
600 1588 947 1643 victualibus
976 1586 1352 1655 quaeritandis
1388 1587 1678 1649 oberrant,
1715 1586 1887 1641 calles

191 1685 489 1732 consuetos
537 1675 825 1740 obtexere,
870 1675 1097 1744 plagam
1139 1682 1547 1729 montanorum
1593 1674 1886 1743 marisque

189 1764 516 1836 petentibus
560 1777 633 1819 ex
682 1763 972 1830 insperato
1016 1775 1309 1831 proruere,
1360 1760 1505 1816 nihil
1547 1761 1620 1816 ab
1666 1761 1884 1817 insidiis

190 1863 246 1910 et
276 1851 699 1922 irruptionibus
720 1864 924 1905 vacare
957 1849 1301 1919 permittere.

260 1940 429 1996 Haud
463 1939 661 2009 procul
694 1946 885 1993 autem
928 1936 1057 1993 inde
1085 1936 1350 1994 Castrum
1379 1936 1701 1993 habebatur
1728 1937 1885 2007 quod

190 2029 509 2085 vocabatur
541 2033 706 2097 Areg,
741 2028 797 2081 in
832 2040 948 2096 quo
980 2026 1284 2095 praecipuas
1328 2022 1643 2080 ferocitatis
1669 2026 1886 2081 Turcos

191 2130 293 2186 pro
325 2115 576 2186 praesidii
604 2114 785 2184 ipsius
830 2113 1070 2169 tuitione
1104 2112 1451 2180 locaverant,
1494 2113 1593 2182 qui
1626 2113 1881 2180 Francis,

189 2204 492 2274 aliquoties
546 2200 1170 2268 inconsideratioribus,
1242 2200 1635 2270 frequentium
1698 2200 1887 2256 incur-

188 2306 358 2349 suum
416 2291 618 2347 turbas
664 2289 1038 2345 incutiebant.
1086 2289 1159 2344 At
1202 2289 1508 2358 principes,
1561 2296 1733 2344 tantae
1775 2290 1884 2344 im-

190 2381 472 2450 patientes
518 2378 767 2449 injuriae,
817 2392 933 2432 non
983 2390 1165 2446 parva
1206 2377 1467 2446 equitum
1512 2378 1885 2448 peditumque

187 2468 439 2525 conﬂata
480 2482 680 2532 manu,
724 2467 962 2522 mittunt
992 2465 1095 2536 qui
1124 2465 1423 2534 explorent
1463 2466 1702 2521 ubinam
1745 2466 1885 2521 deli-

191 2565 407 2613 tescere
454 2555 671 2611 soleant
702 2555 800 2625 qui
840 2562 918 2609 tot
960 2555 1079 2609 suis
1122 2552 1273 2608 mala
1302 2552 1579 2622 irrogant.
1614 2554 1883 2623 Reperto-

187 2659 306 2714 que
350 2643 684 2699 eorumdem
742 2641 1001 2708 latibulo,
1070 2641 1271 2696 obvios
1317 2641 1551 2710 quidem
1597 2641 1781 2710 primo
1826 2656 1885 2697 se

184 2733 300 2789 illis
331 2732 605 2803 przebent,
634 2730 730 2786 sed
766 2729 1148 2800 postmodum,
1188 2729 1328 2799 fuga
1357 2727 1560 2784 callide
1590 2730 1881 2799 simulata,

181 2837 251 2879 eo
276 2836 337 2877 se
366 2822 440 2876 ab
480 2819 921 2889 insequentibus
947 2817 1079 2872 duci
1111 2816 1329 2884 sinunt,
1361 2815 1459 2872 ubi
1495 2817 1731 2873 indubie
1775 2833 1884 2873 no-

178 2917 391 2967 verant
420 2909 596 2964 latere
618 2910 673 2962 in
708 2906 932 2962 insidiis
960 2905 1377 2960 Boemundum.
1416 2904 1649 2970 Ibidem,
1682 2906 1885 2962 Turcis

1997 543 2138 603 tum,
2167 545 2489 608 caeteraque
2532 552 2840 608 corporum
2888 539 3161 595 alimenta
3189 548 3480 610 cmperant
3512 541 3691 597 vehe-

1993 633 2214 680 menter
2241 625 2526 691 imminui,
2554 634 2609 681 et
2636 640 2769 682 caro
2799 628 3130 682 constiterat
3176 628 3235 682 in
3282 635 3401 683 toto
3432 629 3690 684 exercitu

1991 713 2185 768 omnia
2218 713 2407 768 vendi.
2442 714 2788 770 Victualium
2821 715 3270 787 quaerendorum
3308 730 3484 771 causa
3527 716 3692 771 nulla

1994 800 2223 869 patebat
2294 801 2538 856 facultas
2603 801 2693 856 vel
2756 801 3114 871 longiuscule
3192 803 3467 873 evagari;
3539 803 3693 858 intra

1992 885 2300 943 Christiani
2334 903 2568 958 quoque
2607 887 2856 944 nominis
2887 887 3047 955 fines,
3087 890 3232 945 nihil
3278 904 3421 958 pene
3463 891 3583 961 jam
3617 891 3690 945 ad

1991 989 2164 1031 usum
2212 976 2334 1046 [al.,
2367 975 2549 1048 esum]
2586 976 2880 1045 pertinens
2930 984 3152 1046 poterat
3204 977 3462 1047 reperiri.
3517 978 3692 1032 Porro

1991 1064 2051 1119 in
2083 1063 2531 1119 Sarracenorum
2564 1064 2853 1133 regionem
2891 1065 3121 1119 nonnisi
3163 1079 3293 1120 cum
3330 1064 3692 1134 expeditione

1989 1150 2242 1219 plurima
2270 1151 2582 1221 quisquam
2609 1150 2834 1205 valebat
2876 1151 3158 1220 progredi.
3213 1150 3397 1221 igitur
3449 1156 3693 1221 urgente

1995 1237 2204 1305 inedia,
2237 1246 2430 1293 coacto
2459 1252 2719 1307 proceres
2751 1238 2990 1293 concilio
3018 1252 3139 1293 sese
3186 1238 3504 1293 discutiunt
3542 1252 3688 1307 qua-

1991 1324 2122 1380 liter
2169 1326 2391 1381 consuli
2453 1327 2652 1381 debeat
2729 1333 2901 1381 tautze
2964 1325 3301 1394 frequentiae
3367 1326 3688 1391 hominum,

1989 1412 2159 1468 famis
2229 1412 2616 1480 atrocissimas,
2691 1413 2800 1467 nisi
2853 1412 2905 1467 ei
2968 1413 3366 1478 subveniatur,
3403 1412 3687 1468 subitura:

1992 1500 2332 1569 periculum.
2375 1501 2629 1556 Tandem
2664 1500 2879 1556 vicaria
2902 1500 3321 1555 consultatione
3375 1500 3687 1569 reperiunt,

1992 1588 2078 1643 uti
2136 1588 2334 1657 aliqua
2391 1602 2524 1657 pars
2587 1588 2877 1643 exercitus
2934 1588 3231 1656 stipendiis
3302 1588 3690 1658 undecunque

1993 1675 2398 1730 contrahendis
2446 1675 2749 1742 insisteret,
2805 1675 2985 1730 altera
3017 1683 3213 1743 cmptze
3258 1674 3538 1730 obsidioni
3582 1689 3691 1730 va-

1993 1771 2167 1818 caret.
2201 1763 2289 1817 Ad
2312 1762 2435 1817 haec
2460 1764 2654 1832 itaque
2685 1762 3056 1818 Boemundus
3087 1761 3279 1817 intulit
3311 1778 3324 1818 :
3355 1783 3381 1810 ‹‹
3414 1762 3470 1817 Si
3506 1762 3686 1829 vobis,

1994 1849 2203 1919 inquit,
2228 1865 2261 1905 ο
2300 1852 2523 1906 strenui
2555 1851 2783 1913 milites,
2815 1858 3006 1906 tutum
3053 1850 3300 1916 videtur,
3352 1864 3458 1920 ego
3514 1849 3688 1904 Flau-

1993 1938 2215 1994 drensis
2247 1939 2468 1994 comitis
2514 1938 2788 1995 suffultus
2817 1938 3065 2007 comitia,
3108 1939 3448 1993 Victualium
3482 1952 3692 2007 procu-

1992 2027 2275 2082 curationi
2307 2041 2540 2097 operam
2571 2010 2739 2084 dabo.
2773 2047 2801 2077 ιι
2836 2025 2996 2093 Quod
3031 2041 3066 2081 a
3091 2027 3425 2096 quibusque
3448 2025 3693 2096 juniori-

1994 2115 2103 2171 bus
2127 2123 2285 2170 tanta
2309 2123 2394 2171 est
2423 2116 2811 2183 gratulatione
2836 2123 3191 2184 susceptum,
3227 2122 3448 2184 quanto
3484 2111 3690 2183 majori

1990 2202 2395 2269 extabuerant,
2422 2217 2536 2256 non
2570 2203 2735 2258 modo
2764 2201 3050 2268 ariditate,
3107 2215 3309 2256 verum
3359 2200 3690 2256 omnimoda

1991 2292 2320 2346 necessitate
2376 2290 2661 2346 ciborum.
2716 2291 3014 2345 Celebrata
3075 2289 3291 2359 itaque,
3361 2287 3571 2343 affectu
3635 2295 3690 2343 et

1992 2378 2287 2434 alacritate
2316 2392 2435 2447 qua
2464 2384 2746 2447 poterant,
2785 2376 3094 2432 Nativitate
3126 2375 3440 2439 Dominica,
3478 2374 3687 2444 postri-

1990 2464 2104 2529 die,
2130 2479 2262 2521 cum
2289 2473 2434 2520 esset
2462 2465 2717 2521 secunda
2763 2464 2923 2531 feria,
2960 2464 3075 2519 duo
3103 2463 3197 2531 [illi
3238 2463 3491 2533 praedicti
3532 2461 3688 2531 prin-

1991 2554 2163 2623 cipes,
2242 2553 2459 2609 allectis
2539 2553 2645 2609 sibi
2716 2551 2925 2623 viginti
2991 2551 3246 2621 peditum
3324 2550 3691 2617 militumque

1991 2642 2269 2707 millibus,
2332 2641 2783 2697 Sarracenorum
2830 2640 3155 2711 provincias
3207 2638 3545 2710 depopulari
3584 2651 3687 2708 ag-

1992 2730 2233 2800 grediun
2243 2738 2357 2785 tur.

2655 2851 2888 2908 CAPUT
2928 2851 3025 2906 III.

181 2997 619 3061 insectantibus,
678 2995 793 3050 duo
838 3008 911 3049 ex
962 2994 1173 3048 nostris
1207 2992 1626 3050 occubuerunt.
1685 2994 1760 3049 At
1812 2993 1883 3049 de
1920 3019 1963 3076 ο
2064 2993 2207 3065 [IV.]
2254 2994 2476 3048 Interea
2514 2992 2686 3048 Turci
2730 3000 2785 3047 et
2832 2991 3069 3058 Arabes,
3127 2989 3425 3046 Sarraceni
3474 2988 3690 3060 aliique

178 3085 420 3142 latebris
483 3098 605 3138 sese
658 3080 1027 3137 Boemundus
1068 3080 1385 3148 excutiens,
1437 3081 1702 3137 hostibus
1749 3095 1882 3136 cum

178 3173 379 3229 debita
407 3170 907 3226 animadversione
953 3167 1238 3236 occurrit;
1269 3181 1365 3222 eos
1394 3167 1499 3236 qui
1538 3167 1884 3223 videbantur

179 3270 349 3332 terga
399 3260 637 3315 vertisse
701 3255 953 3321 reduxit,
1016 3262 1071 3309 et
1124 3254 1540 3310 confertissima
1585 3268 1883 3310 armorum

180 3347 545 3405 consertione
571 3342 857 3401 conflixit.
896 3342 985 3397 Ex
1023 3342 1105 3397 eis
1136 3340 1329 3411 itaque
1372 3342 1649 3410 plurimos
1693 3343 1885 3398 interi-

180 3437 309 3502 mit,
343 3435 487 3491 alios
525 3434 782 3503 captivos
818 3429 1088 3499 abducit;
1138 3428 1211 3484 ad
1258 3429 1417 3485 urbis
1463 3437 1687 3499 portam
1737 3444 1884 3500 quos

180 3530 437 3593 coeperat
466 3520 763 3592 pertrahit,
814 3518 1030 3589 ibique,
1081 3516 1154 3573 ad
1187 3525 1456 3573 terrorem
1500 3520 1881 3587 spectantium

179 3613 421 3675 civium,
464 3608 748 3678 capitibus
793 3606 935 3663 caedi
975 3606 1249 3676 praecipit.
1300 3610 1399 3661 Ast
1443 3606 1625 3676 aliqui
1674 3607 1882 3664 civita-

180 3701 457 3767 tensinm,
510 3697 816 3768 cujusdam
876 3693 1319 3751 conscendentes
1375 3703 1552 3764 portae
1590 3710 1877 3765 suprema,

182 3800 664 3859 quaquaversum
712 3784 1032 3855 fatigabant
1075 3790 1298 3838 nostros
1344 3797 1585 3838 suarum
1629 3783 1881 3854 jactibus

182 3876 567 3945 sagittarum:
608 3874 664 3927 in
697 3880 923 3927 tantum
955 3878 1016 3927 ut
1058 3870 1210 3925 intra
1243 3870 1527 3925 ambitum
1558 3880 1880 3928 castrorum

184 3962 524 4028 Boemundi,
581 3960 883 4015 missilium
938 3958 1173 4014 nimbus
1224 3957 1510 4025 inﬂueret,
1554 3962 1626 4014 ‘et
1673 3959 1883 4016 mulier

184 4052 396 4108 ibidem
420 4051 538 4105 ictu
564 4050 783 4119 sagittae
803 4046 1188 4103 occumberet.

258 4139 520 4209 Denique
569 4135 854 4207 principes
899 4134 1205 4191 consilium
1240 4133 1691 4201 communicant,
1739 4150 1883 4191 con-

186 4228 556 4296 stituuntque
597 4232 653 4280 et
680 4224 952 4280 ordinant
986 4230 1048 4279 ut
1087 4230 1341 4278 castrum
1389 4223 1509 4277 fieri
1545 4223 1773 4279 deberet
1821 4224 1881 4279 in

1991 3081 2243 3153 gentiles,
2284 3083 2384 3151 qui
2412 3079 2662 3137 coierant
2696 3080 2768 3135 ab
2816 3078 3171 3134 Hierusalem
3201 3085 3257 3132 et
3287 3078 3583 3144 Damasco,
3635 3084 3690 3132 et

1990 3170 2153 3239 Alep,
2204 3169 2451 3239 aliisque
2495 3168 2785 3240 gentibus,
2838 3167 2960 3236 pari
3018 3166 3212 3221 animo
3255 3165 3685 3235 conglomerati,

1990 3258 2326 3330 praesidium
2371 3256 2553 3313 eidem
2605 3256 2800 3323 laturi,
2836 3269 2970 3311 cum
3023 3253 3243 3310 infinito
3290 3254 3520 3323 agmine
3563 3256 3691 3309 An-

1988 3347 2261 3403 tiochiam
2336 3345 2741 3415 properabant.
2791 3345 2831 3398 li
2883 3344 3005 3414 jam
3064 3349 3464 3412 compererant
3515 3341 3687 3398 Chri-

1989 3436 2204 3491 stianos
2249 3434 2308 3489 in
2370 3448 2505 3489 suos
2552 3433 2713 3500 fines,
2768 3447 2870 3503 pro
2938 3432 3175 3502 frugum
3232 3438 3688 3499 ceterorumque

1990 3523 2220 3580 utilium
2262 3521 2612 3589 collectione,
2650 3535 2968 3590 cursuros;
3022 3527 3077 3575 et
3125 3518 3466 3588 crepusculo
3498 3518 3690 3572 adhuc

1988 3611 2188 3677 dubio,
2219 3618 2420 3666 contra
2438 3611 2680 3678 jnostros
2703 3610 2824 3666 acie
2847 3616 3190 3679 praeparata,
3215 3607 3314 3662 ubi
3346 3621 3440 3662 eos
3477 3620 3686 3675 exspe-

1989 3708 2143 3755 ctare
2172 3698 2510 3763 didicerant,
2564 3712 2698 3773 cum
2741 3698 3035 3753 alacritate
3096 3696 3156 3751 in
3204 3695 3493 3751 tristitiam
3554 3708 3688 3749 mox

1986 3786 2283 3852 vertenda,
2317 3785 2692 3841 contendunt.
2744 3784 3174 3854 Dispertiuntur
3199 3784 3395 3853 itaque
3424 3796 3547 3838 sese
3590 3791 3689 3850 per

1987 3874 2236 3930 duarum
2306 3871 2573 3943 lacierum
2657 3880 2898 3939 turmas,
2963 3871 3205 3929 alteram
3269 3885 3305 3926 a
3358 3878 3687 3926 nostrorum

1986 3962 2275 4019 frontibus
2325 3962 2773 4031 praemittentes;
2825 3960 3007 4015 altera
3058 3959 3394 4030 retrograda
3458 3971 3686 4013 omnem

1985 4065 2189 4106 eorum
2255 4049 2474 4105 ambire
2520 4049 2841 4104 exercitum
2890 4047 3208 4103 molientes.
3254 4051 3326 4102 At
3380 4046 3690 4101 Fiandren-

1987 4138 2138 4195 sium
2170 4152 2377 4203 comes,
2414 4138 2485 4193 de
2516 4137 2713 4192 divina
2760 4135 3095 4192 nullatenus
3134 4136 3348 4191 virtute
3397 4134 3684 4201 diffidens,

1988 4224 2224 4295 praefixo
2252 4224 2407 4280 cordi
2460 4237 2528 4279 ac
2580 4224 2802 4292 corpori
2859 4238 2965 4280 suo
3021 4222 3186 4294 signo
3236 4222 3445 4287 crucis,
3504 4222 3686 4278 fretus

185 4312 491 4382 cujusdam
525 4312 731 4367 vertice
762 4309 988 4376 montis,
1024 4308 1180 4379 quod
1219 4308 1584 4380 Malreguard
1618 4311 1879 4380 appella—
1916 4312 1960 4367 Β
1995 4313 2204 4384 insigni
2234 4312 2437 4369 comite
2486 4312 2838 4380 Boemuudo,
2889 4326 2975 4380 ea,
3034 4326 3155 4383 qua
3208 4319 3397 4368 tantos
3453 4311 3690 4368 decebat

186 4409 347 4467 runt,
378 4402 549 4473 cujus
576 4398 909 4468 prmsidium
939 4397 1299 4452 formidinem
1332 4397 1442 4453 sibi
1487 4399 1701 4454 valeret
1733 4399 1882 4455 sub-

185 4501 419 4543 movere
475 4486 820 4541 Turcorum.
898 4484 1095 4540 Fiebat
1157 4484 1353 4553 itaque
1412 4484 1708 4555 oppidum,
1786 4486 1884 4542 sed

185 4576 479 4646 praecipue
536 4573 652 4628 illic
691 4573 934 4637 videres,
994 4572 1054 4626 in
1113 4572 1372 4641 lapidum
1410 4574 1880 4643 comportatione,

185 4662 507 4733 primorum
559 4674 768 4716 manus
818 4659 1116 4715 elaborare
1159 4660 1508 4729 principum.
1580 4660 1704 4716 Non
1760 4661 1886 4717 istic

187 4765 371 4821 egena
422 4763 632 4804 manus
681 4748 955 4817 conqueri
1018 4754 1258 4817 poterat,
1327 4748 1555 4817 aliquas
1599 4763 1720 4805 sese
1784 4764 1885 4819 per

185 4839 474 4909 majorum
513 4836 823 4906 potentiam
855 4838 1125 4906 angarias
1164 4836 1426 4903 tolerare,
1480 4851 1614 4892 cum
1653 4851 1750 4893 eos
1778 4838 1883 4907 qui

184 4928 290 4983 sibi
320 4925 770 4981 dominabantur
797 4924 1135 4992 attenderet,
1170 4925 1225 4979 in
1271 4924 1517 4980 extremi
1557 4923 1725 4979 etiam
1772 4939 1883 4980 ex-

186 5013 477 5071 secutione
524 5013 728 5081 operis,
779 5011 940 5066 nullo
986 5012 1155 5067 modo
1199 5011 1426 5067 sibimet
1473 5012 1656 5067 otium
1696 5012 1884 5068 indul-

186 5116 339 5172 gere.
384 5100 647 5156 Sciebant
701 5113 955 5168 namque
1008 5099 1115 5168 piae
1164 5103 1388 5155 naturae
1435 5099 1730 5167 instinctu,
1779 5101 1881 5157 etsi

184 5205 300 5245 non
332 5189 606 5259 legerant,
646 5187 801 5257 quod
832 5186 1049 5242 Marius
1079 5187 1173 5242 ille
1215 5188 1534 5255 secundum
1566 5187 1879 5245 Salustium

183 5278 304 5333 ait:
343 5299 364 5325 ι
395 5277 448 5332 Si
483 5286 545 5332 tu
576 5285 650 5342 te,
683 5274 892 5344 inquit,
928 5274 1172 5330 molliter
1203 5288 1362 5346 agas,
1408 5277 1729 5331 exercitum
1773 5291 1880 5332 au-

181 5373 294 5422 tem
329 5364 565 5435 imperio
593 5375 785 5433 cogas,
821 5363 927 5418 hoc
972 5369 1056 5418 est
1080 5363 1378 5419 dominum
1422 5378 1537 5419 non
1568 5364 1880 5433 imperato-

138 5498 145 5503 .
184 5467 300 5509 rem
354 5467 555 5509 esse.»
600 5451 832 5505 Peracto
890 5450 1087 5520 itaque
1133 5458 1339 5516 castro,
1403 5452 1690 5521 principes
1732 5451 1913 5509 illud'

181 5542 503 5598 custodiere
518 5538 790 5595 vicissim.

1991 4402 2167 4464 viros,
2203 4401 2460 4457 hostibus
2489 4401 2966 4471 magnanimitate
2995 4401 3266 4457 occurrit.
3308 4402 3515 4473 Pugna
3553 4415 3691 4456 con-

1990 4491 2224 4555 seritur,
2263 4489 2362 4544 sed
2408 4490 2467 4544 in
2520 4489 2643 4558 ipsa
2687 4488 2854 4558 primi
2903 4490 3275 4545 attentatione
3325 4503 3685 4559 congressus,

1988 4578 2170 4649 fugax
2219 4577 2397 4633 hostis
2442 4578 2745 4632 avertitur.
2815 4581 2962 4631 398
3012 4576 3313 4632 Mutantur
3366 4577 3516 4632 bella
3562 4584 3678 4632 tro-

1990 4664 2186 4733 puteis,
2256 4671 2433 4734 atque
2509 4671 2670 4734 terga
2716 4663 3064 4718 vertentium
3124 4661 3273 4717 illisa
3327 4662 3686 4730 corporibus,

1991 4751 2389 4822 multipliciter
2445 4751 2637 4807 rasilis
2699 4750 2866 4806 hasta
2930 4748 3337 4818 confringitur.
3406 4749 3690 4804 Fraxinos

1988 4840 2334 4896 creberrime
2384 4839 2587 4911 longas
2630 4838 2849 4895 hostilis
2879 4836 3094 4906 excipit
3127 4836 3322 4900 umbo,
3376 4843 3431 4891 et
3461 4835 3690 4906 magnis

1987 4927 2248 4996 impacta;
2283 4926 2526 4994 viribus,
2575 4940 2677 4996 per
2715 4924 3034 4980 nimietates
3067 4924 3287 4979 ictuum
3318 4923 3378 4978 in
3429 4924 3690 4979 hastulas

1989 5016 2377 5071 minutantur.
2436 5015 2611 5070 Galea
2655 5012 3032 5069 mucronibus
3091 5020 3311 5081 operta,
3356 5013 3687 5082 occipitium

1986 5117 2104 5159 non
2165 5102 2418 5159 defendit
2465 5116 2499 5157 a
2546 5100 2825 5165 vulnere;
2880 5099 3223 5167 loricarum,
3267 5108 3332 5156 ut
3379 5099 3685 5170 putabant,

1984 5190 2511 5261 impenetrabilium
2579 5187 2998 5259 praetextiones,
3041 5188 3334 5244 tenuitatis
3390 5196 3685 5244 accusant.

1985 5278 2173 5335 Nullis
2214 5292 2519 5346 corporum
2593 5275 2854 5346 partibus
2922 5277 3283 5332 munimenta
3352 5277 3691 5346 profuerant

1987 5365 2274 5437 quidquid
2304 5372 2495 5420 tutum
2542 5362 2781 5419 Barbari
2806 5363 3073 5434 judicant
3118 5363 3482 5431 infirmatur;
3515 5364 3687 5434 quid-

1986 5454 2128 5526 quid
2159 5452 2361 5509 Franci
2395 5453 2629 5522 tetigere
2673 5452 3088 5508 conscinditur.
3126 5452 3413 5508 Sternitur
3457 5466 3685 5522 campe-

1986 5542 2119 5599 stris
2155 5539 2486 5610 superficies
2528 5541 2935 5597 numerositate
2969 5541 3355 5610 cadaverum;
3386 5548 3441 5597 et
3482 5542 3685 5597 crebra
