3934 6394
309 355 413 407 ’735

1201 349 1259 402 ν.
1300 347 1633 404 GUIBERTI
1671 347 1964 403 ABBATIS
1999 346 2055 402 S.
2096 347 2339 403 MARLE
2378 347 2469 403 DE
2508 346 2903 404 NOVIGENTO

3704 352 3805 406 736

312 494 675 544 mortuorum
721 483 1037 555 congeries,
1070 482 1387 554 graminosi
1415 482 1631 552 pridem
1677 481 1834 537 ruris
1856 494 2001 537 exa-
2037 482 2085 535 Α
2112 488 2401 551 coemptas
2427 479 2885 553 circumquaque
2916 481 3112 553 fruges
3136 483 3208 539 ad
3253 483 3572 540 exercitum
3615 483 3807 555 inopia

311 582 499 645 sperat
529 588 771 645 aequor;
801 572 991 628 inviso
1035 572 1253 641 ubique
1283 578 1434 625 terra
1464 568 1766 639 gentilium
1798 582 2003 624 cruore

311 676 567 732 respersa
617 661 907 731 nigrescit.
958 659 1064 726 Qui
1113 665 1439 714 nostrorum
1501 656 1639 711 caedi
1686 655 1846 711 fuere
1903 671 2001 712 su-

312 752 591 821 perstites,
622 749 801 804 vitam
851 746 961 803 sibi
991 758 1294 817 gressuum
1346 743 1632 799 celeritate
1678 743 2001 812 lucrantur,

311 845 367 893 et
412 836 609 906 spoliis
650 836 917 906 propriis,
977 849 1092 889 non
1123 833 1195 888 ad
1247 834 1458 888 horum
1516 832 1857 887 charitatem
1906 831 2004 888 sed

312 924 383 979 ob
442 923 533 979 sui
589 923 902 992 agilitatem
961 920 1262 977 exonerari
1284 920 1592 988 ,lzetantur.
1656 920 1718 975 ln
1758 918 2004 974 alterum

313 1010 508 1081 itaque
537 1019 771 1076 statum,
804 1024 923 1065 sese
950 1008 1127 1064 animi
1169 1015 1497 1064 nostrorum
1528 1006 1803 1062 habitudo
1842 1021 2004 1062 com-

312 1106 516 1165 mutat,
548 1098 688 1153 dum
718 1097 980 1153 metusin
1010 1096 1334 1163 audaciam,
1367 1109 1565 1165 pugna
1589 1096 1645 1150 in
1679 1094 1999 1161 victoriam,

313 1199 523 1241 muaror
549 1185 606 1239 in
631 1184 907 1251 laetitiam,
943 1184 1119 1239 fames
1160 1183 1219 1237 in
1257 1182 1610 1252 opulentiam
1650 1182 2001 1251 suscitatur;

313 1270 506 1326 nudus
564 1270 840 1334 induviis,
888 1270 1056 1339 pedes
1105 1269 1404 1335 vehiculis,
1456 1282 1676 1338 pauper
1723 1268 2001 1338 pecuniis,

311 1366 511 1413 erutus
540 1357 761 1428 gratiis,
796 1359 979 1413 victor
1010 1357 1277 1425 tripudiis
1302 1356 1634 1426 ampliatur.

382 1443 495 1517 [V.]
570 1446 799 1500 Interim
849 1445 989 1500 dum
1061 1444 1167 1500 ista
1220 1452 1526 1514 geruntur,
1599 1444 1834 1508 Turcos,
1902 1441 2004 1513 qui

309 1530 629 1588 Antiochia:
676 1539 979 1601 praeerant,
1026 1531 1444 1587 ‘Boemundum
1490 1546 1621 1586 cum
1671 1530 2005 1587 Flandrensi

310 1619 515 1674 comite
545 1618 825 1674 obsidioni
857 1619 1047 1674 deesse
1095 1633 1210 1674 non
1257 1619 1442 1674 latuit.
1492 1620 1676 1674 Tanta
1717 1633 1855 1689 ergo
1909 1627 2001 1675 tu-

311 1706 481 1761 tiores
525 1706 805 1772 absentia,
866 1706 1075 1775 saepius
1136 1706 1208 1761 ad
1248 1706 1396 1761 bella
1459 1706 1730 1762 lacessere
1781 1715 2007 1762 nostros

308 1791 545 1848 exibant
600 1792 856 1859 sollicite,
909 1808 1040 1862 quze
1089 1806 1223 1862 pars
1269 1792 1654 1859 obsidentium
1698 1793 2005 1849 haberetur

309 1878 613 1948 infirmior,
672 1889 1051 1950 aucupantes.
1109 1881 1362 1937 Tandem
1413 1889 1609 1950 aptum
1657 1882 1827 1944 diem,
1869 1895 2002 1937 cum

307 1974 451 2023 esset
483 1970 649 2024 tertia
687 1969 954 2037 quaedam
988 1968 1145 2035 feria,
1178 1983 1298 2023 sum
1344 1967 1670 2023 fortitudini
1704 1967 2003 2024 exerendaa

308 2053 584 2121 videntes,
616 2055 807 2111 subito
839 2056 1031 2112 minus
1061 2056 1313 2126 providis
1361 2056 1666 2127 ingruunt,
1707 2065 1761 2112 et
1790 2070 1863 2111 ex
1898 2070 2003 2125 pe-

307 2142 521 2199 ditibus
567 2142 963 2213 militibusque
1012 2144 1491 2213 quamplurimas,
1541 2144 1681 2199 dum
1723 2144 1867 2199 nihil
1897 2158 2003 2199 ve-

308 2238 531 2298 rentur,
606 2231 895 2287 occidunt.
962 2232 1303 2301 Magniﬁcus
1396 2246 1634 2301 quoque
1713 2231 2005 2287 Podiensis

306 2318 608 2387 episcopus
650 2332 771 2374 suae
814 2318 991 2373 curiae
1038 2318 1333 2388 majorem,
1392 2319 1777 2388 eumdemque
1818 2318 2001 2389 signi-

308 2404 493 2461 ferum
515 2420 709 2471 suum,
745 2405 890 2461 inter
930 2420 1026 2461 eos
1055 2407 1155 2475 qui
1187 2405 1636 2476 perimebantur,
1677 2406 1883 2463 amisit.
1936 2405 2004 2462 Et

309 2493 423 2548 nisi
462 2492 718 2548 ﬂuminis
743 2493 962 2560 alveus,
997 2494 1166 2563 cujus
1220 2492 1499 2562 crepidini
1553 2501 1744 2550 castra
1801 2508 2003 2551 conse-

306 2580 529 2648 derant,
582 2580 925 2651 interjacens
982 2580 1307 2647 obstitisset,
1366 2588 1694 2637 nostrorum
1746 2583 2002 2639 interne-

306 2668 394 2725 cio
449 2682 567 2725 non
624 2682 807 2738 parva
859 2675 916 2724 et
971 2682 1150 2739 quam
1203 2667 1409 2724 crebra
1456 2668 1674 2725 fuisset.
1737 2670 2004 2726 Ad'haac

307 2756 610 2827 egregium
654 2756 1055 2812 Boemundum
1104 2756 1332 2827 regredi
1380 2757 1716 2827 contigerat,
1768 2758 2003 2828 direptis

307 2842 751 2900 Sarracenorum
780 2843 1108 2913 provinciis,
1137 2852 1194 2900 et
1221 2858 1288 2900 ea
1318 2845 1376 2900 in
1414 2845 1630 2915 quibus
1672 2846 2001 2903 Tancredus

306 2930 641 2986 morabatur
667 2938 938 2986 montana
995 2931 1260 2999 revisere,
1308 2932 1448 2989 dum
1504 2934 1749 2989 aestimat
1778 2934 2000 3005 aliquid

307 3018 465 3087 quod
505 3019 792 3088 prodesset
845 3019 1239 3076 obsessoribus
1267 3020 1516 3076 civitatis
1574 3035 1632 3077 se
1685 3036 1847 3091 posse
1881 3023 1995 3078 ibi—
2037 3034 2078 3089 c

305 3105 431 3161 dem
468 3105 733 3175 reperire.
765 3106 909 3162 Cum
939 3108 1094 3163 enim
1123 3108 1409 3179 quidquid
1444 3122 1560 3179 prae
1585 3109 1768 3165 oculis
1792 3109 2001 3165 habue-

305 3201 437 3249 rant
495 3194 716 3264 quique
774 3202 1103 3251 nostrorum
1161 3194 1555 3266 diripuissent,
1595 3196 1761 3254 multi
1806 3205 1998 3254 tamen

304 3295 375 3338 ex
395 3280 476 3337 eis
503 3281 649 3337 nihil
685 3281 974 3349 invenere,
1021 3284 1312 3353 vacuique
1346 3284 1583 3352 rediere,
1618 3298 1819 3341 eorum
1849 3283 2000 3341 scili-

305 3376 392 3425 cet
413 3384 545 3439 quaa
569 3369 746 3425 victui
780 3371 1101 3425 necessaria
1120 3371 1324 3426 forent.

374 3461 442 3513 At
472 3470 764 3526 nusquam
792 3471 1000 3527 expers
1030 3456 1251 3514 consilii
1291 3458 1680 3525 Boemundus,
1730 3459 1871 3516 dum
1905 3473 2002 3517 eos

304 3542 495 3613 inepte
523 3545 791 3600 oberrare
819 3545 1190 3614 conspiceret,
1242 3546 1523 3615 adoritur,
1575 3547 1814 3603 dicens:
1864 3568 1890 3597 α
1943 3547 2000 3603 Si

304 3632 604 3688 commoda
660 3630 793 3687 vitae
848 3639 1051 3688 vestrae
1100 3632 1441 3703 disquiritis,
1500 3634 1545 3689 si
1606 3635 1815 3690 vestris
1870 3636 1996 3704 rite,

306 3727 478 3790 prout
508 3727 676 3791 urget
706 3719 914 3788 inedia,
972 3721 1310 3791 corporibus
1359 3722 1689 3792 providetis,
1720 3724 1798 3779 ita
1827 3725 1997 3795 agite,

305 3815 615 3880 quatenus,
648 3807 788 3863 dum
818 3810 1007 3864 victus
1027 3809 1330 3879 quaeritur,
1363 3810 1580 3866 victum
1612 3812 1999 3881 quaerentium

305 3895 466 3952 nullo
494 3897 660 3953 modo
690 3896 810 3953 vita
841 3904 1097 3953 necetur.
1131 3897 1379 3953 Desinite
1420 3898 1744 3955 discurrere
1773 3907 1999 3955 monta-

304 3997 512 4039 norum
543 3998 644 4055 per
667 3984 820 4052 avia,
850 3999 984 4041 cum
1016 3985 1209 4042 sciatis
1244 3986 1433 4041 hostes
1464 3993 1681 4042 vestros
1708 3986 2001 4059 incognita

300 4071 463 4128 vobis
507 4071 875 4129 horridarum
905 4072 1289 4129 solitudinum
1339 4074 1528 4129 fovere
1562 4074 1824 4130 latibula.
1854 4076 1997 4131 Jun-

302 4167 429 4216 ctus
455 4160 669 4230 pariter
695 4162 862 4231 (alter
887 4162 1041 4217 enim
1080 4177 1153 4218 ex
1204 4161 1382 4217 altero
1429 4162 1492 4218 ﬁt
1542 4162 1761 4234 fortior)
1800 4177 1994 4234 proce-

304 4249 401 4305 dat
430 4250 738 4317 exercitus,
771 4257 837 4305 ut
881 4249 929 4304 si
975 4248 1119 4318 parti
1176 4250 1422 4306 infertur
1468 4250 1758 4319 violentia,
1820 4252 1999 4322 partis

303 4335 545 4391 alterius
574 4336 763 4391 valeat
791 4337 1043 4406 experiri
1064 4338 1348 4407 przesidio.
1395 4338 1486 4395 Sic
1507 4339 1681 4407 enim,
1722 4340 1767 4395 si
1802 4340 1927 4396 ovis
1964 4355 1998 4397 a

304 4437 484 4479 manu
544 4424 632 4478 vel
689 4425 990 4493 praesentia
1048 4426 1288 4494 pastoris
1328 4434 1577 4495 exerrat,
1620 4426 1859 4483 rictibus
1884 4428 1995 4498 [di-

305 4509 605 4582 gnoscitur
631 4519 825 4581 patere
856 4512 1107 4582 lupinis;
1140 4512 1220 4569 sic
1239 4513 1401 4569 miles
1427 4514 1520 4570 sia
1541 4515 1999 4571 commilitonum

303 4597 677 4655 contubernio
754 4599 1047 4671 solivagus
1118 4608 1304 4669 exeat,
1379 4601 1733 4672 quibuslibet
1798 4603 1998 4673 procul

303 4686 482 4743 dubio
522 4686 839 4743 ludibrium
886 4687 1257 4757 praedonibus
1305 4697 1513 4745 exstat.
1564 4689 1757 4747 Satius
1805 4692 2001 4761 itaque

302 4774 465 4830 vobis
520 4774 593 4830 sit
641 4775 798 4845 apud
847 4789 949 4831 vos
989 4784 1046 4832 et
1097 4792 1231 4832 cum
1280 4777 1507 4844 vestris,
1542 4777 1631 4834 vel
1670 4779 1825 4834 tenui
1874 4778 2000 4835 cibo

306 4861 480 4931 pasci,
521 4877 700 4933 quam
754 4863 1138 4920 inextricabili
1191 4865 1512 4934 captivitati
1565 4866 1825 4921 addictos
1868 4866 2003 4923 lan-

305 4951 431 5006 tiori
458 4950 649 5007 edulio
681 4950 851 5007 vesci.
886 4951 1091 5022 Itaque
1126 4965 1248 5008 una
1278 4952 1381 5014 ire,
1426 4953 1760 5024 pariterque
1791 4954 1998 5019 redire,

308 5038 550 5094 cmtibus
592 5038 882 5108 delectari,
930 5037 1344 5109 praesumptive
1374 5039 1455 5095 nil
1495 5054 1683 5111 agere,
1717 5055 2004 5111 quorum-

308 5140 422 5197 que
453 5133 536 5182 est
564 5140 811 5183 censura
853 5127 1176 5194 bonorum;
1207 5127 1382 5183 libere
1400 5129 1635 5199 evagari
1675 5129 1864 5199 perire
1900 5143 2005 5186 vo-

306 5212 570 5269 lentium.
617 5235 645 5262 »
695 5214 872 5282 Dixit,
926 5221 981 5270 et
1033 5214 1105 5269 ad
1160 5214 1340 5269 socios
1387 5216 1685 5286 repedans,
1735 5216 1795 5272 in
1834 5217 1997 5275 nullo

307 5301 623 5358 obsessores
656 5301 845 5357 reditu
867 5316 971 5357 suo
1002 5301 1392 5370 opulentiores
1418 5304 1683 5360 reddidit.

382 5388 595 5445 Verum
624 5389 1033 5444 Armeniorum
1082 5388 1493 5460 Syriorumque
1522 5391 1824 5458 calliditas,
1868 5406 2002 5449 cum

306 5475 524 5531 videret
556 5477 613 5531 in
657 5476 919 5531 exercitu
965 5475 1267 5531 extenuari
1297 5479 1532 5546 cibaria,
1587 5478 1878 5535 exinaniri
1905 5493 2006 5536 ve-

307 5562 480 5632 nalia,
509 5578 613 5635 per
646 5562 922 5634 quaelibet
970 5562 1077 5616 sibi
1106 5564 1337 5633 cognita
1363 5565 1806 5622 obambulantes
1859 5567 2003 5635 loca,

2112 567 2467 625 laborantem
2508 569 2810 639 deferunt;
2851 577 2905 626 et
2952 570 3093 626 adeo
3134 571 3509 628 immoderata
3555 571 3807 629 charitu-

2110 656 2243 712 dine
2294 657 2573 724 vendunt,
2623 666 2686 714 ut
2734 658 2881 713 asini
2913 658 3088 713 unius
3132 672 3206 713 ex
3246 657 3538 715 frumento
3581 660 3808 716 sarcina

2111 751 2235 799 octo
2271 758 2470 800 eorum
2518 745 2925 815 Bysanteorum
2975 746 3154 816 pretio
3193 746 3628 810 distraheretur.
3662 762 3809 818 quos

2113 829 2323 884 ibidem
2381 838 2732 899 purpuratos
2782 830 3051 893 vocitant,
3127 832 3228 901 qui
3304 840 3532 888 centum
3601 833 3807 903 viginti

2112 931 2487 973 nummorum
2518 917 2713 972 solidis
2746 918 3204 974 aestimabantur.
3239 919 3319 974 lbi
3350 920 3574 988 pensari
3604 926 3803 991 potest,

2112 1018 2289 1075 quam
2316 1004 2600 1060 horrendo
2631 1005 2797 1061 famis
2825 1006 3182 1061 succubuere
3218 1006 3557 1073 discrimini,
3589 1007 3808 1077 quibus

2112 1092 2233 1148 ulla
2282 1092 2682 1161 suppeditabat
2738 1093 2982 1149 facultas
3024 1094 3211 1164 pretii.
3263 1095 3330 1149 Et
3377 1093 3477 1149 ubi
3521 1094 3810 1164 principes

2112 1187 2491 1250 coangustare
2519 1179 2639 1250 jam
2687 1187 2932 1249 cmperat
2982 1182 3239 1250 pecuniae
3282 1180 3610 1249 difficultas,
3659 1180 3810 1252 quid

2113 1276 2305 1339 ageret
2355 1267 2466 1335 ille,
2520 1282 2713 1338 quem,
2768 1268 3039 1324 omnibus
3076 1270 3313 1339 quidem
3356 1270 3661 1341 opulentis,
3685 1271 3811 1342 jam

2111 1362 2371 1411 extrema
2400 1355 2693 1423 premebat
2721 1355 2990 1425 egestas?

2184 1439 2316 1513 [VL]
2349 1441 2615 1496 Torserat
2644 1440 2883 1511 grandis
2914 1440 3209 1496 cruciatus
3241 1440 3390 1509 illos,

2184 1528 2385 1584 Victus
2406 1528 2666 1584 arctabat
2693 1528 2883 1583 tenuis
2920 1542 3239 1597 supremos,

2186 1615 2423 1673 Viribus
2453 1616 2595 1671 fusis
2626 1616 2813 1671 rabies
2842 1615 3010 1671 famei

2437 1704 2701 1760 Reddidit
2732 1704 2893 1759 imos.

2183 1790 2367 1861 Copiae
2401 1805 2617 1861 panum
2648 1789 2881 1846 fuerant
2913 1797 3142 1847 remotae

2180 1878 2305 1935 Non
2345 1879 2519 1934 boum
2543 1892 2765 1945 carnes,
2796 1892 2901 1934 nec
2922 1885 3088 1933 erant
3108 1877 3293 1934 suilla;
3326 1892 3340 1932 :

2181 1966 2448 2023 Vulserat
2476 1968 2687 2038 passim
2722 1980 2932 2022 manus
2961 1965 3323 2037 indigentum

2431 2056 2705 2111 Gramina
2736 2068 3004 2125 quaeque.

2180 2141 2473 2213 Quidquid
2503 2156 2769 2198 escarum
2805 2149 3026 2211 poterat
3057 2140 3236 2197 fuisse

2182 2229 2441 2300 Suppetit
2473 2230 2701 2287 tandem
2728 2230 2977 2299 reperire
3006 2228 3171 2285 nulli.

2180 2316 2478 2373 Solverant
2506 2325 2686 2384 artus,
2720 2317 2972 2373 tulerant
2999 2323 3053 2372 et
3075 2329 3285 2372 ausum

2427 2405 2667 2460 Pectora
2694 2404 2833 2459 laxi.

2181 2492 2665 2563 Tenditurﬁlirum
2697 2493 2847 2549 cutis
2879 2493 2939 2548 in
2970 2499 3253 2549 tumorem

2179 2580 2285 2645 Qui
2315 2581 2428 2637 cibi
2459 2581 2688 2637 nullum
2713 2589 2948 2637 tenuere
2974 2593 3209 2635 morem.

2181 2671 2326 2726 Esca
2356 2669 2579 2737 defecit,
2612 2670 2780 2740 periit
2812 2668 3053 2725 facultas
3081 2683 3095 2722 :

2430 2759 2577 2813 Dant
2596 2771 2665 2813 ea
2690 2765 2947 2813 mortem.

2180 2842 2357 2899 Solvit
2384 2844 2599 2899 occisos
2618 2843 2810 2898 brevis
2841 2856 3024 2912 angor
3051 2856 3269 2909 omnes,

2178 2932 2251 2987 At
2282 2930 2638 3002 fameztactos
2663 2931 2884 3001 agitant
2913 2930 3133 2986 dolores
3158 2944 3172 2983 :

2179 3019 2341 3075 Unde
2367 3026 2666 3089 protracta;
2691 3018 2929 3074 meliora
2959 3025 3185 3089 gestant

2428 3106 2668 3162 Praemia
2698 3114 2929 3161 mortes.

2178 3196 2292 3251 Hos
2322 3195 2471 3251 fovet
2504 3195 2671 3265 plane
2692 3195 2855 3251 cibus
2879 3194 3241 3264 angelorum,

2176 3283 2398 3354 Optimo
2429 3284 2684 3354 gaudent
2709 3281 2910 3337 bravio
2941 3281 3228 3347 laborum,

2174 3370 2298 3439 Quo
2330 3372 2514 3443 magis
2538 3370 2763 3441 pondus
2794 3369 3058 3428 tolerasse
3079 3376 3301 3427 constat

2424 3459 2869 3529 Suppliciorum.

2175 3546 2375 3603 Caeteri
2402 3553 2685 3618 pugnant,
2720 3546 3027 3617 variosque
3056 3559 3224 3602 casus

2109 3637 2259 3688 899
2298 3634 2469 3690 Ferre
2512 3640 2859 3701 concertant,
2890 3634 3167 3705 gravibus
3190 3632 3444 3689 secunda

2177 3722 2304 3778 Ulla
2330 3722 2431 3778 vix
2461 3729 2753 3792 praestant,
2786 3721 3022 3778 meliora
3051 3720 3195 3777 laetis

2421 3810 2631 3866 Tristia
2659 3817 2910 3866 censent.

2173 3898 2297 3954 Jam
2319 3913 2520 3971 cruces
2541 3898 2832 3955 Christum
2866 3897 3123 3969 geminas
3153 3895 3385 3953 ferendo

2177 3987 2449 4057 Prosequi
2475 3995 2702 4054 curant,
2736 3986 2958 4056 potiora
2981 3984 3162 4055 jussis

2174 4075 2427 4146 Aggredi
2459 4075 2714 4146 gaudent
2745 4072 2961 4144 quibus
2982 4079 3184 4128 auctor
3206 4085 3382 4127 unam

2421 4163 2448 4217 J
2458 4161 2663 4218 usserit
2695 4161 2890 4216 isdem.

2178 4250 2328 4307 Huic
2354 4250 2532 4306 fames
2558 4257 2724 4305 atrox
2754 4261 2851 4303 cor
2880 4250 3051 4302 inane
3079 4245 3284 4316 carpit,

2034 4324 2079 4378 D
2178 4338 2388 4395 Aridus
2409 4338 2630 4394 dudum
2659 4336 2987 4392 stomachus
3018 4334 3246 4390 fatiscit.

2179 4427 2477 4484 Viscerum
2506 4433 2746 4495 strages,
2776 4422 2996 4479 cerebri
3025 4422 3226 4479 ruinas

2425 4513 2619 4568 Passio
2647 4512 2796 4568 fecit.
2908 4558 2911 4561 .

2174 4604 2333 4657 Intus
2367 4601 2486 4657 haec
2506 4602 2665 4657 tabes
2693 4601 2954 4656 animum
2974 4599 3195 4670 fatigat,

2178 4691 2316 4747 Inde
2333 4690 2613 4746 bellorum
2639 4691 2835 4746 feritas
2867 4689 3144 4757 molestat,

2179 4779 2245 4833 Et
2274 4777 2391 4833 dies
2414 4783 2469 4832 et
2500 4790 2617 4831 nox
2641 4776 2719 4832 ibi
2752 4775 2919 4845 plena
2946 4775 3103 4831 curis

2426 4864 2692 4921 Cazdibus
2718 4863 2910 4919 instat.

2180 4949 2344 5006 Acris
2373 4957 2560 5005 exstat
2593 4964 2772 5017 mens,
2806 4956 3123 5018 tenuesque
3152 4946 3322 5015 vires,

2179 5040 2369 5111 digres
2399 5038 2495 5093 sed
2525 5038 2730 5093 mentis
2750 5044 3022 5107 reparant
3052 5036 3281 5106 vigores

2182 5128 2367 5198 Inque
2395 5125 2718 5182 fundendus
2746 5123 3054 5180 minimum
3084 5130 3361 5179 verentur

2429 5215 2516 5270 Ire
2541 5228 2794 5270 cruores.

2776 5298 3008 5357 CAPUT
3045 5299 3142 5356 IV.

2189 5386 2351 5461 [νη]
2382 5386 2751 5455 Guillelmus,
2771 5386 2871 5459 qui
2895 5402 2959 5440 se
2986 5384 3240 5440 inaniter
3254 5385 3627 5458 praedicabat,
3646 5385 3801 5442 clam

2111 5476 2357 5548 aufugit.
2390 5504 2463 5517 —
2489 5476 2831 5532 Guillelmus
2859 5475 3076 5530 interea
3105 5474 3366 5544 quidam,
3406 5475 3506 5543 qui
3549 5472 3801 5544 Carpen-

2111 5565 2315 5633 tarius,
2345 5578 2463 5621 non
2490 5565 2631 5634 quia
2679 5563 2842 5620 faber
2878 5561 3166 5633 lignarius
3215 5567 3379 5628 esset,
3411 5560 3510 5616 sed
3554 5560 3696 5631 quia
3743 5562 3799 5616 in
