3934 6432
138 421 244 476 737

139 648 257 708 tur,
293 641 464 696 homo
493 641 1002 710 Transsequanus;
1054 638 1219 693 dictis
1257 646 1475 707 potens,
1524 639 1619 694 sed
1681 653 1851 707 opere

141 742 376 798 parcus,
409 727 605 799 magni
639 727 889 782 nominis
920 727 1146 794 umbra,
1178 726 1268 780 vir
1296 726 1515 796 majora
1544 741 1602 782 se
1638 741 1851 797 aggre-

147 817 329 879 diens,
361 823 415 871 et
439 815 1082 886 quinihilrelinquebat
1112 815 1468 884 explicitum.
1516 816 1621 879 Qui
1679 815 1850 870 etiam

149 919 280 961 cum
347 904 924 973 Hierosolymitanum
969 909 1114 958 esset
1162 916 1504 973 agressurus
1573 902 1696 968 iter,
1760 902 1852 955 di-

153 993 326 1061 reptis
373 993 780 1062 contiguorum
848 991 954 1046 sibi
1031 1005 1352 1060 pauperum
1430 989 1845 1057 substantiolis,

155 1081 460 1150 profanum
495 1081 768 1135 viaticum
803 1079 1178 1148 praeparavit;
1213 1079 1277 1144 is,
1317 1078 1579 1147 inquam,
1627 1077 1849 1144 inediae,

154 1183 330 1239 quam
379 1170 561 1224 multo
615 1169 934 1238 egentiores
982 1181 1212 1223 summa
1270 1166 1544 1221 cernebat
1613 1165 1852 1220 tolerare

156 1257 284 1318 ﬁde.
339 1256 663 1326 impatiens,
707 1256 943 1310 silenter
988 1254 1234 1324 aufugit.
1286 1253 1467 1322 Cujus
1513 1253 1746 1323 quidem
1793 1253 1852 1308 in

154 1346 330 1400 armis
359 1345 558 1415 gloria,
593 1345 650 1399 in
683 1345 962 1414 jactantia
994 1343 1304 1397 verborum
1354 1340 1711 1397 solummodo
1745 1342 1853 1396 ha-

153 1434 418 1497 bebatur,
447 1433 774 1488 nullatenus
805 1431 862 1486 in
895 1445 954 1486 re
981 1437 1157 1500 gesta.
1193 1431 1243 1484 ls
1274 1430 1331 1484 in
1365 1429 1668 1498 Hispaniis,
1720 1443 1852 1484 cum

152 1521 442 1590 expeditio
471 1520 741 1575 Francica
773 1519 842 1574 ad
877 1518 1238 1584 avertendos,
1275 1517 1375 1586 qui
1405 1531 1476 1572 ex
1517 1517 1709 1572 Africa
1741 1516 1854 1572 ibi-

153 1607 280 1662 dem
313 1607 735 1674 conlluxerant,
788 1619 1061 1675 paganos,
1112 1613 1452 1672 moraretur,
1503 1606 1622 1670 iste,
1686 1604 1855 1674 cujus

155 1704 426 1759 universa
483 1711 606 1758 erat
657 1702 715 1757 in
750 1703 941 1757 verbis
989 1702 1252 1770 audacia,
1303 1701 1447 1756 finde
1505 1701 1757 1769 recessit,
1800 1708 1855 1756 et

152 1791 490 1846 innumeros
514 1804 621 1846 sua
647 1791 944 1844 aversione
959 1788 1175 1843 fefellit.

222 1879 337 1935 Nec
366 1879 489 1934 sine
536 1878 787 1934 evidenti
845 1878 941 1932 Dei
999 1877 1256 1932 creditur
1295 1876 1566 1931 accidisse
1613 1875 1851 1946 judicio,

153 1975 238 2034 ut,
275 1982 423 2037 quos
455 1967 751 2037 popularis
789 1965 1126 2022 celebriores
1158 1965 1310 2020 fama
1359 1964 1702 2029 reddiderat,
1749 1964 1854 2020 de—

155 2056 419 2112 terrimos
481 2056 762 2121 omnium,
845 2054 1228 2124 laborumque
1307 2051 1853 2121 impatientissimos,

155 2151 465 2199 ostentaret
490 2143 686 2198 divina
716 2141 1017 2198 sententia.
1049 2141 1164 2196 Nec
1199 2143 1256 2196 in
1283 2141 1462 2211 hujus
1502 2139 1686 2195 solum
1724 2154 1856 2208 per-

154 2245 297 2286 sona
351 2232 406 2286 id
456 2232 701 2301 portenti
751 2233 958 2300 patuit,
1013 2243 1214 2284 verum
1269 2229 1338 2283 de
1387 2227 1531 2295 aliis,
1605 2241 1857 2296 quorum

153 2320 537 2389 supersedebo
576 2318 925 2384 nominibus,
951 2318 1005 2372 id
1040 2318 1230 2386 ipsum
1261 2316 1486 2381 claruit,
1523 2322 1856 2384 utquorum

153 2407 251 2463 hic
283 2409 432 2464 inter
459 2423 564 2462 nos
595 2421 890 2462 armorum
925 2405 1196 2462 terribilis
1231 2405 1541 2460 admodum
1575 2403 1762 2458 fuerat
1803 2411 1859 2458 et

155 2497 373 2552 famosa
407 2495 688 2562 ferocitas,
736 2509 936 2549 eorum
983 2494 1039 2547 in
1091 2493 1183 2548 illo
1233 2492 1526 2546 Dominico
1575 2491 1855 2557 exercitu,

153 2585 348 2640 mitior
399 2581 555 2638 fieret
598 2583 772 2638 etiam
819 2581 1110 2651 leporibus
1160 2579 1488 2636 miseranda
1524 2578 1860 2647 tranquilli-

155 2680 264 2728 tas.
287 2673 451 2738 Quod
478 2678 696 2741 quanto
727 2684 760 2724 a
784 2678 932 2725 recto
965 2669 1250 2724 diversius
1301 2668 1428 2732 fuit,
1464 2675 1620 2722 tanto
1675 2666 1861 2736 magis

153 2761 582 2830 contemptibile
615 2759 811 2814 haberi
843 2759 1056 2814 debuit.
1085 2757 1139 2812 Si
1167 2756 1319 2812 enim
1354 2755 1445 2811 hic
1480 2753 1666 2824 positi,
1719 2755 1858 2809 dum

153 2851 280 2906 sine
313 2851 447 2920 jure
480 2855 825 2919 pugnarent,
862 2848 1001 2902 dum
1047 2846 1278 2901 sceleste
1325 2858 1606 2914 pauperes
1665 2843 1859 2912 praeda

153 2939 370 2995 eisdem
413 2937 630 3001 fierent,
668 2951 781 2991 non
836 2935 1115 2990 immerito
1163 2933 1330 3004 plane
1379 2934 1524 2988 inter
1570 2932 1696 2998 ista,
1757 2945 1860 3001 pro

157 3035 494 3092 animarum
543 3047 785 3088 suarum
833 3030 1222 3097 damnatione,
1270 3029 1453 3086 timidi
1491 3029 1746 3084 fuissent.
1789 3031 1860 3083 At

1241 417 1467 474 GESTA
1509 419 1623 474 DEI
1664 419 1798 475 PER
1838 419 2185 476 FBANCOS.
2227 450 2288 460 —
2316 420 2446 477 LIB.
2489 423 2578 478 ιν.

139 552 305 608 bellis
350 551 621 608 caedendo
670 563 828 622 more
856 549 1204 619 carpentarii
1250 547 1550 615 insisteret,
1605 549 1842 606 diceba-
1877 552 1924 604 Α
1953 550 2214 607 Sanctior
2306 567 2436 608 esca
2502 553 2643 608 foret
2723 553 3024 622 monacho,

3555 430 3663 483 738

3103 556 3259 625 porri
3347 558 3662 620 nasturcia,

3436 659 3568 698 nant

3416 647 3509 711 [na
3556 647 3568 698 i

1959 727 2295 796 Cardamus,
2339 737 2512 800 atque
2550 743 2747 796 nuces,
2783 731 2981 800 coryli,
3031 739 3248 800 tysanae
3294 731 3450 799 frux,
3495 659 3661 788 lgntis

3279 817 3351 891 [et
3377 821 3588 887 herbae,

1961 903 2116 959 Pisce
2162 919 2436 976 meroque
2480 903 2680 974 procul
2729 905 2932 976 posito,
2987 906 3168 962 frusto
3217 914 3406 962 tamen
3470 907 3666 962 addita

3383 995 3590 1063 [panis.

2037 1079 2183 1152 [lX.]
2216 1080 2589 1134 G-uillelmum
2619 1084 2675 1135 et
2716 1082 2949 1135 Petrum
2985 1082 3311 1137 Tancredus
3345 1081 3536 1136 redire
3567 1098 3663 1138 co-

1958 1166 2063 1238 git.
2097 1198 2164 1206 --
2195 1169 2306 1223 Hos
2340 1169 2535 1239 itaque
2585 1170 2692 1238 pize
2725 1169 3057 1237 obsidionis,
3099 1171 3212 1226 imo
3261 1178 3476 1225 sanctae
3534 1185 3663 1240 pas-

1961 1257 2141 1312 sionis
2199 1257 2448 1328 refugas,
2525 1258 2857 1314 Tancredus
2914 1259 3001 1314 vir
3071 1259 3378 1327 pertinacis
3429 1259 3486 1313 in
3561 1260 3666 1314 hoc

1962 1344 2170 1400 Christi
2194 1346 2422 1415 negotio
2449 1347 2804 1410 constantiae,
2857 1347 3244 1416 persequitur,
3301 1347 3667 1416 comprehen-

1963 1433 2065 1498 dit,
2098 1441 2152 1487 et
2184 1439 2246 1487 ut
2280 1446 2383 1501 par
2418 1441 2560 1498 erat,
2613 1447 2725 1487 non
2767 1433 2890 1487 sine
2932 1433 3182 1502 plurima
3213 1448 3309 1488 eos
3361 1442 3666 1489 contume-

1963 1519 2173 1575 liarum
2242 1520 2512 1585 illatione,
2578 1521 2827 1576 reduxit.
2885 1521 3108 1584 Quibus
3162 1531 3352 1576 tamen
3415 1523 3665 1578 reditum

1963 1621 2225 1662 sermone
2256 1607 2690 1676 spondentibus,
2743 1609 3138 1663 credulitatem
3185 1609 3428 1675 distulit,
3486 1610 3666 1665 donec

1965 1694 2074 1749 fide
2119 1695 2305 1750 media
2356 1703 2600 1764 uterque
2640 1696 2853 1765 pepigit
2895 1696 3048 1764 quod
3085 1697 3156 1751 ad
3194 1697 3482 1752 exercitus
3511 1713 3663 1753 com-

1965 1783 2298 1838 munionem
2347 1783 2618 1850 redirent,
2653 1791 2706 1838 et
2739 1784 3067 1852 principum
3113 1784 3330 1854 judicio
3367 1799 3470 1854 pro
3511 1785 3666 1840 mili-

1966 1869 2058 1924 tiae
2089 1870 2406 1925 desertione
2451 1878 2798 1940 satagerent.
2845 1870 3186 1926 Guillelmus
3239 1871 3436 1941 igitur,
3499 1873 3667 1927 vellet

1966 1959 2159 2026 nollet,
2204 1971 2458 2013 remeare
2486 1958 2865 2026 compellitur,
2908 1966 2963 2014 et
3017 1973 3117 2026 pro
3156 1959 3318 2014 curia
3370 1959 3665 2029 magnifici

1968 2046 2303 2113 Boemundi,
2360 2053 2478 2100 tota
2519 2054 2682 2100 nocte
2715 2045 2924 2100 ibidem
2951 2046 3366 2112 excubaturus,
3416 2047 3664 2115 exponi-

1966 2144 2081 2201 tur.
2130 2136 2356 2189 Postero
2407 2148 2538 2187 vero
2585 2134 2694 2200 die,
2749 2134 2847 2188 ubi
2897 2148 3123 2188 aurorae
3162 2134 3305 2188 libra
3342 2133 3663 2201 recanduit,

1966 2231 2098 2278 ante
2131 2223 2286 2277 illius
2318 2223 2426 2277 viri
2454 2221 2777 2291 spectabilis
2811 2236 2911 2276 ora
2957 2222 3278 2276 inducitur.
3313 2219 3419 2276 Cui
3455 2234 3518 2274 eo
3550 2233 3666 2288 quo

1966 2309 2295 2364 merebatur
2332 2310 2553 2378 pudore
2591 2308 2834 2374 sulluso,
2878 2309 2954 2363 ita
2991 2309 3181 2363 senior
3227 2308 3320 2362 ille
3367 2306 3663 2376 proloqui-

1969 2404 2099 2452 tur:
2138 2417 2160 2445 ι
2209 2397 2375 2464 Cum,
2426 2397 2635 2467 inquit,
2683 2397 2898 2466 ubique
2942 2397 3201 2466 genitum
3253 2395 3507 2450 Francia:
3556 2409 3666 2450 no-

1965 2499 2097 2540 men
2131 2485 2320 2555 regiae,
2350 2485 2500 2540 inter
2521 2486 2715 2540 omnia
2738 2499 2936 2555 regna,
2964 2485 3258 2554 majestate
3275 2483 3661 2552 praeeinineat,

1967 2587 2098 2627 cum
2139 2573 2368 2627 virtutis
2397 2581 2572 2642 atque
2619 2574 2976 2637 constantiae,
3012 2579 3136 2640 post
3185 2573 3362 2626 Deum
3400 2569 3663 2624 Genitrix

1968 2660 2366 2729 integerrimos
2392 2661 2696 2729 hucuSque
2727 2660 2881 2714 viros
2901 2662 3142 2726 emittat,
3179 2667 3249 2726 te,
3275 2659 3509 2729 garrule
3560 2672 3666 2712 ne-

1969 2763 2167 2817 quam,
2193 2756 2248 2804 et
2294 2749 2560 2804 omnium
2599 2749 3004 2818 impurissime,
3067 2755 3116 2802 te
3145 2762 3250 2803 suo
3294 2746 3557 2802 dedecori
3601 2760 3668 2800 ac

1968 2835 2220 2890 infamite
2276 2835 2505 2899 tulerat,
2551 2844 2602 2892 te
2657 2838 2862 2892 amodo
2909 2851 2976 2891 ac
3020 2838 3064 2890 si
3127 2844 3453 2905 portentum
3508 2840 3665 2888 400

1970 2925 2197 2980 habeat.
2232 2925 2276 2980 Ο
2301 2925 2445 2979 bone
2476 2939 2671 2981 rerum
2713 2929 2894 2991 Pater,
2937 2925 3106 2995 cujus
3152 2925 3302 2980 modi
3354 2925 3665 2993 Carpenta-

1968 3013 2118 3068 rium
2178 3012 2556 3078 habebamus,
2618 3013 2741 3082 qui,
2800 3014 2948 3068 sicut
3017 3013 3364 3068 architectus
3431 3011 3668 3067 dolabro

153 3139 316 3190 vero,
377 3123 476 3179 ubi
520 3121 848 3178 omnimoda
901 3120 1106 3176 salutis
1145 3125 1267 3174 erat
1314 3126 1544 3174 aeternae
1595 3117 1719 3186 [al.,
1763 3117 1853 3171 in—
1897 3119 1938 3175 Ο
1969 3100 2223 3190 μέζω-ηιξ
2251 3101 2328 3154 ίῑει
2359 3099 2591 3190 lanceis
2633 3107 2688 3153 θῐ
2714 3098 2959 3190 _8_nS_ibus
2993 3098 3216 3190 ξΓί-νθΐίξ
3242 3097 3666 3190 -tergausergti-

156 3210 356 3283 ternae]
409 3211 706 3278 securitas,
753 3208 831 3264 ibi
897 3207 1144 3278 profecto
1194 3206 1302 3262 fuit
1358 3205 1665 3261 criminosa
1705 3202 1857 3258 timi-

158 3299 328 3355 ditas.

233 3383 432 3459 [V111,]
456 3385 665 3440 Petrus
696 3381 953 3438 Eremila
982 3379 1045 3434 in
1074 3377 1471 3450 insipientiam
1509 3393 1727 3445 versus,
1755 3390 1858 3429 e1:—

161 3475 354 3531 cessit.
389 3503 458 3513 —
495 3472 578 3526 Ad
614 3472 739 3536 hoc,
773 3477 837 3526 ut
878 3469 1055 3524 stella;
1081 3481 1315 3537 quoque
1351 3465 1523 3536 juxta
1575 3464 1857 3534 Apocaly-

163 3563 309 3632 psim
357 3561 426 3616 de
471 3560 610 3614 cmlo
665 3559 866 3613 cadere
918 3557 1294 3612 viderentur:
1362 3556 1563 3609 Petrus
1615 3553 1726 3620 ille,
1787 3553 1857 3607 de

161 3664 280 3719 quo
313 3662 492 3718 supra
521 3655 714 3702 actum
739 3652 842 3711 est,
884 3643 1293 3698 celeberrimus
1332 3643 1604 3709 Eremita,
1640 3648 1696 3696 et
1739 3641 1858 3710 ipse

160 3738 222 3792 in
249 3737 646 3807 desipientiam
677 3747 901 3799 versus,
942 3731 1187 3786 excessit
1221 3745 1232 3784 :

160 3825 283 3893 Quo
326 3825 479 3896 geris
509 3825 651 3890 haec,
681 3823 842 3877 Petro
893 3817 1166 3876 consilio?
1199 3831 1304 3873 cur
1360 3815 1610 3873 nominis
1655 3817 1856 3871 imme-

1388 3907 1534 3976 [mor
1557 3904 1786 3961 exstas?

163 4004 217 4061 Si
251 4005 416 4060 Petra
442 4008 664 4058 constat
692 4000 852 4069 origo
901 3996 1070 4064 Petri,
1105 3995 1356 4052 solidum
1405 3994 1548 4064 quid
1606 3995 1857 4064 denique

1536 4081 1787 4153 [signat?

164 4177 308 4245 Quid
361 4175 468 4233 tibi
507 4175 596 4230 vis
634 4173 959 4230 meminisse
1005 4170 1200 4242 fugae?
1242 4169 1433 4226 faciles
1480 4171 1655 4225 nescit
1698 4176 1860 4238 petra

1555 4254 1784 4328 [motus.

167 4351 307 4409 Siste
354 4350 649 4422 gradum:
705 4357 954 4406 veterem
1012 4347 1228 4404 recolas
1296 4359 1574 4408 eremum.
1635 4345 1859 4415 jejunia

1548 4432 1782 4505 [prisca

165 4527 439 4586 Iunxeris
491 4527 770 4583 hactenus
823 4538 952 4581 ossa
1009 4523 1148 4589 cuti,
1208 4522 1365 4580 tenui
1427 4521 1621 4577 radice
1685 4536 1858 4578 ruen-

1678 4619 1789 4666 tenu

1678 4619 1789 4666 tem

164 4705 421 4762 Tendere
500 4703 782 4759 debueras
849 4701 1230 4768 stomachum,
1310 4698 1530 4770 pecuali
1603 4610 1862 4769 giamine

1642 4801 1790 4842 νθεθι

1642 4801 1790 4842 vesci

167 4882 316 4948 Quid
345 4881 510 4951 dapis
541 4879 856 4936 immodica:
886 4891 1104 4934 memor
1122 4876 1222 4934 es?
1261 4876 1341 4932 nil
1372 4875 1483 4933 tale
1513 4785 1864 4931 monasticus

1629 4963 1768 5019 ordo

166 5057 257 5115 Nil
289 5065 391 5114 tua
423 5065 476 5113 te
516 5055 784 5127 genitura
821 5055 1012 5123 docet;
1061 5052 1152 5109 vel
1196 5061 1248 5109 te
1281 5060 1381 5109 tua
1417 4962 1864 5123 dogmaEgdgul-

1667 5146 1794 5194 sent

169 5235 286 5292 Ceu
336 5232 579 5304 populos
633 5231 706 5288 ad
754 5231 811 5287 id
859 5229 1027 5301 angis
1079 5229 1204 5296 iter,
1256 5228 1379 5285 fieri
1421 5137 1867 5298 quoqutisecztgis

1541 5315 1790 5385 [egenos

168 5413 257 5470 Sic
294 5410 539 5481 praeiens
571 5409 737 5464 modo
757 5409 895 5479 jura
938 5406 1106 5470 feras,
1141 5419 1272 5476 quae
1309 5417 1573 5476 quosque
1610 5402 1864 5458 docendo

1592 5491 1790 5546 tulisti.

1592 5491 1790 5546 tulisti.

167 5590 274 5647 Hic
324 5585 642 5657 aliquando
680 5583 860 5655 fugax
903 5580 1146 5650 Cereris,
1194 5579 1375 5650 pisces
1411 5591 1477 5635 ac
1527 5490 1867 5733 vgnziEbtere-

1715 5671 1794 5721 at.

1715 5671 1794 5721 at.

1969 3186 2150 3241 lium?
2180 3187 2324 3241 Ecce
2358 3186 2575 3241 ictuum
2616 3185 2951 3240 assiduitate
2997 3185 3155 3239 faber
3207 3184 3349 3238 idem
3387 3183 3541 3238 mille
3573 3183 3670 3238 in-

1973 3276 2158 3330 terdiu
2234 3274 2469 3344 spathas
2525 3273 2851 3340 obtuderat,
2903 3282 2957 3328 et
3012 3272 3248 3342 populos
3301 3271 3666 3327 ethnicorum

1969 3364 2126 3419 solus
2172 3363 2309 3432 ipse,
2371 3363 2582 3417 feriatis
2634 3362 2798 3417 nobis
2849 3362 3160 3417 exciderat.
3244 3361 3350 3416 Ubi
3418 3368 3502 3416 est
3572 3361 3670 3415 illa

1969 3451 2220 3508 fastuOsa
2277 3451 2556 3521 rigiditas,
2606 3459 2660 3506 et
2713 3450 2863 3505 circa
2917 3449 3164 3520 Ligerim
3217 3464 3284 3504 ac
3342 3449 3667 3518 Sequanam

1969 3541 2252 3595 innutrita
2283 3539 2620 3609 loquacitas,
2656 3539 2757 3594 ubi
2786 3547 3045 3595 constare
3094 3539 3451 3608 dignoscitur
3482 3539 3668 3607 parci-

1969 3628 2164 3684 monia
2189 3635 2371 3691 actus,
2403 3638 2456 3682 et
2503 3629 2742 3696 crepitat
2787 3627 3116 3682 indesinens
3164 3626 3530 3696 loquacitatis
3578 3633 3668 3682 to-

1967 3717 2193 3772 nitrus?
2224 3717 2389 3771 Solus
2420 3716 2522 3770 iste
2557 3715 2836 3770 laboranti
2862 3723 3078 3784 poterat
3114 3729 3452 3770 succurrere
3492 3715 3665 3783 lunze,

1967 3804 2114 3875 (Juv.
2145 3806 2258 3860 Sat.
2303 3805 2358 3871 6)
2405 3818 2537 3859 cum
2587 3812 2778 3858 tamen
2831 3803 2910 3857 nil
2941 3802 3167 3870 efficax,
3210 3802 3356 3858 foede
3415 3811 3665 3872 torpens,

1969 3893 2284 3963 praetendat
2317 3893 2373 3946 in
2397 3905 2586 3961 opere.
2620 3891 2689 3946 Et
2717 3898 2867 3946 certe
2898 3891 3250 3959 competebat
3285 3891 3362 3945 illi
3397 3900 3510 3947 tua:
3541 3901 3666 3947 tan-

1969 3988 2038 4036 tae
2067 3979 2388 4036 fortitudini
2423 3988 2482 4035 ut
2514 3980 2615 4050 qui
2645 3979 2831 4050 gentis
2875 3979 3186 4033 Dominij
3229 3980 3496 4034 exstitisti
3547 3994 3670 4049 pro-

1967 4070 2118 4125 ditor
2172 4070 2229 4123 in
2285 4068 2572 4138 Hispania,
2626 4068 2774 4122 idem
2819 4067 2984 4136 coepti
3027 4067 3260 4122 honoris
3307 4068 3398 4121 hic
3443 4067 3669 4123 habitu-

1969 4173 2070 4214 rus
2095 4157 2418 4224 cumulum,
2461 4156 2742 4212 molireris
2791 4154 2850 4210 in
2897 4155 3079 4224 Syria.
3118 4155 3271 4210 Esto.
3331 4156 3504 4210 Plane
3553 4155 3667 4226 ,tibi

1968 4246 2344 4302 conveniebat
2375 4245 2454 4300 nil
2486 4244 2644 4300 aliud
2668 4258 2856 4314 agere,
2883 4251 2936 4299 et
2965 4243 3087 4298 ideo
3118 4259 3294 4314 super
3323 4252 3488 4300 reatu
3527 4245 3667 4301 adeo

1971 4334 2148 4404 turpi,
2174 4332 2499 4405 largissima
2529 4333 2697 4389 venia
2728 4333 3034 4388 donabere.
3073 4354 3094 4382 ι

1895 4414 1940 4469 Ι)
2040 4426 2162 4479 Jam
2222 4423 2399 4493 hujus
2441 4431 2557 4478 tam
2617 4422 2886 4476 irrisorize
2939 4421 3371 4478 declamationis
3420 4423 3668 4477 Francos

1971 4513 2405 4568 circumstantes
2438 4510 2655 4578 pudere
2699 4515 2968 4577 cmperat,
3000 4508 3218 4578 vixque
3276 4523 3309 4563 a
3356 4509 3480 4563 viro
3529 4508 3666 4564 sub-

1971 4601 2363 4657 stomachante
2423 4599 2728 4668 impetrant
2773 4606 2835 4652 ut
2883 4597 3066 4652 sileat.
3117 4597 3367 4664 Pepercit
3411 4596 3668 4666 improbo

1970 4689 2208 4745 illustris
2238 4688 2349 4743 viri
2381 4687 2674 4752 severitas,
2711 4700 2823 4740 non
2856 4684 3061 4755 ignara
3091 4685 3398 4750 modestiae,
3433 4699 3498 4740 eo
3529 4686 3669 4754 qui-

1971 4779 2097 4834 dem
2124 4784 2389 4832 contenta
2421 4783 2616 4830 tenore
2641 4782 2702 4829 ut
2731 4773 2863 4828 dato
2897 4772 3260 4841 polliceretur
3287 4780 3666 4839 sacramento,

1971 4879 2279 4936 nunquam
2337 4879 2397 4920 se
2453 4864 2526 4919 ab
2585 4860 3098 4930 Hierosolymitano
3151 4860 3369 4915 resilire
3440 4860 3667 4929 itinere,

1971 4955 2091 5010 sive
2124 4967 2397 5023 prospera
2424 4957 2812 5016 occurrerent,
2856 4951 2942 5004 vel
2976 4956 3202 5018 tempus
3247 4948 3506 5004 obviarct
3534 4949 3666 5004 ino-

1973 5043 2101 5113 piaa.
2133 5041 2372 5111 spondet
2397 5048 2451 5096 et
2481 5040 2601 5110 ipse
2629 5039 3012 5105 Tancredum,
3049 5039 3151 5107 qui
3197 5053 3331 5093 eum
3363 5053 3397 5094 a
3434 5038 3668 5094 subter-

1972 5133 2130 5204 fugio
2157 5132 2512 5196 cohibuerat,
2556 5129 2808 5185 amicum
2857 5128 3124 5198 deinceps
3155 5128 3292 5196 fore,
3336 5129 3382 5185 si
3417 5143 3550 5184 eum
3589 5128 3672 5183 vi-

1973 5221 2154 5278 riliter
2205 5220 2520 5276 constiterit
2580 5231 2935 5288 permanere.
2995 5217 3091 5271 His
3147 5216 3312 5272 dictis
3362 5217 3671 5287 utrobique

1974 5323 2272 5366 assensum
2329 5316 2430 5363 est.
2481 5311 2550 5363 At
2610 5321 2722 5361 non
2777 5305 2959 5360 multo
2983 5313 3106 5374 post
3135 5314 3386 5375 tempore
3418 5306 3670 5374 Carpen-

1976 5399 2157 5455 tarius
2190 5397 2281 5452 ille
2331 5395 2629 5460 mirabilis,
2665 5395 2761 5464 qui
2797 5393 3114 5464 quondam,
3148 5394 3206 5448 in
3251 5401 3373 5449 tuto
3429 5395 3668 5464 positus,

1974 5485 2334 5542 carnificium
2393 5499 2452 5539 se
2493 5497 2762 5540 exercere
2812 5481 3144 5537 minabatur
3191 5482 3246 5536 in
3280 5483 3512 5548 Turcos,
3574 5496 3672 5538 sa-

1974 5573 2252 5632 cramenti
2316 5571 2701 5636 incontinens,
2756 5569 3002 5640 fideique
3073 5569 3370 5641 prodigus,
3421 5571 3675 5628 furtivus

1975 5663 2175 5734 fugam
2208 5662 2415 5718 iterare
2439 5674 2556 5716 non
2579 5657 2818 5715 distulit.
