3934 6402
302 436 409 489 739

1184 436 1249 490 V.
1297 433 1632 490 GUIBERTI
1670 433 1962 490 ABBATIS
1997 433 2052 489 S.
2095 432 2336 490 MARLE
2368 436 2461 492 DE
2502 436 2897 494 NOVIGENTO

3693 440 3796 494 740

373 570 490 625 Has
533 577 725 626 autem
758 569 1038 626 exercitui
1067 569 1190 640 ipsi,
1221 569 1350 626 licet
1385 569 1494 639 pio,
1530 569 1802 638 penurias
1857 568 1999 624 obti-
2033 569 2080 622 Α
2110 570 2352 639 turpiter
2372 571 2510 626 dum
2539 571 2834 640 pejeraret,
2881 571 3130 639 incessit,
3173 585 3278 627 nec
3321 587 3582 644 unquam
3637 574 3794 629 deiu-

299 657 448 728 gisse
472 655 618 712 nulli
653 658 864 712 mirum
888 658 1184 724 habeatur,
1226 671 1358 713 cum
1395 656 1629 712 indubie
1670 656 1824 712 credi
1864 671 1993 726 pos-

299 745 371 801 sit
401 745 542 815 quia
571 744 780 801 divinae
807 759 938 815 quae
975 745 1058 800 eis
1085 744 1134 800 si
1156 745 1298 800 bene
1335 752 1572 814 agerent
1601 759 1718 800 non
1752 745 1991 810 deesset,

299 831 660 902 prosperitati
752 831 1018 888 maximis
1106 831 1449 887 criminibus
1521 831 1989 887 obluctabantur.

296 919 443 976 Cum
491 919 645 974 enim
688 926 850 975 tanta
891 933 986 975 eos
1025 926 1258 990 urgeret
1299 925 1522 988 egestas
1570 926 1626 974 et
1647 918 1868 988 quique
1889 933 1989 974 ne-

299 1007 447 1078 gatis
503 1005 771 1062 atrociter
817 1006 1268 1076 profligarentur
1304 1005 1533 1070 eduliis,
1569 1008 1615 1060 si
1657 1005 2002 1075 quempiam

297 1095 370 1151 ab
399 1095 656 1151 exercitu
680 1095 954 1150 remotius
979 1095 1057 1150 ire
1093 1093 1470 1164 contingeret,
1505 1107 1606 1163 pro
1656 1094 1836 1162 pretio
1861 1093 1992 1148 exi-

297 1197 412 1252 guo
443 1181 675 1251 aliquis,
705 1195 820 1236 non
858 1181 1006 1237 alius
1035 1189 1222 1237 tamen
1252 1195 1430 1250 quam
1458 1188 1809 1245 nostrorum,
1857 1193 1990 1236 eum

295 1269 342 1324 si
395 1270 577 1326 solum
624 1270 916 1338 reperiret,
971 1268 1270 1324 occideret.
1339 1268 1477 1323 Inde
1535 1268 1716 1338 igitur
1769 1281 1839 1324 ea
1891 1281 1994 1338 per

294 1372 491 1415 omnes
522 1357 822 1412 infelicitas
851 1357 1268 1421 bacchabatur,
1301 1363 1366 1412 ut
1403 1357 1504 1410 vix
1538 1355 1595 1410 in
1629 1362 1788 1410 tanto
1830 1355 1991 1410 hoste

294 1444 449 1500 mille
477 1444 612 1515 equi
643 1445 1055 1514 reperirentur.
1091 1444 1239 1500 Hinc
1268 1444 1436 1512 panis
1467 1443 1768 1500 universos
1796 1442 1988 1498 ferali-

295 1540 380 1589 ter
411 1531 785 1588 excruciabat
827 1531 1129 1601 angustia;
1181 1545 1312 1601 qua;
1355 1538 1546 1586 tamen
1579 1545 1692 1586 non
1735 1531 1986 1593 arcebat.

292 1619 388 1674 sed
419 1617 646 1688 aliquos
675 1618 870 1674 acrius
903 1618 1218 1688 instigabat
1243 1617 1314 1672 ad
1347 1617 1608 1673 crimina.
1657 1617 1756 1672 His
1787 1631 1988 1672 verum

293 1706 399 1762 sibi
431 1705 714 1762 divinitus
753 1705 1158 1761 accedentibus
1189 1705 1450 1775 ﬂagellis.
1485 1719 1602 1760 non
1634 1705 1878 1760 dubium
1906 1712 1991 1760 est

293 1794 526 1860 multos,
559 1793 893 1848 eorumdem
925 1793 997 1848 ad
1031 1792 1123 1847 sui
1175 1793 1628 1848 recordationem
1663 1791 1988 1862 paenitendo

293 1883 582 1946 reductos,
613 1889 669 1936 et
697 1881 766 1936 de
797 1881 918 1937 suis
953 1881 1320 1950 desperantes
1364 1880 1608 1945 viribus,
1657 1880 1729 1935 ad
1766 1879 1865 1935 Dei
1896 1893 1990 1934 so-

293 1969 404 2024 lius
429 1968 774 2035 subsidium,
808 1968 916 2024 sub
947 1975 1105 2023 tanta
1153 1968 1401 2034 miseria,
1455 1967 1622 2023 unice
1653 1967 1988 2037 praestolan-

291 2057 453 2123 dum,
521 2054 643 2126 spei
704 2055 985 2111 instinctu
1051 2055 1319 2122 melioris,
1391 2055 1680 2124 appulsos.
1749 2054 1989 2110 Fiebant

291 2145 460 2214 plane
507 2144 594 2199 his
627 2145 748 2214 jam
793 2143 1136 2200 eruditiores
1181 2143 1509 2211 eventibus,
1549 2151 1615 2198 ut
1645 2157 1762 2213 quo
1808 2144 1997 2212 magis

291 2246 427 2288 suas
475 2232 832 2288 attenderem
862 2239 963 2287 aut
993 2231 1186 2301 copias
1217 2232 1542 2298 extenuari,
1577 2237 1678 2286 aut
1709 2228 1990 2285 fortitudi-

291 2333 394 2375 nes
421 2319 711 2387 enervari,
763 2333 829 2374 eo
858 2319 1109 2388 amplius
1153 2318 1225 2372 ad
1276 2319 1480 2385 Deum,
1513 2318 1606 2373 cui
1634 2317 1830 2372 omnia
1861 2331 1988 2386 pos-

292 2407 483 2462 sibilia
518 2406 833 2471 crederent,
883 2405 1228 2462 docerentur
1255 2406 1446 2461 debita
1488 2403 1812 2460 humilitate
1857 2403 1992 2460 sub-

287 2495 408 2566 jici.

367 2583 484 2655 DL]
545 2583 843 2646 Praeterea,
881 2581 1118 2652 quidam
1169 2595 1404 2652 quoque
1462 2595 1536 2636 ex
1589 2580 1811 2652 legatis,
1877 2579 1984 2635 nisi

292 2669 474 2730 fallor,
509 2668 794 2739 tyrannici
833 2668 1214 2738 imperatoris,
1246 2669 1348 2738 qui
1373 2668 1610 2738 Tetigus
1647 2668 1984 2735 vocabatur,

293 2765 350 2814 et
392 2757 473 2812 illi
517 2757 800 2813 obsidioni
843 2757 1135 2824 intererat,
1170 2757 1262 2812 vir
1298 2756 1582 2826 siquidem
1616 2757 1812 2828 gravis
1840 2770 1984 2823 aevo,

291 2845 386 2902 sed
445 2859 605 2912 naso,
667 2858 786 2916 qua
853 2846 1040 2900 nescio
1087 2845 1404 2912 occasione,
1456 2844 1664 2911 deciso,
1715 2851 1769 2900 et
1824 2844 1896 2899 ob
1931 2845 1985 2899 id

291 2941 460 2990 utens
517 2947 712 2988 aureo.
765 2933 912 2988 Hinc
944 2933 1146 2989 timore
1177 2933 1496 2989 Turcorum
1542 2941 1796 2996 coactus,
1830 2931 1988 2988 illinc

297 3021 462 3077 famis
487 3021 743 3090 periculo
771 3028 1114 3084 coarctatus.
1147 3020 1331 3076 multa
1362 3019 1792 3076 mendaciorum
1823 3033 1986 3074 coor-

300 3111 532 3166 natione
583 3109 810 3180 politus.
884 3109 1137 3166 seniores
1195 3109 1501 3166 adoritur:
1551 3129 1578 3158 «
1626 3108 1910 3174 Vestram,
1953 3121 1986 3163 ο

299 3199 498 3269 optimi
551 3199 744 3265 duces,
793 3197 1188 3254 excellentiam
1234 3197 1472 3268 grandis
1521 3197 1674 3266 cogit
1707 3197 1853 3251 scire
1897 3209 1986 3250 ne-

288 3287 522 3342 cessitas
543 3287 778 3357 quantis
830 3287 982 3342 intra
1013 3300 1117 3341 nos
1146 3285 1538 3341 anxietatibus
1565 3283 1982 3354 deprimamur,

289 3377 524 3447 quantis
555 3375 724 3430 etiam
763 3382 930 3430 extra
969 3373 1286 3430 terroribus
1315 3373 1701 3429 stimulemur.
1753 3371 1985 3426 Etcum

288 3463 427 3520 foris
461 3463 792 3519 habeantur
829 3475 1060 3532 pugnae,
1114 3461 1270 3517 intus
1325 3459 1494 3516 famis
1544 3474 1659 3515 non
1712 3459 1988 3514 desistant

285 3567 391 3608 nos
419 3553 759 3608 excruciare
787 3549 1028 3616 dolores,
1071 3549 1299 3604 nullum
1342 3561 1765 3618 usquequaque
1794 3554 1986 3616 patere

285 3641 518 3696 videtur
555 3637 862 3710 effugium,
915 3637 1146 3694 nullum
1195 3637 1416 3707 adjacet
1466 3635 1621 3706 quod
1670 3649 1774 3690 nos
1815 3635 1986 3690 faciat

285 3728 570 3798 respirare
610 3725 898 3781 solatium.
934 3727 1023 3792 At,
1057 3723 1101 3780 si
1131 3725 1452 3794 prudentiae
1482 3731 1687 3780 vestrae
1711 3723 1827 3778 fore
1855 3737 1984 3778 ere-

285 3815 460 3870 datur
519 3813 812 3878 idoneum,
865 3812 1034 3868 detur
1080 3811 1222 3867 mihi
1290 3811 1534 3866 facultas
1588 3809 1648 3865 in
1689 3809 1982 3866 Romaniae

285 3909 477 3972 partes
531 3900 728 3966 eundi,
779 3907 834 3956 et
877 3899 1084 3956 faciam
1131 3899 1298 3955 istinc
1343 3899 1718 3966 frumentum,
1755 3898 1980 3966 vinum,

286 3991 584 4058 hordeum,
645 4003 898 4056 carnem,
962 3988 1230 4054 farinam,
1282 4000 1632 4056 caseumque
1678 3994 1732 4042 et
1779 3995 1985 4042 caetera

284 4078 528 4135 diversis
555 4077 760 4134 usibus
797 4075 1098 4134 commoda
1126 4090 1259 4132 cum
1307 4074 1562 4144 plurima
1599 4089 1666 4130 ac
1693 4075 1982 4146 frequenti

283 4169 464 4224 classe
486 4166 712 4234 deduci,
741 4179 808 4220 ac
847 4165 1260 4220 indesinentem
1295 4177 1667 4234 quorumque
1686 4163 1980 4219 venalium

285 4269 387 4326 per
417 4255 600 4310 maria
627 4262 1036 4315 commeatum,
1063 4247 1430 4320 imperatorio
1457 4251 1664 4320 passim
1689 4258 1982 4320 praeeunte

283 4341 466 4399 edicto
493 4339 820 4412 procurabo
859 4337 1102 4394 institui.
1152 4339 1470 4408 Equorum,
1503 4346 1558 4395 et
1605 4339 1652 4394 si
1681 4353 1812 4409 quae
1841 4345 1980 4394 sunt

2102 671 2234 727 ceps
2261 657 2334 712 ad
2384 658 2439 713 id
2487 659 2641 729 quod
2693 659 3098 728 spoponderat,
3127 667 3339 715 cuncta
3363 661 3656 728 mentitus,
3700 675 3792 716 ac-

2101 746 2286 801 cessit.

2174 832 2314 906 [XL]
2350 833 2583 906 Ingenti
2593 833 2767 902 fame
2787 831 3118 890 cruciantur
3143 836 3542 906 oppugnantes
3575 835 3788 889 urbem.

2099 951 2168 960 —
2198 923 2400 993 Itaque
2433 924 2489 978 in
2527 929 2751 978 tantum
2804 936 2900 976 eos
2945 930 3192 991 cmperat
3238 923 3509 978 instantia
3539 923 3791 980 hostium

2099 1009 2306 1080 visque
2342 1009 2732 1080 constringere
2778 1016 2844 1064 ut
2885 1017 3217 1065 nostrorum
3257 1010 3479 1077 nullus,
3512 1025 3615 1081 pro
3645 1026 3788 1082 quo-

2099 1112 2330 1168 cunque
2388 1099 2637 1167 negotio,
2704 1105 3074 1166 praesument
3139 1097 3452 1167 papiliones
3499 1113 3634 1154 suos
3690 1108 3793 1156 aut

2099 1186 2430 1241 communia
2469 1192 2659 1241 castra
2699 1185 2994 1240 excedere.
3037 1185 3118 1240 Ad
3173 1185 3278 1241 hoc
3301 1185 3532 1241 omnino
3566 1187 3795 1243 misera-

2098 1272 2273 1328 bilius
2317 1288 2412 1330 eos
2439 1273 2794 1342 inquietabat
2821 1272 3151 1338 domestica,
3185 1281 3239 1328 et
3267 1273 3445 1328 rabiei
3479 1274 3790 1343 simillima,

2099 1360 2272 1428 pestis
2302 1361 2522 1416 inediae.
2557 1359 2610 1415 Si
2633 1361 2808 1424 enim,
2835 1363 2903 1415 ut
2917 1360 2996 1415 ait
3021 1360 3280 1430 quidam,
3310 1361 3482 1416 Nihil
3499 1362 3608 1416 illa
3616 1363 3794 1432 fame

2095 1445 2390 1500 molestius
2443 1462 2566 1518 qua
2611 1449 2974 1518 extorquetur
3036 1447 3236 1517 incito,
3305 1462 3453 1518 quas
3515 1451 3794 1506 torsiones

2097 1527 2438 1590 astimamus
2496 1549 2714 1605 passos,
2755 1536 2973 1606 quibus
3022 1536 3292 1592 continue
3328 1537 3602 1593 crucibus
3629 1539 3790 1594 addi-

2097 1630 2232 1687 ctos,
2265 1623 2366 1692 qui
2415 1623 2578 1679 nulla
2605 1637 2701 1692 spe
2732 1623 2804 1678 ad
2856 1623 3168 1690 modicum,
3203 1625 3290 1680 vel
3335 1625 3498 1689 falsa,
3531 1626 3787 1696 relevati,

2098 1707 2208 1764 illis
2262 1723 2397 1765 vere
2445 1710 2994 1780 inexpugnabilibus
3049 1711 3234 1767 muris
3287 1713 3543 1781 quotidie
3571 1715 3788 1769 asside-

2097 1794 2278 1850 bant?
2323 1796 2549 1866 Vulgus
2579 1805 2792 1863 autem,
2847 1797 3120 1866 pauperie
3164 1797 3493 1854 omnimoda
3522 1813 3785 1868 exesum,

2099 1896 2199 1952 per
2273 1883 2530 1939 diversas
2575 1884 2882 1940 oberrabat
2936 1885 3280 1954 provincias.
3338 1887 3448 1942 Alii
3509 1888 3786 1956 Cyprum,

2094 1975 2238 2025 4o!
2296 1971 2635 2027 Romaniam
2692 1973 2895 2043 aliqui,
2935 1973 3171 2043 quidam
3225 1988 3327 2043 per
3367 1983 3641 2030 montana
3679 1989 3789 2030 va-

2097 2059 2245 2128 gari,
2295 2059 2485 2115 victus
2544 2060 2948 2116 insufficientia
2989 2069 3427 2132 coangustante,
3453 2063 3573 2133 jam
3618 2078 3791 2132 cmpe-

2095 2154 2244 2202 rant.
2281 2146 2454 2202 Porro
2490 2147 2642 2204 viam
2671 2148 2866 2211 maris,
2897 2163 3175 2204 occursus
3207 2149 3425 2220 ubique
3465 2151 3788 2206 Turcorum

2095 2233 2291 2288 creber
2315 2234 2652 2291 occluserat.
2705 2235 3006 2306 Nusquam
3039 2236 3288 2308 denique
3311 2237 3538 2308 patebat
3577 2238 3790 2295 nostris

2094 2321 2305 2377 exitus.

2167 2406 2357 2478 [XIL].
2391 2407 2644 2465 Audiens
2669 2408 2884 2464 interea
2913 2408 3280 2465 Boemundus
3309 2407 3615 2466 innumera
3633 2409 3792 2466 Tur—

2095 2509 2294 2551 corum
2342 2496 2580 2565 agmina
2642 2505 2972 2553 nostrorum
3032 2497 3497 2566 supervenientia
3560 2497 3784 2564 castris,

2095 2583 2384 2652 principes
2413 2584 2553 2640 alios
2592 2586 2950 2655 aggreditur,
2991 2585 3222 2640 dicens:
3260 2605 3289 2634 «
3315 2585 3457 2642 Cum
3486 2593 3644 2640 tanta
3665 2585 3789 2656 jam

2095 2674 2272 2728 nostri
2330 2673 2589 2742 paucitas
2642 2674 2930 2729 exercitus
2981 2672 3287 2738 habeatur,
3338 2680 3404 2729 ut
3456 2673 3557 2728 uni
3616 2672 3792 2728 confi-

2095 2761 2293 2817 ciendo
2321 2761 2621 2816 certamini
2647 2761 2836 2816 tenuis
2859 2763 2981 2832 jam
3015 2775 3080 2816 ac
3108 2761 3464 2817 insufticiens
3493 2761 3782 2828 videatur,

2095 2849 2312 2904 nedum
2373 2849 2444 2904 ad
2492 2849 2606 2904 duo
2633 2849 2956 2904 exercenda
2995 2849 3193 2918 prmlia
3233 2848 3496 2904 bifariam
3542 2849 3788 2919 dispare-

2094 2944 2210 3004 tur,
2243 2939 2672 2993 retractandum
2720 2937 2885 2992 nobis
2911 2945 3014 3004 est,
3049 2939 3095 2992 si
3137 2950 3172 2992 a
3215 2939 3399 3004 nobis,
3442 2952 3576 2993 cum
3599 2938 3784 3008 quali-

2093 3039 2328 3095 cunque
2355 3024 2634 3087 exercitu,
2662 3024 2866 3080 Turcis
2893 3025 3121 3080 obviam
3167 3025 3624 3095 ingredientibus
3647 3027 3779 3093 itur,

2024 3139 2065 3195 ε
2094 3114 2228 3184 quis
2275 3113 2412 3168 huic
2457 3113 2674 3168 civitati
2750 3113 3000 3168 obsideri
3045 3121 3242 3182 emptae
3293 3113 3667 3184 impugnator
3705 3115 3786 3168 in-

2095 3201 2284 3268 terim,
2336 3201 2470 3270 quis
2537 3201 3046 3256 tabernaculorum
3117 3211 3445 3257 nostrorum
3519 3201 3781 3258 defensor

2095 3287 2488 3358 relinquitur?
2522 3287 2576 3343 Si
2609 3302 2748 3358 ergo
2776 3296 2966 3343 vestro
3012 3295 3204 3344 ratum
3253 3289 3484 3344 videtur
3529 3289 3782 3354 arbitrio,

2093 3376 2368 3432 delectam
2393 3376 2740 3446 optimorum
2775 3384 2995 3446 partem
3039 3377 3316 3446 peditum,
3363 3377 3436 3431 ad
3466 3378 3784 3432 custodiam

2094 3465 2259 3520 urbis
2287 3464 2641 3520 destinemus
2691 3463 2962 3534 obsessae;
3012 3463 3236 3535 equites
3265 3478 3420 3531 vero,
3451 3465 3618 3534 quasi
3664 3465 3787 3521 for-

2093 3550 2284 3618 tiores,
2329 3552 2648 3608 Turcorum
2709 3553 2946 3608 insaniae
2997 3553 3320 3622 comparari
3363 3553 3568 3610 debere
3599 3567 3788 3610 cense-

2094 3653 2306 3778 mus.ln
2339 3641 2596 3707 Dixerat,
2619 3647 2674 3696 et
2703 3640 2846 3696 nulli
2877 3641 3208 3714 principum
3234 3641 3307 3698 ab
3323 3641 3449 3712 ejus
3473 3641 3786 3699 dissensere

2094 3737 2248 3778 const
2277 3738 2348 3778 ιο.

2091 3737 2348 3780 001181110.

2165 3903 2231 3968 [Χ
2242 3900 2317 3957 ΠΙ
2327 3897 2363 3972 .]
2389 3899 2752 3954 Boemundus
2767 3901 2979 3955 Turcos
2987 3901 3338 3972 aggreditur.
3359 3901 3576 3956 Milites
3588 3901 3786 3958 adhor.

2091 3992 2267 4044 tatur.
2297 4017 2353 4029 —
2387 3989 2513 4044 Jam
2547 3989 2797 4044 hostium
2830 3990 3104 4044 examina
3127 3991 3300 4059 juxta
3328 3990 3625 4046 castellum
3649 3992 3782 4048 urbi

2091 4077 2451 4148 contiguum,
2483 4076 2640 4146 quod
2665 4077 2980 4132 vocabatur
3015 4077 3188 4148 Areg,
3230 4068 3780 4147 castra'posuerant,

2089 4172 2250 4221 trans
2279 4171 2506 4233 pontem
2527 4164 2982 4234 Pharphareum.
3015 4164 3145 4220 Dies
3164 4173 3286 4220 erat
3312 4166 3582 4236 proclivis
3605 4167 3677 4222 ad
3696 4182 3786 4224 ve-

2088 4266 2344 4322 sperum,
2373 4261 2426 4308 et
2455 4251 2612 4308 omni
2648 4252 3016 4308 Boemundus
3041 4253 3213 4309 citata
3235 4254 3438 4309 militia
3477 4255 3546 4310 de
3581 4255 3786 4312 castris

2087 4341 2403 4412 egreditur,
2425 4345 2482 4396 et
2521 4354 2870 4410 prosperans
2898 4341 3047 4396 inter
3066 4340 3282 4397 ﬂumen
3311 4342 3788 4414 adjacentemque

286 4432 412 4487 aliae
441 4428 782 4485 animalium
820 4435 996 4498 atque
1045 4425 1415 4497 vectigalium
1461 4426 1752 4493 utilitates,
1797 4427 1984 4481 omnis
2025 4413 2068 4467 Ι)
2093 4427 2282 4484 lacum
2331 4435 2794 4484 castrametatur.
2828 4429 2934 4485 Ubi
2968 4442 3136 4485 mane
3167 4430 3460 4496 inclaruit,
3489 4413 3785 4487 celerrime

283 4516 449 4574 vobis
505 4530 604 4588 per
660 4523 892 4583 terram,
927 4514 1257 4570 Graecorum
1299 4515 1598 4584 provincia
1639 4514 1982 4584 deportabit.

285 4607 602 4678 Imperator
623 4605 740 4675 ipse
763 4615 936 4674 quem
960 4610 1150 4659 vestra
1186 4602 1352 4658 latuit
1383 4603 1688 4672 hucusque
1717 4602 1982 4672 penuria,

284 4696 356 4752 ad
412 4695 716 4752 deferenda
761 4692 1093 4764 indigentiae
1123 4699 1294 4747 tantae
1341 4690 1599 4746 subsidia
1627 4704 1988 4759 summopere

283 4784 384 4840 ubi
437 4782 776 4854 compererit
835 4781 1189 4852 properabit.
1249 4781 1319 4835 Et
1392 4778 1560 4834 vobis
1627 4784 1988 4833 sacramento

284 4881 543 4931 astruam
573 4871 728 4943 quod
758 4871 901 4938 haec,
932 4876 998 4925 ut
1034 4867 1176 4936 dixi,
1235 4868 1430 4924 omnia
1461 4865 1570 4922 fide
1600 4863 1988 4936 perseveranti

283 4961 621 5031 compleam.
661 4958 800 5025 Quae
842 4958 1014 5014 etiam
1045 4971 1176 5014 cum
1213 4955 1568 5026 explicuere,
1613 4961 1810 5024 emptae
1879 4955 1988 5010 hu-

281 5050 380 5120 jus
420 5047 734 5104 obsidionis
765 5045 1060 5101 laboribus
1091 5059 1180 5101 me
1204 5044 1540 5100 nullatenus
1577 5049 1989 5112 repraesentare

287 5135 518 5194 timebo.
569 5132 730 5202 Quod
775 5133 822 5191 si
854 5141 1110 5190 vestrum
1178 5130 1652 5198 contubernium,
1703 5129 1988 5200 famisque

287 5223 659 5296 participium
712 5235 803 5278 me
851 5221 1165 5278 detrectare
1213 5219 1517 5286 veremini,
1567 5232 1696 5274 ecce
1743 5215 1990 5273 tentoria

287 5326 434 5377 mea,
491 5327 620 5368 ecce
649 5309 975 5368 remansuri
1007 5317 1143 5365 sunt
1173 5308 1326 5378 apud
1357 5321 1460 5363 vos
1497 5305 1802 5363 necessarii
1855 5305 1987 5373 mei,

289 5415 436 5472 quos
483 5401 588 5456 etsi
625 5401 699 5457 ad
753 5407 980 5470 tempus
1029 5397 1336 5466 reliquero,
1397 5395 1456 5450 in
1520 5395 1690 5450 finem
1750 5405 1994 5450 contem-

288 5489 466 5560 psisse
497 5503 614 5546 non
669 5496 883 5560 potero.
959 5505 988 5538 α
1062 5485 1238 5549 Dixit,
1309 5490 1366 5539 et
1447 5496 1752 5554 procerum
1821 5493 2036 5536 aures.

286 5577 483 5634 multae
522 5577 802 5636 lenocinio
850 5571 1379 5632 circumlocutionis
1422 5569 1623 5628 illexit.
1671 5570 1854 5641 Igitur
1898 5567 1994 5624 ille

289 5673 522 5732 recessit
570 5673 808 5732 omnino
858 5683 976 5726 non
1006 5667 1230 5724 veritus
1261 5663 1478 5722 crimen
1535 5663 1778 5734 quodin
1833 5675 1988 5729 eum,

2090 4515 2482 4586 exploratores
2529 4517 2746 4589 dirigit,
2804 4524 2870 4573 ut
2913 4517 3237 4574 Turcorum
3303 4519 3626 4588 quantitate
3670 4533 3791 4588 per-

2093 4617 2290 4674 pensa,
2324 4604 2576 4674 qualiter
2603 4618 2664 4660 se
2710 4612 2888 4676 agant
2940 4612 2995 4661 et
3033 4605 3132 4661 ubi
3161 4612 3582 4672 commaneant,
3633 4606 3788 4662 festi-

2093 4701 2232 4748 nent
2277 4693 2612 4750 renuntiare
2649 4694 2956 4750 maturius.
3005 4693 3183 4749 Paulo
3234 4701 3640 4763 processerant.
3678 4685 3789 4751 ho-'

2093 4788 2342 4853 stesque,
2419 4797 2672 4853 quorum
2745 4782 3085 4852 personabat
3155 4781 3461 4850 adventus,
3529 4797 3790 4852 quaerere

2093 4877 2402 4941 cmperant,
2459 4885 2593 4926 cum
2612 4884 2742 4926 ecce
2785 4869 3011 4925 infinita
3063 4883 3267 4925 eorum
3311 4878 3560 4926 cernunt
3609 4885 3790 4927 emer-

2095 4973 2228 5031 gere
2275 4957 2566 5024 examina,
2617 4970 2718 5026 per
2767 4956 3020 5012 duarum
3063 4957 3319 5012 aeierum
3379 4957 3629 5028 legiones
3673 4959 3790 5015 dis-

2094 5053 2324 5116 parata;
2355 5053 2507 5102 retro
2527 5058 2664 5100 vero
2687 5057 2889 5100 eorum
2935 5045 3277 5114 pedetentim
3306 5045 3616 5102 multitudo
3655 5047 3790 5103 sub-

2096 5134 2452 5203 sequebatur
2493 5133 2768 5188 maxima.
2815 5131 3040 5198 Quibus
3083 5133 3396 5203 prospectis
3444 5135 3792 5204 quantocius

2096 5221 2546 5294 regrediuntur:
2584 5243 2606 5270 ι
2644 5220 2860 5286 Hostes,
2903 5221 3090 5290 aiunt,
3117 5220 3238 5291 jam
3271 5221 3593 5284 imminent,
3627 5223 3790 5280 vide—

2097 5318 2212 5366 tote
2264 5317 2329 5366 ut
2359 5308 2530 5364 fortes
2576 5323 2678 5364 vos
2724 5317 2780 5364 et
2827 5317 3056 5378 paratos
3103 5309 3422 5365 inveniant.
3467 5329 3495 5360 ››
3542 5311 3629 5366 Ad
3668 5310 3791 5366 haec

2099 5397 2487 5465 Boemundus,
2517 5397 2636 5453 suis
2681 5396 2741 5452 in
2773 5397 2998 5454 Christo
3039 5397 3316 5453 fratribus
3348 5409 3417 5452 ac
3453 5398 3790 5454 commilito-

2099 5485 2272 5542 nibus
2311 5485 2654 5550 excitandis,
2706 5484 3036 5555 eloquitur:
3115 5485 3504 5540 Victoriarum
3567 5493 3788 5542 vestra-

2099 5586 2257 5640 rum,
2297 5585 2330 5626 ο
2377 5570 2580 5641 optimi
2635 5571 2864 5641 milites,
2910 5571 3108 5628 creber
3137 5579 3378 5628 eventus
3425 5586 3542 5628 non
3595 5587 3787 5643 parvae

2099 5660 2264 5717 vobis
2293 5659 2582 5716 ministrat
2627 5661 2951 5717 occasiones
2995 5659 3274 5717 audaciae.
3317 5659 3473 5717 Fidei
3511 5661 3790 5718 hactenus
