3934 6416
84 407 173 461 741
1197 406 1424 461 GESTA
1465 404 1578 459 DEI
1618 404 1757 460 PER
1796 402 2136 459 FRANCOS.
2161 432 2225 443 -
2250 403 2379 457 LIB.
2423 403 2508 457 IV.

3494 408 3598 461 742

80 551 277 599 contra
330 542 630 613 perﬁdiam
674 541 822 597 bella
863 540 1129 612 gessistis,
1175 548 1231 596 et
1272 540 1419 596 inter
1448 539 1642 595 omnia
1668 539 1783 595 dis-
1821 543 1868 596 A
1896 537 2176 607 solymam
2232 539 2344 593 Deo
2393 538 2671 594 redimere
2703 551 2771 593 ac
2799 538 2925 609 ejus
2963 538 3209 596 liberare
3240 540 3594 611 sepulcrum.

81 631 327 686 crimina
355 630 548 686 felices
586 629 778 685 exitus
828 628 1130 683 habuistis.
1180 628 1469 684 Delectare
1506 642 1608 683 vos
1648 641 1785 698 pro-

82 717 223 774 fecto
269 719 391 789 jam
436 718 634 774 debuit
660 716 867 772 Christi
914 714 1269 772 fortitudinis
1301 717 1612 787 sapissime
1658 716 1786 789 evi-

81 807 218 861 dens
272 807 757 876 experimentum,
800 804 1118 874 prasertim
1199 818 1332 860 cum
1370 812 1523 860 certo
1576 804 1789 859 certius

82 894 377 960 noveritis,
414 895 470 948 in
504 893 613 948 illis
658 906 790 963 qua
838 893 1195 962 potissimum
1242 892 1530 962 urgebant
1577 892 1788 961 praliis

84 997 197 1037 non
237 996 338 1037 vos
384 995 693 1052 pugnasse,
739 980 836 1035 sed
888 980 1201 1035 Christum.
1243 978 1381 1045 Qua
1417 993 1553 1049 ergo
1600 979 1788 1035 valeat

79 1078 284 1125 vestra
315 1071 511 1136 menti,
556 1083 658 1138 pro
689 1068 928 1123 incursu
968 1067 1183 1137 aliquo,
1216 1068 1553 1136 desipientia
1582 1066 1788 1136 despe-

82 1158 318 1214 rationis
360 1158 626 1226 irrepere,
675 1171 822 1226 quos
875 1156 1026 1210 mala
1083 1155 1228 1211 nulli
1279 1154 1556 1210 hactenus
1604 1161 1785 1209 atten-

82 1252 221 1311 tata,
254 1247 369 1301 Deo
397 1245 751 1311 sublevante,
784 1244 1044 1310 evadere,
1078 1242 1295 1313 quibus
1321 1242 1643 1311 triumphos
1677 1241 1788 1296 ho—

83 1334 223 1389 mini
283 1332 658 1403 impossibiles
718 1331 958 1401 contigit
1011 1330 1377 1400 provenisse?
1434 1330 1493 1384 in
1560 1336 1786 1385 tantum

75 1421 196 1491 jam
225 1434 445 1489 precor,
476 1420 631 1490 apud
666 1433 768 1474 vos
799 1416 937 1473 fides
965 1424 1200 1486 experta
1225 1416 1485 1487 proﬁciat
1523 1424 1587 1473 ut
1626 1417 1788 1473 nulla

79 1510 244 1565 vobis
282 1510 542 1565 humana
590 1509 859 1577 deinceps
903 1506 1180 1562 fortitudo
1230 1507 1474 1561 resistat.
1522 1506 1638 1561 Hac
1683 1506 1787 1561 ita-

82 1611 195 1667 que
244 1598 468 1652 animos
523 1597 760 1651 tutiores
830 1594 1055 1659 efficite,
1122 1600 1290 1649 caute
1368 1593 1669 1662 procedite,
1733 1600 1789 1649 et

82 1685 373 1740 Christum
424 1692 633 1749 vestra,
685 1690 747 1738 ut
778 1682 1005 1749 assolet,
1050 1681 1264 1736 vexilla
1320 1681 1610 1748 ferentem,
1671 1688 1789 1736 tota

82 1773 365 1828 mentium
415 1770 729 1827 acrimonia
759 1769 1072 1826 consectari
1119 1783 1279 1824 nunc
1319 1776 1374 1825 et
1431 1769 1787 1825 conclamare

82 1869 301 1917 curate.
335 1882 365 1910 υ

149 1947 373 2014 Quibus
403 1945 647 2003 fideliter
674 1958 741 2000 ac
766 1944 958 2000 vivide
987 1944 1517 2014 circumspecteque
1539 1959 1597 2000 se
1627 1951 1788 2000 actu-

84 2051 177 2092 ros
228 2034 704 2099 acclamantibus,
759 2041 814 2089 et
861 2034 1113 2088 acierum
1165 2046 1400 2103 quoque
1429 2047 1666 2087 suarum
1710 2032 1789 2088 ei-

83 2126 210 2181 dem
259 2124 746 2190 distributionem,
802 2129 999 2190 utpote
1053 2120 1333 2177 bellorum
1391 2122 1790 2190 expertissimo

82 2212 466 2276 credentibus,
513 2210 677 2280 jubet
710 2210 856 2264 idem
889 2209 1259 2264 Boemundus
1306 2223 1599 2279 quemque
1630 2210 1787 2279 prin-

81 2301 273 2371 cipum
324 2298 669 2369 appendices
710 2310 845 2352 suas
896 2297 1004 2351 sibi
1047 2295 1331 2367 colligere,
1386 2303 1441 2351 et
1499 2297 1789 2366 propriam

78 2387 344 2457 singulos
394 2388 576 2441 aciem
627 2384 909 2440 ordinare.
968 2384 1077 2439 Sex
1131 2384 1330 2455 igitur,
1396 2384 1479 2440 uti
1537 2383 1787 2448 dixerat,

78 2475 317 2531 aciebus
371 2472 665 2544 expositis,
741 2473 815 2528 ad
888 2473 1284 2543 pervadendos
1358 2471 1548 2528 hostes
1627 2474 1791 2530 factis

77 2562 414 2634 singillatim
449 2562 668 2628 cuneis,
700 2576 833 2617 cum
863 2574 1091 2617 summa
1117 2560 1342 2617 cautela
1364 2561 1625 2631 quinque
1658 2576 1787 2631 pro-

77 2653 314 2707 cedunt.
360 2653 431 2705 At
463 2649 825 2706 Boemundus
872 2663 1004 2704 cum
1045 2663 1150 2705 suo
1200 2648 1449 2719 agmine,
1495 2650 1566 2704 ad
1601 2649 1788 2706 feren-

77 2740 235 2806 dum,
260 2740 310 2794 si
359 2738 667 2794 necessitas
714 2737 1092 2800 incubuisset,
1128 2738 1473 2804 subsidium,
1514 2737 1790 2807 posterior

77 2827 454 2898 sequebatur.
523 2825 742 2881 Nostris
802 2825 995 2895 itaque
1065 2824 1170 2879 hoc
1240 2825 1407 2879 modo
1483 2825 1784 2890 distinctis,

78 2912 218 2970 dum
264 2912 480 2970 animis
528 2911 887 2981 spirantibus
945 2911 1137 2981 stipati
1193 2910 1607 2966 confertissime
1650 2925 1789 2981 gra-

78 3005 329 3060 diuntur
368 3001 439 3056 ad
471 3000 755 3070 pralium,
801 2999 945 3055 alter
982 3000 1221 3055 alterius
1253 2998 1426 3054 latere
1458 3007 1604 3055 tacto
1634 2999 1789 3055 solli-

76 3092 295 3147 citabat
389 3089 627 3154 socium,
705 3096 770 3144 ut
846 3088 1088 3153 nullus,
1165 3097 1449 3158 quantum
1511 3092 1791 3158 spectaret

77 3178 146 3232 ad
204 3177 500 3247 cujusque
564 3188 889 3245 personam,
942 3181 1233 3243 pateretur
1283 3173 1609 3230 claudicare
1652 3189 1785 3231 con-

78 3265 323 3322 ﬂictum.
363 3266 435 3319 At
468 3263 598 3319 urbi
628 3278 719 3320 res
746 3262 1017 3319 manibus
1048 3263 1142 3333 agi
1173 3263 1361 3331 capit.

76 3373 186 3428 Nec
217 3385 405 3437 mora,
428 3371 683 3426 curvatis
712 3371 930 3425 adeunt
958 3369 1261 3425 hastilibus
1287 3369 1492 3435 hostes,

76 3462 348 3530 Cumque
389 3463 576 3514 calent
607 3458 834 3525 animis,
869 3462 925 3513 et
960 3473 1142 3528 equos
1183 3457 1507 3513 calcaribus
1556 3466 1786 3529 urgent,

73 3552 154 3603 Ac
176 3546 493 3616 utrobique
527 3546 659 3601 feris
689 3545 951 3616 quatitur
971 3545 1321 3601 clamoribus
1338 3544 1535 3611 ather,

74 3637 454 3693 Concurrunt
485 3634 657 3702 acies,
691 3641 980 3689 torserunt
1003 3632 1224 3702 spicula
1258 3633 1448 3688 Turci.

80 3724 457 3794 Francigena
491 3720 750 3792 impactis
782 3722 1146 3777 terebrarunt
1177 3729 1405 3790 pectora
1434 3720 1575 3777 telis.

79 3813 300 3868 Ictibus
330 3812 483 3866 ensis
512 3810 681 3866 hebes
713 3810 918 3877 fuerat,
963 3810 1141 3866 fecere
1173 3810 1457 3879 fragorem

80 3900 277 3958 Collisi
311 3899 605 3968 chalybes,
642 3898 875 3954 molitur
905 3898 1148 3953 vulnera
1170 3898 1338 3964 ferro,

84 3989 223 4056 Qua
254 3988 376 4044 sitit
404 3988 713 4043 obscenum
738 3985 1101 4056 rapidissima
1130 3985 1334 4041 dextra
1358 3999 1643 4041 cruorem.

86 4080 168 4134 Ac
187 4079 235 4134 si
259 4076 561 4134 cornicum
588 4076 783 4131 videas
811 4076 1083 4131 examina
1104 4082 1275 4140 mota,

88 4168 158 4222 Et
189 4167 350 4223 velut
381 4165 684 4221 immodico
708 4162 1040 4234 processerit
1066 4162 1296 4233 agmine
1319 4162 1523 4219 turdus
1555 4179 1568 4217 :

87 4256 176 4312 Sic
214 4256 440 4312 caeleste
468 4254 805 4324 juhartunc
830 4260 1131 4322 protexere
1153 4253 1399 4322 sagitta,

85 4346 274 4401 Aerea
299 4344 605 4400 densantes
628 4341 954 4410 jaculorum
980 4339 1261 4411 grandine
1283 4353 1519 4395 cacum.

1896 626 2011 682 Nec
2047 625 2243 681 minus
2288 625 2390 680 tibi
2437 632 2659 680 constat
2705 626 2919 681 divinis
2952 629 3140 697 potius
3160 630 3509 700 adjumentis
3543 630 3598 685 id

1895 711 2080 781 operis
2124 711 2534 778 administrari,
2571 726 2750 782 quam
2802 712 3091 770 humanis.
3121 720 3269 769 402
3320 717 3441 786 Age
3490 716 3600 771 ita-

1896 814 2010 869 que
2037 807 2092 855 et
2145 807 2303 855 tuam
2358 799 2591 869 patienti
2641 800 2865 856 Christo
2911 802 3031 872 jam
3078 802 3234 859 defer
3270 805 3597 872 audaciam,

1896 893 2145 942 nectam
2176 895 2541 957 opportunus
2570 895 2623 943 te
2648 903 2880 959 segnem
2903 890 3063 946 locus
3106 893 3383 957 inveniat,
3425 906 3600 963 quem

1897 982 1997 1029 tuo
2040 975 2279 1031 forsitan
2324 976 2476 1031 Deus
2529 976 2733 1031 honori
2781 986 3086 1047 praparat.
3133 1001 3160 1027 ››
3196 980 3296 1035 His
3338 982 3601 1037 concitus

1896 1062 1988 1117 ille
2018 1064 2398 1131 sermonibus,
2429 1072 2543 1119 tota
2573 1065 2685 1120 Deo
2717 1073 2904 1121 mente
2938 1066 3165 1123 inuisus
3198 1083 3212 1122 :

1896 1167 2123 1233 Exsilit,
2152 1176 2207 1223 et
2227 1168 2433 1224 densas
2461 1168 2678 1223 dirimit
2710 1183 2985 1225 mucrone
3012 1178 3269 1227 catervas
3298 1186 3311 1225 :

1896 1253 2072 1324 Signa
2090 1255 2255 1310 ducis
2284 1257 2534 1326 prafert,
2568 1270 2700 1326 qua
2736 1256 2817 1311 sic
2845 1258 3072 1312 diversa
3109 1267 3358 1325 veretur,

1897 1343 1969 1399 Ut
1999 1342 2106 1399 sibi
2151 1344 2291 1399 dum
2326 1353 2584 1413 praeunt
2616 1357 2751 1413 pars
2779 1354 2976 1401 nostra
3004 1346 3203 1416 vigore
3246 1346 3486 1403 levetur.

1892 1426 2020 1482 Non
2054 1428 2231 1498 igitur
2259 1441 2426 1483 secus
2449 1427 2541 1482 ille
2580 1427 2719 1483 furit
2743 1442 2921 1499 quam
2966 1429 3174 1486 fetibus
3209 1431 3353 1488 orba

1895 1515 2117 1570 Assolet
2138 1515 2365 1585 ereptis,
2395 1514 2619 1585 objecta
2652 1530 2854 1571 necare
2878 1516 3074 1572 leana.

1895 1602 2092 1658 Mucro
2122 1603 2247 1658 vias
2275 1603 2477 1672 aperit,
2509 1604 2828 1658 confertum
2852 1605 3076 1660 discidit
3105 1619 3313 1677 agmen
3346 1622 3360 1661 :

1895 1687 2081 1743 Obvia
2109 1689 2467 1757 contuderat,
2496 1704 2746 1745 cuneum
2768 1691 2929 1747 docet
2962 1695 3042 1747 ire
3073 1702 3428 1763 sequentem.

1973 1793 2226 1847 Tandem
2256 1794 2557 1849 victoriam
2583 1796 2843 1859 referunt
2871 1796 3201 1853 Christiani.
3232 1829 3301 1838 —
3333 1801 3478 1856 Hinc
3504 1801 3605 1857 ita-

1899 1895 2014 1951 que
2055 1882 2258 1947 nostri,
2298 1882 2437 1938 dum
2488 1883 2807 1939 Boemundi
2838 1899 2952 1940 non
2984 1886 3337 1956 incognitum
3369 1888 3602 1958 signum

1898 1969 2005 2024 sibi
2055 1970 2114 2024 in
2176 1970 2335 2026 nullo
2369 1971 2638 2027 vacillare
2686 1974 3069 2042 conspiciunt,
3132 1984 3187 2030 et
3236 1976 3471 2044 pradict
3503 1990 3601 2032 um

1897 2057 2110 2112 stabuli
2161 2058 2426 2114 comitem
2477 2067 2634 2115 tanta
2686 2062 2742 2115 in
2782 2061 2997 2116 Turcos
3052 2063 3414 2119 animositate
3466 2064 3600 2120 bac-

1899 2145 2080 2213 chari,
2134 2146 2427 2215 resipuere
2491 2147 2684 2213 simul,
2744 2155 3021 2218 tantaque
3084 2149 3272 2205 hostes
3334 2152 3604 2208 violentia

1902 2233 2223 2303 propulere,
2261 2241 2322 2289 ut
2370 2234 2549 2289 solius
2600 2235 2753 2305 fuga
2811 2244 3155 2305 cogerentur
3185 2251 3416 2305 sperare
3457 2253 3601 2307 pra-

1899 2318 2062 2374 sidia.
2112 2319 2302 2375 Nostri
2361 2321 2612 2390 denique
2669 2324 3027 2393 fugientibus
3081 2325 3316 2393 instant,
3362 2334 3417 2381 et
3462 2328 3602 2384 dum

1898 2409 2022 2462 sine
2076 2409 2275 2463 ordine
2336 2418 2664 2479 properant,
2726 2413 3039 2481 pracipites
3086 2422 3240 2469 actos
3290 2430 3477 2485 usque
3526 2417 3600 2472 ad

1899 2496 2276 2566 Pharpharici
2325 2498 2513 2567 pontis
2575 2503 2875 2570 angustias
2921 2503 3137 2561 cadere
3168 2517 3236 2558 ac
3260 2504 3606 2562 detruncare

1898 2598 2014 2639 non
2062 2594 2304 2641 cessant.
2360 2585 2485 2652 Qua
2543 2586 2715 2642 Turci
2761 2590 2914 2645 cade
2981 2601 3267 2660 suscepta,
3322 2603 3600 2662 castrum,

1899 2674 2053 2741 quod
2109 2676 2265 2744 Areg
2321 2675 2591 2745 superius
2634 2676 2951 2742 nominavi,
3004 2679 3352 2745 subintrant,
3412 2681 3603 2736 omni--

1900 2760 2084 2817 modis
2124 2764 2392 2831 spoliant,
2452 2765 2648 2834 ignem
2696 2765 3012 2834 municipio
3050 2766 3232 2822 eidem
3263 2768 3602 2838 subjiciunt,

1899 2863 2327 2920 nunquamque
2406 2852 2675 2921 deinceps
2735 2853 2807 2908 ad
2856 2854 2912 2909 id
2969 2855 3211 2910 redituri
3266 2855 3602 2927 diffugiunt.

1899 2939 2303 2993 Armeniorum
2360 2948 2556 2995 autem
2589 2940 2986 3010 Syrorumque
3027 2958 3167 3012 gens
3212 2944 3454 3012 perfida,
3502 2946 3606 3015 qui

1899 3023 2049 3081 inter
2076 3033 2353 3096 utrosque
2385 3028 2621 3096 populos
2652 3028 2843 3095 medii,
2871 3030 3198 3097 praliorum
3239 3033 3610 3102 aucupaban—

1828 3133 1868 3187 ρ
1902 3120 1999 3169 tur
2044 3114 2255 3180 exitus,
2308 3123 2372 3170 ut
2404 3117 2500 3171 cui
2531 3118 2789 3171 cessisset
2840 3117 3099 3184 victoria,
3134 3119 3214 3173 illi
3246 3122 3607 3189 potissumum

1900 3200 2280 3272 inharerent;
2328 3203 2469 3258 dum
2526 3204 2741 3259 Turcos
2795 3202 3092 3261 inferiores
3121 3207 3449 3277 attendunt,
3497 3222 3607 3281 ag-

1898 3287 2245 3358 grediuntur
2272 3293 2438 3359 quasi
2469 3292 2700 3346 semitas
2730 3290 3007 3359 obsidere,
3039 3301 3094 3348 et
3118 3293 3334 3349 Turcos
3373 3305 3606 3364 prater-

1899 3384 2103 3431 euntes
2158 3376 2455 3446 perimere.
2502 3379 2687 3447 Igitur
2738 3393 2811 3434 ex
2862 3379 2973 3434 hiis
3024 3395 3156 3450 qua
3211 3382 3472 3439 hostibus
3508 3385 3606 3441 de-

1902 3472 2084 3519 tracta
2110 3473 2248 3520 sunt
2278 3466 2463 3532 victis,
2506 3467 2755 3522 crudelis
2783 3476 3109 3524 nostrorum
3160 3470 3477 3540 indigentia
3509 3474 3608 3530 illa

1899 3552 2215 3620 convaluit,
2271 3556 2437 3625 equis
2489 3563 2545 3610 et
2568 3557 2899 3625 sumptibus
2941 3557 3301 3627 sublevatur,
3343 3561 3417 3617 ab
3470 3563 3608 3632 ipsis

1898 3640 2151 3711 insuper,
2187 3651 2399 3699 eventu
2425 3643 2853 3713 triumphorum
2888 3646 3279 3703 crebrescente
3332 3651 3603 3718 secundo,

1900 3729 2219 3786 Turcorum
2271 3732 2465 3787 feritas
2512 3734 2918 3789 contemnitur.
2974 3734 3133 3791 Unde
3164 3742 3217 3791 et
3276 3746 3401 3807 post
3436 3738 3611 3796 victo-

1813 3818 1821 3825 ’
1900 3817 2069 3879 riam.
2117 3826 2348 3875 centum
2394 3834 2594 3876 eorum
2652 3821 2753 3890 qui
2795 3820 2941 3877 bello
2987 3825 3382 3883 occubuerant
3420 3832 3611 3899 capita

1899 3907 2314 3975 praciduntur,
2369 3916 2425 3963 et
2473 3908 2544 3963 ad
2603 3909 2945 3976 Turcorum,
3012 3914 3114 3981 qui
3173 3913 3606 3985 obsidebantur,

1901 3996 2408 4062 exanimationem,
2456 4004 2590 4052 ante
2646 4011 2844 4052 muros
2889 3998 3205 4056 Antiochia
3235 4005 3610 4072 suspendun-

1904 4090 2020 4140 tur.
2052 4086 2152 4141 Est
2208 4094 2400 4140 autem
2461 4086 2815 4141 consuetudo
2859 4088 3162 4157 gentilium
3220 4097 3283 4145 ut
3328 4105 3608 4149 casorum

1902 4174 2115 4244 capita,
2154 4175 2228 4231 ad
2261 4174 2539 4230 indicium
2569 4174 2839 4241 victoria,
2875 4189 3172 4233 reservare
3220 4192 3288 4234 ac
3321 4188 3609 4237 ostentare

1904 4263 2144 4319 soleant.

1978 4351 2169 4407 Fidem
2185 4352 2585 4424 amplexumm
2598 4367 2661 4406 se
2679 4350 2998 4423 imperator
3023 4354 3282 4423 spondet,
3298 4355 3353 4411 ai
3379 4373 3419 4411 a
3461 4359 3609 4414 Tur-

85 4434 270 4489 Arma
298 4439 535 4502 crepant
562 4438 616 4487 et
651 4444 831 4500 equos
859 4430 1287 4499 rapitimpetus,
1319 4442 1514 4498 aesque
1541 4428 1793 4485 retinnit
1835 4418 1880 4473 υ
1909 4439 1995 4495 cis
2018 4442 2222 4497 ablata
2256 4418 2373 4514 ipsi
2402 4418 2805 4499 restituantur.
2825 4472 2892 4482 —
2923 4418 3145 4499 Interea
3173 4418 3314 4502 dum
3346 4447 3466 4503 hac
3483 4460 3606 4517 per-

84 4521 246 4579 Casa
285 4520 498 4587 dolent,
532 4520 790 4574 victricia
820 4518 1096 4589 gaudent,
1122 4518 1354 4574 dissona
1384 4531 1497 4574 vox
1530 4517 1592 4573 it.

159 4626 271 4684 Ubi
321 4639 457 4680 vero
512 4629 695 4680 totum
766 4624 991 4693 pondus
1041 4623 1331 4680 exercitus
1376 4623 1532 4693 quod
1584 4622 1799 4694 primas

86 4714 561 4786 subsequebatur
634 4712 803 4779 acies,
855 4712 1212 4769 atrocissima
1252 4712 1334 4769 illi
1387 4712 1688 4768 certamini
1741 4726 1801 4769 se

88 4804 325 4869 infudit,
398 4800 564 4869 capit
638 4807 967 4855 nostrorum
1040 4800 1204 4869 gravi
1268 4801 1518 4857 hostium
1579 4800 1800 4870 impetu

87 4906 340 4950 acumen
400 4887 663 4952 obtundi,
703 4895 758 4943 et
810 4902 1011 4944 eorum
1058 4888 1387 4957 proficiente
1449 4903 1711 4956 numero,
1765 4902 1801 4944 a

84 4978 382 5052 proposita
434 4976 645 5032 virtute
676 4989 988 5045 parumper
1026 4975 1258 5032 inﬂecti.
1318 4976 1480 5043 Quod
1512 4978 1801 5033 Boemun-

87 5072 200 5127 dus
224 5066 547 5131 attendens,
580 5065 678 5134 qui
712 5064 1002 5121 custodias
1058 5071 1209 5120 retro
1237 5065 1525 5122 auxilium
1574 5065 1803 5123 laturus

88 5160 383 5221 observat,
435 5152 630 5209 multa
680 5152 1193 5209 animadversionis
1250 5162 1411 5211 motu
1467 5154 1801 5211 infrenduit.

17 5256 20 5263 ‘
91 5246 374 5305 Comitem
404 5241 616 5300 stabuli
654 5255 790 5312 ergo
834 5242 1070 5298 accersit
1113 5257 1286 5298 suum
1336 5242 1648 5299 Robertum
1700 5243 1805 5298 sci-

94 5338 224 5394 licet
271 5331 500 5390 Girardi
536 5329 738 5397 tilium,
782 5329 995 5399 illoque
1033 5330 1271 5401 dirigit:
1312 5353 1334 5380 ι
1369 5331 1546 5398 Vade,
1589 5332 1800 5401 inquit,

93 5435 259 5484 utere
290 5423 414 5493 jam
462 5432 620 5474 nunc
657 5417 1135 5487 magnanimitate
1173 5432 1291 5488 qua
1346 5419 1538 5484 debes,
1572 5427 1627 5475 et
1670 5433 1803 5489 qua

92 5521 255 5573 tanto
316 5504 547 5579 negotio
600 5506 886 5574 competit,
921 5513 977 5562 et
1004 5506 1284 5575 assumpti
1329 5507 1507 5578 hujus
1536 5506 1803 5562 intentio-

92 5618 225 5661 nem
258 5600 363 5658 tibi
421 5614 675 5672 propone
722 5600 953 5666 laboris,
1004 5595 1142 5651 dum
1173 5609 1409 5651 causam
1438 5594 1672 5651 nobiset
1700 5594 1802 5651 tibi

92 5694 210 5751 fore
258 5690 497 5748 noveris
543 5690 716 5746 totius
769 5684 1211 5745 Christianitatis
1251 5683 1559 5751 auxilium,
1600 5680 1803 5738 Hiero-

1906 4538 2164 4600 aguutur
2207 4545 2242 4587 a
2290 4534 2522 4597 nostris,
2584 4530 2966 4601 Babylonicus
3016 4531 3325 4601 imperator
3370 4534 3608 4607 legatio-

1906 4632 2036 4674 nem
2092 4620 2166 4676 ad
2222 4621 2511 4691 principes
2570 4620 2749 4676 nostri
2796 4619 3085 4675 exercitus
3136 4621 3449 4690 direxerat,
3508 4638 3611 4693 per

1907 4721 2054 4776 quos
2091 4707 2160 4764 de
2209 4708 2298 4765 his
2327 4724 2459 4780 qua
2514 4724 2654 4780 erga
2703 4708 2918 4764 Turcos
2948 4716 3184 4778 egerant
3226 4709 3308 4766 eis
3359 4712 3611 4781 gratula-

1909 4795 2144 4851 bundus
2201 4800 2514 4866 exstiterat,
2575 4799 2788 4868 pariter
2830 4812 3082 4867 quoque,
3125 4797 3231 4853 etsi
3273 4797 3437 4866 falso,
3477 4813 3607 4870 spo-

1906 4886 2183 4953 ponderat
2241 4887 2396 4956 quod
2462 4887 2823 4943 Christianus
2877 4886 3050 4952 fieret,
3116 4886 3164 4941 si
3212 4901 3352 4957 gens
3414 4896 3611 4945 nostra

1909 4972 2111 5028 Turcis
2148 4987 2216 5030 ea
2245 4988 2376 5045 qua
2416 4976 2485 5032 de
2514 4977 2639 5046 ejus
2684 4975 2925 5046 imperio
2954 4975 3333 5045 diripuerant,
3364 4977 3608 5035 ademis-

1910 5070 1993 5117 set
2035 5062 2263 5133 sibique
2311 5066 2652 5123 restitueret.
2698 5067 2959 5123 Diximus
2986 5066 3152 5136 plane
3186 5067 3454 5137 superius
3497 5070 3611 5125 Ba-

1910 5149 2239 5219 bylonicum
2275 5150 2581 5221 imperium
2613 5154 2782 5225 longe
2808 5157 3096 5225 potentius
3126 5156 3319 5227 regnis
3344 5156 3609 5213 Orienta-

1911 5238 2066 5294 libus
2112 5239 2424 5305 exstitisse;
2461 5242 2557 5296 sed
2616 5243 2831 5299 Turcos
2883 5246 3061 5301 armis
3095 5246 3423 5315 animisque
3466 5246 3611 5304 fero-

1912 5328 2091 5383 ciores
2142 5327 2327 5383 multa
2381 5328 2511 5397 ejus
2556 5344 2889 5401 usurpasse.
2930 5335 3005 5391 At
3036 5334 3116 5390 hii
3147 5336 3250 5405 qui
3283 5335 3413 5393 urbi
3451 5336 3611 5392 obsi-

1912 5417 2110 5473 denda
2143 5417 2321 5473 relicti
2371 5418 2619 5486 fuerant,
2650 5430 2704 5476 et
2737 5422 2838 5490 ipsi
2884 5438 3119 5493 quoque
3147 5440 3281 5482 cum
3306 5426 3614 5483 civitaten-

1912 5506 2074 5563 sibus
2101 5507 2377 5564 acerrime
2412 5507 2820 5577 conflixerunt,
2852 5525 2968 5568 non
2995 5514 3164 5570 modo
3207 5529 3324 5571 uno
3366 5515 3425 5571 in
3471 5516 3611 5585 loco,

1911 5595 2009 5651 sed
2039 5603 2172 5651 ante
2228 5602 2420 5665 portas
2467 5595 2586 5651 fere
2625 5598 2812 5653 omnis
2855 5598 2983 5668 ejus
3028 5600 3212 5658 urbis.
3246 5602 3374 5658 Dies
3419 5612 3614 5661 autem

1911 5682 2186 5751 triumphi
2236 5681 2416 5752 hujus
2460 5683 2666 5753 quinto
2713 5684 2851 5741 Idus
2884 5686 3204 5755 Februarii,
3265 5689 3447 5759 pridie
3481 5698 3616 5747 ante
