3934 6400
329 364 440 419 743

1225 362 1291 416 ν.
1334 361 1672 421 GUIBERTI
1707 361 2002 419 ABBATIS
2037 362 2095 419 S.
2136 363 2378 421 MARLE
2417 365 2511 422 DE
2554 365 2953 423 NOVIGENTO

3731 376 3831 430 744

327 493 537 566 jejunii
593 499 786 562 caput.
847 491 961 547 Nec
1012 491 1070 548 id
1118 491 1356 562 injuria,
1387 500 1451 547 ut
1480 504 1598 562 qua
1627 491 1717 547 die
1746 499 1879 548 ante
1906 491 2025 561 ipsa
2062 497 2110 550 Α
2208 494 2358 548 Illos
2406 497 2767 566 persequitur
2838 497 3218 567 Boemundus,
3288 511 3581 572 morteque
3647 501 3831 576 afﬁcit

328 582 556 655 jejunia
589 582 875 637 debentur
899 580 1234 637 Christianis
1258 580 1465 649 epula,
1496 594 1565 635 ea
1584 594 1761 650 quam
1795 581 2029 650 potissi-

333 685 496 726 mum
549 668 893 725 affectabam
951 667 1205 724 hostium
1247 668 1585 736 iniquorum
1622 667 2030 738 saginarentur

334 758 506 814 cade.
541 758 747 813 Franci
793 757 992 828 igitur,
1025 762 1198 811 tanta
1248 755 1501 810 victoria
1558 754 1813 810 fervente
1852 756 2031 825 tripu-

334 846 451 913 dio,
493 854 757 901 votorum
790 844 1159 900 multitudine
1213 843 1327 898 Deo
1356 844 1710 912 cooperatori
1741 844 2032 914 gratulan-

335 940 441 1001 tes,
493 947 609 988 non
659 933 780 988 sine
830 932 1079 1001 plurimo
1132 930 1459 1000 praedarum
1498 930 1711 998 fructu,
1746 930 1816 985 ad
1843 937 2033 986 castra

334 1019 637 1089 recedunt;
672 1020 842 1075 Turci
873 1032 1007 1074 vero
1037 1018 1392 1087 impatientes
1431 1032 1547 1087 pra
1582 1018 1797 1088 pudore
1827 1016 2029 1086 videri,

334 1106 619 1162 cuniculis
668 1114 725 1162 et
779 1106 991 1174 caveis,
1038 1106 1086 1160 si
1140 1105 1415 1173 valerent,
1469 1106 1914 1176 regrederentur
1973 1104 2031 1160 in

336 1194 572 1265 patrias.

1010 1315 1236 1373 CAPUT
1260 1315 1356 1373 VI.

406 1454 596 1528 [XlV.]
634 1457 903 1510 Castrum
928 1472 1108 1528 prope
1134 1455 1294 1510 urbis
1312 1454 1548 1510 obsessa
1572 1458 1802 1527 portam
1832 1455 2035 1512 consti-

336 1544 534 1598 tuitur.
565 1575 635 1583 —
677 1544 936 1614 Denique
993 1545 1237 1614 majores
1292 1544 1603 1611 exercitus,
1652 1544 1792 1598 dum
1832 1543 2033 1599 crebro

334 1631 701 1701 perpendunt
754 1630 1037 1699 plurimas
1090 1645 1149 1686 se
1180 1630 1392 1699 perpeti
1425 1630 1497 1685 ab
1548 1630 1636 1685 his
1667 1632 1766 1700 qui
1803 1630 2031 1685 obside—

334 1719 549 1775 bantur
573 1719 917 1775 incursuum
967 1718 1354 1789 indignitates,
1396 1726 1589 1773 coacto
1619 1718 1856 1774 concilio
1881 1718 2037 1773 difﬁ-

2134 580 2615 652 quamplurimas.
2650 611 2720 623 —
2744 584 2817 639 At
2865 584 3233 641 Boemundus
3274 587 3500 643 inﬁnita
3529 602 3703 658 super
3735 590 3829 644 tali

2137 667 2451 724 infortunio
2505 671 2795 727 anxietate
2869 673 3133 740 detritus,
3187 674 3284 729 via
3348 677 3831 745 compendiosiore

2137 755 2429 826 digressus
2458 772 2493 813 a
2527 759 2711 822 sociis,
2766 774 2898 815 cum
2960 761 3160 829 paucis
3208 761 3281 816 ad
3319 761 3668 818 obsidionem
3706 778 3829 834 per-

2139 844 2295 899 venit
2321 846 2633 915 equitibus,
2677 862 2823 917 quos
2851 857 2907 905 et
2935 848 3144 917 reperit
3168 857 3541 919 congregatos
3580 848 3830 904 insimul.

2138 930 2402 987 Eti’eratis
2451 934 2645 1003 itaque
2675 936 2932 991 omnium
2959 950 3132 1004 super
3171 950 3409 992 suorum
3450 936 3834 992 internecione

2140 1017 2367 1084 animis,
2408 1026 2462 1074 et
2500 1019 2721 1077 Christo
2769 1022 3141 1077 amarissimis
3183 1022 3437 1079 fidelium
3484 1024 3836 1094 singultibus

2140 1114 2465 1172 provocato,
2497 1121 2591 1162 eos
2647 1109 2749 1177 qui
2786 1116 2943 1163 tanta
2961 1109 3083 1164 sibi
3113 1108 3474 1166 incommoda
3522 1111 3836 1166 intulerant

2140 1193 2494 1249 unanimiter
2541 1195 2817 1262 invasuri,
2850 1197 2921 1252 ad
2950 1197 3128 1265 pralii
3161 1197 3282 1252 loca
3314 1198 3674 1267 perveniunt.
3707 1197 3836 1252 Sta-

2139 1278 2280 1334 bant
2332 1278 2581 1335 hostium
2639 1282 2917 1350 cohortes,
2978 1283 3047 1338 de
3095 1297 3293 1339 recens
3343 1292 3472 1338 acta
3520 1284 3777 1350 victoria,
3806 1298 3837 1339 e

2140 1368 2371 1437 regione
2407 1381 2643 1434 secura,
2699 1371 3046 1425 astimantes
3076 1370 3200 1426 istic
3226 1385 3284 1426 se
3310 1371 3501 1426 itidem
3533 1369 3838 1426 etiecturos

2141 1470 2273 1526 qua
2330 1470 2459 1511 cum
2510 1458 2711 1513 comite
2740 1466 2794 1513 et
2832 1458 3162 1514 Boemundo
3217 1474 3277 1515 se
3311 1460 3492 1529 egisse
3517 1460 3833 1528 jactabant.

2145 1543 2358 1599 Verum
2391 1543 2662 1613 malignis
2691 1544 2759 1599 de
2787 1545 3044 1614 nequitia
3065 1546 3531 1615 proponentihus,
3555 1547 3839 1616 benignus

2142 1630 2295 1686 Deus
2322 1630 2411 1699 pie
2441 1630 2693 1700 disponit
2726 1646 2858 1700 qua
2891 1633 3093 1689 debeat
3125 1635 3372 1689 remedia
3399 1644 3669 1703 prastare
3699 1649 3838 1689 ma-

2146 1717 2423 1772 rentibus.
2486 1719 2741 1789 lnsignes
2795 1735 2932 1791 ergo
2983 1720 3111 1788 viri,
3143 1722 3336 1777 dolore
3366 1722 3609 1777 fratrum
3671 1722 3840 1777 inter-

335 1808 506 1863 niunt
534 1815 619 1874 ut,
654 1814 965 1876 antequam
980 1788 1236 1877 aliquam
1271 1806 1478 1876 quovis
1502 1820 1640 1861 casu
1669 1820 1789 1861 sua
1816 1805 2035 1861 militia
2073 1788 2112 1841 Β
2144 1804 2419 1858 fectorum
2444 1788 2850 1875 compassionis
2867 1788 3085 1874 adacti,
3117 1809 3281 1879 signo
3311 1811 3499 1864 crucis
3528 1810 3839 1866 Dominiea

335 1894 773 1950 minorationem
796 1895 1111 1963 patiantur,
1131 1895 1201 1949 ad
1233 1903 1456 1964 portam
1485 1894 1664 1961 urbis,
1698 1895 1798 1951 ubi
1826 1909 2032 1951 eorum

334 1982 537 2039 fanum
559 1982 899 2049 habebatur,
926 1982 1025 2037 ubi
1050 1995 1283 2052 quoque
1307 1991 1532 2051 pontem
1565 1990 1786 2038 constat
1811 1983 2029 2052 haberi,

335 2078 589 2126 castrum
624 2070 948 2137 instituant,
994 2070 1147 2126 unde
1175 2070 1593 2140 aliquantisper
1622 2071 1870 2127 hostium
1906 2078 2034 2127 ten-

334 2165 589 2213 tamenta
645 2156 1017 2226 restringant,
1078 2157 1183 2213 Cui
1221 2171 1423 2213 eorum
1476 2160 1790 2226 sententia,
1840 2158 2033 2213 cuncti

334 2252 473 2300 sunt
520 2244 779 2315 juniores
832 2245 1064 2299 assensi.
1098 2245 1182 2299 Ad
1234 2245 1355 2300 hac
1387 2245 1578 2300 Sancti
1619 2246 1805 2316 Egidii
1850 2259 2037 2302 comes

335 2334 557 2403 primus
611 2333 836 2399 intulit;
875 2354 897 2380 ι
933 2333 1071 2402 Ego,
1129 2332 1336 2402 inquit,
1396 2334 1693 2401 stipendiis
1750 2333 2033 2389 fulciam:

337 2419 607 2490 idemque
660 2419 903 2475 servabo
969 2417 1314 2474 castellum:
1373 2425 1594 2473 tantum
1633 2418 1758 2473 nihi
1799 2419 2039 2489 opitula-

336 2507 479 2561 mini
547 2506 619 2561 ad
679 2505 1166 2561 aedificandum.»
1228 2504 1332 2560 Cui
1390 2505 1562 2561 refert
1620 2506 2033 2562 Boemundus:

341 2613 365 2643 ι
404 2592 461 2648 Si
493 2592 721 2648 libitum
754 2593 916 2648 vobis
972 2593 1063 2659 sit,
1109 2592 1359 2662 spondeo
1402 2606 1490 2647 me
1521 2588 1739 2649 iturum
1789 2608 1922 2649 cum
1952 2608 2039 2649 co-

339 2680 476 2736 mite
506 2681 632 2750 isto,
688 2681 881 2751 quise
932 2681 1277 2750 praobtulit,
1330 2681 1401 2737 ad
1433 2688 1660 2751 portum
1718 2682 1909 2738 Sancti
1952 2682 2036 2738 Si-

339 2767 579 2837 meonis,
614 2768 713 2824 ubi
742 2768 971 2837 jpariter
1018 2781 1112 2823 eos
1137 2767 1431 2823 tuebimur
1461 2768 1562 2838 qui
1607 2768 1744 2825 huic
1777 2769 2039 2825 insistent

338 2854 516 2924 operi.
599 2855 831 2911 Residui
879 2854 1162 2911 obsidioni
1201 2868 1433 2924 operam
1486 2855 1642 2923 dent,
1705 2870 1810 2912 nec
1854 2857 2040 2913 hostes

339 2943 504 2999 urbis
559 2952 753 3013 portas
806 2943 1081 2999 excedere
1136 2944 1346 2998 sinant.
1386 2965 1414 2993 ››
1468 2942 1666 2999 Comes
1720 2944 1916 3015 itaque
1972 2958 2041 3001 ac

341 3031 711 3089 Boemundus
759 3032 832 3088 ad
871 3031 1061 3087 Sancti
1102 3031 1400 3099 Simeonis,
1458 3031 1541 3087 uti
1601 3040 2037 3103 proposuerant,

340 3134 665 3191 processere
697 3126 947 3190 portum.
982 3120 1067 3174 Hii
1099 3133 1238 3175 vero
1267 3122 1368 3189 qui
1396 3127 1811 3189 remanserant,
1836 3121 2036 3176 castel-

339 3210 463 3268 lum
524 3210 822 3265 instituere
871 3208 1101 3265 fuerant
1160 3207 1438 3278 aggressi,
1489 3208 1585 3263 sed
1634 3208 1803 3264 Turci
1862 3208 2041 3279 hujus

339 3298 561 3356 adificii
612 3296 898 3367 principia
944 3296 1440 3353 vehementissimo
1498 3295 1717 3364 impetu
1761 3295 2040 3351 turbave-

340 3394 497 3444 runt.
547 3386 861 3455 Repentino
915 3398 1054 3455 ergo
1102 3391 1327 3439 nostros
1363 3382 1739 3452 pervadentes
1779 3383 2036 3450 incursu,

342 3484 503 3546 terga
554 3488 653 3530 eos
710 3480 933 3529 vertere
979 3478 1309 3541 coegerunt,
1353 3470 1632 3540 plurimos
1684 3470 2037 3541 occiderunt,

342 3564 491 3621 diem
528 3561 760 3618 Francis
789 3560 1099 3631 lugubrem
1131 3558 1469 3614 intulerunt.

419 3650 609 3718 Turci,
666 3647 997 3720 irruptiones
1037 3648 1225 3714 facta,
1257 3664 1287 3701 e
1336 3644 1687 3703 Christianis
1737 3647 2045 3703 nonnullos

341 3737 811 3808 interﬁciunt.—
849 3735 1223 3805 Comperiunt
1277 3733 1546 3804 postridie
1603 3734 1775 3790 Turci
1814 3735 2044 3805 aliquos

344 3823 671 3895 principum
729 3821 1011 3878 obsidioni
1068 3822 1277 3887 deesse,
1341 3828 1396 3877 et
1465 3820 1620 3890 quod
1688 3821 1763 3876 ad
1812 3829 2041 3892 portum

345 3913 536 3970 Sancti
595 3911 871 3969 Simeonis
941 3909 1220 3980 abissent;
1275 3908 1457 3965 multo
1524 3917 1809 3978 apparatu
1853 3924 1912 3966 se
1953 3910 2040 3966 in-

344 4008 579 4058 struunt
606 4008 782 4070 atque
810 4013 845 4055 a
876 4006 1045 4069 portu
1081 3998 1457 4055 redeuntibus
1482 3998 1673 4053 subito
1706 4005 2037 4055 occurrunt.

343 4089 608 4160 Cumque
662 4088 924 4144 comitem
972 4101 1040 4142 ac
1081 4087 1481 4142 Boemundum
1512 4100 1643 4142 cum
1679 4086 1910 4143 militari
1943 4087 2045 4143 fre-

343 4178 582 4249 quentia
633 4177 945 4232 adventare
991 4174 1404 4244 conspicerent,
1443 4188 1662 4244 capere
1690 4174 1959 4231 stridores
1987 4182 2042 4231 et

345 4264 601 4337 garritus
658 4264 803 4320 [ade
855 4262 1027 4318 nimis
1077 4261 1488 4317 conclamando
1534 4262 1809 4331 emittere,
1855 4263 2043 4319 unde-

2139 1887 2427 1947 trontibus
2457 1894 2781 1962 animisque
2810 1895 3067 1963 prafixo,
3089 1897 3363 1951 universa
3385 1897 3439 1950 in
3470 1896 3593 1951 illos
3624 1898 3837 1952 virium

2140 1990 2381 2033 suarum
2435 1979 2733 2035 collatione
2776 1981 3122 2037 funduntur.
3150 1984 3402 2046 Quorum
3433 1983 3515 2038 illi
3547 1983 3837 2039 unanimi-

2146 2068 2257 2118 tate
2300 2078 2576 2133 perpensa
2633 2066 2904 2123 continuo
2934 2068 3164 2134 cedunt,
3197 2076 3252 2124 et
3282 2069 3350 2123 ad
3385 2070 3837 2140 Pharpharicum

2143 2159 2372 2221 pontem
2437 2168 2537 2222 per
2589 2155 2715 2224 ejus
2764 2156 3061 2225 angustias
3115 2157 3413 2212 transituri
3462 2158 3834 2213 contendunt.

2144 2237 2589 2308 Angustabatur
2630 2242 3056 2299 transeuntium
3116 2243 3447 2311 multitudo,
3500 2244 3640 2299 dum
3698 2244 3839 2314 fuga

2145 2341 2550 2401 praproperat,
2593 2340 2649 2388 et
2690 2348 2823 2389 cum
2871 2337 3120 2404 peditum
3165 2337 3548 2407 equitumque
3595 2350 3836 2403 cuneus,

2145 2425 2329 2495 spatio
2375 2440 2495 2482 sese
2525 2427 2786 2484 breviore
2831 2437 3153 2500 coaggerat,
3195 2444 3368 2486 suum
3411 2428 3661 2499 quisque
3687 2442 3840 2483 com—

2146 2529 2364 2585 parem,
2410 2515 2548 2572 dum
2600 2517 2805 2573 nititur
2865 2519 3286 2588 pratervolare,
3329 2517 3662 2588 pracipitat.
3726 2517 3842 2572 Nec

2146 2604 2353 2659 nostris
2399 2617 2574 2673 super
2603 2606 2709 2661 isto
2766 2605 2892 2674 [al.,
2946 2605 3106 2678 istos]
3159 2606 3462 2677 vigilantia
3504 2606 3719 2671 deerat,
3778 2613 3842 2662 ut

2146 2690 2245 2747 ubi
2276 2691 2437 2762 vulgi
2470 2692 2741 2763 fugientis
2780 2693 3102 2765 frequentia
3149 2695 3476 2751 densescere
3512 2693 3838 2761 videbatur,

2148 2779 2226 2834 ibi
2257 2793 2372 2834 non
2410 2779 2481 2835 de
2530 2780 2890 2848 vulneribus,
2943 2782 3043 2837 sed
3093 2782 3162 2838 de
3188 2782 3500 2853 pracipitio
3546 2789 3836 2853 ageretur.

2148 2867 2312 2932 Quod
2337 2868 2385 2923 si
2431 2868 2562 2937 quis
2599 2868 2769 2938 aquis
2808 2868 3129 2938 immersus,
3162 2877 3264 2926 aut
3292 2884 3393 2940 per
3414 2871 3602 2941 pontis
3629 2870 3841 2927 colum-

2147 2971 2251 3012 nas
2282 2956 2550 3026 rependo,
2583 2960 2685 3013 aut
2731 2958 3001 3014 manibus
3036 2958 3320 3013 enatando
3363 2958 3434 3014 ad
3471 2958 3693 3014 aridam
3743 2971 3838 3014 co—

2076 3076 2119 3133 c
2147 3051 2430 3098 narentur
2479 3057 2790 3113 emergere,
2825 3044 2973 3100 illico
3028 3058 3062 3099 a
3101 3045 3331 3112 nostris,
3362 3046 3550 3115 ripam
3583 3044 3838 3101 ﬂuminis

2148 3129 2558 3197 ambientibus,
2583 3130 2801 3187 medias
2843 3131 3032 3188 undas
3080 3133 3398 3205 cogebatur
3426 3132 3733 3202 absorptus
3762 3132 3839 3187 in-

2145 3224 2393 3267 sumere.

2217 3297 2401 3352 Tanta
2430 3304 2620 3353 autem
2653 3297 2831 3369 hujus
2860 3299 3166 3356 redhibitio
3222 3301 3393 3357 cadis
3420 3298 3705 3356 exstitisse
3751 3313 3842 3354 co-

2148 3386 2463 3456 gnoscitur,
2507 3394 2572 3442 ut
2611 3386 2966 3457 Pharpharis
3012 3389 3171 3445 unda
3200 3388 3390 3459 potius
3418 3388 3641 3444 cruoris
3665 3401 3845 3458 quam

2147 3472 2331 3528 laticis
2395 3480 2714 3543 putaretur.
2769 3475 2966 3530 Tantis
3016 3475 3224 3530 ibidem
3287 3474 3422 3530 victi
3485 3473 3847 3544 victoresque

2142 3561 2532 3631 'concrepuere
2563 3561 2929 3630 clamoribus,
2983 3570 3141 3618 tanta
3175 3561 3538 3633 pereuntium
3578 3569 3633 3616 et
3660 3562 3845 3630 perire

2150 3648 2497 3720 cogentium,
2555 3656 2787 3718 tamque
2819 3648 3091 3705 terribilis
3145 3648 3419 3705 vocalitas
3460 3647 3753 3703 ferebatur
3784 3654 3845 3703 ut

2152 3736 2373 3807 pulsari
2419 3736 2754 3806 strepitibus
2812 3738 3083 3794 calorum
3125 3740 3471 3808 supremitas
3492 3736 3842 3792 crederetur.

2150 3824 2381 3882 Crebris
2429 3826 2669 3881 telorum
2710 3825 2983 3896 jactibus,
3030 3826 3364 3896 caterisque
3400 3822 3716 3879 missilibus
3751 3823 3844 3879 ﬁe-

2150 3912 2247 3967 bat
2277 3912 2517 3967 nubilus
2568 3926 2686 3978 aer,
2721 3912 2988 3983 globique
3014 3913 3215 3969 solaris
3242 3911 3493 3978 claritas,
3519 3910 3847 3981 jaculorum

2148 4000 2469 4055 errantium
2524 3998 2824 4055 interstitio
2864 4000 3185 4070 tegebatur.
3222 3999 3488 4056 Mulieres
3515 3997 3672 4055 urbis
3700 3997 3846 4053 indi-

2149 4101 2332 4158 gena,
2365 4086 2702 4141 Christiana
2739 4087 2995 4156 quidem,
3029 4088 3178 4143 circa
3218 4088 3369 4143 muri
3412 4086 3852 4159 propugnacula

2149 4172 2470 4244 spectaculo
2517 4171 2850 4242 hujusmodi
2902 4173 3304 4242 pascebantur,
3354 4181 3409 4230 et
3450 4174 3587 4230 dum
3633 4173 3853 4229 Turcos

2154 4260 2376 4333 perimi,
2416 4266 2614 4329 totque
2667 4262 2945 4317 arumnis
2997 4261 3183 4318 addici
3234 4262 3609 4333 prospiciunt,
3641 4275 3675 4316 a
3708 4262 3851 4317 facie

345 4367 579 4423 cunque
630 4358 851 4408 nostros
880 4350 1119 4416 ambire,
1149 4350 1418 4421 jaculari,
1453 4349 1746 4421 sagittare,
1779 4350 2042 4407 vulneri-
2080 4372 2124 4426 ι)
2152 4349 2452 4419 ingemunt
2485 4362 2498 4401 :
2532 4345 2630 4403 sed
2658 4348 2874 4404 aversis
2902 4348 3158 4405 vultibus
3188 4351 3538 4406 Francorum
3563 4350 3852 4418 prosperis

345 4442 456 4499 bus
482 4441 655 4497 etiam
686 4439 920 4497 inflictis
950 4438 1307 4495 truculenter
1345 4438 1621 4495 occidere.
1657 4439 1839 4494 Tanta
1879 4452 2046 4494 nam-

346 4544 462 4602 que
491 4529 599 4586 fuit
639 4542 840 4584 eorum
890 4527 1229 4598 irruptionis
1274 4527 1575 4593 acerbitas,
1629 4535 1694 4582 ut
1720 4527 1896 4582 nostri
1944 4526 2046 4582 vix

343 4621 712 4678 elaberentur
775 4632 876 4689 per
928 4618 1202 4688 contigua
1266 4624 1541 4672 montana
1594 4615 1929 4685 pracipites,
1990 4621 2048 4671 et

344 4723 585 4781 quaqua
641 4718 874 4765 versum
920 4713 1109 4777 patere
1151 4704 1424 4775 potuisset
1475 4718 1766 4761 excessus.
1807 4702 1915 4770 Qui
1956 4718 2049 4773 po-

342 4798 454 4856 tuit
483 4798 681 4868 aliqua
704 4797 987 4862 volucres,
1029 4801 1095 4851 ut
1122 4794 1206 4849 sic
1234 4793 1501 4861 dixerim,
1546 4805 1727 4863 equos
1759 4791 2047 4849 celeritate

345 4892 498 4941 403
549 4884 943 4956 pratergredi,
997 4881 1207 4951 evasit;
1240 4880 1288 4936 si
1318 4895 1491 4951 quem
1523 4880 1750 4952 gentilis
1779 4880 2048 4937 alacritas

342 4975 551 5043 reperit
578 4974 923 5043 segniorem,
947 4969 1234 5026 occubuit.
1266 4970 1331 5024 In
1356 4969 1466 5025 hac
1490 4976 1668 5036 tanta,
1701 4983 1832 5041 qua
1875 4975 2050 5039 puta-

346 5062 540 5129 batur,
601 5060 945 5126 calamitate,
1004 5064 1336 5114 nostrorum
1393 5055 1779 5114 millenarium
1834 5057 2047 5113 mortui

346 5163 691 5220 superavere
716 5160 1047 5204 numerum.
1078 5145 1231 5212 Quos
1277 5145 1408 5201 fidei
1468 5145 1791 5202 testimonio
1830 5144 2049 5214 proba--~

347 5239 509 5304 biles,
546 5240 718 5309 juxta
770 5233 1127 5306 Apostolum,
1175 5233 1440 5289 inventos
1478 5234 1572 5303 (II
1635 5232 1781 5288 Tim.
1838 5247 1899 5301 ιι,
1930 5232 2044 5303 15),

348 5326 594 5399 gloriosa
639 5332 765 5395 post
806 5336 1003 5379 necem
1044 5329 1395 5391 exceperunt
1426 5320 1664 5392 pramia
1696 5318 2046 5391 passionum,

347 5414 584 5486 quibus,
642 5413 689 5468 si
741 5425 889 5483 quas
960 5423 1186 5466 necesse
1254 5409 1425 5465 fuerit
1479 5416 1842 5478 peccatorum
1890 5406 2050 5463 luere

346 5516 564 5574 poenas,
618 5500 738 5558 sola
785 5498 1088 5571 sanguinis
1135 5496 1340 5555 effusio
1384 5510 1615 5555 omnem
1645 5497 1754 5555 fuit
1778 5493 2051 5567 potentis-

348 5592 495 5648 sima
521 5603 777 5662 purgare
803 5596 1055 5647 reatum.

2156 4436 2459 4493 eventibus
2498 4435 2739 4493 latenter
2792 4437 3181 4507 applaudunt.
3249 4438 3613 4508 Cogebantur
3655 4445 3850 4493 autem

2155 4522 2410 4579 Armenii
2457 4536 2526 4578 ac
2554 4522 2703 4593 Syri,
2735 4537 2867 4579 cum
2915 4532 3104 4580 essent
3133 4523 3462 4590 Christiani,
3512 4522 3753 4594 sagittas
3782 4523 3851 4578 ad

2154 4618 2378 4667 nostros
2408 4612 2682 4679 emittere,
2725 4612 2964 4681 quidam
3011 4621 3201 4668 autem
3225 4625 3297 4667 ex
3327 4611 3481 4681 ipsis,
3518 4617 3574 4665 et
3603 4610 3853 4680 idipsum

2156 4698 2440 4756 faciebant
2469 4706 2687 4769 sponte.
2722 4698 3133 4756 Occubuerunt
3160 4699 3447 4770 siquidem
3476 4698 3597 4754 istic
3636 4697 3852 4753 duode-

2156 4789 2268 4844 cim
2298 4788 2367 4844 de
2393 4801 2593 4844 eorum
2626 4788 2977 4858 primoribus
2997 4788 3129 4856 viri,
3163 4801 3311 4858 quos
3334 4787 3510 4843 verbo
3543 4784 3853 4840 Chaldaico

2155 4883 2433 4945 satrapas,
2493 4873 2813 4930 secundum
2862 4886 3062 4929 eorum
3107 4872 3432 4930 barbariem
3476 4870 3854 4927 admiravisos

2156 4964 2376 5032 dicunt,
2432 4962 2648 5033 aliique
2709 4962 3088 5032 quamplures
3134 4962 3203 5018 de
3248 4961 3434 5032 magis
3494 4958 3749 5030 praditis
3788 4971 3854 5012 ac

2155 5050 2549 5108 solertioribus
2586 5050 2841 5120 ipsorum
2892 5049 3168 5119 personis,
3220 5050 3437 5119 quibus
3478 5054 3593 5104 tota
3636 5047 3855 5102 incum-

2158 5141 2327 5197 bebat
2368 5138 2616 5194 defensio
2649 5137 2917 5193 civitatis.
2966 5137 3076 5204 Qui
3106 5138 3437 5195 ferebantur
3484 5134 3636 5192 mille
3670 5134 3852 5191 exsti-

2158 5228 2290 5282 tisse
2338 5224 2663 5294 quingenti.
2718 5224 2829 5291 Qui
2868 5239 3006 5281 vero
3063 5226 3201 5282 huic
3224 5225 3439 5282 residui
3470 5224 3627 5280 fuere
3654 5222 3847 5288 exitio,

2157 5314 2386 5380 nostris,
2431 5312 2516 5368 uti
2556 5319 2689 5369 ante
2739 5321 3177 5380 consueverant,
3234 5311 3511 5369 insultare
3540 5308 3848 5375 desierunt,

2157 5399 2322 5457 nulla
2361 5413 2561 5456 eorum
2610 5398 2942 5472 garrulitas,
2976 5399 3059 5456 nil
3101 5401 3365 5470 deinceps
3395 5398 3635 5455 scurrile
3668 5409 3851 5467 appa-

2158 5490 2313 5557 ruit,
2342 5489 2463 5545 dies
2489 5488 2599 5545 ista
2646 5487 2993 5546 diuturnum
3026 5487 3256 5545 illorum
3299 5486 3581 5559 gaudium
3612 5496 3851 5543 maerore

2159 5580 2425 5637 mutavit.
