3934 6422
136 369 257 423 745

1205 419 1208 423 .
1271 367 1493 422 GESTA
1534 367 1645 419 DEI
1691 367 1824 421 PER
1867 368 2202 424 FRANCOS.
2229 397 2292 407 -—
2319 369 2447 422 LIB.
2492 371 2577 423 ιν.

3565 376 3668 430 746

135 505 306 570 Ergo
356 503 778 572 superveniens
825 516 963 567 nox,
997 503 1212 572 vulgus
1251 510 1567 572 utrumque
1612 501 1858 567 diremit,
1900 505 1944 556 A
1977 501 2188 557 laboris
2245 503 2514 559 instantia
2571 507 2708 575 quid
2767 507 2905 561 mihi
2973 507 3344 577 imposterum
3410 510 3674 566 utilitatis

133 593 621 659 Destiterantque
657 604 884 655 manus,
915 589 1122 644 animis
1153 589 1510 659 agitantibus
1541 603 1718 644 arma.

223 680 288 734 In
313 687 542 733 tantum
598 686 790 732 autem
839 677 958 731 hac
997 678 1207 732 nostris
1259 676 1473 745 profuit
1513 675 1754 731 victoria
1797 682 1863 730 ut

133 781 461 836 nunquam
490 766 734 821 ulterius
767 772 988 820 tantum
1020 765 1240 820 roboris
1271 778 1336 818 ac
1361 765 1573 820 virium
1609 764 1864 820 videren-

132 863 250 911 tur
308 855 543 921 habere,
593 867 912 923 eorumque
970 867 1084 908 vox
1137 854 1535 908 conticesceret
1584 852 1859 908 irrisoria.

135 943 330 999 Porro
356 943 528 998 etiam
570 942 637 997 de
685 941 899 1004 multis,
955 955 1208 1010 quorum
1264 949 1488 996 nostros
1534 941 1864 995 necessitate

139 1033 451 1087 constabat
480 1032 719 1103 furgeri,
767 1029 984 1086 affatim
1031 1029 1241 1084 refecta
1280 1036 1382 1095 est,
1437 1029 1548 1084 Deo
1598 1027 1860 1097 propitio,

142 1118 497 1188 indigentia.

230 1207 459 1262 Postero
510 1207 687 1277 igitur
719 1206 808 1261 die
857 1218 987 1261 cum
1031 1204 1348 1267 diluxisset,
1382 1204 1703 1260 Turcorum
1752 1202 1863 1259 ali-

139 1296 257 1366 qui
292 1295 360 1350 de
390 1295 534 1351 urbe
561 1295 862 1365 prodeunt,
897 1303 1255 1348 mortuorum
1289 1307 1531 1348 suorum
1580 1292 1864 1348 cadavera

142 1384 462 1454 colligunt,
495 1383 761 1452 quaedam
795 1382 1028 1451 quidem
1061 1395 1360 1450 reperere;
1395 1381 1505 1435 alia
1527 1395 1682 1446 vero,
1713 1380 1866 1435 intra

146 1471 426 1527 ﬂuminis
457 1471 684 1526 alveum
717 1478 916 1525 enecta
958 1470 1285 1537 disperiere,
1327 1478 1380 1524 et
1425 1483 1556 1538 qua
1605 1467 1864 1523 invenire

139 1559 414 1628 contigit,
447 1559 518 1614 ad
552 1559 749 1613 fanum
780 1572 952 1612 suum
985 1557 1137 1626 quod
1169 1556 1611 1612 Mathomariam
1636 1563 1861 1620 vocant,

144 1647 315 1702 ultra
378 1655 602 1716 pontem
669 1645 1121 1715 Pharpharicum
1184 1645 1470 1714 sepeliere,
1513 1645 1586 1698 ad
1643 1651 1862 1714 portam

34 1793 50 1812 ν
146 1735 504 1790 Antiochia.
565 1735 631 1788 lu
691 1747 943 1803 quorum
1005 1732 1244 1788 tumulis
1311 1746 1613 1801 reposuere
1671 1731 1863 1801 pallia,

143 1825 480 1894 Byzanteos
511 1836 735 1886 aureos,
795 1822 1034 1892 saginas
1063 1831 1117 1876 Θῐ
1171 1836 1361 1887 arcus.
1411 1821 1698 1891 pluraque
1751 1820 1865 1876 alia
1902 1803 1946 1859 Β
1980 1830 2266 1898 pertinent
2297 1830 2622 1899 penuriam,
2669 1830 2961 1901 lignorum
2992 1832 3162 1887 etiam
3201 1803 3677 1901 raterorumque

148 1911 455 1975 utensilia,
513 1925 645 1980 qua
710 1910 1034 1979 exprimere
1100 1909 1550 1978 supersedimus.
1607 1908 1866 1975 Quarum

149 2000 506 2055 inferiarum
538 2013 671 2053 cum
701 1999 770 2052 ad
805 2005 1028 2053 nostros
1068 1997 1387 2052 devenisset
1432 1996 1655 2062 notitia,
1702 1996 1866 2051 fune-

146 2097 312 2146 stum
345 2088 754 2154 fcameterium
789 2087 950 2147 illud,
988 2086 1165 2142 multo
1192 2099 1484 2141 armorum
1521 2085 1642 2141 freti
1683 2099 1866 2154 appa-

148 2186 316 2242 ratu,
387 2177 624 2240 adeunt,
686 2174 997 2243 fractisque
1068 2174 1348 2243 sepulcris
1427 2174 1550 2228 erui
1629 2185 1870 2243 corpora

151 2265 375 2322 exinde
431 2263 793 2333 pracipiunt,
845 2263 1112 2331 factaque
1166 2262 1432 2330 congerie
1474 2262 1530 2316 in
1564 2261 1868 2331 cujusdam

151 2356 343 2412 fovea
370 2355 485 2408 ima
513 2353 848 2409 devolvunt.
879 2351 1135 2418 Quorum
1188 2351 1475 2421 capitibus
1505 2359 1693 2407 tamen
1741 2364 1869 2406 am—

154 2441 403 2514 putatis,
445 2441 518 2497 ad
548 2456 654 2497 sua
686 2455 753 2496 ea
807 2440 1094 2509 deportari
1140 2438 1322 2495 fecere
1346 2440 1630 2504 .tentoria,
1666 2447 1870 2508 quate-

150 2546 274 2587 nus
305 2544 510 2586 eorum
552 2529 654 2598 qui
707 2529 1119 2592 occubuerant,
1171 2528 1504 2597 supputatio
1559 2528 1871 2583 haberetur

153 2628 344 2686 certa,
413 2617 666 2686 exceptis
723 2623 977 2685 quatuor
1045 2629 1328 2684 equorum
1391 2616 1686 2682 oneribus,
1739 2629 1871 2684 qua

149 2709 607 2776 asportaverant
656 2703 1016 2773 imperatoris
1045 2703 1378 2772 Babylonici
1407 2703 1596 2773 legati,
1635 2709 1872 2772 patrata

149 2797 382 2853 scilicet
430 2803 631 2850 contra
709 2793 924 2848 Turcos
1001 2791 1255 2846 victoria
1327 2791 1670 2847 testimonia.
1735 2791 1872 2857 Qua

147 2885 338 2942 Turci
385 2883 760 2948 attendentes,
797 2881 975 2936 multo
1027 2881 1243 2949 agrius
1299 2881 1480 2936 tulere
1538 2880 1607 2935 de
1636 2881 1870 2948 exposi-

27 2998 50 3020 ι
149 2975 314 3031 tione
345 2971 698 3026 cadaverum
736 2983 911 3039 quam
964 2968 1218 3024 tulerant
1253 2981 1428 3037 super
1482 2967 1872 3023 interfectione

24 5535 53 5560 ο

151 3065 448 3132 ipsorum.
484 3059 609 3114 Non
637 3058 788 3115 enim
815 3059 936 3128 jam
969 3057 1294 3112 maestitiam
1330 3057 1600 3111 modestis
1644 3056 1870 3112 fletibus

151 3149 588 3220 temperabant,
622 3147 717 3202 sed
750 3145 966 3216 pudore
1009 3159 1258 3211 recusso,
1304 3144 1617 3214 ejulatibus
1657 3144 1870 3214 pradi-

156 3240 406 3296 cabanL

231 3327 436 3383 Tertia
492 3324 704 3381 abhinc
763 3323 853 3378 die
909 3329 1162 3378 castrum
1220 3321 1524 3392 prafatum
1587 3321 1873 3377 adificare

156 3420 517 3486 coeperunt,
572 3426 645 3467 ex
698 3412 786 3466 his
853 3411 1115 3467 videlicet
1174 3409 1465 3480 lapidibus
1520 3415 1669 3464 404
1729 3424 1876 3480 quos

157 3503 369 3559 fractis
402 3500 703 3573 gentilium
756 3499 1129 3570 sarcophagis
1172 3499 1452 3554 tulerunt.
1485 3498 1684 3554 Castro
1714 3499 1876 3554 deni-

157 3606 279 3662 que
324 3589 619 3660 explicito,
671 3588 837 3656 coepit
887 3588 1007 3658 jam
1065 3587 1268 3641 civitas
1306 3601 1438 3656 qua
1499 3587 1876 3643 obsidebatur

159 3680 407 3746 arctari,
443 3678 500 3732 in
531 3683 759 3732 tantum
795 3684 859 3732 ut
919 3676 986 3741 is,
1041 3689 1213 3745 quem
1259 3675 1476 3744 pridem
1526 3675 1872 3745 habuerant,

155 3770 282 3840 jam
313 3767 597 3836 inciperet
656 3772 850 3820 tumor
903 3766 1138 3820 omnino
1169 3763 1378 3819 retiari.
1420 3763 1643 3820 Nostris
1682 3773 1875 3821 autem

162 3857 354 3912 libera
384 3854 594 3925 quovis
634 3853 811 3908 eundi
855 3851 1223 3922 aperiebatur
1261 3851 1518 3917 facultas,
1572 3861 1873 3908 montano-

167 3959 304 4001 rum
338 3943 534 4010 etiam,
569 3941 864 4012 quondam
901 3939 1179 4005 difliciles,
1224 3948 1581 4009 opportunas
1611 3941 1880 4010 deinceps

171 4033 436 4089 habuere
479 4031 553 4086 ad
592 4030 908 4100 quaerenda
951 4028 1225 4084 victualia
1255 4029 1504 4084 semitas.
1541 4029 1724 4099 Igitur
1755 4043 1876 4084 om-

168 4121 348 4176 nibus
379 4131 859 4190 quaquaversum
892 4115 999 4172 viis
1027 4117 1346 4172 Turcorum
1373 4116 1606 4172 utilitati
1638 4117 1878 4186 praclu-

171 4209 270 4274 sis,
306 4208 579 4279 quadam
619 4219 756 4276 pars
786 4219 822 4260 a
849 4205 1108 4269 ﬂumine,
1140 4203 1259 4268 ubi
1293 4211 1568 4266 castrum,
1611 4212 1667 4260 et
1706 4203 1879 4274 juxta

174 4306 435 4354 castrum
465 4297 573 4352 sita
605 4303 727 4351 erat
758 4294 1030 4361 Ecclesia,
1067 4292 1495 4363 possibilitatem
1524 4292 1717 4348 exitus
1759 4293 1880 4349 sive

1970 591 2308 662 obtingeret,
2352 608 2457 664 ego
2500 595 2884 650 sollicitudine
2931 597 3292 665 competenti,
3327 598 3671 654 domestico-

1972 693 2102 736 rum
2135 694 2394 736 meorum
2445 681 2828 738 contubernio
2852 682 3058 752 fultus,
3091 685 3236 740 idem
3269 693 3523 742 castrum
3571 701 3668 742 sa-

1970 773 2222 838 tagerem
2266 768 2556 836 roborare,
2609 778 2661 824 et
2714 771 2839 826 vias
2886 786 2985 840 per
3039 786 3188 842 quas
3256 773 3441 829 hostes
3492 776 3668 830 nostri

1972 855 2310 925 procedendi
2343 857 2524 913 solent
2553 859 2766 915 habere
2808 859 3117 928 licentiam,
3173 861 3286 918 Deo
3327 861 3667 929 auxiliante,

1971 945 2222 1000 conabor
2276 946 2594 1001 occludere.
2634 967 2660 998 »
2693 947 2875 1017 Cujus
2917 948 3208 1019 principes
3238 949 3515 1006 benevola
3545 950 3669 1005 illa-

1974 1032 2122 1088 tione
2151 1033 2354 1102 gavisi,
2400 1035 2684 1103 spondent
2729 1035 3002 1092 continuo
3045 1051 3104 1092 se
3160 1037 3345 1093 eidem
3395 1038 3670 1107 prabitu-

1971 1133 2064 1174 ros
2093 1121 2551 1192 quadringentas
2581 1123 2848 1180 marchas
2893 1125 3135 1195 argenti.
3183 1126 3357 1196 .IEgre
3397 1126 3498 1181 tali
3539 1141 3668 1196 pro-

1973 1207 2164 1271 misso,
2192 1209 2331 1278 quia
2351 1210 2420 1264 ad
2445 1211 2828 1280 quantitatem
2845 1212 3021 1268 studii
3047 1213 3341 1269 videretur
3363 1215 3668 1296 exiguum,

1971 1296 2303 1352 Tancredus
2359 1299 2619 1354 assensit.
2675 1303 2963 1367 Attamen,
3021 1299 3070 1356 si
3117 1300 3412 1356 desisteret
3451 1316 3521 1357 ne
3568 1303 3672 1357 de—

1974 1392 2279 1454 putaretur
2333 1385 2572 1454 inertia,
2631 1388 2929 1458 equitibus
2987 1396 3164 1459 atque
3201 1389 3525 1455 clientibus,
3571 1389 3674 1459 qui

1973 1474 2080 1529 sibi
2136 1474 2494 1530 familiariter
2545 1477 2935 1543 adharebant,
2987 1477 3285 1533 confestim
3326 1486 3381 1532 ct
3439 1477 3672 1533 indubi-

1974 1569 2162 1617 tanter
2192 1565 2521 1632 assumptis,
2565 1564 2884 1619 dominium
2934 1565 3151 1620 castelli
3185 1565 3452 1629 obtinuit,
3487 1565 3674 1620 facul-

1976 1656 2145 1706 tatem
2180 1653 2509 1720 egrediendi
2543 1661 2709 1709 extra
2748 1654 2909 1708 urbis
2943 1661 3133 1722 portas
3163 1655 3422 1710 hostibus
3475 1653 3674 1709 abstu-

1975 1740 2058 1806 lit,
2092 1741 2527 1810 maximamque
2581 1755 2781 1796 eorum
2841 1756 2973 1812 qua
3030 1742 3100 1797 ad
3149 1757 3432 1812 equorum
3463 1742 3676 1811 pabula

1975 1917 2230 1983 utilium,
2255 1917 2566 1986 plurimam
2599 1919 2889 1986 raritatem
2924 1919 3152 1974 indixit.

2047 2007 2247 2076 Itaque
2307 2007 2399 2061 vir
2454 2007 2741 2077 egregius,
2795 2008 3252 2078 [perseveranter
3315 2022 3678 2064 commanere

1977 2093 2189 2164 delegit
2236 2093 2472 2160 ibidem,
2542 2103 2595 2149 et
2655 2096 2962 2150 subtractis
3025 2096 3439 2151 commeatibus
3509 2096 3678 2164 capit

1978 2182 2447 2251 circumcingere,
2513 2182 2622 2238 imo
2651 2183 2947 2238 obstruere
2995 2184 3149 2238 omni
3182 2183 3487 2252 vigilantia
3539 2183 3677 2238 civi-

1979 2277 2172 2325 tatem.
2207 2270 2334 2338 Ipsa
2368 2279 2561 2326 autem
2604 2271 2693 2326 die
2723 2285 2841 2340 qua
2887 2270 3034 2325 idem
3087 2277 3340 2326 castrum
3399 2271 3677 2335 subierat,

1979 2369 2192 2426 magna
2220 2354 2545 2426 frequentia
2602 2358 3007 2412 Armeniorum
3057 2366 3232 2427 atque
3273 2357 3545 2427 Syrorum
3581 2372 3681 2426 per

1979 2453 2253 2500 montana
2282 2445 2564 2512 veniebat,
2599 2461 2730 2515 qua
2773 2447 3015 2501 obsessa
3065 2446 3283 2501 civitati
3315 2446 3677 2501 diversorum

1981 2534 2388 2590 alimentorum
2419 2533 2704 2602 stipendia
2751 2533 3126 2589 convehebat.
3169 2533 3389 2599 Quibus
3426 2533 3681 2603 optimus

1981 2621 2074 2676 ille
2115 2635 2312 2691 eques,
2374 2629 2437 2676 ut
2468 2621 2637 2676 ofticii
2695 2622 2864 2691 coepti
2913 2636 3216 2691 prosperos
3255 2622 3487 2678 haberet
3517 2635 3683 2678 even-

1981 2717 2101 2778 tus,
2132 2725 2248 2765 non
2281 2718 2396 2764 tam
2429 2718 2580 2764 sorte
2610 2724 2787 2780 quam
2820 2711 2937 2766 Deo
2974 2712 3284 2781 ingerente,
3321 2711 3381 2765 lit
3425 2711 3679 2776 obviam,

1979 2807 2034 2853 et
2070 2796 2464 2867 apprehensis,
2505 2798 2767 2868 ,multam
2823 2798 3117 2862 frumenti,
3154 2798 3272 2852 vini
3323 2806 3498 2868 atque
3550 2797 3678 2866 olei,

1981 2887 2348 2956 aliorumque
2377 2900 2492 2941 non
2552 2886 2748 2942 minus
2798 2887 3253 2942 necessariorum
3298 2887 3538 2956 diripuit
3589 2901 3682 2942 co-

1983 2974 2155 3044 piam.
2183 2973 2299 3028 Nec
2321 2973 2439 3043 jam
2496 2973 2583 3028 vir
2623 2971 2810 3029 bonus
2855 2974 3130 3043 conqueri
3165 2975 3368 3043 potuit,
3395 2989 3526 3029 cum
3563 2982 3678 3029 tam

1908 3093 1951 3150 C
1981 3064 2073 3132 pio
2103 3069 2471 3117 exerceretur
2515 3060 2741 3131 negotio
2781 3061 3062 3117 divinitus
3107 3076 3229 3117 sese
3268 3062 3534 3128 oblitum,
3583 3062 3680 3118 sed

1984 3151 2042 3205 in
2105 3150 2213 3206 hac
2249 3150 2686 3218 quamprimum
2738 3149 2974 3204 fortuna
3013 3149 3245 3204 edidicit
3291 3150 3446 3220 quod
3494 3164 3684 3220 neque

1981 3251 2244 3307 unquam
2304 3237 2479 3292 nimie
2541 3237 2938 3307 corporalibus
2996 3237 3300 3308 indigeret,
3365 3245 3420 3292 et
3475 3238 3682 3293 deinde

1980 3326 2204 3383 fructus
2253 3325 2610 3391 aternitatis,
2648 3332 2771 3394 post
2821 3325 2945 3394 ipsa
3001 3327 3194 3380 carnis
3245 3326 3526 3392 subsidia,
3569 3326 3681 3380 sibi

1982 3430 2098 3471 non
2128 3415 2346 3470 deesset
2398 3413 2469 3469 ad
2513 3415 2716 3469 Deum.
2757 3415 2897 3469 Erat
2949 3413 3145 3484 itaque
3175 3415 3395 3481 Turcis,
3430 3413 3688 3484 quolibet

1981 3511 2148 3559 extra
2175 3516 2373 3558 muros
2402 3502 2600 3568 eundi,
2631 3501 2754 3557 sive
2785 3503 3041 3571 gerendi,
3081 3502 3310 3571 penitus
3331 3501 3685 3557 circumclu-

1982 3605 2045 3648 sa
2076 3589 2349 3660 potentia,
2392 3591 2600 3660 hisque
2630 3604 2761 3660 qua
2793 3589 2942 3645 infra
2984 3589 3146 3646 urbis
3201 3590 3413 3646 moenia
3451 3588 3686 3659 reperiri

1984 3687 2266 3750 poterant,
2301 3679 2659 3750 cogebantur
2688 3693 2810 3734 esse
2855 3679 3127 3740 contenti,
3161 3679 3338 3734 donec
3385 3685 3689 3748 caperetur

1986 3768 2309 3825 Antiochia.
2593 3801 2600 3806 -

2643 3855 2873 3911 CAPUT
2913 3856 3037 3912 VII.

2057 3945 2236 4018 [ΧΨ]
2271 3943 2601 4002 Christiana
2615 3942 2807 4015 pietas
2829 3943 2892 3997 in
2919 3943 3127 3997 castris
3145 3943 3392 4014 vigebat.
3408 3973 3475 3982 —
3490 3945 3551 3998 In
3580 3943 3690 3998 hac

1988 4035 2110 4104 ipsa
2142 4033 2438 4089 obsidione
2465 4046 2716 4104 magnus
2746 4031 3085 4087 Christiana
3103 4032 3242 4102 legis
3262 4033 3480 4088 exstitit
3500 4032 3684 4102 vigor,

1987 4122 2125 4178 utsi
2159 4122 2412 4193 aliquem
2462 4120 2816 4192 quibuslibet
2863 4119 3124 4175 convinci
3175 4118 3517 4175 criminibus
3545 4134 3690 4175 con-

1987 4211 2237 4277 stitisset,
2308 4210 2604 4266 acerrima
2662 4207 2957 4264 sententia
3017 4208 3339 4278 principum
3397 4208 3690 4264 exercitus

1984 4299 2246 4370 judiciali
2276 4313 2523 4354 censura
2565 4297 2985 4354 succumberet.
3037 4297 3246 4352 Prater
3289 4296 3413 4352 hac
3471 4303 3688 4364 autem,

177 4384 450 4440 introitus
481 4384 674 4439 adhuc
705 4390 977 4452 prastare
1011 4380 1336 4436 videbatur.
1371 4379 1531 4446 Quod
1567 4380 1614 4436 si
1645 4380 1879 4450 quidem
1916 4391 1962 4445 Ι)
1992 4379 2312 4448 specialiter
2341 4375 2650 4446 corporalis
2678 4375 3048 4445 impudicitia
3079 4375 3297 4447 flagitia
3332 4376 3692 4446 jubebantur

175 4481 456 4540 castrum,
499 4487 628 4527 cum
666 4473 874 4527 nostra
905 4477 1046 4526 esset
1073 4469 1272 4539 partis,
1307 4469 1352 4524 si
1391 4468 1588 4524 fuisset
1615 4483 1649 4523 a
1671 4471 1881 4525 nostris

176 4559 403 4632 integre
441 4559 885 4623 communitum,
941 4557 1158 4612 frustra
1205 4557 1323 4627 jam
1378 4556 1628 4612 hostium
1669 4556 1883 4626 aliquis

177 4649 502 4717 prodeundi
537 4648 854 4704 libertatem
905 4653 1275 4715 prasumeret
1321 4652 1619 4701 attentare.
1676 4645 1882 4701 Conci-

176 4735 252 4792 lio
283 4738 481 4808 itaque
515 4749 777 4808 proceres
832 4742 1045 4800 coacto,
1099 4733 1154 4788 id
1205 4747 1465 4802 reperere
1519 4733 1761 4801 consilii,
1817 4740 1883 4789 ut

177 4837 366 4882 unum
397 4840 428 4880 e
458 4825 579 4880 suis
618 4824 852 4893 eligant,
891 4822 993 4892 qui
1049 4822 1223 4877 castri
1282 4821 1552 4878 custodia
1599 4822 1883 4892 Pralicia-

179 4918 298 4981 tur,
347 4913 584 4969 sollicite
639 4910 886 4976 muniat,
957 4910 1199 4965 fideliter
1272 4917 1526 4976 tueatur,
1595 4918 1885 4980 quatenus

179 5000 369 5055 omnis
398 5013 758 5070 paganorum
804 4997 1196 5054 oberrantium
1243 5010 1340 5066 per
1371 5005 1592 5053 montes
1620 5004 1674 5052 et
1699 5011 1884 5067 _cam—

182 5099 283 5155 pos
323 5101 610 5144 excursus
662 5086 1007 5142 omnimodis
1059 5085 1438 5152 abstineatur,
1495 5085 1687 5141 aditus
1749 5099 1886 5141 vero

181 5175 273 5230 vel
295 5177 490 5233 exitus
531 5175 691 5232 urbis
718 5174 1099 5230 nihilominus
1133 5172 1528 5229 abscindatur.

257 5263 521 5336 Cumque
553 5277 792 5334 persona
824 5270 982 5318 tanto
1015 5263 1246 5334 negotio
1283 5261 1493 5330 passim
1536 5276 1634 5332 per
1667 5261 1888 5332 princi-

188 5363 286 5419 pes
342 5353 768 5423 disquireretur
830 5351 1058 5416 idonea,
1120 5349 1452 5406 Tancredus
1509 5349 1622 5418 ille,
1682 5350 1783 5420 qui
1829 5350 1888 5405 in

188 5435 351 5495 hellis
381 5440 690 5497 Dominicis
711 5438 944 5494 titulum
975 5437 1357 5510 sagacissima
1384 5436 1707 5506 juventutis
1736 5451 1893 5493 nunc

192 5538 378 5598 usque
408 5536 662 5585 meretur
693 5534 748 5583 et
778 5527 1008 5593 meruit,
1041 5526 1286 5596 propria
1331 5524 1655 5581 vivacitatis
1703 5526 1895 5595 impa-

193 5615 358 5686 tiens,
406 5618 556 5675 illico
604 5614 816 5686 erupit,
865 5614 1104 5670 dicens:
1154 5635 1174 5662 α
1237 5613 1294 5667 Si
1340 5611 1542 5668 scirem
1589 5626 1690 5682 pro
1751 5613 1894 5669 tanti

548 5716 823 5814 Raram.
876 5712 1082 5783 CLVI.

1991 4466 2224 4535 ulcisci;
2259 4479 2364 4521 nec
2410 4467 2465 4520 id
2501 4465 2806 4520 immerito.
2840 4463 2946 4530 Qui
2986 4464 3138 4519 enim
3170 4464 3428 4534 penuriis
3471 4464 3692 4520 ambie-

1989 4555 2205 4612 hantur
2252 4554 2563 4620 atrocibus,
2623 4553 2725 4623 qui
2784 4552 3040 4622 quotidie
3072 4553 3344 4620 hostium,
3400 4553 3510 4608 nisi
3544 4553 3692 4608 Deus

1990 4649 2326 4715 protegeret,
2363 4642 2710 4697 videbantur
2742 4649 2934 4711 patere
2983 4641 3381 4706 mucronibus,
3434 4641 3522 4696 his
3554 4654 3690 4710 pro-

1989 4731 2133 4788 fecto
2163 4731 2360 4787 nullus
2389 4730 2808 4786 rationabiliter
2835 4729 3114 4784 debuerat
3146 4728 3331 4798 ingeri
3363 4727 3694 4796 petulantia
3760 4747 3768 4754 ·

1989 4821 2294 4892 cogitatus.
2324 4820 2393 4875 Et
2417 4819 2549 4888 quis
2580 4818 2656 4875 ibi
2693 4832 2812 4874 esse
2843 4825 3064 4887 poterat
3111 4817 3303 4872 aditus
3359 4816 3693 4886 voluptatis,

1993 4907 2093 4966 ubi
2131 4915 2252 4964 erat
2315 4907 2644 4962 indesinens
2691 4905 2942 4975 suspicio
3007 4903 3243 4959 mortis?
3306 4903 3468 4958 Unde
3527 4902 3697 4958 liehat

1993 5001 2058 5052 ut
2086 4996 2158 5051 ibi
2201 5009 2302 5050 nec
2334 4993 2545 5050 mentio
2587 4994 2779 5060 scorti,
2829 5007 2933 5048 nec
2981 5006 3187 5047 nomen
3225 4991 3530 5061 prostibuli
3565 4991 3697 5047 tole-

1992 5092 2221 5140 raretur
2252 5081 2471 5146 haberi,
2515 5082 2832 5151 prasertim
2864 5095 2997 5135 cum
3026 5093 3126 5149 pro
3161 5079 3268 5135 hoc
3301 5079 3422 5150 ipso
3452 5080 3687 5146 scelere,

1997 5172 2218 5245 gladiis,
2279 5170 2579 5242 gentilium
2635 5171 2747 5225 Deo
2802 5169 3016 5240 judice,
3079 5177 3414 5225 vererentur
3487 5169 3696 5225 addici.

1996 5241 2158 5325 Quod
2186 5258 2232 5313 si
2263 5241 2566 5328 gravidam
2591 5257 2835 5312 inveniri
2859 5257 3200 5314 constitisset
3221 5258 3477 5328 aliquam
3499 5271 3700 5314 earum
3737 5241 3751 5255 ’

1999 5347 2331 5412 mulierum,
2369 5359 2501 5415 qua
2550 5345 2948 5415 probabantur
2994 5359 3189 5402 carere
3222 5346 3462 5411 maritis,
3495 5346 3701 5401 atroci-

2001 5435 2112 5492 bus
2142 5434 2481 5490 tradebatur
2535 5449 2668 5489 cum
2721 5448 2827 5490 suo
2859 5434 3061 5490 lenone
3088 5433 3408 5504 suppliciis.
3453 5433 3704 5504 Contigit

2003 5525 2220 5580 interea
2268 5521 2579 5592 quemdam
2629 5522 3088 5592 pradicatissimi
3145 5523 3408 5578 omnium
3464 5521 3705 5577 cmnobii

2004 5610 2375 5676 monachum,
2428 5610 2531 5679 qui
2575 5610 2908 5666 monasterii
2967 5609 3057 5666 sui
3114 5609 3368 5670 claustra
3425 5609 3710 5681 fugaciter

3312 5718 3396 5777 ‘24
