3934 6430
1192 361 1252 416 ν.
1293 358 1626 418 GUIBERTI
1665 357 1957 416 ABBATIS
1993 361 2048 415 S.

295 503 639 566 excesserat,
692 504 748 554 et
803 497 1335 568 Jerosolymitanam
1391 496 1834 567 expeditionem,
1878 510 1994 552 non
2029 495 2077 549 Α

298 588 525 658 pietate,
557 587 655 644 sed
686 586 914 645 levitate
943 595 1307 658 provocatus,
1355 587 1581 655 inierat,
1611 601 1746 642 cum
1794 587 1994 656 aliqua

296 675 509 732 femina
540 676 618 732 ibi
645 675 1039 746 deprehendi;
1071 675 1256 747 igniti,
1289 675 1350 731 ni
1379 675 1567 742 fallor,
1600 675 1734 732 ferri
1772 673 1994 746 judicio

296 764 580 831 convinci,
615 778 684 820 ac
719 764 976 832 demum,
1011 763 1300 820 Podiensis
1319 764 1570 834 episcOpi
1616 771 1995 820 (umerorum-

297 867 414 924 que
443 860 749 923 pracepto,
780 867 884 923 per
915 864 1114 909 omnes
1155 859 1475 910 castrorum
1521 852 1678 909 vicos
1727 851 1996 909 miseram

297 941 456 998 illam
484 955 620 998 cum
641 955 748 998 suo
785 941 1008 997 amasio
1056 941 1436 1007 circumduci,
1467 947 1524 997 et
1553 941 1752 1011 flagris
1803 940 1995 996 nudos

298 1028 372 1085 ad
401 1037 676 1085 terrorem
708 1027 1057 1084 intuentium
1097 1026 1383 1083 dirissime
1405 1026 1719 1083 verberari.

374 1114 573 1188 [ΧΠ]
611 1116 826 1172 Αᾱὴωο
875 1116 1047 1172 etiam
1088 1122 1154 1171 ut
1197 1115 1566 1185 patientiores
1594 1114 1666 1170 ad
1699 1113 1991 1184 penuriae,

299 1202 826 1272 circumspectiores
854 1203 928 1258 ad
956 1201 1099 1258 vitia
1129 1202 1348 1269 fierent,
1381 1201 1658 1272 praefatus
1703 1202 1996 1257 Podiensis

297 1290 602 1362 episcopus
660 1291 1038 1347 multifariam
1110 1290 1502 1346 exhortationi
1558 1290 1825 1355 vacabat,
1891 1304 1998 1346 nec

299 1380 458 1436 ullus
497 1377 618 1436 dies
674 1379 1029 1445 Dominicus,
1084 1385 1188 1436 aut
1243 1378 1385 1435 festa
1435 1379 1588 1448 apud
1644 1379 1998 1434 Christianos

299 361 398 416 747

301 1466 726 1539 transigebatur
753 1467 1070 1534 celebritas,
1113 1482 1232 1538 qua
1255 1481 1373 1524 non
1427 1481 1528 1538 per
1579 1482 1844 1537 quosque
1899 1481 1994 1522 ca-

297 1563 552 1612 strorum
578 1554 824 1626 angulos
851 1555 1186 1612 divinorum
1231 1557 1542 1612 verborum
1589 1555 1997 1624 przedicaretur

297 1644 627 1700 auctoritas.
662 1644 1088 1715 Injuugebatur
1116 1651 1307 1700 autem
1341 1643 1422 1710 id,
1463 1644 1511 1698 si
1559 1642 1660 1713 qui
1706 1642 1850 1698 forte
1901 1642 1996 1697 iu-

297 1733 646 1799 terfuisseut,
700 1733 774 1789 ab
811 1732 1006 1788 eodem
1040 1732 1301 1802 praesule,
1336 1732 1635 1802 episcopis,
1689 1735 1842 1786 405
1887 1730 1996 1786 ab-

300 1820 552 1889 batibus,
586 1793 688 1878 aut
708 1793 1243 1892 clericalibus,quae
1265 1793 1991 1886 videbant-ur'eruditiores,
2033 1793 2077 1849 Β

301 1922 583 1980 personis.

371 1995 598 2068 [XVILJ
641 1997 832 2051 Fraus
865 1995 1092 2051 abbati:
1115 1995 1437 2064 cujusdam.
1469 1994 1578 2067 Qui
1604 1997 1797 2052 tamen
1845 1995 1994 2049 mul-

297 2088 420 2140 tum
465 2084 690 2156 profuit
725 2083 1098 2142 Christianis.
1149 2087 1365 2141 Factus
1407 2085 1676 2141 Cas-area
1702 2082 1997 2155 archiepi-

291 2189 518 2245 scopus.
549 2203 618 2213 —
646 2173 897 2244 Dignum
923 2181 1118 2230 autem
1162 2173 1350 2229 relatu
1380 2173 1521 2228 mihi
1551 2173 1803 2238 videtur,
1846 2186 1997 2242 quo-

299 2263 456 2318 niam
507 2275 568 2316 se
619 2262 778 2330 operi
835 2269 1029 2318 nostro
1083 2261 1360 2317 abbatum
1418 2275 1628 2318 nomen
1697 2260 1994 2326 immersit,

297 2349 610 2420 quemdam
663 2348 741 2404 ibi
799 2349 1079 2405 exstitisse
1125 2349 1414 2416 abbatem,
1471 2349 1575 2418 qui
1630 2361 1762 2404 cum
1819 2347 1998 2418 hujus

296 2437 407 2493 vite
434 2437 629 2494 adhuc
651 2436 803 2493 inter
845 2451 949 2493 nos
981 2444 1328 2494 tractaretur
1373 2436 1625 2502 initium,
1656 2443 1710 2492 et
1749 2449 1808 2491 se
1840 2449 1994 2490 com-

298 2531 496 2595 petens
553 2531 714 2580 tanto
763 2523 958 2580 itineri
1018 2539 1133 2581 non
1179 2525 1392 2582 habere
1447 2524 1812 2594 comperisset
1865 2537 1994 2594 pre-

299 2613 462 2680 tium,
493 2612 636 2669 illud
674 2611 876 2670 Crucis
905 2613 1160 2684 signum,
1191 2613 1348 2684 quod
1398 2612 1749 2669 vestimentis
1779 2626 1852 2668 ex
1890 2611 1994 2668 ali-

297 2715 418 2772 qua
481 2700 726 2757 materia
766 2700 981 2757 factum
1026 2703 1238 2772 apponi
1295 2704 1694 2767 consueverat,
1744 2702 1859 2770 ipse
1890 2715 1996 2757 ne-

294 2789 410 2845 scio
437 2788 547 2845 sibi
577 2804 694 2860 quo
736 2788 980 2845 artiﬁcio
1038 2789 1227 2846 media
1257 2789 1315 2845 in
1369 2789 1556 2845 fronte
1611 2789 1990 2859 praesculpsit,

297 2883 362 2934 ut
391 2891 507 2932 non
539 2875 706 2932 modo
759 2875 998 2946 pictum,
1029 2877 1125 2932 sed
1165 2876 1429 2932 militaris
1473 2876 1759 2946 stigmatis
1813 2875 1997 2931 instar

295 2964 446 3022 ferro
469 2971 614 3020 esset
669 2964 975 3021 iuﬂictum.
1011 2964 1134 3032 Quo
1177 2965 1345 3028 facto,
1392 2972 1458 3022 ut
1503 2965 1664 3020 fraus
1701 2963 1996 3020 mendacio

296 3053 650 3118 ﬁrmaretur,
697 3055 770 3110 ab
803 3054 1009 3126 angelo
1055 3055 1162 3111 sibi
1189 3068 1292 3125 per
1319 3055 1601 3111 visionem
1652 3053 1796 3110 illud
1843 3053 1994 3110 cele—
2033 3081 2076 3138 ο

294 3144 484 3200 bravit
505 3144 868 3214 impressum.
920 3147 1028 3201 Nec
1057 3145 1176 3215 spei
1223 3143 1401 3215 hujus
1431 3143 1855 3214 qualiscunque
1883 3143 1989 3199 de-

295 3231 404 3288 fuit
426 3233 668 3299 fructus,
703 3245 836 3288 nam
880 3231 936 3289 id
979 3246 1113 3289 cum
1153 3233 1636 3288 subintellexisset
1666 3231 1906 3287 indocile
1931 3238 1987 3287 et

294 3334 579 3377 novarum
609 3335 802 3376 rerum
835 3321 1111 3390 cupidum
1139 3321 1376 3391 vulgus,
1403 3319 1669 3390 plurimis
1695 3319 1987 3375 hominem

292 3408 352 3464 in
380 3421 489 3466 sua
524 3415 579 3464 et
609 3416 776 3465 extra
800 3421 967 3464 suam
1011 3407 1300 3479 regionem
1338 3415 1704 3477 prosecutum
1732 3415 1817 3464 est
1863 3421 1990 3463 mu-

289 3497 544 3552 neribus.
603 3499 712 3550 Nec
762 3501 954 3550 tamen
1010 3501 1230 3563 poterat
1283 3494 1575 3564 argutiam
1621 3493 1860 3550 solerter
1897 3493 1986 3548 in-

288 3584 657 3654 spicientium
689 3580 818 3638 talis
849 3581 1025 3636 latere
1054 3579 1300 3648 fallacia,
1349 3595 1480 3636 cum
1516 3589 1777 3651 patenter
1821 3581 1990 3636 virus

290 3671 584 3728 exstillare
612 3670 908 3726 videretur
962 3669 1153 3725 crucis
1185 3668 1368 3738 ipsius
1404 3669 1683 3725 violenter
1717 3670 1988 3739 inscripta

291 3759 520 3815 lineola.
569 3759 622 3812 ls
667 3757 897 3813 tandem
933 3757 1238 3828 profectus,
1271 3771 1404 3814 cum
1455 3757 1827 3813 Autiocheuze
1878 3757 1988 3814 ob-

292 3846 499 3903 sidioni
529 3846 842 3913 interesset,
883 3859 1014 3918 quae
1049 3847 1318 3902 mendose
1349 3846 1725 3913 conﬂuxerat,
1759 3845 1884 3902 licet
1914 3846 1986 3902 ab

291 3936 420 3992 aliis
441 3935 562 4007 jam
591 3935 813 3992 dudum
847 3935 1222 4006 deprehensa,
1257 3935 1502 4004 aperuit,
1531 3942 1586 3990 et
1623 3933 1765 3990 lucri
1795 3933 1986 3991 inten-

295 4024 501 4081 tionem
538 4038 654 4081 uon
700 4023 898 4080 tacuit.
947 4022 1056 4090 Qui
1095 4022 1330 4094 quidem
1379 4023 1612 4079 honeste
1669 4022 1878 4078 ibidem
1925 4036 1986 4078 se

291 4111 516 4182 habuit,
547 4120 602 4169 et
629 4112 920 4168 Dominico
959 4111 1239 4168 exercitui
1271 4110 1453 4168 multa
1503 4111 1982 4168 documentorum

291 4202 481 4272 gratia
507 4199 744 4271 profuit.
793 4198 1242 4256 IEmulatiouem
1281 4199 1497 4270 quippe
1549 4199 1648 4255 Dei
1679 4199 1981 4265 habuerat,

291 4289 388 4346 sed
446 4303 564 4346 non
638 4289 958 4345 secundum
1019 4288 1315 4345 scientiam
1375 4302 1610 4358 prorsus
1681 4289 1736 4344 id
1789 4295 1986 4360 egerat

292 4377 473 4447 (Rom.
503 4391 560 4444 x,
601 4378 698 4447 2);
731 4377 788 4432 in
819 4381 1046 4432 tantum
1067 4383 1258 4432 autem
1289 4378 1634 4444 eminuitut,
1669 4383 1833 4446 capta
1858 4375 1984 4431 Ilie—
2019 4364 2066 4419 Ι)

289 4465 567 4534 rusalem,
614 4464 800 4522 Beatae
855 4463 1045 4520 Maria
1094 4462 1364 4532 ecclesiae,
1417 4464 1476 4520 in
1533 4462 1682 4519 valle
1711 4463 1984 4533 Josaphat

289 4555 506 4626 positae,
560 4554 740 4611 abbas
777 4554 1184 4625 praeﬁceretur,
1231 4566 1299 4608 ac
1341 4560 1590 4624 tempore
1631 4552 1978 4619 succedenti,

287 4647 558 4702 Caesareae
615 4642 1091 4700 Palaesthinorum
1147 4641 1448 4712 metropoli
1515 4641 1983 4712 archiepiscopus

286 4741 599 4790 crearetur.

355 4821 626 4894 Μαι-ἰνήί
675 4821 936 4894 palmam
987 4819 1188 4892 plures
1239 4817 1456 4891 adepti.
1486 4848 1554 4858 -——
1585 4817 1735 4874 Illud
1786 4825 1980 4874 autem

286 4917 508 4966 constat
535 4923 656 4966 esse
681 4909 990 4966 iuduhium
1028 4907 1207 4978 quod,
1263 4907 1373 4962 nisi
1425 4906 1608 4962 divini
1647 4905 1810 4962 verbi
1856 4919 1982 4962 cre-

287 4998 534 5054 berrima
589 4998 670 5054 eis
707 4997 1176 5053 ministrarentur
1223 4996 1446 5062 solatia,
1480 5009 1787 5066 nunquam
1833 4995 1983 5050 inter

285 5093 448 5142 tanta
478 5084 645 5140 famis
695 5084 1095 5154 bellorumque
1141 5083 1477 5140 discrimina
1525 5083 1664 5139 adeo
1717 5097 1982 5153 perseve-

284 5185 422 5229 rans
452 5185 651 5227 eorum
708 5171 1016 5226 exstitisset
1057 5171 1347 5240 patientia.
1386 5171 1547 5228 Unde
1585 5170 1871 5242 quoslibet
1900 5170 1982 5225 vi-

288 5266 344 5315 ta
374 5258 604 5330 probos,
629 5259 868 5314 scientia
896 5258 1181 5328 praeditos,
1215 5272 1330 5315 non
1369 5259 1582 5324 minus,
1623 5259 1738 5314 imo
1773 5259 1978 5329 magis,

286 5349 438 5405 inter
465 5361 563 5404 eos
610 5347 861 5404 valuisse
890 5346 1158 5413 dicimus,
1188 5361 1364 5418 quam
1395 5363 1490 5404 eos
1533 5349 1635 5419 qui
1665 5361 1829 5404 arma
1858 5347 1980 5418 ipsa

284 5435 534 5508 propriis
579 5443 781 5492 contra
841 5435 1030 5492 hostes
1085 5441 1400 5492 tractavere
1447 5436 1736 5492 manibus.
1785 5457 1814 5484 «
1871 5436 1981 5502 Qui

285 5544 314 5576 ‹
353 5525 508 5582 enim
591 5523 770 5580 animi
827 5524 1114 5581 defectum
1193 5523 1582 5580 admonitione
1664 5523 1980 5580 consolidat

289 5634 312 5664 ι
353 5614 540 5686 major
566 5612 834 5684 profecto
864 5627 930 5671 eo
970 5621 1054 5670 est
1082 5613 1177 5669 cui
1226 5610 1380 5668 vires
1422 5627 1532 5669 suo
1580 5612 1814 5668 hortatu
1845 5625 1981 5681 prte-

2091 357 2333 417 IARME
2369 359 2462 416 DE
2499 359 2899 418 NOVIGENTO
3705 365 3824 419 748

2111 517 2139 545 ‹‹
2176 503 2308 563 stat,
2339 497 2654 566 praesertim
2683 510 2815 552 cum
2871 495 2931 552 hi
2985 497 3087 566 qui
3123 499 3562 555 commonitores
3613 509 3814 568 erant,

2103 607 2130 635 ‹‹
2169 585 2353 641 eidem
2413 585 2728 641 tolerantiae
2784 586 2839 639 in
2898 584 3169 641 omnibus
3217 587 3748 644 communicarent.
3790 610 3812 635 ο

2099 673 2247 741 Quid
2277 674 2346 730 de
2394 673 2505 730 illis
2550 674 2621 729 ad
2674 673 2945 728 ultimum
2994 673 3202 740 dicam,
3253 674 3354 744 qui
3414 675 3471 729 in
3522 675 3632 731 hac
3683 676 3818 746 ipsa

2097 761 2458 832 expeditione
2513 761 2754 818 diversis
2819 763 2876 816 in
2937 761 3074 817 locis
3125 762 3387 832 martyrii
3446 763 3817 834 professione

2099 851 2303 907 sanciti
2333 851 2517 908 sunt?
2541 849 2710 916 Quid,
2744 850 2899 920 quod
2929 864 3042 906 non
3091 851 3258 906 modo
3289 852 3634 914 sacerdotes,
3688 867 3816 909 non

2100 938 2332 994 litterati
2388 937 2650 1009 quilibet,
2705 937 2802 992 sed
2849 936 2956 991 viri
3013 935 3308 1004 militares,
3337 945 3392 992 et
3423 941 3650 1009 quique
3684 938 3815 1008 ple-

2101 1026 2232 1094 beii,
2266 1027 2336 1083 de
2377 1025 2595 1098 quibus
2641 1025 2806 1082 nulla
2849 1032 3072 1094 poterat
3101 1025 3222 1081 fore
3249 1026 3620 1083 confessionis
3649 1041 3814 1098 spes,

2099 1116 2175 1172 ab
2204 1115 2384 1185 hujus
2436 1121 2644 1170 sortem
2691 1113 2886 1184 gloria)
2915 1113 3078 1168 asciti
3125 1115 3306 1169 sunt?
3344 1114 3554 1170 Multos
3580 1115 3814 1171 etenim

2100 1211 2296 1274 captos
2320 1217 2394 1259 ex
2427 1203 2517 1258 his
2545 1217 2579 1258 a
2607 1202 2848 1273 paganis
2886 1201 3236 1266 audivimus,
3289 1203 3412 1272 qui,
3463 1217 3596 1259 cum
3633 1203 3818 1274 jube-

2103 1299 2304 1347 rentur
2357 1290 2486 1346 fidei
2539 1297 2901 1346 sacramenta
2954 1303 3183 1359 negare,
3243 1290 3574 1347 maluerunt
3603 1293 3819 1362 capita

2101 1378 2308 1450 gladiis
2355 1392 2640 1448 exponere
2698 1391 2876 1448 quam
2933 1377 3121 1445 fidem,
3200 1392 3319 1448 qua
3363 1379 3535 1435 semel
3587 1379 3818 1436 imbuti

2101 1468 2354 1534 fuerant,
2377 1466 2762 1522 Christianam
2793 1467 3052 1536 prodere.

2173 1555 2322 1622 Quid
2350 1553 2578 1617 nobilis,
2611 1555 2919 1608 Mattheus
2944 1553 3197 1621 nomine,
3215 1554 3464 1627 gloriose
3490 1556 3702 1628 egerit.
3739 1585 3816 1598 --

2103 1646 2255 1700 Inter
2302 1657 2448 1714 quos
2503 1643 2823 1712 specialiter
2873 1657 3045 1712 quem
3100 1643 3342 1698 referam
3393 1643 3538 1714 elegi
3586 1658 3811 1709 unum,

2107 1733 2410 1788 militarem
2440 1731 2706 1802 equidem
2735 1730 2948 1796 virum,
2988 1745 3195 1802 genere
3223 1730 3490 1800 nobilem,
3534 1732 3636 1788 sed
3685 1747 3812 1802 prae

2104 1822 2374 1878 omnibus
2398 1834 2518 1876 suae
2549 1820 2904 1890 cognationis
2933 1828 2987 1875 et
3011 1819 3232 1875 ordinis
3287 1819 3618 1876 hominibus
3653 1835 3813 1891 quos

2105 1909 2362 1967 noverim
2420 1908 2678 1964 moribus
2727 1909 2912 1978 magis
2969 1908 3271 1980 insignem.
3332 1909 3516 1976 Hunc,
3550 1923 3584 1964 a
3617 1924 3810 1979 puero

2104 1997 2246 2054 mihi
2278 1997 2596 2067 cognitum,
2642 2003 2840 2052 sancto
2867 1995 2984 2051 vidi
3024 1996 3337 2051 adolevisse
3366 1996 3610 2066 ingenio,
3645 2011 3810 2066 prae-

2103 2087 2300 2143 sertim
2338 2099 2470 2141 cum
2501 2099 2571 2140 ex
2606 2085 2802 2140 eodem
2853 2099 2970 2154 quo
3007 2091 3062 2140 et
3109 2100 3215 2156 ego
3258 2085 3568 2154 municipio
3593 2085 3814 2141 oriun-

2104 2175 2215 2231 dus
2261 2171 2564 2238 exstiterit,
2615 2179 2671 2227 et
2702 2179 2817 2227 tam
2859 2172 2978 2242 ipse
3005 2185 3183 2241 quam
3215 2180 3479 2240 parentes
3504 2171 3652 2241 ejus,
3708 2186 3816 2241 pa-

2106 2269 2337 2318 rentum
2403 2274 2665 2316 meorum
2711 2259 2988 2315 beneﬁcia
3047 2261 3322 2328 tenuerit,
3372 2261 3568 2330 eisque
3618 2261 3810 2316 homi-

2103 2352 2268 2407 nium
2300 2349 2579 2416 debuerit,
2617 2361 2736 2404 una
2789 2361 3012 2404 mecum
3046 2349 3290 2404 creverit
3317 2349 3578 2418 mihique
3609 2349 3680 2404 ad
3716 2349 3799 2404 in-

2104 2445 2329 2508 tegrum
2384 2437 2504 2491 vita
2536 2437 2664 2507 ejus
2715 2435 3094 2506 studiumque
3141 2437 3410 2506 patuerit.
3454 2438 3594 2493 Cum
3645 2439 3805 2493 enim

2103 2527 2355 2597 equestri
2382 2525 2500 2596 jam
2533 2523 2955 2594 praeminuisset
2983 2524 3188 2590 officio,
3223 2538 3516 2582 armorum
3548 2525 3656 2582 fuit
3675 2525 3807 2580 siu-

2104 2615 2324 2686 gularis
2383 2613 2589 2682 titulo;
2647 2612 2744 2667 sed
2802 2613 2988 2667 omnis
3034 2612 3365 2682 petulantia
3421 2612 3696 2670 immunis
3770 2627 3808 2668 a

2102 2703 2263 2769 vitio,
2327 2701 2386 2757 in
2435 2701 3049 2771 Coustautinopolitani
3128 2701 3508 2770 imperatoris,
3587 2701 3806 2758 scilicet

2104 2791 2316 2857 Alexis,
2349 2789 2756 2845 celeberrimus
2786 2787 3016 2857 palatio,
3051 2801 3184 2843 nam
3241 2791 3296 2844 in
3327 2789 3456 2859 ejus
3509 2791 3807 2862 obsequiis

2103 2888 2479 2938 consueverat
2507 2878 2861 2950 peregrinari
2892 2879 3109 2934 sedulo.
3142 2878 3250 2945 Qui
3289 2879 3546 2950 quidem,
3602 2895 3804 2951 quau-

2105 2980 2227 3028 tum
2257 2970 2330 3026 ad
2355 2983 2524 3024 suum
2553 2966 2844 3036 spectabat
2893 2965 3214 3031 modulum,
3267 2980 3400 3022 cum
3437 2974 3583 3022 esset
3615 2967 3674 3022 iu
3702 2983 3805 3024 ex-

2104 3061 2298 3120 teriori
2333 3060 2476 3115 bene
2526 3057 2854 3112 fortunatus
2900 3055 3080 3124 copia,
3135 3056 3274 3111 adeo
3308 3056 3505 3127 largus
3540 3057 3802 3114 habeba-

2095 3158 2196 3210 tur
2225 3148 2286 3204 iu
2321 3144 2700 3214 eieemosyna,
2749 3141 2810 3197 in
2841 3148 3064 3197 tantum
3107 3141 3377 3212 frequens
3421 3143 3572 3200 circa
3599 3145 3804 3202 divina

2097 3236 2389 3308 mysteria,
2422 3242 2485 3290 ut
2538 3247 2654 3288 non
2709 3231 2977 3286 videatur
3006 3230 3223 3297 militis,
3270 3231 3376 3287 sed
3414 3233 3600 3302 potius
3646 3237 3800 3291 anti-

2097 3325 2245 3382 stitis
2273 3325 2398 3394 ejus
2428 3322 2566 3378 vita.
2625 3319 2770 3375 Cum
2817 3318 2969 3374 enim
3014 3320 3140 3390 ejus
3169 3319 3353 3375 recolo
3398 3321 3701 3392 jugitatem
3738 3325 3798 3380 in

2098 3413 2378 3477 oratione,
2414 3410 2684 3480 pietatem
2743 3408 2800 3463 in
2855 3407 3052 3473 verbo,
3113 3407 3525 3478 benignitatem
3559 3411 3614 3466 in
3663 3427 3794 3468 mu-

2098 3513 2254 3566 nere,
2311 3505 2524 3554 sauctas
2572 3495 2701 3566 ejus
2747 3495 2992 3551 nimium
3055 3496 3396 3566 aggratulor
3449 3497 3791 3566 intentioni;

2097 3587 2194 3644 sed
2221 3600 2337 3642 non
2367 3585 2562 3640 minus
2595 3585 2823 3655 ingemo
2852 3598 3011 3639 mete.
3044 3584 3234 3640 Talem
3267 3584 3422 3640 enim
3455 3584 3634 3655 ipsius
3660 3601 3789 3641 sum

2097 3681 2372 3744 expertus
2409 3671 2712 3738 actionem,
2742 3686 2873 3742 quae
2905 3671 3202 3737 meruerit,
3231 3686 3348 3727 non
3384 3672 3564 3729 alium
3610 3688 3787 3744 quam

2098 3761 2358 3833 martyrii
2408 3760 2599 3816 tinem.
2662 3759 2881 3815 Glorior
2934 3767 3106 3827 certe,
3166 3768 3221 3816 et
3279 3759 3510 3831 gloriari
3551 3770 3792 3830 possunt

2097 3851 2434 3923 quicunque
2495 3848 2650 3904 illius
2706 3847 2977 3919 consequi
3045 3855 3280 3917 potuere
3335 3848 3614 3918 notitiam,
3671 3863 3785 3906 non

2095 3953 2382 4011 praesumo
2420 3938 2609 3994 dicere
2636 3937 2966 4003 amicitiam,
2996 3937 3135 4006 quia
3165 3936 3432 4008 quisquis
3457 3951 3591 3993 eum
3622 3937 3780 4006 vidit,

2097 4027 2297 4101 procul
2329 4027 2506 4084 dubio
2534 4033 2843 4094 martyrem
2877 4023 3083 4079 vidisse
3111 4038 3171 4079 se
3201 4027 3442 4082 noverit.

2165 4119 2399 4187 Dempta
2445 4113 2638 4185 capite
2689 4113 2920 4166 illustre
2958 4111 3102 4182 fidei
3135 4112 3520 4170 testimonium
3558 4113 3782 4172 Christo

2092 4203 2271 4260 dedit.
2299 4233 2368 4244 —
2401 4203 2455 4257 Is
2485 4201 2652 4272 plane
2679 4214 2713 4256 a
2745 4199 2986 4270 paganis
3025 4208 3248 4270 captus,
3298 4217 3429 4258 cum
3487 4213 3781 4275 cogeretur

2095 4291 2305 4348 Christi
2359 4301 2573 4360 negare
2625 4287 2815 4355 ﬁdem,
2877 4287 3139 4344 inducias
3186 4291 3425 4359 expetiit
3470 4305 3505 4346 a
3560 4292 3780 4362 perﬁdis

2098 4393 2285 4450 usque
2314 4378 2384 4433 ad
2421 4377 2751 4448 proximum
2784 4384 2961 4432 sextae
2991 4377 3143 4433 feriae
3191 4379 3362 4434 diem.
3396 4381 3498 4438 Cui
3531 4395 3662 4438 cum
3713 4381 3778 4437 li-

2093 4466 2423 4523 bentissime
2479 4466 2836 4532 annuissent,
2897 4466 3246 4523 {estimantes
3304 4482 3435 4524 eum
3490 4471 3780 4527 morosiori

2090 4554 2491 4612 retractatione
2518 4554 2884 4616 mutandum,
2917 4555 3122 4610 accidit
3143 4555 3373 4612 demum
3389 4564 3453 4612 ut
3484 4557 3601 4614 dies
3634 4572 3778 4628 prte-

2091 4645 2244 4700 tlxus
2281 4643 2519 4711 adesset,
2553 4657 2806 4714 eumque
2833 4643 2993 4700 furor
3023 4643 3322 4714 gentilium
3353 4654 3603 4716 urgeret,
3637 4661 3778 4717 qua-

2085 4740 2257 4790 tenus
2283 4741 2482 4788 eorum
2512 4731 2808 4788 sententiae
2847 4731 3091 4794 cederet.
3141 4732 3356 4790 dixisse
3414 4733 3597 4791 fertur
3626 4751 3638 4790 :
3673 4757 3698 4784 α
3720 4736 3776 4792 Si

2089 4841 2117 4868 ε
2160 4821 2368 4876 idcirco
2410 4819 2670 4891 gladium
2718 4833 2808 4875 me
2867 4819 3288 4888 impendentem
3341 4820 3629 4878 distulisse
3677 4837 3776 4893 pu-

2091 4930 2115 4959 ι
2160 4909 2312 4976 tatis,
2345 4917 2408 4965 ut
2437 4909 2647 4965 horum
2701 4907 2925 4964 dierum
2957 4908 3097 4964 mihi
3125 4908 3348 4964 lumina
3375 4922 3556 4978 parva
3585 4911 3771 4967 lucra-

2089 5019 2118 5047 «ι
2157 5010 2270 5063 rer,
2300 5002 2355 5052 et
2385 5011 2502 5052 non
2536 4995 2726 5066 potius
2781 5001 2849 5050 ut
2885 5008 2953 5050 ea
3007 4995 3128 5065 ipsa
3183 4996 3295 5061 die,
3329 5010 3448 5068 qua
3505 4997 3768 5054 Dominus

2093 5108 2114 5136 ι
2157 5099 2320 5142 meus
2377 5084 2543 5141 Jesus
2590 5083 2810 5138 Cristus
2871 5083 3188 5140 crucifixus
3260 5093 3367 5154 est,
3436 5087 3579 5142 mori
3635 5087 3768 5144 mihi

2092 5196 2112 5224 ς
2157 5173 2533 5243 contingeret,
2568 5171 2809 5242 dignum
2833 5179 2916 5227 est
2950 5179 3012 5228 ut
3042 5172 3278 5229 evidens
3309 5173 3426 5242 ﬁat,
3458 5175 3597 5246 quid
3619 5190 3769 5232 mens

2093 5284 2113 5310 ε
2157 5259 2484 5318 Christiana
2514 5258 2746 5329 cogitat.
2805 5259 3094 5331 Iusurgite
3123 5274 3280 5332 ergo,
3336 5262 3548 5333 inquit,
3579 5270 3632 5319 et
3659 5277 3766 5334 quo

2093 5371 2114 5398 ι
2155 5347 2334 5404 vultis
2364 5360 2452 5401 me
2473 5347 2732 5416 exemplo
2760 5347 3018 5416 occidite,
3049 5355 3273 5404 tantum
3324 5357 3386 5406 ut
3425 5347 3476 5406 ei
3525 5365 3625 5422 pro
3654 5351 3768 5422 ipso

2091 5456 2119 5484 ‹‹
2160 5435 2558 5504 interemptus,
2617 5435 2869 5492 animam
2920 5450 3105 5492 meam
3157 5438 3475 5507 restituam,
3523 5441 3622 5511 qui
3673 5455 3767 5511 pro

2089 5544 2118 5572 ‹‹
2159 5522 2412 5594 generali
2463 5523 2724 5580 omnium
2770 5525 2890 5582 vita
2937 5524 3106 5582 hodie
3151 5525 3488 5595 impenderit
3518 5543 3698 5585 suam.
3741 5552 3763 5580 ι

2084 5610 2188 5668 His
2245 5609 2428 5680 dictis,
2480 5611 2670 5682 gladio
2736 5613 3055 5672 imminenti
3111 5613 3434 5685 subjectum
3495 5619 3765 5688 protendit
