3934 6398
75 415 179 469 749

1184 408 1409 466 GESTA
1449 409 1564 465 DEI
1611 412 1747 466 PER
1791 407 2130 464 FRANCOS.
2182 438 2249 446 -—
2281 405 2409 461 LIB.
2454 404 2513 459 ν.

3495 406 3600 459 750

65 545 384 616 jugulum,
461 553 515 599 ct
589 558 730 598 czeso
789 542 994 611 capite,
1059 541 1469 597 transmittitur
1521 541 1592 596 ad
1645 557 1799 606 eum,
1841 545 1886 596 A
1919 541 2231 595 vocabatur
2289 539 2611 603 Matthzeus,
2663 553 2813 602 vere,
2862 535 3034 606 juxta
3081 536 3603 607 interpretationem

71 633 242 703 cujus
305 632 693 689 similitudini
750 631 950 686 mortis
1003 630 1346 696 inhiaverat,
1399 630 1796 700 dominum-Is

1905 630 1996 684 sui
2028 629 2278 684 nominis
2309 642 2422 683 non
2459 627 2553 683 alii
2595 641 2770 697 quam
2805 627 2916 682 Deo
2945 627 3216 683 donatus.

1132 927 1556 1015 INCIPIT
1633 929 1980 1015 LIBER
2046 927 2574 1026 QUINTUS.

657 1255 893 1312 CAPUT
935 1255 1238 1310 PRIMUM.

159 1347 249 1418 [1.]
296 1351 452 1400 406
494 1346 615 1411 Qua
660 1349 848 1398 mente
877 1346 1075 1398 auctor
1115 1341 1332 1397 scribat
1377 1340 1698 1396 historiam.
1728 1373 1796 1381 —-

87 1435 371 1506 Opusculi
399 1435 578 1504 hujus
609 1433 961 1502 mei,przeter
980 1432 1359 1502 spiritualem,
1379 1431 1424 1486 si
1455 1432 1793 1502 quistamen

90 1525 330 1580 futurus
381 1532 484 1589 est,
545 1523 816 1586 fructum,
859 1537 928 1576 ea
980 1523 1214 1577 intentio
1276 1529 1359 1576 est
1397 1523 1473 1576 ita
1516 1536 1605 1576 me
1651 1521 1796 1575 velle

88 1614 279 1668 dicere
331 1613 414 1668 uti
465 1611 536 1666 ab
569 1611 698 1674 alio,
761 1609 809 1665 si
853 1610 1050 1665 eadem
1100 1610 1390 1676 scriberet,
1421 1610 1558 1664 mihi
1586 1610 1796 1664 referre

89 1701 399 1756 voluerim.
428 1700 580 1754 Talis
610 1713 861 1768 namq..e
900 1699 1092 1753 animo
1129 1713 1250 1753 meo
1282 1699 1548 1754 voluntas
1577 1699 1797 1768 adjacet

90 1799 152 1845 ut
182 1790 255 1845 sit
286 1790 477 1859 magis
513 1788 1332 1856 subobscurorum-appetens,
1384 1787 1616 1842 rudium
1663 1801 1798 1843 vero

88 1887 141 1934 et
176 1878 432 1947 impolite
465 1877 749 1932 dictorum
780 1875 1055 1946 fugitans.
1087 1875 1170 1929 Ea
1201 1877 1413 1944 quippe
1444 1890 1574 1946 quae
1609 1890 1796 1931 meum

90 1981 362 2022 exercere
412 1973 631 2036 queant
686 1964 946 2019 animum
996 1964 1176 2031 pluris
1205 1964 1496 2032 appretior
1517 1975 1694 2032 quam
1734 1977 1802 2017 ea

94 2071 222 2126 quae
255 2064 436 2124 captu
484 2054 705 2121 facilia;
759 2053 900 2107 nihil
951 2052 1319 2107 memorabile
1367 2052 1535 2107 avido
1579 2066 1804 2122 semper

92 2144 366 2200 novitatis
423 2142 762 2213 largiuntur
806 2141 1053 2212 ingenio.
1099 2141 1217 2211 Ego
1252 2141 1418 2210 plane
1458 2155 1591 2196 cum
1635 2142 1805 2211 plura

92 2233 421 2302 scripserim
451 2240 506 2287 et
537 2231 870 2300 scriptitem,
907 2231 985 2285 ita
1023 2244 1221 2285 omnes
1249 2230 1468 2285 extrusi
1501 2230 1573 2284 ab
1613 2229 1805 2284 animo

94 2329 155 2376 ut
189 2321 332 2376 mihi
392 2321 499 2376 soli
559 2320 862 2390 profutura
917 2326 1130 2388 putem,
1182 2317 1327 2373 nulli
1379 2318 1473 2372 alii
1525 2317 1808 2386 placitura

94 2425 310 2466 curem.
345 2410 734 2479 Opinionibus
779 2409 974 2478 itaque
1002 2407 1262 2462 omnium
1309 2407 1622 2476 supersedi,
1659 2407 1809 2462 ideo-

95 2513 205 2568 que
241 2499 351 2553 mei
413 2511 656 2553 securus
699 2503 800 2552 aut
837 2495 1148 2567 negligens,
1201 2495 1494 2564 priestolor
1533 2509 1622 2551 me
1659 2510 1810 2565 quo-

97 2587 371 2643 rumlibet
403 2586 716 2642 verborum
759 2585 993 2640 verbere
1044 2584 1204 2639 ciedi.
1250 2586 1674 2654 Prosequamur
1708 2583 1810 2654 igi-

96 2683 192 2731 tur
233 2683 445 2745 ccepta,
480 2673 1000 2744 aequanimiterque
1045 2672 1348 2728 toleremus
1379 2673 1677 2728 hominum
1712 2686 1816 2727 nos

98 2765 379 2820 dilatrare
403 2762 641 2834 judicia.

170 2851 292 2924 [ΙΙ]
334 2851 757 2907 Antiochenam
787 2848 1135 2904 obsidionem
1165 2850 1553 2921 prosequitur.
1588 2879 1653 2890 —
1679 2848 1816 2915 Qua;

98 2941 250 2996 facta
290 2947 432 2996 sunt
480 2939 536 2994 in
578 2939 938 2994 Antiochena
985 2939 1300 3004 obsidione,
1361 2939 1576 2994 nemini
1630 2939 1816 2992 relatu

100 3032 400 3103 possibilia
446 3031 868 3092 existimamus,
920 3029 1078 3099 quia,
1127 3030 1275 3085 inter
1317 3044 1414 3086 eos
1459 3030 1561 3100 qui
1609 3030 1818 3085 ibidem

1908 1253 2037 1321 mel,
2073 1255 2171 1310 sed
2202 1255 2489 1311 multoties
2533 1257 2640 1312 sibi
2691 1257 2946 1328 ingestis,
2980 1257 3208 1312 tandem
3251 1255 3615 1314 lenocinante

1904 1344 2313 1410 emolumento,
2373 1345 2677 1412 consensit,
2728 1348 2898 1416 eique
2961 1345 3290 1416 hujusmodi
3342 1347 3614 1402 mandata

1905 1432 2117 1488 direxit
2150 1448 2162 1486 :
2199 1455 2220 1480 ι
2254 1434 2470 1500 Trium,
2509 1434 2717 1503 inquit,
2755 1435 3003 1490 turrium
3032 1434 3306 1489 custodiae
3337 1448 3608 1503 praesum.

1907 1521 2064 1590 Ipsas
2106 1531 2200 1577 tuo
2248 1523 2469 1577 tradam
2525 1523 2796 1588 dominio,
2851 1537 3086 1592 quaque
3132 1523 3274 1577 hora
3323 1523 3420 1578 tibi
3454 1525 3614 1579 colli-

1908 1611 2095 1665 buerit
2125 1620 2179 1665 et
2226 1619 2618 1679 opportunum
2660 1611 2849 1676 fuerit,
2903 1619 2954 1665 te
3012 1611 3067 1664 in
3101 1611 3270 1679 ipsas,
3331 1612 3418 1666 vel
3465 1627 3612 1682 quos

1907 1698 2177 1764 volueris,
2240 1707 2537 1769 gratanter
2597 1699 2914 1754 admittam.
2976 1720 3002 1747 »
3068 1699 3198 1753 Haec
3252 1714 3377 1768 spes
3429 1715 3607 1770 quam

1909 1787 2160 1843 maxime
2201 1788 2457 1845 attollere
2510 1796 2758 1858 coeperat
2811 1789 3230 1854 Boemundum,
3271 1797 3324 1844 et
3353 1790 3491 1844 dum
3519 1804 3608 1844 se-

1907 1877 2107 1931 curius
2165 1878 2528 1945 priestolatur
2584 1877 2831 1932 civitatis
2891 1876 3215 1945 introitum,
3272 1887 3608 1948 conceptam

1911 1973 2098 2020 mente
2157 1965 2410 2020 laetitiam
2464 1965 2626 2021 vultu
2681 1965 3015 2034 przeferebat
3088 1966 3323 2020 eximio.
3399 1965 3616 2021 Verens

1912 2052 2090 2122 igitur
2131 2067 2222 2120 ne,
2281 2068 2415 2108 cum
2472 2054 2564 2108 ille
2607 2054 2870 2122 proderet
2920 2054 3231 2119 civitatem,
3261 2053 3474 2123 aliquis
3505 2068 3615 2108 no-

1910 2149 2163 2196 strorum
2205 2142 2313 2198 sibi
2347 2142 2673 2211 principum
2724 2142 2897 2198 totius
2940 2143 3328 2212 principatum
3368 2143 3618 2198 civitatis

1910 2229 2176 2298 eriperet,
2204 2229 2406 2284 callide
2435 2230 2722 2284 exercitus
2750 2229 2999 2285 seniores
3028 2231 3304 2286 adoritur.

1987 2334 2013 2367 ¢
2078 2316 2202 2371 Non
2263 2317 2418 2383 latet,
2467 2317 2564 2382 ait,
2617 2332 2738 2384 vos,
2774 2333 2808 2373 o
2854 2318 3313 2374 excellentissimi
3365 2321 3616 2388 comites,

1917 2421 2064 2475 quas
2118 2405 2356 2473 inedias,
2401 2422 2548 2477 quos
2588 2407 2811 2478 algores
2851 2421 3146 2478 quamque
3193 2416 3385 2463 truces
3437 2422 3622 2464 excu-

1917 2493 2042 2548 bias
2086 2494 2236 2548 hanc
2289 2495 2490 2550 urbem
2548 2495 2862 2550 obsidendo
2911 2494 3233 2562 tulerimus,
3279 2495 3624 2566 cunctisque

1921 2581 2179 2651 personis
2237 2595 2606 2652 magnorum,
2676 2582 2966 2638 minorum
3037 2589 3212 2653 atque
3268 2581 3623 2637 medicorum

1921 2671 2257 2726 incumbere
2313 2671 2616 2740 aequaliter
2665 2671 3028 2742 dignoscitur
3077 2671 3250 2727 ferale
3308 2670 3623 2736 fastidium,

1920 2757 2270 2828 nullumque
2327 2767 2520 2828 patere
2569 2761 2906 2816 remedium.
2955 2761 3202 2816 Consilio
3248 2760 3442 2828 itaque
3471 2757 3628 2827 apud

1923 2859 2024 2900 vos
2073 2846 2288 2913 habito,
2325 2861 2541 2916 quaeso,
2586 2849 2919 2918 perpendite
2949 2861 3022 2903 an
3053 2848 3229 2918 hujus
3260 2847 3422 2902 urbis
3446 2847 3631 2902 domi-

1925 2933 2090 2989 nium
2136 2935 2480 2991 unicuilibet
2534 2944 2794 2992 nostrum
2825 2937 3082 2991 obtinere
3121 2935 3344 3002 sinatis,
3378 2936 3421 2990 si
3454 2933 3629 2990 alicui

1925 3022 2226 3092 contingat
2262 3022 2426 3079 istius
2460 3024 2837 3092 proditionem
2896 3024 3015 3080 fieri
3050 3024 3316 3079 civitatis.
3350 3023 3490 3079 Mihi
3520 3037 3632 3078 au-

103 3120 519 3184 interfuerunt,
581 3117 778 3172 nullus
837 3116 1082 3186 profecto
1147 3118 1332 3186 potuit
1399 3118 1657 3186 reperiri,
1712 3117 1814 3186 qui
1853 3141 1895 3198 C
1928 3117 2039 3165 tem
2067 3111 2298 3166 Videtur
2343 3126 2458 3168 non
2487 3112 2895 3183 incongruum.
2933 3113 3064 3169 Πῑδὶ
3096 3127 3197 3168 5811
3222 3113 3299 3178 Vi,
3329 3126 3429 3167 seu
3461 3111 3630 3178 Clam,

102 3216 337 3273 cuncta,
384 3221 518 3277 qua:
575 3206 729 3261 circa
785 3206 1044 3261 eamdem
1097 3206 1301 3261 urbem
1351 3207 1446 3277 agi
1477 3213 1812 3275 potuerunt,

103 3298 384 3353 valuisset
435 3296 751 3366 pervidere,
785 3302 841 3350 et
872 3295 949 3349 ita
999 3295 1072 3350 ad
1102 3295 1392 3363 integrum
1445 3295 1818 3365 comprehen-

107 3386 260 3454 dere,
295 3386 452 3441 sicut
511 3399 570 3440 se
623 3384 795 3439 habet
823 3383 960 3438 ordo
1015 3391 1187 3454 gestze
1214 3383 1314 3440 rei.
1345 3388 1413 3439 At
1443 3384 1718 3453 quoniam
1755 3399 1821 3439 ea

109 3489 238 3545 quae
285 3474 440 3544 passi
496 3479 633 3528 sunt
682 3472 741 3526 in
795 3471 1072 3541 penuriis,
1118 3471 1519 3542 bellorumque
1562 3472 1821 3528 diverso-

113 3575 244 3617 rum
275 3561 515 3617 casibus
540 3558 873 3614 summatim
903 3559 1199 3627 perstricta
1236 3566 1391 3625 sunt,
1426 3559 1631 3614 amodo
1666 3559 1823 3615 vide-

114 3657 209 3705 tur
235 3649 513 3705 idoneum
544 3655 627 3714 ut,
683 3647 754 3702 ad
787 3661 959 3717 quem
1001 3647 1172 3702 finem
1225 3647 1538 3702 obsidendo
1573 3648 1824 3703 devene-

114 3739 229 3794 rint
255 3751 555 3809 quemque
606 3735 862 3792 fructum
919 3734 1061 3790 tanti
1105 3734 1316 3790 laboris
1365 3734 1693 3802 habuerint,
1729 3742 1827 3790 ut-

117 3841 353 3897 cunque
401 3839 732 3895 carpamus.
784 3823 884 3880 His
932 3823 1156 3889 diebus,
1201 3831 1364 3878 nocte
1397 3824 1646 3893 quadam
1678 3825 1828 3879 ruti—

119 3915 240 3970 lum
289 3917 351 3970 in
403 3915 639 3970 modum
707 3913 856 3984 ignis
910 3927 1084 3982 super
1121 3911 1441 3968 exercitum
1498 3920 1828 3968 nostrorum

117 4004 371 4071 emicuit,
419 4011 477 4059 et
514 4003 780 4072 speciem,
826 4001 984 4057 haud
1033 4001 1309 4071 ambigua
1358 4001 1562 4068 forma,
1616 4002 1831 4071 pariter

119 4091 384 4147 exhibuit
440 4090 646 4146 crucis.
706 4089 866 4155 Quod
914 4089 1134 4158 quique
1184 4087 1296 4142 illic
1347 4088 1687 4157 sapientium
1737 4088 1831 4142 in-

125 4180 390 4236 cendium
447 4179 518 4234 ad
577 4178 725 4234 bella
771 4178 1016 4234 retulere
1049 4177 1268 4245 futura,
1305 4177 1401 4233 ubi
1442 4185 1633 4233 tamen
1665 4185 1829 4244 esset,

128 4269 281 4338 quod
318 4281 470 4323 crux
505 4266 800 4322 videretur
829 4266 1091 4333 innuere,
1125 4273 1280 4322 certa
1326 4265 1485 4322 salus
1521 4274 1576 4321 et
1614 4281 1835 4322 succes-

129 4370 266 4412 sura
293 4357 556 4412 victoria.

1926 3213 2029 3254 seu
2091 3201 2349 3268 precario
2408 3200 2724 3271 quisquam
2778 3203 2905 3271 ejus
2952 3201 3232 3257 obtinebit
3280 3202 3628 3270 ingressum,

1929 3288 2012 3343 illi
2055 3290 2253 3358 procul
2302 3289 2478 3352 dubio
2518 3291 2589 3344 ab
2642 3291 2914 3346 omnibus
2957 3290 3188 3346 concedi
3234 3289 3397 3346 urbis
3430 3289 3636 3344 debere

1929 3375 2273 3432 dominium.
2303 3397 2330 3428 io
2365 3367 2452 3434 Ad
2507 3378 2626 3433 haec
2658 3379 2979 3448 principum
3030 3378 3312 3433 sententia
3345 3377 3514 3448 longe
3542 3376 3635 3431 di-

1929 3479 2097 3520 versa
2129 3467 2380 3536 exstitit;
2410 3474 2464 3522 et
2493 3468 2619 3537 ejus
2648 3468 2918 3536 opiniomi
2953 3480 3152 3523 severa
3196 3465 3377 3522 fronte
3408 3464 3633 3531 restitit,

1930 3557 2124 3612 dicens
2153 3573 2165 3611 :
2200 3579 2230 3606 «
2261 3557 2388 3614 Non
2418 3560 2556 3615 satis
2599 3574 2720 3616 esse
2747 3560 3094 3615 conveniens
3127 3567 3211 3626 ut,
3268 3559 3366 3615 ubi
3400 3571 3504 3628 par
3543 3558 3635 3614 la—

1934 3644 2038 3700 bor
2093 3652 2269 3715 atque
2315 3654 2522 3708 metus,
2578 3661 2694 3702 non
2739 3648 2863 3703 sine
2915 3647 3080 3717 pretii
3113 3649 3428 3718 majestate,
3461 3648 3638 3718 petita

1933 3741 2068 3788 sunt
2097 3742 2152 3789 et
2195 3735 2292 3791 ubi
2343 3736 2664 3804 periculum
2713 3751 2884 3807 aequa
2917 3737 3186 3792 omnibus
3225 3735 3386 3792 lance
3427 3749 3640 3805 pepen-

1936 3822 2100 3890 derit,
2137 3823 2212 3879 ibi
2263 3825 2626 3890 unicuilibet,
2663 3813 2758 3881 'tot
2795 3832 3209 3896 tantorumque
3258 3825 3451 3881 dolore
3481 3839 3644 3895 quaa-

1937 3911 2102 3979 situs,
2150 3913 2351 3968 debeat
2421 3912 2797 3983 magistratus
2861 3913 3120 3968 attribui.
3169 3912 3276 3978 Qui
3325 3911 3478 3967 enim
3525 3925 3641 3967 non

1933 3999 2154 4070 justum
2211 4013 2333 4054 esse
2379 4007 2607 4054 censeat
2654 4007 2738 4064 ut,
2775 4000 2833 4054 in
2865 4015 2982 4069 quo
3015 3998 3426 4055 universorum
3457 4007 3640 4054 certa-

1940 4101 2071 4143 men
2129 4095 2442 4152 exaestuat,
2497 4087 2610 4142 illic
2657 4087 2940 4158 generalis
2989 4086 3260 4142 omnibus
3310 4087 3540 4157 requies
3590 4094 3645 4143 et

1940 4191 2072 4246 pars
2100 4183 2221 4246 post
2251 4176 2553 4232 victoriam
2577 4156 2707 4247 jure
2740 4156 3079 4246 perveniat?
3116 4197 3144 4225 »

2013 4265 2115 4320 His
2155 4266 2522 4321 Boemundus
2569 4280 2722 4336 aegre
2779 4266 3078 4335 susceptis,
3123 4273 3178 4321 et
3241 4265 3405 4336 gravi
3447 4266 3647 4322 audita

1946 4354 2237 4410 trutinans
2289 4354 2501 4421 animo,
2558 4353 2846 4410 abscessit.
2899 4355 3013 4410 Nec
3058 4368 3238 4422 mora,
3271 4354 3530 4425 pervenit
3573 4355 3646 4411 ad

197 4442 345 4516 [ιιι]
381 4447 610 4514 Pynrus
644 4441 1100 4505 Turcorumduz,
1125 4441 1318 4496 urbem
1341 4441 1523 4499 tradit
1549 4442 1831 4496 Boemun-
1871 4442 1916 4495 D
1947 4442 2232 4513 principes
2262 4442 2418 4512 quod
2439 4443 2511 4497 ab
2545 4442 2804 4498 hostibus
2821 4456 3020 4498 eorum
3050 4444 3495 4500 innumerabilis
3519 4444 3648 4500 bar-

127 4532 216 4587 do.
231 4562 298 4573 —
320 4533 567 4598 Quidam
586 4531 653 4587 de
670 4531 1139 4600 primoribusqui
1159 4532 1288 4586 urbi
1305 4531 1836 4601 praesidebantTur-

130 4621 207 4676 cis
243 4621 567 4676 vocabatur
613 4621 844 4689 Pyrrus.
880 4619 1009 4687 Qui,
1043 4619 1487 4676 familiaritatem
1521 4619 1834 4676 Boemundi

132 4723 245 4779 quo
319 4708 516 4764 nescio
573 4715 737 4776 pacto
809 4715 1032 4771 nactus,
1084 4708 1260 4777 cmpit
1317 4708 1836 4765 intercurrentibus

133 4797 350 4853 nuntiis
379 4796 642 4854 crebrius
682 4796 811 4866 ejus
851 4796 1064 4852 usitare
1101 4797 1479 4866 colloquium,
1529 4805 1584 4854 et
1629 4805 1836 4853 mutuo

27 4953 34 4969 δ
133 4898 304 4956 super
335 4886 426 4942 his
453 4899 585 4956 quae
631 4893 684 4941 et
717 4886 851 4940 hinc
877 4892 932 4940 et
964 4885 1094 4941 inde
1131 4885 1491 4959 gerebantur.
1514 4885 1839 4942 communi-

133 4975 339 5030 cabant
413 4974 625 5044 saapius
671 4973 842 5029 ambo
901 4973 1225 5030 consilium.
1284 4975 1507 5030 Interea
1567 4975 1838 5032 soliditati

136 5065 364 5131 amoris,
396 5077 500 5133 per
527 5063 918 5118 assiduitatem
969 5063 1262 5132 colloquii,
1304 5064 1574 5134 gliscente
1605 5064 1835 5131 fiducia,

137 5152 410 5220 paulatim
463 5152 833 5208 Boemundus
878 5165 1188 5223 suggerere
1219 5153 1267 5207 ei
1307 5153 1645 5223 aggreditur
1685 5168 1840 5223 qua-

138 5247 303 5295 tenus
350 5239 693 5296 Christianae
741 5239 943 5295 ditioni
988 5241 1295 5309 subjiceret
1343 5240 1566 5307 urbem,
1600 5241 1694 5296 cui
1734 5242 1839 5297 do-

137 5329 343 5383 minari
373 5329 419 5384 ei
455 5329 707 5398 plurima
731 5341 802 5382 ex
847 5335 1006 5396 parte
1039 5327 1354 5394 constabat,
1390 5328 1639 5384 suadens
1667 5329 1838 5384 etiam

141 5423 202 5471 ut
234 5416 734 5473 Christianismum
764 5415 1098 5484 susciperet,
1130 5415 1417 5484 spondens
1442 5415 1840 5486 nihilominus,

141 5505 184 5559 si
219 5505 335 5562 haec
357 5507 473 5562 duo
505 5505 627 5560 ﬁeri
662 5504 1069 5574 acquiesceret,
1104 5504 1257 5574 quod
1273 5504 1519 5558 multum
1554 5503 1840 5574 ipsiquze-

143 5599 291 5648 stum
331 5609 463 5651 cum
521 5592 728 5663 potiori
780 5592 994 5648 honore
1052 5605 1227 5662 quam
1261 5591 1337 5646 ibi
1376 5593 1655 5647 hactenus
1689 5592 1841 5647 obti-

143 5690 344 5739 nuerat
393 5682 765 5752 impenderet.
816 5681 916 5737 His
970 5679 1450 5751 promissionibus
1481 5679 1570 5735 ille
1607 5693 1723 5735 non
1753 5694 1836 5736 se-

1944 4532 2219 4587 bararum
2274 4531 2576 4587 nationum
2634 4535 2781 4584 407
2832 4531 2905 4586 ad
2939 4531 3399 4589 subveniendum
3448 4533 3648 4590 Antio-

1945 4620 2087 4675 chiae
2136 4620 2490 4675 conﬂaretur
2548 4620 2859 4686 exercitus,
2892 4626 2946 4675 et
2977 4627 3194 4675 mutato
3220 4629 3451 4690 repente
3481 4623 3650 4690 quis-

1944 4723 2058 4780 que
2102 4708 2321 4778 animo,
2370 4709 2441 4763 ad
2489 4709 2816 4776 alterutros,
2852 4716 3046 4764 coacto
3083 4709 3342 4775 concilio,
3377 4709 3651 4766 fabulan-

1943 4805 2083 4854 tur:
2129 4815 2156 4848 α
2212 4797 2288 4864 Si,
2364 4798 2658 4867 inquiunt,
2724 4797 3093 4854 Boemundus
3141 4798 3400 4868 qualibet
3446 4800 3653 4855 techna

1947 4887 2313 4956 occupaverit
2342 4887 2650 4954 civitatem,
2685 4899 2788 4942 nos
2821 4886 2930 4942 sibi
2965 4886 3242 4942 redditam
3270 4901 3400 4942 eum
3432 4887 3651 4957 patien-

1944 4983 2030 5032 ter
2081 4975 2292 5031 habere
2346 4975 2622 5042 feramus,
2655 4989 2722 5031 ea
2771 4975 2881 5032 sibi
2925 4974 3248 5031 conditione
3299 4975 3479 5032 indita
3509 4977 3653 5032 utsi

1948 5065 2259 5134 imperator
2316 5065 2471 5134 quod
2516 5064 2801 5134 pollicitus
2859 5071 2944 5119 est
2992 5065 3316 5134 praestiterit
3366 5065 3653 5122 auxilium

1947 5153 2130 5218 nobis,
2173 5161 2226 5208 et
2277 5167 2344 5208 ea
2396 5167 2527 5223 quae
2583 5153 2796 5222 pariter
2841 5153 3145 5224 spopondit
3171 5153 3486 5223 acjuravit
3526 5169 3655 5211 con-

1949 5255 2097 5312 grua
2127 5240 2429 5312 largitione
2477 5242 2864 5312 prosequitur,
2922 5241 3125 5296 civitas
3158 5241 3295 5310 ipsa,
3329 5241 3494 5297 nobis
3535 5248 3650 5298 tra-

1949 5330 2238 5395 dentibus,
2292 5329 2411 5399 juri
2467 5330 2830 5400 imperatoris
2887 5330 3078 5395 cedat;
3111 5329 3156 5384 si
3202 5344 3335 5386 vero
3374 5329 3651 5398 fefellerit,

1951 5418 2006 5472 in
2041 5426 2232 5488 partes
2263 5419 2602 5484 Boemundi,
2636 5417 2802 5474 sicuti
2854 5419 2970 5488 ipse
3006 5417 3237 5487 expetit,
3296 5425 3414 5474 tota
3448 5433 3656 5475 conce-

1950 5507 2067 5562 dat.
2109 5529 2135 5554 »
2169 5506 2293 5573 Quo
2341 5507 2592 5578 cognito,
2641 5507 2734 5561 vir
2760 5509 2879 5576 ipse
2929 5507 3284 5562 clarissimus
3311 5508 3428 5578 jam
3462 5522 3658 5577 preces

1950 5595 2021 5650 ad
2056 5596 2302 5665 Pyrrum
2377 5595 2632 5666 quotidie
2690 5610 2929 5652 securus
2989 5596 3324 5666 ingeminat,
3360 5605 3413 5651 et
3474 5597 3658 5652 multa

1953 5683 2287 5754 hujusmodi
2368 5684 2783 5754 promissorum
2845 5683 3173 5741 adulatione
3228 5685 3652 5742 circumvenit:
