3934 6398
225 697 244 718 ’
320 717 539 775 quaaso,
597 701 851 769 differas,
922 716 1014 770 ne,

324 401 427 452 751

1213 395 1273 451 V.
1315 395 1654 451 GUIBERTI
1696 392 1990 449 ABBATIS
2027 393 2088 448 S.
2129 394 2372 451 HABI/E
2408 394 2499 449 DE
2538 394 2926 449 NOVIGENTO

3727 397 3844 448 752

324 553 351 576 α
383 529 527 584 Ecce
573 527 806 597 optime,
861 525 1067 597 inquit,
1130 525 1326 594 Pyrre,
1361 524 1539 589 vides,
1594 523 1665 579 ad
1697 523 1819 579 haec
1855 523 2020 579 nobis
2055 527 2103 580 Α
2134 523 2316 594 ligens
2358 523 2428 579 de
2476 524 2787 580 Boemundi
2843 522 3102 580 absentia
3141 525 3438 596 conqueri,
3473 539 3650 596 quam
3693 524 3842 579 cele-

318 615 618 673 efficienda
680 614 822 686 quid
877 613 1324 684 opportunitatis
1379 613 1651 668 arrideat.
1708 613 1791 668 Ne
1855 627 2014 685 ergo,

1089 700 1376 772 quidquid
1439 701 1826 757 communiter
1881 702 2020 759 utile

319 792 613 859 molimur,
663 790 711 847 si
759 805 862 862 per
917 790 1190 861 aliquem,
1241 789 1398 858 quod
1460 788 1642 845 absit!
1691 789 2015 862 detegatur,

318 879 566 936 amittas.
595 899 616 926 ο
651 880 884 948 Pyrrus,
924 875 1236 932 Boemundi
1287 876 1556 947 legationi
1583 878 2016 949 congratularis,

315 982 483 1040 opem
533 980 700 1024 suam
733 980 848 1022 non
890 979 950 1022 se
981 965 1300 1021 dilaturum
1355 963 1470 1020 ullo
1511 965 1676 1021 modo
1702 967 2014 1022 renuntiat.

316 1058 407 1124 Et,
446 1071 517 1112 ne
572 1055 763 1111 virum
818 1053 1098 1110 illustrem
1153 1053 1412 1109 redderet
1461 1053 1742 1110 diuturna
1783 1053 2020 1111 effectus

315 1158 478 1202 mora
507 1155 870 1213 suspensum,
929 1141 1147 1210 Pyrrus
1177 1139 1325 1195 idem
1385 1141 1684 1210 proprium
1718 1140 1900 1197 filium
1929 1141 2020 1196 la-

316 1248 500 1297 tenter
557 1237 891 1294 Boemundo
938 1235 1159 1305 dirigit,
1208 1241 1263 1289 et
1291 1233 1362 1289 de
1411 1235 1574 1290 urbis
1619 1234 1902 1292 deditione
1954 1243 2018 1292 ut

316 1327 558 1384 fidenter
607 1329 862 1393 speraret
919 1321 1265 1378 admonuit:
1327 1343 1350 1370 ο
1409 1321 1476 1377 In
1519 1321 1859 1390 crastinum,
1915 1323 2014 1390 ait,

315 1429 447 1474 cum
502 1413 686 1484 primo
731 1409 1031 1476 diluxerit,
1092 1409 1427 1466 universam
1493 1409 1750 1466 Francize
1803 1409 2019 1466 militiae

313 1517 553 1562 manum
582 1501 736 1559 tubis
791 1499 1193 1556 insonantibus
1248 1499 1307 1554 in
1340 1513 1522 1556 unum
1553 1514 1710 1571 coge,
1741 1509 1797 1557 et
1852 1501 2016 1571 quasi

313 1591 750 1664 depraedaturos
832 1589 1282 1644 Sarracenorum
1363 1597 1560 1654 terras,
1614 1596 1677 1644 ut
1749 1589 2016 1655 assolent,

312 1679 675 1752 longiuscule
704 1692 738 1734 a
787 1677 991 1734 castris
1031 1677 1294 1747 progredi
1321 1675 1484 1746 jube.
1515 1677 1799 1732 Continuo
1828 1684 2017 1733 tamen

313 1770 680 1825 dextrorsum
725 1780 826 1837 per
882 1773 1157 1820 montana
1186 1771 1488 1820 revertere.
1540 1764 1660 1833 Ego
1701 1777 1836 1819 vero
1867 1763 2020 1818 intra

313 1855 603 1912 civitatem
665 1819 832 1910 tuum
863 1852 1234 1922 praestolabor
1273 1819 1621 1920 adventum:
1645 1860 1773 1908 tuos
1801 1851 2021 1922 absque
2058 1819 2100 1874 Β

314 1943 491 2001 dubio
522 1957 669 2013 quos
724 1943 1031 1997 immittere
1071 1939 1325 2004 libuerit,
1362 1938 1420 1994 in
1451 1953 1548 1994 eas
1579 1953 1714 2009 quae
1742 1953 1865 1994 meo
1888 1939 2024 2008 jure

315 2044 519 2101 parere
550 2029 822 2084 videntur
852 2034 1040 2082 turres
1064 2025 1265 2097 utique
1297 2033 1651 2094 recepturus.
1688 2047 1708 2072 ι

387 2117 532 2189 [lV.]
580 2117 667 2173 Ad
719 2116 840 2172 haec
881 2113 1250 2170 Boemundus
1305 2127 1438 2182 quae
1485 2114 1747 2169 audierat
1791 2125 1906 2167 non
1933 2125 2017 2167 se-

316 2206 505 2276 gniter
561 2203 802 2273 exsequi
853 2208 1140 2271 properat,
1181 2207 1238 2255 et
1289 2198 1470 2256 accito
1523 2199 1773 2269 quodam
1818 2197 2023 2253 cliente

317 2306 423 2348 suo
451 2291 503 2348 ei
555 2291 813 2362 praecipit
859 2297 942 2356 ut,
985 2288 1152 2359 quasi
1193 2287 1473 2358 praeconis
1530 2287 1766 2344 functus
1812 2285 2018 2353 ofﬁcio,

319 2379 680 2435 Francorum
757 2383 948 2432 castra
1010 2375 1345 2440 circumeat,
1407 2375 1740 2445 quibusque
1797 2373 2023 2430 denun-

317 2465 470 2523 tians
502 2473 793 2536 quatenus
821 2477 1050 2520 summa
1094 2477 1154 2518 se
1181 2462 1376 2518 cuncti
1403 2462 1700 2534 diligentia
1733 2474 2022 2530 praepara-

320 2562 453 2611 rent
499 2568 569 2609 ac
601 2553 648 2608 si
699 2553 758 2608 in
805 2559 1015 2608 terram
1069 2549 1516 2606 Sarracenorum
1562 2549 1865 2619 procedere
1916 2547 2022 2603 de-

319 2643 512 2700 beant.
545 2641 662 2698 Nec
701 2653 881 2704 mora,
923 2639 1200 2709 principis
1242 2639 1486 2709 imperio
1517 2639 1717 2695 famuli
1739 2637 2022 2709 sagacitas

318 2727 814 2786 irretractabiliter
871 2726 1244 2794 obseeundat,
1293 2741 1398 2782 nec
1447 2727 1802 2782 Francorum
1854 2739 2024 2795 expe-

318 2818 456 2876 ditio
485 2816 880 2886 obtemperare
932 2815 1227 2871 detrectat.
1262 2813 1408 2880 Quid
1434 2815 1590 2885 apud
1630 2829 1690 2870 se
1731 2815 1872 2871 laete
1899 2815 2021 2884 spei

317 2904 602 2975 concipiat
668 2903 1037 2960 Boemundus
1115 2903 1248 2958 duci
1299 2902 1624 2970 Godefrido,
1684 2902 2021 2958 Flandrien-

317 2993 466 3050 sium
527 2991 741 3059 comiti,
814 2991 1127 3060 itidemque
1183 2999 1238 3046 et
1286 2989 1364 3045 illi
1405 2989 1476 3045 de
1529 2989 1738 3046 Sancto
1793 2990 2017 3060 Egidio,

317 3094 543 3138 necnon
573 3087 630 3137 et
681 3079 942 3135 Podiensi
989 3079 1255 3148 episcopo
1303 3077 1628 3143 denuntiat,
1656 3076 1898 3148 jamque
1927 3086 2019 3133 tu-
2057 3109 2099 3167 ο

320 3169 428 3226 tior
472 3182 546 3226 ex
583 3167 992 3239 sponsionibus
1032 3167 1193 3238 Pyrri
1245 3165 1456 3222 fatetur
1511 3164 1620 3220 sibi
1657 3164 2015 3222 Antiochiam

319 3269 388 3311 ea
417 3263 581 3312 nocte
633 3254 800 3310 tradi.
849 3255 933 3310 Ea
978 3253 1160 3324 igitur
1202 3253 1462 3308 exercitu
1494 3265 1614 3322 qua
1655 3251 1912 3308 diximus
1937 3265 2022 3308 or.

318 3342 611 3399 dinatione
647 3339 939 3411 disposito,
980 3339 1254 3396 militares
1282 3325 1555 3408 equidenf
1583 3338 1694 3394 viri
1734 3353 1834 3408 per
1864 3354 2021 3394 cam-

320 3428 534 3500 pestria
593 3427 972 3484 obambulare
1014 3427 1332 3497 jubentur;
1389 3425 1643 3495 peditum
1699 3424 2023 3494 frequentia

318 3531 422 3588 per
471 3525 745 3572 montana
800 3515 1090 3584 processit.
1142 3513 1281 3568 Tota
1312 3515 1505 3583 itaque
1535 3520 1696 3568 nocte
1727 3511 2021 3582 proprium

319 3604 425 3660 iter
473 3598 810 3672 expediunt,
864 3609 920 3658 et
980 3609 1294 3671 antequam
1348 3607 1573 3669 pareret
1625 3613 1839 3656 aurora
1893 3612 2022 3655 cre-

320 3689 650 3761 pusculum,
685 3702 788 3758 pro
822 3689 1102 3755 turribus,
1131 3702 1280 3760 quas
1310 3688 1403 3745 ille
1441 3688 1577 3744 felix
1605 3688 1861 3759 proditor
1887 3702 2024 3758 per-

319 3777 461 3849 vigil
491 3777 792 3833 excubans
817 3776 1180 3844 observabat,
1223 3776 1519 3832 assistunt.

391 3866 500 3936 [V.]
538 3864 624 3921 lbi
674 3865 1040 3922 Boemundus
1089 3865 1158 3920 de
1207 3879 1359 3934 equo
1410 3865 1641 3932 desiliit,
1691 3873 1746 3921 et
1788 3865 2023 3920 Francis

318 3953 547 4010 insolita
587 3953 708 4026 jam
760 3952 1099 4010 auctoritate
1153 3952 1422 4020 intonuit,
1471 3951 1706 4008 dicens:
1740 3976 1767 4000 «
1818 3955 2023 4009 Proce-

317 4043 453 4110 dite,
485 4051 540 4100 et
569 4041 644 4100 ab
673 4055 962 4114 caquam
993 4039 1217 4095 dudum
1248 4040 1398 4109 passi
1450 4040 1584 4095 estis
1621 4039 2024 4110 inquietudine

319 4129 617 4200 respirate,
663 4137 1028 4200 praeerectam
1083 4126 1246 4183 vobis
1285 4125 1513 4182 .scalam
1554 4127 1936 4195 conscendite,
1968 4137 2024 4184 et

318 4232 393 4274 ne
422 4219 523 4274 diu
555 4231 656 4274 vos
689 4229 898 4280 morer,
943 4214 1045 4270 diu
1083 4221 1412 4283 exoptatam
1450 4213 1613 4269 vobis
1664 4215 2022 4270 Antiochiam

319 4305 526 4374 capite,
577 4303 717 4374 quia
770 4317 901 4372 quae
955 4301 1173 4372 pridem
1221 4302 1423 4358 Turcis
1475 4300 1785 4372 subjacoit,
1821 4309 2024 4356 vestrae

2132 615 2272 672 riter
2328 613 2400 669 ad
2457 613 2649 669 virum
2703 615 2806 684 qui
2862 615 3162 684 petebatur
3222 621 3528 684 properat:
3591 635 3618 662 ‹‹
3659 612 3837 680 Quid,

2128 703 2338 774 inquit,
2371 703 2514 758 adeo
2545 702 2770 773 stupide
2800 702 2958 774 agis?
2991 703 3138 770 Quid
3183 718 3316 759 cum
3350 711 3506 759 tanto
3547 702 3842 772 languore

2127 798 2245 848 tam
2278 791 2464 846 ardua
2511 797 2696 860 erepta
2739 792 3144 862 prosequeris?
3177 792 3320 847 Ecce
3349 791 3470 862 jam
3517 805 3620 846 nos
3653 788 3840 844 trium

2129 881 2380 935 turrium
2407 880 2707 936 custodias
2753 879 3100 944 obtinemus,
3125 890 3180 936 et
3211 888 3294 946 tu,
3337 880 3511 949 hujus
3541 879 3620 934 rei
3655 892 3842 934 even-

2126 973 2222 1022 tus
2258 966 2452 1021 adhuc
2499 965 2704 1022 dubios
2751 967 2914 1036 quasi
2964 967 3367 1035 contemplaris
3407 966 3680 1022 eminus?
3709 967 3844 1022 Ex-

2125 1053 2462 1124 pergiscere,
2539 1067 2747 1110 manus
2795 1055 3055 1122 admove,
3102 1054 3302 1110 mediae
3332 1055 3577 1124 teipsum
3619 1051 3844 1109 actioni

2129 1144 2423 1199 intersere.
2467 1164 2494 1192 »
2525 1142 2693 1199 Ocior
2732 1142 2826 1198 ille
2874 1141 3100 1198 festinat
3149 1157 3282 1198 cum
3313 1143 3435 1199 suis
3486 1143 3558 1198 ad
3591 1141 3840 1201 scalam.

2124 1244 2180 1294 et
2209 1244 2323 1293 tam
2351 1236 2656 1306 proditoris
2677 1237 2809 1292 boni
2859 1249 3037 1307 quam
3085 1249 3283 1292 eorum
3317 1236 3418 1307 qui
3450 1235 3837 1292 ascenderant

2125 1327 2295 1397 erigit
2323 1325 2717 1382 intentionem.

2197 1410 2502 1467 Confestim
2532 1411 2632 1482 qui
2667 1411 2964 1468 subierant
3011 1411 3138 1467 illas
3179 1411 3341 1482 Pyrri
3378 1418 3589 1477 turres,
3635 1418 3838 1467 atten-

2126 1497 2324 1553 dentes
2392 1497 2642 1553 Francos
2708 1497 3096 1569 undecunqne
3160 1496 3466 1561 confluere.
3525 1499 3834 1568 proprium

2127 1591 2426 1653 coeperunt
2499 1599 2630 1640 cum
2689 1585 2872 1640 multo
2928 1585 3238 1640 inclamare
3296 1583 3486 1655 jubilo
3539 1584 3830 1656 signum:

2127 1671 2278 1727 Deus
2337 1687 2394 1726 ιι)
2437 1687 2599 1736 vuur,
2656 1672 2811 1728 Deus
2868 1687 2925 1727 ID
2969 1687 3131 1728 vuur.
3165 1671 3318 1727 Idem
3375 1680 3568 1727 autem
3603 1672 3836 1742 magnis

2128 1759 2452 1815 acclamant
2495 1761 2750 1826 vocibus,
2801 1761 2900 1829 qui
2947 1759 3239 1815 ascensuri
3281 1772 3383 1828 pro
3408 1759 3698 1816 mtenibns
3719 1768 3836 1814 sta-

2130 1847 2288 1905 bant.
2345 1847 2670 1904 Praevenire
2737 1856 2876 1904 tunc
2923 1847 3068 1903 alter
3113 1847 3354 1902 alterum
3414 1847 3473 1902 in
3523 1847 3835 1904 subeundo

2127 1936 2340 1991 scalam
2397 1935 2625 1992 intinita
2691 1944 3049 1992 contentione
3121 1935 3396 2002 certabat,
3452 1943 3508 1992 et
3575 1936 3837 2006 quisque

2127 2024 2458 2091 subvectus,
2490 2026 2571 2079 uti
2605 2026 2766 2094 prius
2796 2030 3035 2093 poterat,
3093 2031 3284 2078 turres
3322 2030 3377 2078 et
3407 2022 3550 2078 alias
3571 2037 3836 2092 occupa-

2129 2111 2246 2168 bat.
2311 2110 2657 2181 Quicunque
2711 2111 2799 2166 bis
2853 2110 3062 2165 obvius
3111 2108 3437 2174 exstitisset,
3485 2108 3832 2164 tradebatur

2129 2198 2274 2255 neci.
2323 2200 2478 2254 lnter
2505 2213 2654 2268 quos
2699 2199 2872 2254 etiam
2903 2197 3187 2253 occiditur
3235 2196 3412 2251 frater
3441 2195 3622 2264 Pyrri.
3649 2194 3834 2250 [nter-

2127 2301 2195 2343 ea
2250 2287 2404 2342 scala
2459 2286 2862 2356 disrumpitur,
2891 2292 2944 2342 et
2977 2293 3092 2340 tota
3146 2289 3472 2339 nostrorum
3519 2281 3830 2338 multitudo

2127 2374 2541 2444 subterjacens,
2591 2381 2798 2443 etquae
2847 2378 3232 2443 praecesserat,
3288 2370 3452 2439 gravi
3499 2369 3828 2425 animorum

2127 2462 2472 2532 aegritudine
2501 2462 2818 2528 sauciatur,
2877 2461 3015 2516 dum
3076 2461 3403 2528 superiores
3455 2457 3670 2514 differri
3720 2457 3828 2512 Slbl

2131 2559 2407 2607 verentur
2447 2551 2777 2618 auxilium;
2807 2558 2862 2606 et
2910 2549 3060 2606 infra
3114 2549 3278 2620 positi
3319 2549 3408 2604 his
3439 2549 3541 2619 qui
3569 2547 3836 2602 ascende-

2129 2645 2260 2694 rant
2299 2639 2499 2694 timent
2569 2638 2883 2693 detrectare
2947 2635 3311 2708 suffragium.
3376 2637 3480 2692 Sed
3544 2636 3837 2692 industria

2129 2727 2341 2796 reperit
2386 2726 2498 2782 cito
2538 2725 2749 2781 locum.
2803 2725 2972 2781 Porta
3018 2739 3271 2795 namque
3303 2724 3508 2780 ibidem
3531 2724 3730 2780 clausa
3749 2731 3838 2778 at-

2129 2829 2243 2886 que
2300 2816 2634 2886 contiguaa
2695 2813 2926 2894 sinistra
2975 2822 3135 2884 parte
3181 2813 3428 2881 latebat;
3459 2822 3623 2869 nocte
3671 2812 3840 2868 nimi-

2128 2918 2259 2960 rum
2315 2902 2694 2972 praapediente
2744 2902 2981 2970 reperiri
3027 2916 3142 2957 non
3191 2909 3428 2972 poterat,
3487 2916 3620 2971 quae
3655 2900 3838 2956 etiam

2130 2992 2400 3056 interdiu,
2451 2990 2571 3046 loco
2622 2989 2969 3066 infrequenti
2999 2990 3329 3054 constituta,
3362 2989 3555 3046 minus
3584 2990 3838 3059 patebat.

2129 3079 2422 3150 Palpando
2468 3086 2682 3146 tamen,
2729 3085 2974 3150 urgente
3025 3092 3185 3146 cura,
3235 3079 3500 3135 sentitur.
3533 3079 3618 3134 Ab
3643 3078 3840 3134 omni-

2127 3169 2235 3226 bus
2249 3167 2440 3223 statim
2474 3165 2545 3221 ad
2575 3179 2700 3222 eam
2731 3167 3011 3234 curritur,
3036 3166 3230 3223 fractis
3249 3167 3542 3239 repagulis
3570 3167 3842 3235 serisque

2125 3254 2424 3325 panditur,
2473 3256 2624 3306 403
2664 3252 2898 3309 Francis
2929 3253 3285 3311 irruentibus
3334 3253 3532 3323 pervia
3559 3252 3837 3309 efficitur.

2201 3337 2617 3410 [Vleudires
2678 3339 2937 3397 horribili
2989 3341 3319 3398 universam
3371 3341 3657 3398 civitatem
3707 3341 3837 3397 fra-

2129 3441 2265 3500 gore
2303 3425 2598 3489 confundi.
2629 3433 2685 3482 et
2709 3427 2851 3484 dum
2892 3427 2982 3482 isti
3021 3428 3090 3484 de
3121 3436 3280 3484 tanta
3308 3428 3522 3485 laboris
3551 3429 3663 3486 fine
3691 3443 3839 3486 con-

2123 3513 2396 3585 jubilant,
2442 3514 2521 3570 illi
2575 3514 2866 3584 insperata
2909 3515 3144 3571 omnino
3177 3517 3264 3572 sui
3295 3517 3555 3573 omnium
3585 3517 3836 3573 subver-

2129 3603 2286 3659 sione
2356 3601 2789 3673 collaerymant.
2842 3603 2996 3658 Nihil
3039 3605 3312 3659 moderati
3366 3619 3614 3674 usquam
3656 3617 3838 3674 penes

2129 3693 2376 3748 victores
2421 3692 2720 3760 victosque
2767 3691 3084 3746 constabat.
3132 3692 3288 3748 Illico
3321 3692 3709 3759 Boemundus,
3766 3701 3836 3749 ut

2129 3779 2407 3836 intentam
2447 3779 2554 3834 sibi
2604 3777 2863 3834 redderet
2913 3779 3134 3842 urbem,
3185 3779 3324 3834 illud
3364 3780 3567 3836 Turcis
3595 3781 3837 3836 omnino

2130 3866 2380 3923 notabile
2448 3865 2863 3936 cognitumque
2925 3864 3222 3932 vexillum,
3275 3879 3468 3922 coram
3524 3876 3835 3936 prospectu

2130 3954 2362 4016 castelli,
2426 3952 2581 4024 quod
2629 3951 2822 4007 adhuc
2876 3952 3122 4022 captioni
3159 3953 3440 4010 restiterat
3470 3954 3660 4025 (suum
3707 3955 3834 4009 uti-

2132 4044 2292 4113 que),
2341 4041 2508 4112 jubet
2551 4040 2607 4095 in
2637 4039 2942 4110 cujusdam
2969 4040 3178 4096 montis
3205 4040 3579 4110 supremitate
3611 4041 3835 4110 praesti-

2133 4131 2236 4188 tui.
2291 4131 2426 4186 Erat
2475 4129 2534 4185 in
2576 4117 2721 4186 urbe
2772 4142 3014 4198 pervasa
3059 4129 3387 4200 ejulatuum
3434 4131 3685 4186 enormis
3719 4131 3828 4188 im-

2132 4220 2422 4286 mensitas,
2453 4225 2528 4286 et,
2570 4219 2708 4274 dum
2764 4233 2864 4288 per
2905 4219 3099 4274 omnia
3147 4219 3521 4290 fugitantium
3571 4221 3632 4276 fit
3668 4223 3832 4292 angi-

2134 4316 2299 4378 porta
2325 4320 2603 4363 occursus
2645 4305 3006 4362 incitantium
3057 4307 3340 4362 victorum
3385 4308 3456 4364 ad
3487 4309 3721 4375 czedem,
3754 4309 3828 4364 fe-

319 4391 380 4448 in
429 4392 710 4463 DI‘OXimOa
768 4391 814 4446 εί
867 4389 1018 4446 Deus
1070 4393 1361 4458 annuet“.
1431 4390 1592 4446 cedet
1647 4389 1935 4444 θαειοάίω·
1992 4409 2014 4436 ι
2056 4379 2102 4435 D
2134 4397 2270 4453 ralis
2320 4395 2610 4452 ferebatur
2635 4408 2704 4451 ac
2734 4395 3059 4451 truculenta
3102 4393 3396 4450 vocalitas.
3433 4395 3521 4462 Et,
3557 4395 3696 4450 dum
3727 4409 3823 4451 re-

319 4481 403 4537 Ad
453 4479 665 4538 scalam
714 4480 918 4536 Franci
963 4480 1325 4550 perveniunt,
1379 4493 1535 4552 qua),
1569 4477 1856 4533 nimnibus
1891 4477 2022 4532 civi~

320 4569 454 4625 tatis
487 4568 689 4624 innixa
733 4575 788 4624 et
820 4566 892 4623 ad
915 4566 1127 4636 :eadem
1161 4565 1380 4622 fortiter
1423 4565 1660 4637 illigata,
1717 4564 2020 4635 sexaginta

319 4655 470 4713 illico
514 4655 846 4713 hominibus
890 4669 1191 4711 ascensum
1247 4653 1512 4724 przebuit,
1577 4652 1814 4724 quibus,
1869 4653 2020 4710 intra

319 4752 510 4802 turres
554 4743 825 4814 exceptis,
883 4756 1086 4798 earum
1136 4741 1273 4811 ipsis
1325 4741 1495 4797 homo
1545 4740 1836 4798 custodias
1874 4739 2020 4796 dele-

319 4835 496 4906 gavit.
555 4837 623 4890 At
669 4834 790 4904 ipse
851 4833 1086 4902 Pyrrus,
1141 4829 1440 4887 attendens
1473 4830 1628 4902 quod
1669 4829 1809 4886 adeo
1848 4827 2017 4899 pauci

318 4933 392 4976 ex
451 4917 688 4974 Francis
729 4916 1119 4982 ascenderent,
1175 4929 1291 4970 non
1343 4925 1456 4970 tam
1506 4914 1732 4982 nostris,
1781 4921 1844 4970 ut
1875 4920 2020 4984 post-

319 5007 557 5064 modum
611 5005 839 5073 claruit,
894 5018 1069 5074 quam
1118 5003 1226 5060 sibi
1284 5005 1540 5071 timidus,
1583 5018 1784 5060 verens
1833 5018 1904 5059 ne
1943 5004 2017 5058 ad

321 5095 411 5152 sui
459 5093 642 5166 ipsius
685 5093 996 5164 perniciem
1049 5100 1245 5163 coeptae
1317 5093 1654 5164 proditionis
1708 5093 2018 5164 trepidaret

319 5191 578 5241 eventus.
634 5181 993 5238 severissime
1039 5181 1111 5237 ad
1173 5189 1481 5252 prtesentes
1547 5181 1744 5238 Graeca
1817 5181 2018 5252 lingua

319 5272 650 5331 infremuit:
690 5272 991 5338 «Parum,
1058 5271 1269 5342 inquit,
1325 5272 1576 5328 Francos
1627 5271 1926 5326 habemus.
1983 5289 2012 5322 ιο

322 5361 539 5432 Hisque
585 5359 751 5416 dictis
801 5359 1201 5416 Boemundum
1261 5359 1626 5416 vehementer
1673 5357 2013 5425 inclamitat,

317 5447 612 5521 negotium
657 5448 930 5505 nimirum
989 5447 1313 5505 accelerans
1369 5448 1523 5520 quod
1568 5448 1892 5519 gerebatur,
1944 5461 2016 5503 ne

317 5537 562 5604 civibus,
620 5545 936 5608 antequam
984 5535 1188 5591 Franci
1241 5535 1608 5600 conveniant,
1675 5535 2010 5591 innotescat.

319 5625 391 5683 At
418 5625 830 5696 Longobardus
867 5623 1107 5693 quidam
1136 5637 1208 5678 ex
1253 5621 1506 5689 famulis,
1557 5623 1800 5692 Pyrrum
1847 5621 2010 5677 intel-

2129 4485 2444 4542 cordantur
2513 4497 2660 4555 quas
2740 4483 3095 4554 pertulerant
3147 4483 3205 4538 in
3275 4496 3477 4538 eorum
3527 4482 3826 4538 obsidione

2127 4574 2406 4637 miserias,
2466 4587 2615 4642 quas
2677 4573 2814 4642 ipsis
2871 4571 3155 4628 mortibus
3204 4571 3525 4628 acerbiores
3580 4571 3821 4636 inedias,

2126 4675 2324 4718 omnes
2362 4675 2511 4732 quas
2540 4661 2748 4717 inferre
2777 4659 3067 4729 potuerint
3099 4657 3508 4717 insuftieientes
3536 4659 3824 4716 arbitran-

2127 4757 2226 4806 tur
2271 4763 2473 4807 eorum
2529 4747 2712 4806 reatui
2744 4759 2959 4816 poenas.
3008 4746 3366 4803 Puniebatur
3416 4748 3819 4806 Armeniorum

2128 4837 2520 4908 Syrorumque
2589 4847 2948 4904 paganorum
3029 4835 3360 4892 cohortibus
3413 4837 3570 4892 omni
3623 4838 3821 4893 merito

2125 4931 2430 4995 exaequata
2481 4921 2742 4992 perfidia,
2815 4921 2973 4991 quia,
3007 4937 3156 4992 quos
3211 4923 3282 4978 ad
3342 4937 3508 4978 suam
3567 4923 3820 4994 ipsorum

2126 5011 2592 5075 internecionem,
2635 5009 2955 5066 Turcorum
2985 5010 3340 5068 adminiculo
3375 5012 3530 5068 haud
3577 5013 3822 5081 segniter

2127 5099 2458 5170 invigilasse
2532 5105 2947 5166 compererant,
3000 5096 3236 5154 tandem
3284 5113 3319 5154 a
3365 5099 3631 5170 supplicii
3686 5114 3821 5170 pen-

2125 5188 2282 5244 sione
2316 5185 2611 5254 disparare
2641 5184 2929 5242 nolebant.
2962 5187 3033 5242 Et
3055 5196 3206 5244 certe
3253 5195 3442 5244 tamen
3475 5187 3654 5244 fateor
3682 5189 3823 5260 quia

2125 5273 2382 5344 ipsorum
2422 5270 2742 5327 innumeris
2788 5274 3190 5344 pepercissent,
3257 5275 3324 5342 si,
3377 5275 3526 5332 inter
3566 5276 3824 5333 ethnicos

2123 5373 2191 5416 ac
2221 5367 2426 5415 nostra
2479 5357 2607 5415 ﬁdei
2639 5359 2918 5426 homines,
2955 5363 3211 5432 aliquam
3241 5362 3450 5419 habere
3487 5362 3823 5432 discrepan-

2123 5449 2263 5504 tiam
2312 5447 2566 5503 scissent.
2625 5449 2686 5504 ln
2750 5457 2908 5506 tanta
2959 5450 3127 5520 plane
3169 5451 3502 5507 confusione
3549 5453 3822 5522 temporis

2123 5541 2299 5604 atque
2323 5533 2558 5604 negotii,
2586 5549 2704 5592 nox
2742 5537 2957 5607 quippe
2985 5537 3192 5604 fuerat,
3223 5545 3278 5594 et
3298 5537 3641 5608 populandte
3669 5553 3818 5594 cun-
3845 5556 3852 5564 ·

2122 5627 2244 5677 ctos
2311 5619 2558 5678 civitatis
2639 5623 2906 5692 aviditas,
2967 5631 3022 5681 et
3086 5639 3385 5684 morarum
3459 5625 3817 5696 impatientia
