3934 6404
1236 359 1455 414 GESTA
1496 358 1607 412 DEI
1649 359 1789 414 PER
1829 357 2164 414 FRANCOS.
2212 389 2279 396 —
2307 357 2434 412 LIB.
2482 359 2540 412 V.
3536 359 3642 412 754

2019 578 2170 651 [VIII
2181 581 2217 650 .]
2234 581 2541 635 Curbaran
2555 491 2965 635 P5135};
2972 580 3243 652 princeps
3251 583 3452 636 contra
3464 582 3641 636 Fran-

1939 683 2035 722 cos
2058 669 2425 740 progreditur
2447 685 2576 722 cum
2608 670 2859 724 maximo
2883 668 3154 723 exercitu.
3183 697 3254 710 —
3281 669 3470 739 Igitur
3501 671 3639 725 Cur-

1943 757 2122 812 baran
2153 758 2389 827 quidam
2422 757 2628 824 dictus,
2663 758 2813 828 regis
2869 759 3194 823 Persarum,
3247 772 3418 827 quem
3462 759 3638 814 veteri

91 361 202 412 753

93 493 539 562 perturbarat;
593 493 736 548 nihil
793 491 1030 548 forsitan
1093 492 1337 548 vestium
1387 493 1694 562 qualitates
1741 493 1827 547 di-
1867 495 1906 547 A

93 597 411 650 scernere,
451 584 597 640 nihil
625 585 963 649 barbarum,
991 584 1339 640 incrementa
1363 585 1758 652 permiserant.

171 672 422 728 Nostris
472 682 665 728 autem
724 673 781 727 in
843 672 1072 727 assiduo
1125 672 1318 741 positis
1357 672 1654 740 procinctu
1700 671 1833 727 fati-

95 762 413 816 scentiutn
461 775 742 831 genarum
789 761 1028 816 maciem
1061 760 1354 816 horribilis
1388 761 1637 829 primum
1686 761 1833 816 situs

99 849 434 915 ambierat,
482 857 537 904 et
585 848 857 904 Francico
905 863 1079 915 more,
1117 849 1338 904 incuria
1390 849 1627 904 diutinae
1667 862 1833 918 pere-

101 938 478 1008 grinationis
521 939 747 1004 omisso,
785 937 1086 993 barbulam
1119 937 1370 1007 quisque
1421 938 1659 992 rasitare
1710 937 1832 991 dis-

102 1027 354 1082 tulerat.
405 1027 569 1093 Quod
620 1025 908 1082 Podiensis
939 1027 1243 1094 episcopus
1297 1026 1614 1088 attendens,
1646 1033 1700 1081 et
1762 1039 1834 1080 ne

105 1114 167 1168 in
200 1123 456 1170 mutuas
477 1123 711 1170 ruerent
735 1114 934 1180 credes,
969 1113 1012 1168 si
1045 1114 1280 1183 quando
1315 1113 1536 1182 uspiam
1582 1113 1829 1182 praeliari

104 1217 207 1258 eos
235 1203 629 1273 contingeret,
686 1217 790 1272 pro
840 1203 1154 1258 barbarum
1202 1202 1580 1257 similitudine
1617 1203 1833 1257 Turcos

105 1291 480 1347 alterutrum
514 1305 572 1346 se
611 1298 892 1359 putantes,
944 1303 1172 1355 verens,
1205 1297 1260 1345 et
1306 1290 1506 1345 crebro
1535 1305 1630 1346 eos
1683 1290 1828 1356 radi,

104 1389 162 1434 et
225 1393 443 1435 cruces
495 1387 814 1450 argenteas,
868 1379 958 1434 vel
1011 1378 1317 1448 cujuslibet
1368 1379 1620 1434 materiei
1667 1379 1828 1447 alias,

105 1467 421 1537 cujusque
467 1467 610 1522 collo
647 1467 914 1536 praecepit
961 1466 1227 1536 appendi,
1271 1480 1342 1520 ne
1372 1465 1517 1520 alter
1548 1466 1618 1520 ab
1651 1466 1831 1521 altero

106 1556 285 1625 quasi
323 1557 656 1625 alienigena
684 1555 857 1625 possit
912 1554 1193 1623 intercipi.
1229 1555 1301 1608 At
1335 1553 1413 1620 hi,
1464 1554 1562 1622 qui
1599 1553 1653 1608 in
1702 1562 1830 1609 ten-

111 1645 282 1699 toriis
341 1643 696 1708 resederant,
755 1644 892 1698 dum
952 1656 1117 1698 inane
1165 1642 1530 1696 civitatenses
1581 1643 1830 1697 audiunt

107 1731 632 1788 vehementissimo
681 1732 1129 1787 tumultuatione
1181 1733 1417 1795 moveri,
1467 1748 1496 1784 e
1539 1731 1830 1799 papilioni-

110 1824 224 1878 bus
307 1823 620 1890 prodeunt.
704 1821 1016 1877 Boemundi
1077 1821 1352 1876 vexillum
1413 1830 1547 1875 ante
1619 1822 1831 1876 moenia

107 1911 361 1977 castelli,
402 1910 661 1966 nondum
711 1910 886 1979 capti,
934 1910 1080 1964 celso
1134 1910 1190 1964 in
1242 1916 1432 1964 monte
1487 1923 1831 1977 conspexere

109 1999 454 2068 praeﬁxum.
526 1998 784 2054 Currunt
849 2012 1103 2067 propere,
1187 2005 1499 2066 portasque
1584 1996 1832 2052 civitatis

113 2090 487 2156 irrumpunt,
545 2089 762 2143 Turcos
831 2087 1293 2156 Sarracenosque
1364 2101 1509 2156 quos
1569 2100 1830 2155 reperere

112 2176 485 2244 percutiunt,
522 2173 630 2228 illis
668 2182 859 2229 tamen
887 2188 922 2229 a
950 2175 1102 2230 caede
1131 2174 1366 2229 salvatis
1399 2173 1500 2242 qui
1531 2173 1828 2228 subintra-

113 2275 251 2316 vere
313 2261 644 2317 castellum.
718 2261 1038 2316 Turcorum
1105 2274 1240 2314 vero
1311 2259 1512 2330 aliqui,
1581 2261 1832 2315 Francos

115 2348 517 2419 intelligentes
546 2347 774 2402 civitate
817 2347 1036 2415 potitos,
1099 2360 1196 2413 per
1244 2345 1387 2400 alias
1448 2347 1606 2402 urbis
1637 2354 1830 2415 Dortas

115 2437 301 2505 elapsi
336 2444 501 2492 sunt.
546 2436 706 2490 Intra
757 2436 954 2491 urbem
1008 2443 1197 2489 autem
1242 2447 1490 2489 sexuum
1531 2434 1834 2490 diversitas

118 2524 438 2580 indiscrete
497 2523 816 2593 perimitur,
897 2522 1125 2592 exigua:
1191 2536 1318 2590 spes
1372 2522 1555 2576 aetatis
1621 2522 1831 2578 excidi-

119 2619 235 2678 tur,
295 2620 374 2678 et,
436 2613 576 2667 dum
633 2610 842 2665 seniori
898 2609 1064 2665 eil'eto
1121 2624 1234 2663 non
1264 2608 1538 2677 parcitur.
1609 2609 1826 2680 ambigi

116 2713 234 2753 non
279 2707 472 2770 potest
521 2705 742 2768 quanta
798 2697 1090 2752 ferocitate
1138 2696 1418 2766 juventus
1479 2697 1641 2752 bellis
1694 2704 1829 2765 apta

117 2789 456 2843 conciditur

189 2875 368 2948 [νη]
425 2876 653 2930 Interea
699 2873 1028 2938 Cassianus,
1068 2873 1168 2942 qui
1201 2872 1573 2928 Antiochenan
1615 2886 1827 2941 praese-

114 2963 284 3019 derat
318 2963 476 3030 urbi,
508 2963 647 3018 dum
707 2964 1060 3018 Francorum
1117 2961 1322 3016 metuit
1382 2975 1590 3015 manus
1645 2961 1830 3016 incur-

1944 843 2305 914 Sogdeanum
2363 846 2615 912 nomine,
2680 855 2743 901 ut
2799 847 3038 901 Romani
3102 846 3372 913 Caesares,
3432 860 3639 903 vocare

1941 933 2141 1000 solent,
2197 935 2380 1004 major
2433 935 2660 1001 domus,
2721 935 2809 989 vel
2857 935 3044 1004 potius
3090 935 3309 990 militiae
3349 935 3636 1005 princeps,

1942 1036 2074 1077 cum
2115 1023 2309 1078 adhuc
2337 1022 2488 1078 infra
2517 1037 2761 1093 regnum
2795 1023 3058 1089 Persidis,
3091 1024 3146 1078 in
3181 1024 3276 1078 illa
3324 1037 3501 1093 quam
3531 1025 3637 1079 Co-

1944 1112 2234 1167 rozaniam
2265 1121 2474 1168 vocant
2502 1112 2796 1182 provincia
2843 1121 3170 1169 moraretur
3195 1113 3418 1182 (dicunt
3445 1121 3637 1170 autem

1941 1199 2178 1269 quidam
2220 1208 2430 1256 terram
2475 1200 2628 1256 circa
2678 1201 3000 1257 Caucasum
3059 1201 3450 1268 Corozaniam,
3507 1216 3639 1258 cor-

1941 1292 2111 1356 rupto
2141 1301 2175 1342 a
2203 1289 2446 1344 rudibus
2505 1290 2752 1355 nomine,
2814 1289 3109 1359 appellari)
3151 1304 3184 1346 a
3215 1290 3450 1359 praefato
3498 1292 3640 1346 Cas—

1939 1376 2120 1441 siano,
2181 1378 2548 1433 Antiochenae
2601 1378 2764 1434 urbis
2817 1377 3090 1447 principe,
3144 1378 3361 1433 crebris
3389 1377 3639 1446 compel-

1941 1463 2174 1520 labatur
2214 1469 2371 1518 409
2405 1465 2628 1520 nuntiis
2671 1481 2788 1534 quo
2828 1467 2935 1521 sibi
2985 1466 3094 1521 sub
3138 1473 3299 1520 tanta
3327 1463 3641 1520 obsidionis

1940 1552 2213 1622 angustia
2251 1553 2429 1619 posito
2461 1561 2848 1617 concurreret,
2886 1553 3158 1621 pollicens
3187 1553 3344 1621 quia,
3379 1552 3424 1605 si
3454 1553 3640 1607 Fran-

1940 1648 2034 1688 cos
2063 1641 2362 1698 averteret,
2405 1641 2508 1688 aut
2548 1635 2748 1688 urbem
2810 1635 3107 1690 liberatam
3165 1633 3343 1702 ipsius
3389 1633 3639 1690 dominio

1941 1722 2320 1786 contraderet,
2367 1730 2468 1777 aut
2501 1722 2899 1778 subventionis
2941 1723 3188 1777 laborem
3230 1722 3484 1777 maxima
3527 1723 3640 1777 im-

1943 1811 2210 1878 pensione
2261 1825 2572 1868 munerum
2629 1819 2979 1881 exmquaret.
3026 1812 3288 1880 Cumque
3325 1811 3638 1866 admodum

1941 1899 2219 1970 grandem
2245 1899 2365 1970 jam
2401 1900 2547 1956 idem
2579 1900 2795 1955 militiae
2837 1901 3123 1970 princeps,
3161 1900 3336 1970 hujus
3383 1914 3483 1969 spe
3513 1900 3639 1969 pol-

1940 1986 2270 2042 licitationis
2354 1987 2594 2054 illectus,
2669 1989 2970 2045 conﬂasset
3053 1989 3396 2057 exercitum,
3482 1995 3538 2044 et
3605 2001 3640 2042 a

1939 2089 2164 2130 summo
2225 2075 2314 2130 sui
2365 2076 2579 2131 erroris
2631 2076 2898 2145 pontiﬁce
2959 2077 3200 2141 (habent
3247 2075 3399 2130 enim
3430 2082 3486 2130 et
3533 2087 3638 2144 pa—

1941 2177 2070 2234 pam
2124 2179 2317 2231 suum,
2369 2164 2441 2219 ad
2491 2164 2674 2219 instar
2730 2165 2927 2232 nostri)
2959 2165 3248 2220 licentiam
3287 2162 3640 2218 Christianos

1941 2252 2252 2320 perimendi
2302 2252 2646 2322 poposcisset
2695 2267 2762 2308 ac
2814 2254 3144 2322 accepisset,
3195 2253 3266 2307 ad
3322 2252 3639 2308 eruendam

1937 2341 2301 2396 Antiochiam
2335 2355 2660 2410 properare,
2698 2342 2920 2398 inﬁnito
2963 2342 3193 2412 agmine
3235 2340 3639 2397 succenturia—

1938 2436 2033 2484 tus
2089 2429 2351 2484 intendit.
2405 2429 2928 2500 Hierosolymorum
2963 2430 3264 2500 praefectus
3305 2431 3476 2499 (quos
3505 2429 3638 2485 bar-

1939 2517 2134 2573 barica
2165 2517 2246 2572 illi
2278 2518 2480 2588 lingua
2526 2519 2924 2574 Admiravisos
2955 2519 3182 2588 vocant)
3223 2517 3471 2587 plurimo
3501 2532 3637 2573 con-

1941 2604 2122 2661 festim
2208 2607 2488 2673 exercitu,
2549 2607 2730 2675 ipsius
2784 2608 3154 2662 adventantis
3203 2606 3398 2676 copias
3448 2606 3635 2662 auxit.

1938 2695 2140 2749 Itidem
2197 2695 2618 2751 Damascenum
2675 2710 2888 2766 regem,
2941 2710 3074 2750 cum
3131 2693 3494 2764 expeditione
3524 2709 3639 2748 non

1937 2782 2198 2849 minima,
2233 2784 2355 2838 suis
2407 2785 2697 2839 contraxit
2728 2782 2984 2839 auxiliis.
3017 2784 3224 2839 Gentes
3266 2791 3458 2839 autem
3505 2782 3636 2848 illae,

1937 2885 2086 2940 quas
2136 2871 2410 2940 profanus
2458 2882 2798 2927 evocaverat
2839 2873 3100 2941 princeps
3150 2880 3356 2941 praeter
3398 2872 3635 2937 Turcos,

1937 2959 2298 3026 Sarracenos,
2333 2961 2548 3016 Arabes
2577 2975 2644 3015 ac
2677 2961 2892 3026 Persas,
2928 2960 3142 3030 cogniti
3175 2960 3436 3016 videlicet
3479 2959 3635 3028 apud

113 3066 264 3120 rere,
301 3053 462 3124 fugae
516 3051 771 3107 subsidio
828 3050 1003 3106 vitam
1050 3051 1156 3105 sibi
1198 3049 1413 3104 lucrari
1469 3049 1822 3113 desiderans,
1867 3055 1907 3110 C
1942 3046 2432 3117 historiographos
2490 3048 2739 3102 nominis
2790 3049 3067 3112 homines,
3136 3048 3366 3102 novitiis
3432 3063 3635 3104 cense-

116 3155 251 3197 cum
295 3139 568 3210 plurimis
615 3140 937 3205 comitibus,
1003 3139 1156 3194 haud
1187 3139 1382 3206 procul
1415 3138 1488 3193 ab
1524 3137 1826 3192 Antiochia

119 3229 176 3283 in
207 3228 501 3285 Tancredi
531 3227 780 3284 confinia
826 3227 1072 3283 devenit.
1108 3227 1254 3282 Sane
1291 3226 1431 3281 dum
1465 3225 1662 3296 fugere
1689 3239 1829 3294 prae-

120 3326 463 3387 properant,
497 3331 678 3386 equos
723 3330 859 3372 suos
894 3315 1241 3372 omnimodis
1269 3315 1515 3369 defectos
1566 3313 1828 3368 reddide-

121 3413 273 3472 rant,
308 3406 559 3476 jamque
598 3418 970 3475 nequaquam
1004 3404 1358 3474 progressius
1410 3403 1492 3457 ire
1551 3403 1826 3465 valentes,

121 3493 180 3547 in
231 3495 598 3550 domicilium
653 3493 943 3563 quoddam
994 3493 1345 3547 diverterant
1399 3501 1824 3546 montanorum.

121 3582 329 3650 Itaque
382 3581 756 3646 habitatores,
814 3579 1071 3636 Armenii
1132 3579 1389 3634 videlicet
1442 3587 1618 3649 atque
1679 3577 1826 3647 Syri,

125 3669 222 3724 ubi
249 3683 427 3726 suum
464 3668 946 3725 immanissimum
987 3669 1203 3723 hostem
1233 3681 1487 3736 paupere
1537 3667 1829 3722 delituisse

125 3759 384 3828 tugurio,
421 3759 656 3814 fortuna
701 3771 834 3814 eum
878 3759 999 3827 jam
1039 3757 1400 3820 adversante,
1451 3763 1824 3826 cognoscunt,

122 3847 612 3918 comprehensum
663 3847 845 3915 capite
899 3852 1217 3900 truncant:
1263 3845 1665 3913 succisamque
1713 3857 1830 3899 cer-

126 3929 306 3984 vicem
386 3931 461 3986 ad
532 3929 845 3986 Boemundi
933 3928 1293 3998 przesentiam
1374 3929 1694 3997 deportant,
1768 3935 1830 3984 ut

126 4017 336 4074 exinde
387 4033 562 4089 penes
617 4031 770 4084 eum,
827 4031 934 4086 pro
969 4016 1178 4071 insoliti
1235 4016 1521 4071 oblatione
1553 4017 1825 4084 muneris,

132 4102 412 4161 libertatis
442 4107 690 4176 gratiam
747 4105 1062 4161 obtineant.
1117 4103 1297 4173 Cujus
1349 4103 1534 4159 balteo
1588 4105 1827 4174 vagina-

132 4207 243 4261 que
282 4194 499 4250 cultelli
529 4193 790 4260 sublatis,
851 4192 1150 4263 sexaginta
1203 4193 1607 4261 Bj'zanteorum
1651 4191 1829 4262 pretio

135 4281 434 4338 vendenda
479 4290 774 4337 taxarunt.
829 4281 996 4336 Gesta
1052 4288 1188 4336 sunt
1231 4281 1352 4335 hzec
1405 4280 1599 4335 Nonas
1649 4281 1825 4348 Junii,

1938 3135 2153 3190 bantur
2185 3135 2504 3202 vocabulis,
2538 3135 2836 3190 Publicani
2864 3135 3095 3202 scilicet,
3124 3135 3309 3201 Curti,
3360 3136 3634 3202 Azimitae,

1933 3230 1989 3277 et
2044 3221 2320 3290 Agulani,
2355 3237 2486 3278 cum
2520 3222 2649 3277 aliis
2697 3222 3220 3278 innumerabilibus
3257 3236 3634 3292 nequaquam

1939 3310 2230 3380 gentibus,
2315 3310 2412 3365 sed
2477 3312 2766 3380 portentis.
2848 3310 3064 3365 Eorum
3127 3309 3413 3379 siquidem
3473 3309 3637 3380 [quos

1933 3398 2235 3469 Agulanos
2291 3399 2585 3468 appellant
2636 3397 2745 3454 tria
2814 3413 3056 3454 numero
3115 3397 3292 3453 millia
3347 3398 3635 3454 exstitisse

1938 3486 2252 3548 feruntur.
2287 3486 2394 3551 Qui
2445 3502 2634 3557 neque
2683 3486 2924 3558 gladios,
2984 3501 3173 3556 neque
3225 3486 3470 3551 lanceas,
3533 3493 3635 3541 aut

1936 3574 2192 3645 sagittas,
2225 3575 2387 3632 nulla
2416 3577 2646 3646 penitus
2705 3589 2869 3631 arma
2924 3575 3256 3642 formidant,
3308 3574 3449 3643 quia
3477 3574 3631 3629 omni

1937 3676 2009 3717 ex
2071 3671 2230 3732 parte
2274 3678 2408 3718 cum
2441 3664 2565 3734 ipsi,
2619 3671 2742 3720 tum
2797 3663 2935 3733 equi
2993 3676 3192 3719 eorum
3240 3662 3389 3716 ferro
3419 3661 3634 3730 adope-

1936 3752 2194 3807 riuntur.
2228 3751 2296 3806 Hi
2328 3752 2473 3825 nihil
2505 3766 2804 3808 armorum
2837 3765 3076 3820 prorsus
3126 3750 3187 3805 in
3221 3749 3384 3805 bellis
3431 3758 3636 3818 praeter

1935 3852 2098 3894 enses
2126 3840 2505 3895 usuihabent.

2008 3927 2308 3982 Curbaran
2367 3928 2548 3998 igitur
2600 3941 2750 3989 cum,
2791 3935 2949 3982 tanto
3016 3926 3274 3997 gentium
3338 3924 3490 3980 fastu
3560 3924 3632 3979 ad

1941 4014 2188 4069 Francos
2221 4015 2293 4070 ab
2322 4015 2623 4070 Antiochia
2648 4015 3012 4070 divertendos
3030 4013 3426 4068 contendebat.
3465 4014 3636 4068 Cum-

1940 4117 2054 4173 que
2096 4103 2218 4172 jam
2275 4104 2433 4159 ﬁeret
2493 4104 2620 4160 urbi
2651 4102 2978 4173 contiguus,
3033 4114 3163 4156 ecce
3224 4099 3480 4155 Cassiani
3539 4101 3634 4156 de-

1940 4190 2122 4246 functi
2190 4189 2360 4257 ﬁlius,
2433 4191 2780 4246 Sensadolus
2834 4187 3135 4255 vocabulo,
3193 4188 3400 4244 obvius
3448 4187 3630 4243 eidem

1940 4279 2184 4349 principi
2217 4279 2418 4344 adfuit,
2468 4287 2522 4333 et
2570 4293 2702 4333 cum
2745 4278 2927 4334 multa
2980 4277 3050 4332 ad
3082 4290 3216 4332 eum
3248 4274 3635 4330 maestitudine

135 4381 265 4423 cum
288 4372 498 4439 quinta
528 4371 837 4426 haberetur
885 4370 1046 4424 feria.
1081 4370 1350 4424 Cerneres
1380 4369 1669 4425 civitatem
1705 4386 1824 4426 cae-
1863 4353 1906 4408 Ι)
1937 4366 2085 4432 dixit
2115 4382 2126 4419 :
2166 4388 2187 4414 ι
2231 4366 2374 4421 Cum
2409 4379 2619 4436 magna
2650 4373 2764 4420 tuae
2813 4363 3166 4421 fortitudinis
3214 4364 3498 4420 habeatur
3538 4378 3635 4418 ce—

136 4455 305 4512 dibus
361 4459 672 4529 explicitis,
736 4458 1110 4514 intolerandis
1165 4459 1464 4513 exundare
1514 4458 1824 4530 fetoribus;

139 4543 277 4613 fora,
312 4547 549 4616 plateas,
599 4549 765 4612 atria,
811 4546 1212 4616 vestibulaque
1253 4546 1490 4612 aedium,
1524 4561 1654 4616 quae
1706 4547 1828 4616 pri-

136 4632 280 4699 dem,
314 4636 500 4691 multa
523 4637 774 4704 mquoris
795 4634 1165 4704 gratitudine,
1192 4647 1526 4689 marmoreae
1555 4635 1828 4690 crustulaa

135 4720 538 4790 distinxerant,
572 4723 860 4779 teterrimo
886 4723 1007 4792 jam
1040 4721 1402 4777 uniformiter
1445 4737 1651 4778 cruore
1706 4737 1826 4778 sor-

135 4808 341 4866 debant
390 4812 870 4882 inlinitorumque
935 4811 1286 4866 cadaverum
1350 4812 1558 4879 passim
1601 4811 1829 4867 decum-

138 4895 306 4954 bente
343 4902 630 4972 congerie,
664 4899 993 4955 truculenta
1019 4899 1366 4969 spectacula,
1427 4913 1828 4970 aurarumque

135 4996 538 5057 corrUptarum
573 4988 845 5049 feralitas,
879 4989 1177 5044 oculorum
1208 5001 1276 5042 ac
1306 4988 1538 5042 narium
1590 4989 1824 5044 misera-

137 5071 321 5129 biliter
379 5091 584 5134 sensus
653 5074 986 5131 infecerant.
1066 5075 1481 5132 Sternebantur
1568 5077 1825 5132 vicorum

135 5165 413 5232 angustia:
443 5179 755 5235 corporum
793 5171 983 5234 strage
1014 5164 1360 5234 potentium,
1417 5171 1472 5218 et
1535 5165 1675 5219 dum
1723 5179 1829 5220 nec

135 5243 400 5308 efferendi
458 5261 538 5309 tot
593 5253 798 5309 funera
856 5251 1101 5308 facultas
1157 5251 1358 5322 aliqua
1407 5251 1687 5321 subjaret,
1723 5267 1827 5308 nec

141 5339 323 5392 tutum
351 5355 384 5395 a
413 5341 691 5398 fetoribus
718 5340 1128 5396 diverticulum
1172 5352 1422 5409 usquam
1450 5347 1624 5409 patet,
1681 5342 1826 5395 assi-

141 5418 323 5480 duitas
351 5429 591 5485 visionis
637 5443 706 5484 ac
753 5427 1010 5497 spiritus,
1047 5442 1162 5497 prae
1212 5427 1478 5483 sensibus
1534 5427 1824 5482 constitu-

142 5513 257 5563 tum
287 5513 608 5572 decutiebat
654 5515 966 5571 horrorem.
1006 5515 1165 5572 Unde
1213 5513 1334 5583 jam
1370 5528 1471 5582 per
1496 5514 1616 5582 ipsa
1649 5514 1826 5568 cada-

142 5605 291 5664 vera,
322 5603 538 5670 quibus
589 5610 781 5657 stratae
833 5609 998 5657 erant
1044 5601 1278 5667 semitae,
1321 5615 1505 5667 nemo,
1540 5615 1650 5655 usu
1682 5613 1826 5668 pra--

146 5679 303 5740 bente
333 5692 660 5750 audaciam,
693 5689 998 5745 verebatur
1026 5689 1307 5744 incedere.

1937 4453 2190 4522 lebritas,
2251 4465 2304 4510 et
2361 4463 2594 4510 tuarum
2664 4454 3037 4510 victoriarum
3097 4454 3315 4524 ubique
3371 4453 3631 4524 gentium

1935 4543 2405 4613 incomparabilis
2436 4544 2707 4612 procedat
2755 4542 2973 4612 opinio,
3028 4541 3098 4596 de
3145 4541 3278 4608 tuis,
3335 4547 3400 4596 ut
3444 4554 3628 4610 spero,

1936 4631 2216 4701 prmsidiis
2271 4633 2633 4701 neutiquam,
2669 4631 2757 4686 vir
2798 4629 3187 4694 invictissime,
3235 4628 3378 4682 mihi
3426 4628 3633 4698 despe-

1935 4734 2066 4775 rare
2097 4720 2306 4776 licebit.
2342 4721 2490 4776 Dum
2522 4722 2674 4776 enim
2708 4728 2806 4776 tua
2841 4718 3056 4774 nemini
3085 4717 3312 4773 videam
3365 4730 3480 4772 non
3533 4730 3633 4771 va-

1936 4807 2366 4880 leresuﬂ‘ragia.
2404 4818 2621 4881 tuaque
2652 4810 2862 4880 passim
2910 4813 3128 4863 constet
3178 4806 3250 4860 ob
3305 4804 3632 4861 facinorum

1934 4896 2252 4952 claritatem
2285 4900 2602 4955 reverenda
2651 4897 2926 4970 potentia,
2973 4909 3090 4950 non
3145 4893 3252 4949 nisi
3310 4893 3513 4963 pudori
3549 4901 3634 4948 est

1933 4999 2126 5040 coram
2175 4992 2226 5040 te
2284 4999 2412 5040 mea
2467 4986 2764 5056 deplorare
2825 4982 3163 5048 infortunia,
3213 4995 3347 5037 cum
3404 4989 3629 5058 certum

1935 5076 2180 5136 teneam,
2237 5083 2305 5124 ea
2355 5085 2486 5140 quae
2539 5085 2856 5126 exoravero
2886 5069 2944 5125 in
2978 5080 3207 5124 cassum
3261 5065 3423 5121 nullo
3462 5066 3632 5121 modo

1936 5173 2178 5229 prorsus
2239 5159 2412 5215 itura.
2479 5160 2736 5215 Meminit
2783 5158 2966 5229 gloria
3028 5165 3129 5212 tua
3185 5161 3330 5225 quot
3381 5168 3416 5209 a
3470 5161 3633 5225 patre

1931 5247 2226 5316 Cassiano,
2252 5248 2392 5304 dum
2422 5247 2479 5302 in
2510 5246 2818 5304 Antiochia
2871 5246 3252 5312 obsideretur,
3315 5245 3630 5316 legationes

1934 5337 2230 5403 habueris,
2286 5345 2340 5392 et
2363 5338 2540 5408 quod,
2575 5337 2715 5391 dum
2745 5336 2796 5391 ei
2849 5335 3159 5392 subvenire
3197 5333 3499 5401 deliberas,
3534 5347 3628 5388 ca-

1935 5434 2090 5495 ptam
2129 5440 2164 5480 a
2201 5427 2434 5481 Francis
2488 5426 2692 5481 urbem
2749 5424 3024 5490 audieris,
3080 5437 3240 5479 nunc
3291 5422 3632 5491 interempto

1936 5523 2170 5583 parente
2202 5516 2351 5572 intra
2395 5514 2724 5585 praesidium
2755 5512 3014 5582 ejusdem
3052 5511 3303 5567 civitatis
3343 5511 3624 5577 obsideor,

1933 5600 2133 5655 eadem
2163 5602 2361 5668 procul
2411 5601 2588 5657 dubio
2634 5600 2775 5656 mihi
2824 5599 2926 5668 ipsi
2964 5597 3299 5668 praestolans
3325 5604 3628 5663 eventura,

1935 5703 2067 5757 quae
2095 5689 2239 5755 patri
2265 5690 2632 5759 cognoverim
2681 5689 2848 5743 facta.
2900 5687 2954 5742 Si
3003 5686 3366 5742 Antiochiam
3418 5700 3629 5754 perva—
