3934 6404
314 358 420 412 755

1199 356 1265 411 V.
1314 354 1649 413 GUIBEBTI
1687 353 1981 412 ABBATIS
2013 352 2069 410 S.
2111 351 2355 411 MARDE
2385 354 2478 413 DE
2522 354 2917 413 NOVIGENTO

3720 359 3835 418 756

312 500 531 562 serunt,
562 493 831 565 idemque
859 492 1128 564 plurimis
1172 493 1465 550 Bumaniae
1498 508 1565 549 ac
1598 492 1776 563 Syriae
1804 491 2006 548 muni-
2042 494 2089 546 A
2113 490 2403 548 Orientem
2444 490 3004 563 depopulabantur?
3048 490 3139 546 his
3180 490 3403 547 viribus
3434 490 3678 548 Caucasi
3714 505 3829 547 ex-

311 583 475 655 cipiis
519 583 885 654 urbibusque
944 582 1219 650 fecerunt,
1266 582 1574 639 iuduhium
1628 582 1878 652 profecto
1930 590 2015 637 est

312 670 468 743 quod
492 678 549 727 et
575 669 741 727 vobis
767 678 824 726 et
851 670 980 727 aliis
1007 679 1217 726 nostrae
1264 670 1597 726 hominibus
1626 670 1813 739 gentis
1839 677 2015 739 atque

312 760 470 826 locis,
528 758 837 815 identidem
893 758 1078 815 facere
1143 766 1588 828 proposuerunt.
1660 757 2014 813 Excellentia

314 849 512 919 itaque
542 855 663 913 tua,
719 847 962 904 admotis
992 854 1191 903 contra
1229 854 1345 902 tam
1374 846 1605 902 rabidos
1643 859 1824 901 ausus
1866 845 2011 902 viri-

314 941 447 1005 bus,
479 941 781 1007 excitetur,
837 948 911 1007 et,
966 939 1160 996 omnia
1216 952 1499 1008 occupare
1539 938 1867 994 volentibus
1910 939 2011 995 bo-

311 1032 536 1089 minum
570 1028 972 1100 pauperrimis,
1009 1037 1194 1098 ccepta
1236 1028 1584 1097 possibilitas
1612 1028 2008 1085 abscindatur.

316 1120 448 1177 Mihi
482 1133 687 1188 nempe
730 1117 790 1172 in
832 1117 974 1172 meis
1017 1116 1363 1183 infortuniis,
1399 1125 1628 1172 tuorum
1659 1115 2013 1172 auxiliorum

315 1220 441 1276 spes
482 1219 754 1275 suprema
800 1206 1105 1260 restiterat.
1158 1223 1187 1256 ι
1232 1203 1336 1260 Cui
1385 1205 1776 1273 querimonias
1829 1220 2014 1277 exag-

314 1294 537 1365 geranti
576 1307 665 1349 me
698 1292 868 1348 refert
901 1307 913 1346 :
941 1292 1071 1359 «Si,
1122 1291 1332 1362 inquit,
1389 1292 1473 1347 vis
1526 1300 1593 1347 ut
1624 1291 1712 1347 his
1757 1294 1869 1349 tuis
1918 1293 2013 1348 in—

313 1381 600 1437 stantibus
628 1379 899 1449 periculis
925 1380 1144 1435 obstem
1180 1379 1411 1448 tuisque
1451 1379 1798 1434 utilitatibus
1821 1386 2012 1435 atten-

314 1469 431 1527 tius
467 1482 701 1538 operam
735 1468 886 1533 dem,
918 1467 1220 1537 oppidum,
1280 1467 1437 1536 quod
1493 1467 1750 1523 defendis
1800 1476 1855 1523 et
1911 1482 2012 1538 pro

313 1572 430 1629 quo
472 1557 786 1627 supplicas,
816 1571 971 1611 meae
1015 1555 1216 1611 ditioni
1273 1556 1563 1622 contrade,
1621 1563 1677 1612 et
1708 1564 2012 1626 postquam

313 1646 456 1702 meis
481 1645 699 1701 castelli
731 1645 1053 1701 custodiam
1106 1644 1468 1715 delegavero,
1513 1652 1650 1699 tunc
1702 1646 2014 1714 experieris

2121 587 2304 635 trema
2332 579 2703 637 subdentur?
2733 593 2948 649 easque
2988 583 3143 633 4Io
3180 578 3437 635 fortassis
3484 593 3633 651 quas
3673 579 3823 635 anti-

2122 668 2322 738 quitus
2351 668 2650 725 obtinuere
2696 677 2878 725 terras
2921 672 3252 734 Amazones,
3302 681 3370 724 ac
3410 669 3592 724 nostri
3633 683 3826 739 quon-

2120 758 2253 812 dam
2313 758 2422 813 sibi
2481 757 2843 813 vindicavere
2891 764 3175 827 parentes,
3240 764 3507 826 poterunt
3565 757 3829 813 adimere

2121 845 2286 901 nobis
2342 846 2546 901 Franci
2607 859 2843 915 prorsus
2898 843 3189 900 inermes?
3223 866 3244 893 ι
3303 846 3480 913 Dixit,
3536 853 3591 902 et
3636 846 3827 901 accito

2120 934 2414 990 confestim
2447 934 2687 1000 notario,
2723 934 2797 987 :iit
2837 948 2848 985 :
2887 956 2906 981 ε
2942 933 3136 989 Scribe
3184 935 3535 1003 quantocius
3587 934 3825 990 eosdem

2120 1023 2311 1092 apices
2339 1037 2436 1092 per
2459 1023 2686 1078 diversa
2716 1022 2943 1092 pitac;:i,
2988 1036 3119 1092 quae
3163 1036 3264 1091 per
3309 1021 3633 1091 provincias
3686 1022 3825 1077 Per-

2119 1111 2258 1167 sidis
2295 1111 2640 1182 dirigantur,
2691 1110 2765 1166 ad
2820 1123 3026 1180 papam
3080 1109 3346 1166 videlicet
3394 1119 3675 1177 nostrum,
3749 1109 3828 1165 ad

2119 1199 2419 1255 dominum
2462 1199 2633 1255 etiam
2688 1208 2952 1255 nostrum
2983 1212 3180 1268 regem
3213 1199 3537 1262 Persarum,
3569 1198 3640 1253 ad
3672 1211 3829 1267 prae-

2121 1286 2294 1344 fectos
2315 1301 2548 1357 quoque
2578 1296 2632 1343 et
2657 1287 3075 1343 commilitones
3102 1287 3465 1342 diversarum
3489 1287 3822 1356 regionum.

2121 1375 2374 1442 Quorum
2411 1376 2532 1431 haec
2562 1375 2796 1446 quidem
2833 1376 3114 1431 habeatur
3142 1375 3424 1431 sententia
3453 1389 3465 1428 :

2198 1464 2314 1536 [X.]
2339 1485 2365 1515 α
2398 1464 2638 1519 Domino
2666 1465 2786 1534 regi
2819 1463 3127 1534 magnifico
3156 1466 3485 1531 Persarum,
3538 1476 3827 1532 papaaquc

2122 1553 2466 1618 beatissimo,
2491 1560 2544 1607 et
2576 1552 2845 1607 omnibus
2875 1553 3155 1607 adversus
3183 1551 3537 1608 Christianos
3557 1559 3822 1607 sanctam

2122 1640 2385 1710 professis
2415 1640 2698 1706 militiam,
2749 1640 3050 1696 Curharan
3091 1654 3210 1695 sua:
3264 1640 3481 1695 militiae
3527 1640 3821 1709 princeps,

312 1742 601 1805 quantum
653 1746 755 1801 pro
809 1740 907 1788 tuo
973 1745 1249 1788 exercear
1304 1732 1621 1787 commodo.
1678 1753 1698 1780 ι
1759 1732 1838 1787 Ad
1890 1733 2011 1788 haec
2050 1728 2356 1826 Bsalutem
2378 1736 2551 1797 atque
2581 1728 2899 1784 victoriam.

315 1822 705 1880 Sensadolus:
744 1843 764 1869 ο
802 1820 856 1876 Si
887 1821 1154 1887 Francos,
1212 1819 1310 1887 ait,
1359 1819 1497 1874 mihi
1548 1833 1784 1889 prorsus
1835 1821 2008 1876 inter-

314 1911 480 1977 imas,
537 1908 793 1979 mihique
827 1922 1029 1964 eorum
1062 1908 1288 1963 desecta
1325 1907 1515 1977 capita
1550 1908 1760 1975 tradas,
1796 1908 2010 1965 admit-

314 2006 434 2055 tam
477 2005 528 2053 te
559 1998 615 2052 in
653 1997 951 2067 oppidum,
986 1996 1250 2066 factoque
1305 1996 1403 2051 tibi
1437 1996 1709 2064 hominio,
1753 2004 1851 2052 tuo
1889 1997 2011 2067 juri

316 2086 468 2142 idem
549 2086 794 2141 servabo
877 2084 1196 2140 castellum.
1234 2105 1256 2132 ι
1303 2084 1405 2139 Cui
1491 2084 1791 2140 Curharan
1835 2085 1954 2141 'ait
1995 2099 2008 2140 :

321 2196 343 2223 α
388 2174 512 2230 Non
542 2174 623 2229 ita
652 2188 877 2229 mecum
899 2181 1138 2229 acturus
1161 2187 1220 2228 es
1248 2187 1261 2226 :
1294 2173 1390 2228 sed
1441 2174 1715 2229 continuo
1758 2180 2013 2229 castrum

315 2263 525 2319 trades.
585 2282 608 2311 ι
673 2263 819 2328 Quid
867 2260 1085 2331 plura?
1115 2261 1341 2317 Profaui
1397 2261 1673 2330 principis
1720 2263 1856 2317 vicit
1907 2275 2015 2317 ex-

317 2351 487 2418 actio,
546 2356 601 2406 et
659 2363 719 2406 se
758 2350 993 2421 juvenis
1043 2362 1078 2403 a
1133 2348 1387 2405 dominio
1427 2349 1643 2403 castelli
1699 2363 2012 2418 exponens,

315 2438 481 2496 illum
507 2438 613 2509 qui
665 2439 1067 2508 extorquebat,
1133 2451 1247 2492 non
1299 2437 1403 2493 diu
1462 2436 1593 2493 inde
1654 2438 2013 2507 gavisurum,
2059 2430 2063 2435 ’

317 2526 571 2582 induxit.

391 2612 544 2686 [IX.]
569 2610 946 2668 Antiochiam
974 2611 1189 2667 obsidet
1203 2612 1527 2669 Curharan.
1551 2611 1842 2679 —Tertia,
1874 2620 2017 2681 post-

319 2715 502 2773 quam
534 2700 898 2757 Antiochiam
946 2700 1147 2756 Franci
1180 2700 1528 2769 irruperant,
1568 2700 1688 2756 dies
1716 2702 2013 2771 agebatur,

319 2804 454 2846 cum
483 2803 613 2845 ecce
653 2789 976 2845 Turcorum
1025 2788 1363 2859 praeambuli
1425 2797 1556 2845 ante
1599 2789 1762 2845 urbis
1807 2789 2020 2845 moenia

320 2886 752 2947 cucurrerunt;
785 2878 1011 2947 reliqua
1064 2892 1198 2933 vero
1247 2878 1534 2934 exercitus
1582 2878 1905 2948 frequentia
1945 2878 2014 2933 ad

319 2965 778 3036 Pbarpharicum
831 2966 957 3022 fixit
1011 2966 1256 3022 tentoria
1288 2973 1535 3036 pontem.
1582 2966 2018 3036 Aggrediuntur

2193 1834 2222 1867 α
2267 1815 2536 1871 Gratulor
2586 1830 2829 1871 summa;
2884 1815 3192 1884 divinitati,
3241 1824 3431 1885 patres
3477 1829 3545 1871 ac
3568 1814 3813 1881 domini,

2121 1904 2275 1973 quod
2310 1913 2565 1973 tempora
2588 1904 2753 1959 nobis
2780 1904 3009 1974 gaudiis
3053 1917 3276 1973 semper
3312 1911 3637 1974 opportuna
3689 1916 3826 1971 sup-

2123 1992 2357 2063 peditat,
2411 2000 2468 2048 et
2515 1993 2786 2048 victorias
2840 1992 2910 2049 de
2970 1993 3233 2049 hostibus
3280 1992 3553 2063 gentium
3595 1990 3823 2060 ubique

2122 2080 2425 2137 ministrat.
2458 2081 2591 2136 Tria
2639 2081 2761 2137 haec
2790 2081 2953 2137 vobis
2981 2095 3144 2136 arma
3179 2080 3644 2146 transmittimus,
3681 2092 3821 2148 quas

2124 2169 2358 2238 quidem
2395 2169 2632 2225 Francis
2662 2169 2921 2236 tulimus,
2971 2177 3036 2225 ut
3066 2170 3306 2225 videatis
3348 2184 3465 2239 quo
3497 2168 3825 2224 munimine

2125 2256 2396 2326 polleant,
2454 2257 2555 2327 qui
2605 2272 2710 2312 nos
2778 2272 2812 2313 a
2881 2257 3065 2327 patria
3111 2257 3423 2313 exturbare
3473 2255 3817 2311 desiderant.

2125 2344 2267 2401 Sciri
2294 2354 2489 2401 autem
2519 2359 2554 2401 a
2584 2346 2746 2400 vobis
2800 2345 2927 2401 volo
2979 2346 3120 2415 quia
3180 2346 3449 2410 Francos,
3498 2344 3601 2414 qui
3656 2343 3822 2399 nobis

2130 2433 2821 2502 omnibus;minabantur
2873 2434 3137 2497 exitium,
3204 2434 3358 2489 intra
3410 2432 3593 2503 ipsam
3642 2445 3826 2502 quam

2124 2529 2413 2589 coeperant
2440 2522 2803 2577 Antiochiam
2837 2522 3095 2577 obsessos
3136 2529 3323 2589 teneo,
3371 2528 3623 2576 castrum
3684 2533 3826 2575 vero

2126 2610 2282 2680 quod
2329 2610 2628 2680 praeminet
2673 2610 2806 2666 urbi
2837 2610 3197 2677 altrinsecus,
3227 2624 3258 2665 e
3285 2609 3516 2680 regione
3564 2608 3824 2664 obsesso-

2128 2712 2278 2766 rum,
2303 2698 2577 2768 possideo.
2614 2698 2839 2754 Etcum
2871 2713 3010 2754 mete
3048 2698 3305 2768 adjaccat
3330 2697 3401 2752 ad
3446 2696 3670 2752 libitum
3717 2709 3822 2750 vo-

2128 2786 2337 2843 luntati
2375 2794 2477 2842 aut
2525 2786 2825 2843 conclusos
2854 2786 3161 2853 trucidare,
3215 2793 3318 2841 aut
3346 2794 3618 2841 extremae
3646 2782 3824 2852 capti-

2125 2874 2289 2930 vitati
2338 2874 2639 2943 addicere;
2699 2887 2803 2929 vos
2859 2873 3109 2941 interim,
3166 2873 3306 2929 dum
3353 2872 3597 2933 redeam,
3653 2870 3821 2926 nulla

2126 2962 2257 3020 volo
2312 2963 2489 3018 nostri
2544 2975 2719 3017 causa
2774 2962 3158 3018 sollicitudine
3187 2961 3475 3031 cruciari;
3523 2960 3620 3016 sed
3672 2960 3822 3015 scire

320 3066 458 3125 ergo
506 3055 941 3125 quamprimum
1004 3056 1209 3111 turrim
1270 3056 1427 3125 ponti
1485 3054 1837 3125 contiguam,
1901 3068 2020 3124 qua
2055 3050 2523 3120 ciudubitanter
2570 3063 2674 3104 nos
2727 3063 2928 3105 eorum
2986 3050 3220 3105 omnino
3282 3048 3585 3105 dominari.
3648 3049 3823 3105 Solito

320 3141 551 3212 magnis
575 3151 912 3214 expugnata
953 3143 1192 3210 nisibus,
1254 3156 1452 3198 omnes
1484 3142 1819 3198 interimunt
1875 3157 2021 3213 quos

320 3241 582 3300 raperem
659 3231 1023 3295 intrinsecus,
1090 3245 1197 3287 nec
1256 3229 1533 3301 cuiquam
1599 3229 1829 3287 illorum
1900 3231 2020 3288 vita

323 3319 553 3379 indulta
572 3326 675 3387 est,
705 3328 916 3390 praeter
939 3319 1042 3376 soli
1071 3334 1272 3375 eorum
1312 3319 1564 3386 domino,
1600 3333 1773 3389 quem
1804 3326 2017 3387 tamen,

321 3415 525 3465 exacto
557 3408 919 3478 postmodum
977 3415 1178 3463 contra
1209 3406 1313 3462 hos
1364 3407 1531 3472 bello,
1580 3407 1760 3462 nostri
1793 3410 2023 3463 invene-

326 3504 466 3553 runt
488 3496 879 3565 compeditum
925 3495 1093 3551 ferro.
1147 3494 1422 3551 Postridie
1473 3495 1760 3551 exercitus
1818 3509 2019 3566 prope-

323 3584 475 3642 ravit
496 3584 569 3640 ad
600 3583 843 3654 urbem;
879 3597 947 3639 ac
975 3583 1034 3639 in
1060 3582 1247 3639 medio
1271 3583 1520 3639 duorum
1554 3583 1885 3649 fluminum,
1916 3598 2019 3641 ca-

324 3680 577 3731 strorum
606 3668 714 3728 sibi
743 3671 867 3728 loca
899 3672 1167 3742 legentes,
1214 3672 1358 3727 duos
1414 3671 1622 3727 ibidem
1676 3674 2014 3744 egere‘dies.

326 3763 504 3831 Capto
550 3761 745 3831 itaque
772 3768 977 3830 castro,
1006 3761 1177 3831 cujus
1206 3761 1505 3831 praesidem
1537 3761 1597 3816 in
1623 3762 1859 3817 vincula
1884 3777 2019 3818 con-

320 3849 541 3920 jectum
571 3848 966 3918 praediximus,
1020 3848 1324 3906 Curharan
1360 3864 1542 3905 unum
1570 3849 1638 3906 de
1666 3851 1788 3906 suis
1817 3864 2020 3921 proce-

326 3936 490 3993 ribus
512 3942 730 4004 evocat,
763 3950 934 4006 quem
969 3950 1233 4007 sagacem
1283 3936 1507 4007 sibique
1546 3938 1726 3994 fldum
1758 3946 2017 4007 noverat,

323 4025 493 4097 eique
548 4023 833 4095 imperat:
881 4047 903 4074 ι
942 4025 1117 4092 Vade,
1150 4032 1205 4081 et
1250 4026 1356 4080 hoc
1407 4025 1543 4081 mihi
1598 4025 1897 4096 oppidum,
1929 4024 2022 4083 fea

324 4127 444 4183 qua
494 4113 664 4169 debes
712 4120 769 4168 et
825 4112 895 4169 de
944 4120 1000 4168 te
1035 4127 1200 4183 spero
1232 4113 1501 4169 fidelitate
1550 4113 1808 4169 defende.
1850 4136 1879 4164 »
1915 4114 2019 4170 Cui

325 4201 397 4256 lle
422 4217 437 4255 :
467 4223 489 4250 ι
523 4200 787 4271 Imperio,
822 4200 923 4266 ait,
957 4214 1131 4270 super
1161 4202 1268 4256 hac
1297 4215 1357 4257 re
1389 4210 1487 4257 tuo
1540 4202 1852 4257 difficulter
1882 4203 2021 4259 obe-

2124 3152 2262 3209 ergo
2294 3137 2476 3194 tutius
2503 3146 2701 3193 vacate
2744 3138 2980 3205 deliciis,
3014 3138 3263 3193 lautiora
3310 3137 3618 3207 epularum
3666 3138 3827 3192 obso-

2127 3227 2225 3284 nia
2250 3226 2551 3293 celebrate,
2583 3226 2981 3297 multiplicatis
3030 3226 3348 3297 conjugum
3386 3234 3828 3297 scortorumque

2128 3315 2410 3386 gynaciis,
2443 3316 2640 3385 generi
2667 3315 3039 3386 propagando
3088 3315 3328 3370 insistite
3366 3322 3420 3370 et
3459 3328 3829 3370 succrescens

2128 3405 2378 3462 ﬁliorum
2410 3417 2711 3471 numerus,
2745 3403 3092 3468 Christiano,
3142 3403 3298 3473 quod
3325 3404 3445 3474 jam
3479 3410 3602 3459 tum
3631 3411 3686 3459 et
3716 3418 3820 3458 no-

2128 3494 2290 3560 mini,
2324 3491 2510 3548 valeat
2535 3491 2788 3547 obviare.
2825 3491 3021 3547 Testor
3059 3498 3457 3547 verumtamen
3506 3504 3825 3558 summum,

2127 3581 2452 3639 beatissimo
2508 3581 2793 3637 Mathomo
2836 3580 3252 3649 patrocinante,
3296 3580 3633 3646 Tonantem,
3685 3593 3829 3648 quo-

2127 3667 2283 3724 niam
2335 3681 2452 3723 non
2509 3673 2640 3722 ante
2691 3674 2896 3722 vestrae
2946 3666 3143 3722 oculos
3190 3666 3504 3737 majestatis
3569 3666 3823 3733 intuear,

2127 3758 2306 3813 donec
2332 3756 2548 3826 regiam
2595 3756 2819 3822 urbem,
2851 3754 3064 3811 scilicet
3111 3754 3496 3820 Antiochiam,
3541 3754 3823 3823 appendi-

2127 3859 2368 3915 cemque
2402 3844 2657 3914 .Syriam,
2703 3843 2928 3900 Grmcos
2976 3851 3152 3913 atque
3196 3843 3484 3912 Epirotas,
3530 3856 3678 3913 quos
3734 3841 3819 3896 di-

2128 3941 2269 3989 cunt
2320 3932 2620 4003 Bulgaros,
2678 3946 2805 3987 meo
2867 3932 2978 3987 sub
3039 3931 3172 4000 jure
3213 3946 3539 4000 coerceam;
3601 3929 3820 4000 Apulos

2129 4035 2363 4091 quoque
2389 4028 2439 4076 et
2472 4020 2745 4076 Calabros
2786 4020 2854 4074 ad
2917 4022 3116 4075 vestrae
3160 4019 3358 4090 gloriae
3401 4020 3817 4075 incrementum

2130 4124 2269 4165 mea;
2297 4109 2497 4164 ditioni
2518 4108 2896 4178 subjungam.
2930 4106 3146 4162 Valete.
3186 4129 3207 4155 ι

2201 4194 2341 4267 [XLj
2372 4196 2567 4249 Mater
2607 4194 2913 4248 Curbaran
2932 4192 3122 4263 ﬁlium
3156 4192 3446 4249 deterrere
3472 4197 3718 4248 conatur
3747 4193 3819 4247 ab

325 4289 517 4356 diam;
550 4289 605 4344 id
654 4296 847 4345 tamen
898 4289 1026 4360 ejus
1075 4289 1313 4346 rationis
1367 4289 1688 4346 conditione
1732 4290 2021 4360 perﬁciam
2062 4355 2094 4360 _
2132 4283 2592 4338 Christianorum
2639 4281 3050 4339 internecione.
3084 4313 3154 4323 —-
3187 4288 3254 4338 At
3291 4289 3474 4339 mater
3519 4281 3821 4339 Curharan

325 4385 413 4447 ut,
461 4355 511 4434 si
570 4378 805 4434 Francis
853 4355 1079 4434 cesserit
1118 4379 1375 4446 victoria,
1407 4378 1599 4435 idetur
1646 4355 1787 4434 mihi
1838 4379 2024 4435 victo-
2062 4355 2105 4409 Ῑ)
2136 4372 2330 4442 ipsius,
2384 4386 2516 4442 quae
2554 4372 2613 4426 in
2671 4371 2851 4440 Aleph
2906 4370 3176 4427 manebat
3232 4369 3480 4432 civitate,
3525 4383 3626 4440 per
3677 4369 3823 4425 idem

327 4466 492 4523 ribus
536 4474 789 4523 castrum
848 4467 1109 4523 tradendi
1153 4467 1404 4523 licentia.
1441 4489 1463 4516 ι
1499 4466 1798 4523 Curharan
1848 4480 2019 4522 vero:

329 4575 358 4604 α
396 4554 559 4626 Ejus,
613 4556 714 4617 ait,
764 4556 985 4612 consilii
1037 4556 1493 4626 constantiaque
1536 4564 1589 4611 te
1630 4554 1889 4610 noverim
1937 4563 2019 4623 ut,

327 4643 618 4715 quidquid
666 4642 769 4701 tibi
798 4644 1009 4702 exinde
1054 4659 1225 4717 agere
1258 4643 1512 4712 libuerit,
1568 4656 1807 4699 securus
1843 4656 2025 4699 assens

329 4732 487 4789 tiam.
523 4755 546 4783 ι

399 4818 580 4878 Castri
641 4835 778 4893 ergo
832 4821 987 4879 illius
1040 4821 1363 4878 munitione
1414 4820 1707 4891 explicita,
1756 4820 2022 4892 princeps

329 4908 424 4965 ille
450 4909 718 4966 funestus
747 4910 818 4966 ad
850 4924 956 4966 sua
986 4909 1313 4982 regreditur
1331 4918 1536 4966 castra.
1573 4909 1677 4967 Cui
1702 4911 2022 4967 Turcorum

328 5010 566 5052 suorum
595 4996 799 5067 aliqui,
833 4996 1013 5068 raptis
1049 5010 1247 5053 recens
1285 4997 1587 5067 cujusdam
1629 4998 1899 5068 pauperis
1927 5012 2022 5068 pe-

327 5081 461 5138 ditis
488 5082 684 5146 armis,
730 5083 802 5139 ad
833 5092 1159 5140 nostrorum
1212 5083 1531 5140 ludibrium
1581 5097 1699 5154 pm
1741 5083 1922 5139 oculis
1955 5096 2023 5138 ea

327 5169 710 5241 ingesserunt,
770 5185 963 5227 ensem
1017 5170 1247 5240 scilicet,
1309 5172 1536 5229 diutina
1594 5171 1866 5242 rubigine
1906 5186 2045 5228 sca--

325 5256 514 5320 brum,
544 5257 780 5329 nigrum
803 5259 876 5313 ad
925 5259 1107 5314 instar
1135 5258 1393 5330 fuliginis
1430 5273 1653 5326 arcum,
1680 5267 1735 5315 et
1764 5260 2022 5315 lanceam

326 5344 662 5414 impolitam,
697 5346 1013 5403 multorum
1045 5359 1331 5401 annorum
1358 5336 1821 5414 fum'oinfectam,
1853 5346 2023 5416 eique

327 5433 632 5504 garriendo
679 5435 974 5490 dicuntzc
1012 5435 1152 5489 Ecce
1205 5447 1385 5502 arma,
1443 5434 1659 5504 quibus
1705 5448 1810 5490 nos
1852 5433 2025 5488 Fran-

324 5534 524 5577 corum
571 5522 936 5593 expugnabit
978 5521 1286 5577 exercitus.
1350 5542 1371 5570 ›
1425 5523 1491 5577 Et
1543 5521 1845 5579 Curharan
1883 5519 2024 5575 arri-

327 5608 468 5667 dens
495 5608 578 5666 eis
622 5627 637 5663 :
692 5630 721 5659 «
751 5609 926 5667 Hisne
963 5608 1172 5666 lucidis
1218 5609 1358 5665 adeo
1404 5625 1472 5667 ac
1520 5610 1764 5667 fortibus
1818 5607 2020 5674 armis,

2132 4467 2359 4529 tempus
2386 4459 2618 4515 accessit
2662 4460 2734 4515 ad
2772 4459 2985 4529 ipsum,
3035 4458 3206 4528 eique
3245 4465 3448 4513 moesta
3491 4457 3774 4529 suggessit
3805 4472 3818 4511 :

2207 4570 2228 4598 α
2273 4546 2477 4610 Velini,
2520 4547 2729 4618 inquit,
2784 4562 2970 4614 nosse,
3031 4547 3079 4603 si
3132 4553 3413 4611 constent,
3480 4554 3544 4601 ut
3594 4544 3820 4612 dicitur,

2130 4650 2263 4707 quae
2300 4637 2371 4692 de
2429 4644 2483 4691 te
2538 4635 2845 4692 celebravit
2882 4634 3123 4705 opinio?
3164 4655 3186 4683 ι
3230 4634 3333 4689 Cui
3376 4632 3529 4689 filius
3569 4647 3582 4687 :
3630 4653 3659 4681 ι(
3684 4631 3820 4698 Quae

2131 4723 2275 4780 illa?
2344 4754 2407 4764 —
2482 4724 2722 4791 Bellum,
2803 4723 3010 4794 inquit,
3088 4721 3329 4778 Francis
3403 4728 3457 4777 te
3526 4720 3820 4776 illaturum

2130 4813 2433 4870 aestimant.
2518 4842 2588 4853 -—
2669 4811 2864 4878 Nihil,
2943 4810 3167 4881 inquit,
3246 4810 3459 4865 verius.
3535 4838 3605 4848 —
3678 4808 3815 4875 Fili,

2131 4901 2229 4969 ait,
2286 4901 2545 4957 virorum
2619 4900 2851 4971 optime,
2913 4912 3015 4969 per
3084 4898 3371 4969 ingenitos
3446 4896 3543 4953 tibi
3618 4895 3815 4951 libera-

2133 4991 2378 5046 lissimos
2433 5003 2641 5054 mores,
2699 5002 2916 5057 quaeso,
2977 4986 3283 5041 contestari
3337 4994 3389 5042 te
3441 4985 3705 5049 audeam,
3747 4998 3815 5039 ne

2129 5079 2211 5135 eis
2266 5092 2522 5149 pugnam
2583 5076 2814 5141 inferas,
2874 5089 2945 5129 ne
3001 5082 3116 5130 tuae
3176 5075 3583 5130 detrimentum
3640 5072 3817 5128 laudis

2132 5168 2416 5223 incurras.
2459 5165 2604 5221 Cum
2640 5164 2795 5220 enim
2836 5177 3021 5233 usque
3052 5162 3109 5219 in
3152 5163 3481 5219 ulteriorem
3515 5162 3818 5231 superioris

2132 5255 2312 5310 Indiae
2347 5254 2639 5310 Oceanum
2692 5265 2991 5307 armorum
3036 5261 3271 5308 tuorum
3317 5251 3600 5307 claritudo
3657 5248 3819 5305 reful-

2130 5349 2281 5414 geat,
2340 5343 2573 5410 tuisque
2637 5340 2936 5410 praeconiis
2993 5341 3333 5411 respondeat
3399 5339 3603 5396 ultima
3665 5337 3814 5407 Tyle,

2130 5442 2312 5499 quare
2354 5442 2677 5498 pauperum
2715 5429 3015 5485 hominum
3064 5429 3450 5500 sanguinibus
3478 5436 3608 5484 tuos
3648 5427 3820 5483 obdu-

2129 5531 2255 5574 cere
2295 5530 2599 5573 mucrones
2659 5516 2909 5585 affectas,
2968 5532 3117 5589 quos
3165 5518 3435 5586 impetere
3486 5516 3677 5571 inanis
3733 5525 3813 5573 est

2130 5619 2320 5676 poena,
2355 5612 2412 5661 et
2457 5618 2779 5675 superasse,
2810 5605 2972 5663 nulla
3000 5606 3073 5662 sit
3100 5605 3285 5677 gloria
3308 5607 3338 5659 ?
3385 5607 3453 5660 Et
3478 5618 3615 5660 cum
3656 5618 3812 5675 reges
