3934 6408
102 364 214 417 757

1221 367 1446 423 GESTA
1489 369 1601 423 DEI
1643 369 1776 424 PER
1816 365 2162 424 FRANCOS.
2202 395 2263 405 —
2313 364 2441 420 LIB.
2485 365 2547 418 V.

3526 366 3632 420 758

99 497 314 553 valeas
370 505 588 554 terrere
642 503 904 564 remotos,
960 498 1102 567 quid
1152 498 1252 554 tibi
1313 499 1467 554 cordi
1505 506 1589 556 est
1637 499 1821 555 laces-
1856 502 1904 554 A
1930 498 2072 569 quia
2117 497 2220 554 tibi
2261 497 2382 553 vita
2427 495 2631 552 comite
2680 509 2933 566 praesens
2972 508 3348 565 nequaquam
3393 494 3632 552 transiet

102 599 236 642 sere
271 587 536 642 advenas
579 587 865 642 miseros?
894 587 1174 643 Personas
1210 602 1432 653 eorum,
1471 588 1567 656 ﬁli,
1618 588 1818 655 fateor,

107 675 328 729 merito
363 675 820 745 contemptibiles
848 675 1063 744 ducas;
1097 676 1191 730 sed
1242 690 1344 745 pro
1378 684 1530 731 certo
1571 677 1818 742 noveris,

105 763 260 832 quia
301 763 648 819 Christianas
698 763 994 833 religionis
1039 764 1350 820 admodum
1403 765 1672 834 praecellit
1711 779 1823 821 au-

107 851 380 907 ctoritas.
415 853 549 906 ideo
576 866 774 922 precor
800 866 871 907 ne
903 852 1042 907 velis
1089 860 1370 908 attentare
1399 854 1554 922 quod
1588 861 1638 909 te
1665 861 1824 923 post-

111 941 370 995 modum
399 941 632 1010 cuepisse
658 955 781 996 sero
811 941 1022 996 doleas.
1063 963 1084 988 ι

187 1029 414 1084 Renuit
425 1029 528 1085 ille
537 1029 748 1085 matris
766 1045 1068 1102 assurgere
1079 1027 1330 1083 monitis.
1352 1061 1419 1068 —
1434 1031 1566 1086 Haec
1589 1030 1679 1086 ille
1691 1045 1826 1086 cum

110 1119 400 1185 audisset,
440 1119 653 1174 lumine
685 1119 756 1173 ad
790 1132 917 1174 eam
967 1126 1130 1173 torvo
1175 1127 1548 1187 respectans:
1591 1142 1610 1168 ε
1653 1119 1822 1187 Quid,

114 1208 340 1278 inquit,
375 1209 476 1263 tibi
516 1208 695 1262 aniles
734 1215 927 1262 texere
961 1206 1186 1262 fabulas
1209 1206 1236 1260 ?
1271 1207 1506 1276 Desipis,
1545 1216 1608 1263 ut
1639 1207 1824 1278 conji-

114 1298 230 1363 cio,
253 1302 311 1351 et
340 1296 395 1349 in
431 1295 740 1350 amentiam
771 1308 957 1359 versa,
990 1295 1110 1349 sine
1143 1294 1431 1350 intellectu
1472 1295 1649 1350 verba
1690 1309 1827 1364 pro-

112 1380 406 1448 sequeris.
444 1382 616 1437 Plane
643 1382 836 1451 plures
879 1383 1115 1438 urbium
1160 1383 1373 1438 domini
1407 1385 1547 1439 mihi
1581 1385 1828 1440 militant

116 1481 306 1536 quam
346 1468 448 1538 ipsi
482 1471 538 1525 in
568 1478 682 1526 tota
713 1471 801 1526 sui
837 1471 1128 1527 exercitus
1160 1473 1533 1528 universitate
1570 1473 1829 1528 homines

112 1557 405 1613 exhibere
445 1559 813 1627 praevaleant,
849 1567 904 1614 et
954 1566 1036 1625 tu,
1099 1570 1286 1615 mente
1333 1561 1531 1624 delira,
1581 1562 1830 1617 aestimas

115 1647 265 1715 quia
345 1647 686 1703 Christianae
761 1647 1237 1716 praesumptiones
1309 1648 1636 1702 testimonla
1688 1663 1828 1704 meae

112 1734 358 1789 virtutis
386 1735 718 1790 obtexunt?
745 1766 814 1775 —
838 1735 962 1802 Fili,
1007 1735 1105 1802 ait,
1157 1735 1568 1803 amantissime,
1627 1749 1828 1790 eorum

115 1821 186 1876 de
226 1822 451 1891 quibus
482 1822 780 1892 loquimur
818 1824 1118 1879 hominum
1158 1826 1392 1879 nomina
1439 1823 1823 1893 ﬁoccipendo;

113 1910 211 1964 sed
245 1925 453 1966 eorum
504 1919 796 1966 auctorem
849 1912 1163 1977 Christum,
1213 1912 1556 1966 omnimodis
1614 1926 1685 1966 ne
1716 1911 1825 1966 ab-

113 1999 426 2054 horrescas
467 2013 664 2055 exoro.
723 2000 894 2056 Nulla
921 1999 1157 2056 forsitan
1201 2000 1283 2055 eis
1333 2007 1518 2055 tecum
1567 2014 1826 2070 pugnare

109 2087 396 2155 potentia,
456 2087 554 2142 sed
602 2087 698 2143 Dei
759 2089 1012 2157 ipsorum
1070 2097 1173 2149 est,
1249 2089 1294 2141 si
1331 2095 1601 2156 praestare
1661 2087 1818 2150 velit,

112 2182 270 2229 certa
318 2174 602 2239 victoria;
651 2175 768 2244 ipse
812 2189 966 2240 suos,
1024 2175 1125 2230 etsi
1185 2189 1388 2244 segnes
1443 2183 1498 2230 et
1559 2175 1820 2246 ignavos,

113 2276 214 2331 pro
254 2263 348 2318 sui
377 2263 558 2318 solius
587 2263 769 2333 gloria
798 2263 938 2318 solet
967 2263 1266 2318 defendere
1293 2267 1348 2318 et
1389 2277 1590 2318 eorum
1625 2270 1824 2318 custo-

114 2351 244 2418 diae,
280 2365 537 2421 quorum
574 2360 858 2420 pastorem
887 2366 946 2406 se
993 2353 1146 2407 novit
1190 2353 1316 2422 [al.,
1360 2351 1665 2422 meminit],
1713 2353 1824 2406 imo

114 2439 579 2508 Redemptorem,
612 2440 933 2510 invigilare.
977 2440 1224 2496 Putasne
1258 2441 1411 2509 quod
1458 2442 1504 2494 is
1551 2441 1654 2509 qui
1695 2441 1824 2496 fidei

117 2542 240 2583 suae
271 2529 548 2584 curvavit
611 2529 869 2598 imperia,
921 2529 1023 2599 qui
1077 2529 1193 2583 huc
1252 2544 1436 2598 usque
1490 2538 1690 2584 contra
1721 2545 1826 2584 nos

115 2617 273 2672 dedit
328 2617 414 2672 eis
470 2617 632 2686 potiri
693 2617 954 2682 victoria,
1016 2632 1132 2672 non
1172 2619 1367 2686 possit
1421 2619 1591 2672 etiam
1633 2620 1823 2687 modo,

113 2712 310 2760 vestra
335 2705 469 2760 nisu
495 2705 746 2774 perfacili
771 2706 994 2760 amoliri
1029 2705 1324 2761 molimina
1346 2706 1374 2759 ?
1405 2706 1518 2774 Ipsi
1549 2721 1822 2776 namque,

114 2809 183 2848 ac
230 2795 279 2848 si
333 2795 450 2850 Deo
481 2808 514 2848 a
545 2793 788 2849 mortuis
836 2802 1252 2861 resurrecturo,
1287 2809 1320 2848 a
1352 2796 1515 2850 Patre
1567 2795 1820 2850 dicitur:

111 2883 322 2951 Surge,
389 2881 598 2952 inquit,
654 2883 824 2948 Deus,
879 2883 1077 2952 judica
1137 2890 1368 2948 terram,
1420 2883 1696 2952 quoniam
1759 2891 1824 2939 tu

111 2971 491 3026 haereditabis
522 2971 580 3025 in
609 2971 879 3027 omnibus
923 2972 1190 3040 gentibus
1223 2971 1403 3040 (Psal.
1451 2985 1646 3037 Lxxx1,
1689 2973 1762 3037 8).
1792 2991 1820 3021 ι)

1931 601 2140 643 annus.
2185 587 2336 642 Deus
2380 585 2536 642 enim
2583 585 2840 656 ipsorum
2895 593 3286 654 perpetratum
3334 598 3452 640 non
3481 583 3631 639 illico

1932 677 2119 732 scelus
2157 675 2474 742 ulciscitur,
2508 675 2606 731 sed
2637 689 2824 744 usque
2853 674 2992 730 dum
3020 673 3211 743 ipsum
3237 680 3633 742 permaturue-

1931 766 2008 820 rit
2071 765 2310 831 crimen,
2375 763 2668 819 criminosi
2747 762 3052 832 aliquoties
3110 775 3281 830 poena
3351 759 3630 816 differtur-

1934 855 2182 924 Ideoque
2236 867 2458 920 vereor,
2524 851 2622 919 ﬁli,
2681 865 2753 906 ne
2799 859 2936 916 tuae,
2987 849 3144 920 quod
3196 847 3378 904 absitl
3423 856 3631 904 trucu-

1933 943 2109 999 lentia
2139 943 2340 997 mortis
2370 947 2676 1007 accrescat,
2703 941 2842 995 dum
2873 940 3211 1008 protelatur.
3243 960 3272 989 »

2005 1030 2172 1103 [XII.]
2201 1031 2287 1086 Ad
2328 1030 2450 1085 hac
2479 1029 2782 1086 Curbaran
2830 1042 2903 1084 ex
2935 1027 3179 1083 materni
3209 1027 3486 1083 miraculo
3513 1041 3632 1083 ser-

1934 1121 2120 1176 monis
2166 1119 2429 1175 redditur
2485 1118 2674 1185 hebes,
2742 1125 2797 1172 et
2855 1117 2924 1173 de
2993 1116 3333 1187 propinquae
3399 1117 3632 1172 nomine

1935 1209 2134 1264 mortis
2162 1207 2476 1277 exsanguis
2526 1214 2580 1262 et
2611 1206 2860 1273 tabidus,
2906 1205 3031 1260 inﬁt
3063 1221 3076 1259 :
3116 1225 3143 1253 «
3176 1207 3245 1260 Et
3290 1211 3374 1272 tu,
3425 1204 3634 1260 horum

1934 1297 2108 1353 velim
2161 1297 2326 1360 scire,
2362 1294 2648 1365 quomodo
2692 1294 2770 1349 sis
2814 1300 3120 1349 consecuta
3166 1292 3452 1354 notitiam,
3486 1306 3630 1360 gen-

1935 1393 2047 1440 tem
2106 1383 2366 1440 videlicet
2408 1382 2792 1438 Christianam
2844 1382 2994 1437 vires
3045 1380 3381 1452 hujusmodi
3437 1382 3633 1435 contra

1936 1487 2040 1528 nos
2083 1479 2436 1531 exerturam,
2478 1484 2699 1540 nosque
2740 1471 2797 1524 in
2847 1470 2955 1524 hoc
2999 1471 3121 1539 ipso
3164 1469 3320 1539 quod
3375 1467 3636 1523 imminet

1937 1561 2132 1631 praelio
2185 1560 2564 1626 devicturam,
2621 1566 2818 1614 nostra
2856 1572 2952 1614 eos
2984 1557 3164 1627 spolia
3205 1557 3550 1626 direpturos,
3582 1562 3637 1611 et

1936 1651 2089 1720 quod
2119 1649 2385 1718 praesenti
2442 1661 2595 1702 anno
2640 1647 2836 1702 mortis
2884 1646 3194 1716 repentina:
3245 1645 3494 1700 incidam
3552 1643 3632 1699 la-

1939 1752 2132 1808 queos.
2175 1759 2194 1784 ι

2013 1849 2034 1875 ι
2062 1826 2185 1890 Fili,
2212 1825 2312 1891 ait,
2333 1833 2566 1880 centum
2590 1837 2764 1894 prope
2791 1836 3079 1878 annorum
3104 1829 3364 1892 tempora
3391 1821 3636 1877 decursa

1931 1922 2272 1980 noscuntur,
2305 1927 2377 1968 ex
2409 1927 2524 1982 quo
2555 1913 2614 1966 in
2654 1911 2864 1966 abditis
2897 1910 3249 1981 quibusdam
3281 1917 3448 1964 secta;
3481 1923 3621 1979 gen-

1931 2002 2048 2058 tilis
2099 2001 2492 2057 voluminibus
2540 2007 2830 2068 repertum
2885 2005 3126 2063 constat,
3186 1997 3341 2068 quod
3387 1996 3635 2066 populus

1930 2090 2287 2146 Christianus
2317 2090 2527 2144 bellum
2574 2088 2736 2144 nobis
2787 2087 3056 2142 illaturus
3089 2087 3371 2156 insurgat,
3408 2099 3628 2154 nosque

1933 2180 2006 2235 ad
2036 2179 2270 2248 plenum
2318 2177 2569 2247 subigat,
2610 2184 2666 2232 et
2698 2191 2813 2246 quo
2857 2190 3014 2230 nunc
3045 2174 3368 2230 dominium
3395 2187 3634 2228 exerce-

1933 2283 2082 2335 mus,
2119 2267 2196 2323 ibi
2231 2267 2337 2323 sibi
2371 2281 2606 2336 prorsus
2644 2279 2824 2335 regna
2861 2263 3192 2330 constituat,
3227 2263 3636 2333 gentilitasque

1933 2357 2198 2413 ﬁdelibus
2252 2355 2484 2411 subdita
2543 2354 2660 2409 fiat.
2718 2353 2825 2408 Sed
2885 2353 2943 2407 in
2994 2353 3101 2407 hoc
3152 2351 3386 2408 scientia
3440 2358 3636 2406 nostra

1931 2446 2189 2501 fuscatur
2218 2444 2357 2514 quia
2405 2443 2693 2497 nescimus
2732 2449 2928 2496 utrum
2987 2440 3174 2506 modo,
3226 2454 3301 2494 an
3359 2440 3415 2493 in
3458 2439 3634 2510 longa

1934 2541 2194 2601 tempora
2235 2531 2608 2600 compleatur.
2660 2529 2780 2598 Ego
2835 2527 3006 2583 etiam
3039 2526 3484 2582 astronomicam
3541 2526 3634 2581 di—

1933 2620 2228 2689 sciplinam
2287 2617 2636 2689 diligentiori
2695 2617 3008 2672 intentione
3053 2614 3402 2685 disquirens,
3457 2615 3622 2670 innu-

1933 2723 2346 2778 merarumquo
2399 2707 2640 2762 sortium
2681 2705 3045 2775 conjecturas
3093 2703 3414 2770 attendens,
3465 2717 3636 2773 requa

1939 2799 2201 2852 omnium
2233 2795 2534 2852 collatione
2579 2794 2784 2850 edidici
2831 2793 2971 2864 quia
3000 2807 3034 2848 a
3064 2791 3404 2849 Christianis
3452 2791 3632 2846 homi-

1935 2885 2106 2940 nibus
2153 2899 2268 2940 non
2323 2893 2465 2939 esset
2521 2882 2756 2938 omnino
2812 2896 3040 2937 necesse
3083 2881 3324 2936 devinci.
3383 2879 3631 2950 Ideoque

1933 2971 2380 3041 praecordialiter
2441 2971 2543 3026 tibi
2615 2970 2838 3025 indoleo
2907 2969 3047 3039 quia
3117 2969 3422 3024 indubium
3493 2967 3632 3024 mihi

111 3081 139 3108 ‹‹
173 3058 231 3114 Si
266 3059 452 3130 igitur
482 3059 599 3128 ipse
630 3066 842 3114 terram
879 3060 1122 3129 judicat,
1161 3059 1445 3128 quosdam
1492 3059 1755 3114 videlicet
1786 3072 1820 3112 a
1857 3071 1898 3125 ε
1931 3059 2152 3116 co’nstat
2182 3059 2337 3128 quod
2384 3073 2456 3114 ex
2513 3067 2564 3114 te
2611 3059 2733 3128 jam
2767 3057 3175 3127 propemodum
3209 3055 3411 3112 orbata
3441 3069 3632 3111 rema—

110 3160 306 3202 massa
361 3147 714 3216 perditorum
762 3147 1033 3202 discernit
1084 3154 1138 3202 et
1183 3154 1461 3215 segregat.
1505 3147 1645 3201 alios
1692 3161 1823 3202 vero

109 3236 407 3304 reprobat,
449 3242 638 3290 etnon
667 3249 866 3290 omnes
905 3244 1118 3305 gentes,
1165 3236 1260 3290 sed
1295 3236 1349 3289 in
1384 3235 1654 3290 omnibus
1683 3249 1821 3306 gen-

111 3325 290 3391 tibus,
327 3331 552 3394 partem
585 3324 654 3379 de
701 3331 817 3379 toto
865 3337 1184 3389 assumens,
1237 3323 1554 3378 hzereditat.
1611 3323 1822 3378 Audiat

114 3413 477 3480 providentia
509 3420 630 3478 tua,
667 3411 768 3478 ﬁli,
803 3426 978 3481 quam
1033 3425 1270 3467 severus
1298 3427 1392 3466 eos
1446 3412 1632 3481 punit,
1675 3426 1821 3480 quos

111 3512 145 3552 a
197 3502 290 3556 sui
355 3499 562 3555 notitia
604 3508 862 3555 exsortes
900 3501 1056 3554 sinit.
1117 3501 1212 3554 Ait
1262 3499 1539 3568 propheta
1587 3499 1816 3554 David:

117 3614 136 3640 ι
171 3592 427 3648 Eﬁunde
457 3590 603 3647 iram
637 3599 793 3647 tuam
825 3593 883 3646 in
915 3601 1111 3663 gentes
1137 3607 1268 3662 quas
1294 3600 1345 3647 te
1363 3606 1476 3646 non
1507 3599 1816 3658 noverunt,

108 3689 164 3737 et
219 3683 275 3736 in
334 3695 519 3752 regna
575 3695 705 3751 quae
757 3695 966 3736 nomen
1019 3690 1186 3736 tuum
1234 3695 1351 3736 non
1400 3681 1820 3736 invocaverunt

116 3771 305 3839 (Psal.
340 3785 582 3836 Lxxvm,
612 3771 686 3839 6).
728 3791 748 3817 ι

189 3880 216 3908 ‹‹
249 3860 363 3916 Vos
394 3860 644 3914 Francos
675 3857 830 3924 istos,
879 3871 993 3912 non
1045 3857 1168 3912 ideo
1207 3857 1348 3926 quia
1390 3856 1628 3911 advenae
1659 3864 1814 3924 sunt,

116 3961 336 4018 vosque
367 3947 608 4018 gentiles
657 3945 1040 4013 contemnitis,
1098 3959 1212 4000 non
1269 3959 1562 4000 armorum
1607 3946 1819 4001 obscu-

118 4035 366 4103 ritatem,
411 4051 529 4092 non
564 4037 693 4091 vitm
724 4034 1145 4090 mendicitatem
1177 4033 1443 4104 abjicitis,
1498 4033 1594 4089 sed
1639 4034 1697 4088 in
1738 4033 1820 4089 eis

120 4125 301 4180 solum
335 4125 528 4195 potius
556 4124 948 4179 Christianum
977 4137 1186 4178 nomen
1247 4123 1508 4177 horretis.
1562 4123 1630 4177 Et
1669 4130 1819 4178 certe

121 4212 185 4278 is,
219 4214 322 4284 qui
355 4215 415 4269 in
445 4214 525 4270 eis
567 4212 898 4282 despicitur,
955 4225 1058 4281 pro
1083 4212 1182 4276 eis,
1215 4225 1344 4266 cum
1379 4225 1610 4266 necesse
1639 4212 1815 4266 exsti-

119 4301 265 4368 terit,
298 4301 484 4358 effusa
515 4303 600 4358 ira
644 4301 1042 4371 praeliabitur..
1108 4300 1160 4354 Si
1211 4300 1302 4354 his
1349 4299 1680 4368 prophetico
1721 4315 1818 4356 ore

1933 3164 2058 3205 neo.
2099 3172 2125 3197 υ

2011 3260 2030 3286 ι
2061 3237 2260 3302 Mater,
2296 3234 2506 3305 inquit,
2571 3233 2744 3289 velim
2792 3231 2931 3288 mihi
2994 3231 3240 3288 disseras
3297 3230 3515 3301 aliqua,
3563 3231 3633 3287 de

1932 3325 2148 3396 quibus
2171 3323 2387 3379 haesito.
2416 3351 2489 3364 —
2535 3321 2799 3386 Consule,
2833 3320 2934 3386 ait,
2982 3333 3052 3374 ne
3082 3319 3327 3387 dubites,
3379 3333 3632 3390 namque

1931 3428 2064 3484 quae
2116 3413 2316 3478 sciero,
2383 3418 2586 3480 prasto
2642 3410 2834 3465 habes.
2867 3437 2934 3448 —
2966 3407 3355 3475 Boemundus,
3385 3415 3438 3463 et
3481 3408 3628 3463 Tan-

1929 3502 2137 3557 credus
2181 3500 2261 3555 dii
2292 3499 2638 3563 habeantur,
2688 3511 2764 3553 an
2821 3496 3104 3561 homines,
3136 3509 3354 3565 quasso,
3416 3496 3628 3565 inquit,

1932 3599 2134 3657 mater,
2181 3590 2437 3655 edoceas,
2461 3596 2516 3644 et
2545 3588 2592 3643 si
2624 3586 2730 3656 ipsi
2761 3587 3011 3642 Francos
3041 3585 3100 3640 in
3134 3583 3342 3654 praeliis
3389 3583 3632 3639 victores

1929 3679 2200 3744 efﬁciant,
2261 3691 2476 3747 precor,
2546 3677 2757 3732 edicas.
2817 3704 2888 3715 -
2959 3674 3084 3740 Fili,
3149 3673 3520 3728 Boemundus
3574 3680 3630 3727 et

1928 3767 2280 3835 Tancredus,
2311 3765 2607 3822 communi
2657 3764 2740 3820 uti
2778 3771 2834 3819 et
2862 3777 2968 3818 nos
3013 3761 3342 3818 mortalitati
3395 3761 3629 3817 obnoxii

1929 3865 2084 3923 sunt,
2120 3856 2216 3910 sed
2248 3855 2388 3925 quia
2418 3867 2521 3924 pro
2552 3853 2662 3908 ﬁde
2693 3866 2802 3907 sua
2842 3859 3049 3922 agunt,
3080 3851 3322 3921 gloriam
3356 3849 3494 3906 clari
3527 3864 3630 3906 no-

1928 3945 2120 4010 minis,
2185 3945 2296 3999 Deo
2326 3943 2410 3998 eis
2455 3949 2817 4011 cooperante,
2876 3946 3236 3996 meruerunt.
3288 3939 3466 3994 Deum
3517 3950 3644 3993 au--

1929 4040 2040 4089 tem
2073 4032 2298 4087 Patrem
2333 4030 2694 4101 proﬁtentur,
2727 4029 2898 4098 cujus
2930 4027 3139 4082 Filium
3189 4040 3290 4096 pro
3331 4040 3390 4081 se
3430 4027 3629 4082 huma-

1928 4129 2130 4176 natum
2189 4120 2382 4175 itidem
2429 4125 2803 4184 venerantur,
2836 4116 2938 4186 qui
2974 4123 3163 4172 tamen
3210 4113 3358 4170 idem
3399 4127 3522 4169 esse
3566 4115 3626 4170 in

1929 4209 2178 4279 Spiritus
2251 4208 2435 4264 sancti
2509 4207 2729 4264 unitate
2799 4205 3140 4261 creduntur.
3197 4232 3266 4244 —
3319 4201 3623 4270 Quoniam,

1928 4298 2143 4368 inquit,
2195 4312 2309 4352 non
2370 4298 2531 4362 Deos,
2587 4304 2788 4361 mater,
2847 4293 2944 4350 sed
2986 4305 3164 4363 puros
3213 4291 3472 4348 homines
3516 4305 3627 4346 no-

121 4390 502 4458 promittitur,
555 4368 711 4459 quod
745 4402 780 4444 a
831 4388 968 4444 solis
1023 4395 1154 4443 ortu
1208 4402 1394 4457 usque
1445 4387 1514 4442 ad
1548 4401 1813 4442 occasum
1854 4368 1898 4422 D
1929 4388 2150 4456 strique
2193 4385 2510 4442 simillimos
2539 4384 2843 4449 attestaris,
2896 4383 2975 4437 nil
3005 4381 3162 4437 aliud
3221 4379 3420 4450 procul
3451 4379 3626 4435 dubio

123 4476 415 4533 laudabile
449 4491 656 4532 nomen
691 4475 918 4532 Domini
958 4475 1263 4542 habeatur,
1313 4476 1452 4530 dum
1484 4489 1598 4531 non
1645 4488 1820 4544 super

119 4566 344 4622 Iudaeos
372 4567 467 4622 sed
499 4579 676 4635 super
702 4579 902 4621 omnes
930 4573 1127 4634 gentes
1171 4564 1430 4620 excelsus
1469 4564 1820 4634 przedicatur

123 4655 307 4716 (Psal.
360 4669 501 4718 cxu,
538 4657 590 4721 3,
624 4655 702 4722 4),
735 4662 790 4709 et
827 4653 927 4709 Dei
962 4653 1142 4722 ipsius
1178 4666 1293 4719 ore,
1337 4666 1470 4721 qum
1513 4651 1669 4720 plebs
1711 4663 1819 4706 sua

121 4755 233 4797 non
257 4743 465 4809 fuerat,
489 4743 610 4812 jam
649 4743 806 4812 plebs
837 4757 964 4810 sua,
997 4749 1053 4797 et
1083 4755 1215 4811 quae
1239 4756 1356 4795 non
1386 4741 1591 4795 dilecta
1612 4740 1818 4794 dilecta

123 4840 360 4888 vocatur
385 4835 566 4899 (Rom.
592 4847 668 4898 IX,
703 4835 812 4899 25),
841 4831 982 4887 dum
1015 4844 1144 4900 quae
1167 4830 1464 4885 exstiterat
1496 4829 1553 4884 in
1581 4828 1814 4895 Judaeis,

123 4917 178 4972 in
214 4922 476 4977 nationes
504 4919 827 4990 adoptionis
857 4919 1046 4991 gratia
1090 4917 1454 4982 transfertur,
1507 4924 1560 4972 et
1592 4915 1649 4970 in
1682 4913 1820 4969 reli-

123 5007 272 5076 quiis
302 5011 398 5066 Dei
430 5010 628 5065 vultus
656 5022 856 5064 eorum
898 5007 1228 5064 iudaeorum
1275 5005 1475 5075 utique
1526 5017 1818 5074 praepara-

125 5101 237 5164 tur,
274 5100 406 5167 quis
439 5098 548 5154 nisi
582 5098 815 5152 demens
855 5096 1000 5151 ﬁlios
1027 5095 1126 5151 Dei
1170 5095 1517 5164 impugnare
1545 5091 1821 5149 molitur?

127 5182 452 5243 Praenuntio
493 5186 592 5242 tibi
643 5185 830 5256 plane,
868 5185 1028 5255 quia,
1080 5185 1125 5239 si
1155 5197 1250 5239 eos
1295 5183 1440 5238 bello
1466 5181 1816 5252 aggrederis,

128 5269 328 5341 ingens
359 5275 454 5331 tibi
491 5274 916 5330 incommodum
941 5272 1355 5341 infamiamque
1378 5270 1643 5340 parabis;
1668 5278 1823 5325 certa

132 5360 341 5420 militia:
389 5372 504 5420 tuae
533 5363 746 5418 damna
794 5360 1046 5426 subibis;
1105 5360 1257 5430 ipsos
1297 5360 1469 5414 etiam
1503 5357 1820 5427 spoliorum

132 5451 353 5506 tuorum
399 5450 725 5507 sublatione
771 5449 1019 5516 ditabis;
1072 5457 1133 5504 tu
1183 5462 1417 5517 quoque
1462 5447 1617 5515 turpi
1683 5445 1823 5513 fuga

133 5538 449 5595 excedendo
501 5539 728 5594 laberis.
781 5543 923 5592 4H
979 5536 1100 5591 Non
1144 5545 1197 5591 te
1255 5537 1362 5590 hoc
1416 5535 1700 5603 siquidem
1765 5533 1820 5587 in

139 5626 324 5688 przelio
375 5635 568 5683 manet
624 5626 926 5690 interitus;
989 5624 1086 5678 sed
1140 5630 1362 5678 certum
1427 5630 1616 5676 tamen
1678 5619 1823 5673 habe

1925 4483 2101 4531 restat
2130 4474 2238 4530 nisi
2289 4482 2354 4529 ut
2404 4473 2550 4529 facto
2580 4471 2776 4542 praelio
2805 4483 3208 4540 comparemur
3238 4469 3460 4525 collatis
3494 4467 3628 4524 viri-

1926 4563 2037 4620 bus
2064 4562 2192 4618 illis.
2228 4584 2256 4610 »

2000 4649 2200 4719 [XllL]
2234 4649 2416 4720 Igitur
2444 4656 2626 4704 mater
2651 4646 2975 4718 intelligens
3007 4645 3188 4701 ﬁlium
3219 4645 3291 4700 ad
3324 4644 3471 4701 bella
3491 4659 3624 4701 cum

1927 4741 2160 4795 Francis
2214 4739 2439 4807 agenda
2493 4736 2826 4806 proclivem,
2881 4743 2936 4790 et
2989 4734 3110 4790 suis
3177 4733 3324 4788 nolle
3376 4733 3627 4789 consiliis

1926 4829 2148 4884 animos
2199 4826 2492 4893 adhibere,
2564 4824 2815 4880 collectis
2868 4838 2998 4892 quae
3053 4822 3206 4877 circa
3267 4835 3326 4876 se
3387 4821 3622 4890 reperiri

1927 4922 2188 4986 poterant
2235 4913 2432 4984 copiis,
2493 4912 2563 4968 ad
2631 4917 3003 4966 memoratam
3077 4907 3345 4977 superius
3421 4908 3624 4964 urbem

1922 5003 2122 5072 Aleph,
2158 5002 2226 5056 de
2268 5001 2382 5056 ﬁlio
2413 5015 2516 5056 suo
2543 4999 2790 5055 nimium
2819 5005 3104 5067 suspecta,
3150 4996 3624 5052 concessit.-Ter-

1927 5093 2008 5149 tia
2051 5091 2289 5161 posthac
2329 5090 2419 5146 die
2447 5089 2750 5146 Curbaran
2781 5098 2944 5142 arma
2972 5085 3168 5152 sumit,
3219 5092 3274 5140 et
3303 5085 3624 5141 Turcorum

1928 5180 2180 5252 plurima
2211 5193 2343 5234 cum
2369 5193 2436 5234 eo
2474 5176 2798 5247 frequentia
2848 5175 3138 5230 civitatem
3194 5173 3430 5241 adeunt,
3457 5187 3531 5230 ex
3557 5187 3626 5229 ea

1931 5277 2092 5339 parte
2135 5281 2253 5338 qua
2282 5265 2448 5332 illud,
2485 5265 2639 5335 quod
2693 5277 2880 5334 nuper
2935 5270 3226 5332 coeperant
3274 5269 3626 5331 captumque

1928 5357 2034 5412 sibi
2063 5354 2542 5420 communierant,
2567 5359 2686 5408 erat
2712 5359 2989 5407 castrum.
3017 5350 3206 5406 Nostri
3228 5359 3422 5406 autem
3454 5363 3627 5406 seres-

1931 5446 2197 5501 timantes
2227 5443 2439 5498 eisdem
2464 5455 2626 5511 posse
2652 5439 2931 5506 resistere,
2983 5439 3162 5494 aciem
3191 5439 3470 5494 adversus
3502 5437 3628 5492 illos

1933 5534 2278 5587 instaurant.
2317 5531 2421 5586 Sed
2454 5538 2615 5586 tanta
2643 5542 2844 5583 eorum
2875 5528 3035 5595 copia
3063 5527 3282 5582 exstitit
3315 5534 3379 5581 ut
3418 5526 3628 5581 nostris

1931 5620 2241 5675 obsistendi
2301 5620 2487 5675 virtus
2540 5625 2643 5673 aut
2695 5616 2940 5671 audacia
2992 5614 3154 5670 nulla
3209 5615 3369 5669 foret.
3438 5614 3628 5670 Coacti
