3934 6398
321 357 426 410 759

1221 355 1286 408 ν.
1327 354 1659 410 GUIBERTI
1699 353 1984 410 ABBATIS
2020 354 2078 410 S.
2123 354 2364 411 “Allle
2405 355 2498 410 DE
2535 354 2934 411 NOVIGENTO

3721 359 3840 411 760

307 485 489 558 igitur
516 484 933 556 regrediuntur
963 483 1022 539 in
1070 484 1294 540 urbem.
1347 482 1570 550 Quibus
1614 483 1846 554 agmine
1883 483 2004 555 glo—
2042 487 2091 541 Α
2119 499 2179 540 se
2217 484 2436 542 diutius
2484 491 2776 554 stupentes
2824 484 3132 552 hzeseruut,
3151 485 3398 542 salutem
3439 486 3512 543 ad
3545 485 3836 544 ultimum

310 581 529 630 merato
558 573 845 644 fugaciter
875 579 1099 642 portam
1153 571 1522 637 intrantibus,
1564 571 1705 626 adeo
1756 571 1864 628 fuit
1896 585 2008 626 au-

310 669 519 732 gustus
569 661 842 718 introitus
871 669 937 716 ut
989 659 1258 730 pluribus
1293 659 1576 715 accideret
1632 659 1874 727 lethalis,
1932 673 2007 715 ex

309 757 517 806 mutua
569 749 1011 819 compressione,
1088 747 1360 803 defectus.
1420 745 1632 813 Quinta
1683 754 1808 803 erat
1866 754 2008 802 tunc

309 837 468 904 feria,
489 844 545 893 et
588 837 826 907 quidam
876 844 1042 892 extra
1081 835 1242 891 urbis
1293 835 1711 904 praeliabantur
1736 843 2000 905 portam;

309 925 554 996 aliquos,
586 924 930 981 intrinsecus
956 923 1233 979 adversus
1259 924 1575 992 oppidanos
1605 923 2000 994 confligentes,

2119 574 2174 629 in
2204 574 2344 645 fuga
2374 581 2667 643 ponentes,

2115 660 2452 718 Couscensis
2481 663 2703 718 ratibus
2733 662 3019 732 petierunt
3041 663 3295 732 aequoris
3325 664 3458 720 alta.

2183 751 2299 806 Nec
2353 764 2532 818 mora,
2599 750 2712 806 illis
2771 749 3072 806 volumina
3138 751 3362 806 marina
3419 751 3824 818 sulcantibus,

2115 837 2284 894 Turci
2314 838 2545 894 adsunt.
2577 836 2729 904 Quos
2769 837 2978 892 ibidem
3023 837 3311 904 invenere,
3352 839 3666 907 perimunt,
3705 853 3832 894 na-

2117 940 2214 981 ves
2261 940 2410 996 quas
2459 927 2515 980 in
2581 927 2701 994 ipso
2751 925 2850 978 sali
2904 925 3054 981 vado
3100 939 3381 995 reperere,
3433 927 3826 993 comburunt,

309 1020 495 1070 totum
521 1011 775 1069 constitit
799 1012 859 1068 iu
889 1011 1104 1082 prteliis
1153 1011 1543 1090 continuasse,
1578 1011 1760 1067 donec
1802 1025 2007 1081 vespe-
2111 1015 2356 1071 exuvias
2410 1013 2640 1069 illorum
2693 1029 2840 1084 quos
2891 1027 3192 1080 enecuere,
3251 1015 3552 1084 diripiunt.
3606 1017 3822 1082 Porro,

312 1107 578 1168 rasceret,
599 1098 767 1156 diem.

981 1220 1212 1278 CAPUT
1249 1221 1343 1276 111.

385 1359 586 1434 [XIV.]
636 1364 684 1417 E
730 1359 1076 1418 Christiani:
1124 1360 1327 1415 timore
1353 1359 1656 1431 perterriti
1699 1360 2012 1434 aqfuyiunt

313 1447 600 1507 nonnulli.
631 1477 706 1491 —
733 1448 838 1505 Sed
871 1449 1013 1519 quia
1047 1447 1335 1516 Christus,
1367 1448 1471 1518 qui
1500 1449 1816 1518 quondam,
1837 1451 2012 1508 etiam

313 1552 474 1594 nunc
501 1552 651 1608 quos
677 1537 928 1606 elegerat
975 1539 1154 1604 novit,
1185 1550 1254 1592 ea
1283 1547 1447 1593 nocte
1494 1537 1755 1606 quidam,
1791 1538 1915 1608 qui,
1949 1546 2012 1595 ut

317 1624 398 1681 ita
425 1624 636 1692 dicam,
667 1624 738 1679 de
763 1637 966 1680 eorum
995 1638 1200 1693 genere
1229 1638 1344 1682 non
1363 1631 1546 1690 erant,
1601 1638 1700 1693 per
1730 1639 1876 1694 quos
1913 1639 2011 1680 sa-

313 1712 407 1770 lus
459 1713 516 1768 in
571 1712 747 1768 israel
811 1711 1049 1780 veniret,
1097 1712 1238 1768 dum
1285 1726 1344 1768 se
1401 1712 1721 1768 Turcorum
1751 1722 2009 1770 exercitu

317 1798 546 1867 ambiri,
573 1798 715 1855 dum

317 1940 470 1998 Bella
501 1939 714 1996 diurna
740 1939 935 1995 vident
968 1939 1070 1995 vix
1101 1939 1280 1995 noctis
1309 1939 1486 1995 limite
1513 1939 1726 2007 claudi,

318 2021 694 2096 Intremuere,
727 2028 900 2084 timor
925 2027 1244 2098 penetravit
1271 2036 1500 2098 pectora
1530 2041 1748 2094 cassus,

316 2121 504 2188 Atque
534 2116 644 2172 sub
673 2115 881 2172 obtutu
922 2129 1074 2172 mors
1113 2115 1232 2170 sola
1265 2115 1614 2184 paventibus
1643 2122 1811 2170 astat.

321 2204 608 2260 Funditus
637 2211 768 2258 ante
793 2203 950 2258 viros
973 2216 1081 2258 sua
1111 2203 1227 2258 vita
1248 2203 1512 2273 pependit
1543 2203 1775 2269 inertes,

318 2294 444 2348 Non
467 2292 577 2348 nisi
595 2293 715 2364 jam
747 2292 962 2347 Turcos
992 2291 1214 2360 trepida
1243 2291 1352 2347 sub
1380 2299 1566 2347 mente
1590 2299 1844 2346 tuentur.

321 2379 521 2436 Hostili
555 2387 828 2450 reputant
853 2379 972 2450 jam
1007 2392 1064 2433 se
1088 2392 1362 2434 mucrone
1392 2377 1566 2434 feriri.

315 2466 572 2538 Quisque
591 2465 713 2522 suis
754 2465 832 2522 ibi
862 2465 1186 2522 subsidium
1212 2467 1474 2535 desperat
1503 2467 1576 2522 ab
1606 2466 1800 2522 armis.

319 2553 545 2626 Cogitat
573 2568 709 2626 ergo
749 2553 986 2624 fugam;
1015 2553 1116 2623 qui
1147 2562 1536 2624 contempsere
1567 2554 1662 2610 Dei
1695 2567 1872 2624 spem,

314 2641 585 2714 Turpiter
610 2642 887 2697 obscenas
917 2639 1146 2711 profugi
1165 2641 1392 2696 subiere
1419 2639 1659 2696 cloacas.

321 2727 550 2800 Dignus
579 2731 662 2784 eis
691 2727 801 2784 fuit
825 2729 1036 2795 exitus,
1067 2729 1167 2799 qui
1189 2729 1298 2784 tale
1331 2729 1594 2784 verendis

322 2817 668 2888 Exemplum
696 2817 850 2874 dedit
882 2817 1229 2888 agminibus.
1259 2816 1558 2886 Reptando
1592 2815 1824 2887 fugaces

321 2903 406 2958 Ad
428 2915 586 2958 mare
617 2905 978 2974 perveniunt,
997 2915 1397 2973 manuumque
1418 2903 1748 2974 pedumque
1761 2903 2020 2960 revulsas

325 2989 584 3045 Amisere
615 2998 792 3057 cutes,
826 2989 1012 3046 exesis
1043 2989 1320 3044 carnibus
1343 3002 1492 3056 ossa,

323 3076 633 3133 Abradunt
662 3087 874 3134 cautes.
909 3077 1072 3134 Pauli
1102 3077 1356 3133 doctoris
1379 3077 1452 3132 ad
1487 3076 1688 3144 instar,

321 3165 427 3223 Cui
459 3165 597 3237 fuga
627 3179 726 3236 per
747 3180 980 3222 murum
1007 3165 1242 3222 dederat
1264 3164 1447 3220 vitare
1476 3165 1844 3232 Damascum,

324 3254 394 3311 Hi
420 3253 529 3310 sibi
559 3254 873 3310 concinnas
902 3253 1252 3325 insignivere
1278 3253 1536 3308 latrinas.

393 3392 560 3466 [XV.]
593 3395 775 3450 Fuere
821 3401 1018 3450 autem
1051 3394 1110 3450 hi
1140 3394 1246 3464 qui
1276 3400 1648 3457 recesserant,
1697 3392 2019 3450 Guilelmus

319 3481 559 3552 quidam
591 3495 666 3536 ex
692 3481 1135 3545 Northmannia,
1166 3479 1434 3536 nobiliter
1475 3479 1711 3536 omnino
1754 3482 2016 3551 progeni-

317 3575 432 3635 tus,
471 3580 606 3623 cum
661 3565 923 3622 Alberico
985 3565 1180 3632 fratre,
1241 3565 1343 3636 qui
1393 3579 1429 3620 a
1473 3564 1748 3634 primavo
1805 3567 2018 3624 scholis

318 3655 493 3711 datus
515 3653 788 3711 clericum
835 3654 1066 3720 fecerat,
1121 3660 1176 3709 et
1228 3655 1590 3722 postmodum
1617 3668 1651 3709 a
1679 3654 1830 3712 clero
1869 3669 2016 3727 apo-

318 3741 519 3798 statice
565 3755 634 3798 ac
665 3745 929 3810 turpiter,
979 3741 1197 3797 militiae
1243 3755 1457 3809 amore,
1503 3742 1842 3800 desciverat.
1893 3744 2018 3801 Mu-

317 3828 594 3898 nicipium
625 3843 858 3900 quoque
900 3843 1126 3898 eorum,
1176 3843 1249 3886 ex
1287 3844 1404 3899 quo
1463 3832 2013 3902 agnontinabantur,

315 3917 724 3987 exprimerem,
771 3917 880 3972 nisi
935 3920 1164 3988 generis
1200 3932 1402 3974 eorum
1433 3919 1621 3974 amica
1669 3919 1806 3976 mihi
1839 3921 2016 3977 contio

314 4006 534 4076 guitate
596 4006 876 4072 devictus,
937 4005 1141 4074 pudori
1182 4006 1442 4076 ipsorum
1505 4021 1738 4076 parcere
1785 4007 2016 4064 definis-

315 4108 455 4150 sem.
485 4094 670 4152 Guido
694 4095 868 4152 etiam
907 4094 1168 4164 quidam,
1201 4094 1304 4164 qui
1342 4095 1659 4152 Trossellus
1711 4097 2014 4167 cognomi-

316 4182 584 4251 nabatur,
642 4183 744 4253 qui
783 4190 942 4238 trans
989 4181 1315 4252 Sequanam
1373 4182 1714 4253 oppidorum
1763 4184 2015 4240 dominio

317 4271 688 4342 potentiaque
741 4271 1118 4336 clarissimus,
1170 4285 1376 4342 genere
1407 4286 1542 4327 vero
1573 4271 1826 4328 Francia:
1876 4272 2014 4328 uni-

2069 1761 2110 1814 Β

2114 1110 2415 1172 postquam
2463 1101 2542 1157 illi
2572 1101 2900 1172 degeneres,
2931 1109 2988 1157 et
3016 1102 3251 1171 superni
3278 1103 3598 1172 juvaminis
3657 1103 3837 1159 refu-

2116 1205 2221 1262 gas,
2272 1204 2372 1260 per
2415 1189 2840 1254 obscenissima,
2887 1197 2951 1244 ut
2999 1189 3209 1256 ferunt,
3264 1191 3384 1246 loca
3433 1201 3823 1258 recesserant,

2117 1279 2333 1334 residui
2391 1278 2492 1348 qui
2550 1291 2919 1347 perseverare
2988 1278 3339 1347 delegerant,
3397 1278 3517 1348 jam
3579 1279 3839 1334 tolerare

2120 1366 2350 1424 hostilia
2379 1367 2500 1422 sine
2521 1365 2639 1421 ullo
2672 1365 2973 1422 interstitio
3003 1379 3167 1420 arma
3196 1367 3534 1436 nequibant.
3585 1367 3837 1423 Murum

2117 1469 2256 1525 ergo
2309 1455 2456 1510 inter
2503 1468 2563 1508 se
2610 1454 2916 1522 hostesque
2965 1461 3329 1520 construunt,
3381 1468 3574 1524 quem,
3631 1455 3838 1510 conti-

2121 1544 2315 1598 nuatis
2339 1542 2625 1606 excubiis,
2660 1549 2826 1596 nocte
2859 1541 3067 1610 dieque
3096 1541 3450 1598 custodiunt.
3487 1542 3567 1597 lbi
3593 1549 3837 1598 nostro-

2120 1645 2252 1686 rum
2314 1631 2610 1699 oppressio
2677 1629 2818 1684 adeo
2883 1629 3210 1684 miseranda
3285 1629 3587 1684 suboritur
3639 1637 3708 1685 ut
3755 1629 3834 1684 ad

2121 1718 2361 1774 infames
2399 1718 2576 1782 cibos,
2607 1731 2894 1787 equorum
2943 1731 3356 1786 asunorumque
3387 1730 3612 1782 carnes,
3661 1730 3834 1772 com-

2124 1806 2495 1877 pellerentur.

2193 1894 2405 1966 [XVIL]
2472 1894 2582 1947 Per
2629 1891 2813 1948 visum
2862 1891 3122 1948 Christus
3164 1893 3497 1964 presbytero
3545 1891 3835 1965 apparuit

2119 1981 2476 2053 aueruitque
2531 1979 2884 2035 Christianis
2902 1981 3046 2049 fore
3086 1987 3312 2050 praesto.
3351 2011 3422 2020 —
3468 1981 3691 2036 interea
3734 1981 3835 2036 die

2122 2070 2400 2142 quadam,
2437 2069 2794 2138 principibus
2833 2068 3124 2124 exercitus
3171 2077 3305 2124 ante
3361 2075 3614 2124 castrum
3665 2069 3831 2138 quod

2126 2160 2277 2215 intra
2319 2158 2520 2214 urbem
2567 2157 2939 2213 obsidebatur
2994 2156 3212 2226 positis,
3259 2164 3314 2212 et
3351 2171 3452 2226 pro
3491 2156 3832 2212 omnimoda

2124 2259 2302 2316 quam
2333 2246 2698 2315 patiebantur
2720 2243 2950 2299 miseria
2973 2246 3166 2299 animo
3185 2243 3540 2300 atrocissime
3569 2251 3823 2300 conster-

2125 2331 2295 2399 natis,
2339 2346 2470 2388 ecce
2510 2333 2747 2402 quidam
2799 2332 3095 2402 presbyter
3145 2333 3325 2387 astitit
3372 2345 3564 2387 coram
3615 2332 3721 2397 eis,
3769 2339 3824 2386 ct

2126 2418 2204 2474 ait
2253 2435 2266 2474 :
2319 2439 2348 2470 α
2406 2421 2639 2476 Patroni
2695 2429 2750 2476 et
2803 2421 3074 2484 seniores,
3134 2420 3412 2476 visionem
3469 2419 3826 2476 excellentiae

2127 2515 2330 2564 vestras
2379 2509 2580 2575 refero,
2632 2524 2764 2580 quae
2794 2508 3166 2564 con5ulationi
3203 2516 3429 2575 vestrm,
3458 2507 3506 2563 si
3543 2508 3592 2563 ei
3631 2507 3826 2564 credi—

2127 2596 2346 2663 deritis,
2404 2597 2676 2666 proderit,
2729 2605 2791 2653 ut
2835 2611 3022 2666 spero.
3071 2599 3212 2653 Cum
3260 2598 3318 2651 in
3355 2596 3594 2652 ecclesia
3640 2596 3828 2651 Beata:

2127 2685 2222 2740 Det
2272 2685 2571 2740 Geuitricis
2626 2685 2880 2754 quadam
2937 2692 3100 2740 nocte
3154 2683 3486 2750 dormirem,
3547 2684 3830 2739 Dominus

2124 2773 2286 2828 Jesus
2333 2773 2615 2838 Christus,
2665 2787 2797 2828 cum
2845 2774 2967 2842 ipsa
3012 2773 3192 2828 Matre
3239 2771 3513 2841 piissima,
3559 2779 3616 2827 et
3654 2771 3826 2826 brato

2125 2861 2510 2933 apostolorum
2534 2860 2792 2930 principe
2829 2861 3009 2926 Petro,
3058 2860 3194 2915 mihi
3243 2859 3534 2928 apparuit,
3584 2866 3640 2914 et
3676 2856 3823 2914 assi-

2125 2957 2300 3015 stens,
2355 2947 2501 3004 dixit
2550 2962 2564 3002 :
2616 2949 2809 3003 Scisne
2857 2947 2959 3018 qui
3015 2947 3193 3003 sum?
3236 2947 3487 3012 Minime,
3563 2947 3824 3016 inquam.

2057 3047 2096 3103 c
2129 3037 2384 3103 Dixerat,
2415 3045 2469 3092 et
2506 3051 2636 3092 ecce
2668 3037 2726 3091 in
2759 3037 2876 3106 ipso
2904 3036 3109 3106 capitis
3136 3035 3264 3106 ejus
3293 3035 3510 3101 nimbo,
3545 3036 3628 3090 uti
3660 3034 3821 3100 solet,

2127 3125 2183 3180 in
2225 3125 2464 3195 picturis
2505 3125 2648 3191 fieri,
2698 3125 2887 3181 crucis
2920 3125 3136 3194 species
3157 3123 3456 3193 ‘apparuit.
3498 3124 3826 3194 interroga-

2126 3214 2278 3270 tione
2301 3227 2440 3284 ergo
2461 3213 2666 3270 iterata
2705 3213 3017 3270 Salvatoris
3048 3212 3238 3283 imago
3275 3211 3517 3280 repetiit.
3563 3211 3825 3268 Necdum

2126 3301 2272 3357 nosti
2313 3316 2486 3372 quem
2523 3301 2762 3358 videas?
2812 3301 2938 3358 Non
2990 3301 3152 3368 alias,
3200 3299 3458 3364 Domine,
3500 3299 3610 3366 aio,
3661 3306 3824 3354 tuam

2127 3389 2311 3446 reviso
2345 3389 2630 3455 notitiam,
2663 3390 2772 3445 nisi
2805 3390 2947 3460 quia
2980 3389 3096 3444 tuis
3124 3388 3291 3444 modo
3325 3387 3609 3457 conspicio
3637 3387 3823 3442 cervi-

2123 3478 2290 3534 cibus
2329 3477 2627 3534 imminere
2647 3478 2836 3534 crucis
2865 3477 3134 3548 effigiem,
3180 3477 3335 3546 quod
3362 3483 3520 3532 tuam
3554 3475 3826 3544 speciali-

2123 3573 2229 3633 ter,
2274 3579 2628 3636 quocunque
2669 3565 2945 3638 pingitur,
2982 3565 3259 3636 insignire
3287 3563 3586 3620 consuevit
3615 3563 3824 3633 imagi-

2124 3669 2276 3711 nem.
2311 3655 2498 3722 Haud,
2533 3654 2745 3724 inquit,
2769 3668 2969 3720 erras;
2997 3654 3117 3723 ipse
3153 3667 3259 3723 ego
3298 3667 3448 3708 sum.
3491 3651 3818 3719 Confestim,

2123 3758 2241 3799 non
2272 3743 2573 3799 immemor
2600 3744 2728 3815 ejus
2756 3757 2934 3813 quam
2979 3742 3196 3812 pariter
3223 3740 3588 3810 patiebamur
3624 3753 3823 3810 angu-

2121 3831 2265 3899 stiae,
2299 3832 2543 3902 pedibus
2572 3845 2664 3888 me
2688 3831 2844 3888 illius
2874 3831 3126 3892 advolvi.
3149 3834 3206 3885 et
3229 3829 3580 3898 deprecabar
3608 3827 3822 3884 obnixe

2121 3927 2412 3989 quatenus
2457 3920 2751 3976 communi
2801 3933 2902 3988 pro
2941 3918 3051 3974 fide
3099 3917 3444 3974 certantium
3503 3914 3819 3970 calamitati

2120 4015 2502 4063 succurreret.
2548 4006 2790 4075 Optime,
2829 4007 3040 4074 inquit,
3088 4019 3222 4072 quae
3253 4004 3535 4058 tolerastis
3579 4002 3816 4068 attendi,

2120 4095 2325 4150 amodo
2359 4093 2521 4150 vobis
2561 4093 2832 4162 opitulari
2873 4107 2988 4148 non
3041 4091 3323 4147 dill‘eram.
3371 4091 3494 4147 Meo
3543 4089 3818 4147 instinctu

2122 4181 2300 4252 hujus
2323 4182 2704 4252 expeditionis
2728 4191 2858 4236 vota
2885 4195 3012 4236 sum
3023 4179 3228 4250 psistis,
3257 4179 3505 4235 Nicaeam
3529 4179 3815 4236 civitatein

2121 4283 2210 4324 me
2239 4275 2615 4338 expugnante
2643 4267 2909 4337 coepistis.
2938 4265 3280 4336 multiplices
3308 4266 3419 4323 sub
3448 4279 3574 4322 meo
3602 4265 3814 4322 ducatu

313 4366 496 4410 versa:
555 4354 901 4424 conspicuus
949 4353 1291 4423 habebatur,
1342 4354 1493 4427 fugas
1548 4355 1704 4411 illius
1757 4355 2010 4426 insignia
2049 4343 2094 4397 Π
2128 4356 2394 4414 victorias
2419 4355 2720 4423 habuistis,
2757 4364 2812 4412 et
2857 4370 2993 4412 cum
3031 4369 3134 4411 vos
3166 4356 3280 4411 huc
3311 4367 3495 4424 usque
3527 4353 3813 4423 perduxe-

315 4444 494 4498 vexit.
524 4441 813 4498 Exstitere
853 4449 908 4498 et
955 4443 1054 4498 alii
1102 4442 1281 4513 hujus
1311 4451 1526 4499 sanctae
1556 4443 1773 4499 militiae
1817 4443 2012 4498 deser-

313 4537 486 4597 tores,
537 4529 640 4600 qui
686 4544 823 4586 cum
879 4531 936 4586 in
994 4532 1243 4601 patriam
1302 4531 1664 4602 repedassent
1697 4531 1906 4600 probro
1955 4537 2012 4586 et

310 4617 688 4675 exsecrationi
720 4617 921 4686 habiti,
955 4620 1175 4690 ubique
1205 4618 1720 4676 conclamabantur
1749 4618 2006 4674 infames.

312 4709 568 4773 Quorum
595 4706 827 4778 quidem
845 4707 1070 4780 aliquos
1092 4709 1456 4779 ignoramus;
1480 4706 1832 4778 quibusdam
1852 4721 2008 4776 vero,

311 4809 564 4868 quorum
593 4802 746 4852 4|.
786 4795 844 4852 in
876 4805 1150 4868 promptu
1197 4793 1397 4851 notitia
1441 4803 1546 4863 est,
1598 4795 1877 4867 derogare
1907 4809 2006 4851 no-

313 4882 552 4941 luimus.

383 4970 588 5045 [χω
617 4974 699 5030 Ad
744 4983 970 5044 portum
1026 4973 1222 5043 itaque
1261 4975 1362 5044 qui
1415 4973 1630 5030 dicitur
1681 4973 1871 5030 Sancti
1917 4972 2010 5030 Si-

310 5056 530 5114 meonis
556 5059 890 5127 deveniunt,
921 5073 1095 5115 naves
1115 5067 1358 5129 uautasq
1369 5073 1440 5115 ue
1465 5059 1780 5129 reperiunt,
1813 5059 2010 5116 nautis

311 5147 585 5216 inquiunt
614 5163 628 5202 :
664 5170 686 5198 ε
714 5149 862 5215 Quid
895 5147 988 5204 hic
1009 5147 1171 5203 vobis
1200 5147 1517 5217 praestolari
1551 5148 1840 5205 infelices?
1877 5149 2010 5205 Illos

303 5249 502 5292 omnes
547 5237 764 5306 quibus
813 5235 1086 5292 victualia
1131 5236 1450 5292 convehere
1504 5236 1794 5304 solebatis,
1832 5237 2004 5293 morti

308 5325 584 5380 noveritis
624 5325 972 5393 destinatos;
1031 5322 1230 5379 urbem
1297 5324 1454 5380 enim
1521 5326 1789 5395 ipsosque
1855 5325 2009 5380 intra

309 5411 506 5467 urbem
529 5412 852 5468 Turcorum
905 5411 1125 5467 obsedit
1168 5413 1476 5479 exercitus,
1519 5422 1575 5469 et
1623 5426 1729 5468 nos
1776 5412 2007 5483 propria

304 5513 546 5570 corpora
569 5499 642 5556 ab
675 5513 875 5556 eorum
907 5498 1152 5569 pernitie
1199 5499 1297 5557 vix
1327 5502 1486 5558 nuda
1523 5502 1937 5572 excerpsimus.
1978 5523 2000 5548 ι

303 5587 411 5654 Qui
442 5587 618 5644 tristis
660 5586 850 5642 nuntii
892 5587 1089 5658 jaculo
1151 5588 1442 5656 tcrebrati,
1501 5598 1807 5660 postquam
1845 5588 2003 5660 apud

2118 4446 2248 4511 rim,
2278 4445 2556 4502 aerumnis
2583 4459 2734 4516 quas
2764 4445 2820 4500 in
2860 4444 3171 4501 obsidendo
3201 4443 3408 4500 urbem
3458 4441 3813 4498 Antiochiam

2122 4535 2270 4604 passi
2291 4533 2427 4590 estis
2456 4533 2696 4596 indolui,
2723 4547 2974 4604 quaeque
3014 4533 3166 4588 intra
3212 4533 3414 4588 urbem
3447 4529 3616 4586 modo
3643 4529 3811 4585 etiam

2119 4623 2393 4678 toleratis.
2429 4622 2532 4678 Sed
2567 4636 2701 4678 cum
2735 4637 2836 4678 vos
2865 4630 2947 4678 tot
2971 4621 3262 4678 beneﬁciis
3295 4619 3583 4689 tantisque
3613 4617 3809 4674 trium-

2119 4711 2248 4782 phis
2277 4711 2608 4779 extulerim,
2661 4711 2912 4781 urbique
2958 4709 3202 4765 victores
3249 4707 3604 4774 induxerim,
3647 4719 3812 4762 sanos

2119 4800 2550 4870 incolumesque
2579 4799 2956 4862 servaverim,
2998 4811 3098 4852 vos
3129 4811 3253 4852 meo
3283 4809 3524 4852 munere
3571 4794 3808 4851 abuten-

2119 4895 2220 4951 tes,
2250 4894 2306 4943 et
2334 4901 2466 4943 cum
2497 4885 2840 4942 Christianis
2887 4884 3034 4940 male
3061 4883 3279 4955 egistis,
3314 4890 3370 4940 et
3411 4897 3545 4939 cum
3577 4883 3808 4953 paganis

2115 4975 2458 5032 mulieribus
2499 4975 2807 5031 fmdissime
2835 4973 3166 5037 cohaesistis,
3213 4973 3446 5029 fetorem
3498 4971 3660 5027 nimii
3691 4971 3808 5027 cla-

2116 5064 2292 5120 moris
2323 5063 2382 5118 in
2413 5061 2620 5118 malum
2646 5060 2934 5117 emisistis.

2192 5173 2214 5200 ι
2249 5152 2335 5207 Ad
2386 5151 2510 5206 haec
2554 5149 2783 5219 pietatis
2825 5147 3178 5204 invincibilis
3228 5149 3418 5220 Virgo,
3461 5154 3518 5203 et
3575 5146 3806 5202 humani

2115 5240 2345 5311 generis
2371 5237 2552 5295 Maria
2585 5237 2659 5292 ad
2703 5237 2884 5292 Deum
2939 5251 3164 5307 semper
3220 5237 3519 5306 interpres,
3551 5242 3605 5291 et
3637 5235 3805 5291 clavi-

2115 5340 2216 5396 ger
2283 5326 2566 5382 aethereus
2628 5325 3114 5382 Autiochenorurn
3177 5325 3438 5394 specialis
3511 5324 3806 5394 episccpus

2115 5416 2336 5478 Petrus,
2369 5413 2440 5468 ad
2476 5413 2720 5484 vestigia
2749 5413 3266 5470 misericordissimi
3317 5412 3546 5470 Domini
3586 5414 3804 5481 provol-

2115 5507 2356 5567 vuntur,
2384 5501 2770 5571 deprecantur
2817 5509 2873 5558 et
2921 5509 3129 5572 rogant
3157 5506 3223 5558 ut
3267 5501 3477 5572 populo
3525 5499 3803 5558 laboranti

2111 5601 2285 5644 suum
2334 5587 2626 5658 impendat
2671 5589 2960 5646 solatium.
3010 5588 3116 5645 Ubi
3168 5588 3342 5644 etiam
3374 5590 3490 5658 ipse
3532 5586 3802 5646 mirabilis
