3934 6400
66 365 189 421 τ61

1228 365 1457 440 ϐΕδΤΑ
1492 366 1614 423 DEI
1655 365 1798 423 PER
1835 365 2170 424 FBANCOS.
2192 367 2415 422 —LlB.
2456 368 2517 421 V.

3518 373 3625 426 762

74 501 305 557 Petrus
336 515 441 570 per
470 515 530 557 se
560 499 753 557 intulit
784 515 797 554 :
843 521 863 550 ι
930 502 1206 568 Meminit,
1240 502 1500 570 Domine,
1531 502 1802 572 majestas
1837 505 1885 558 A
1915 502 1976 556 in
2009 502 2130 559 loco
2185 503 2465 566 lanceam,
2512 517 2632 574 qua
2681 503 2994 559 Salvatoris
3022 503 3204 559 nostri
3248 505 3381 560 Iesu
3408 503 3621 561 Christi

75 595 217 655 tua,
276 603 463 660 quam
518 589 802 659 pudendis
850 589 1087 645 domum
1145 604 1330 645 meam
1398 590 1453 646 in
1504 591 1613 646 hac
1670 592 1813 647 urbe

77 679 533 734 attaminarunt
591 678 802 748 pagani
879 678 1168 743 sordibus,
1233 679 1520 735 redundat
1578 680 1650 734 ad
1699 688 1813 735 tute

73 765 425 821 divinitatis
492 765 785 835 injuriam,
841 766 998 835 quod
1088 773 1189 822 tua
1268 768 1521 822 sacraria
1579 766 1813 838 ﬂagitiis

76 854 464 923 complevere
533 863 589 909 et
648 854 922 909 caedibus.
990 854 1135 910 Cum
1195 868 1333 925 ergo
1399 869 1497 910 eos
1557 856 1809 923 tandem,

86 934 439 1007 miseratus,
468 942 782 1011 expuleris,
819 942 1218 1013 gaudiumque
1244 956 1419 1012 super
1447 943 1554 998 hac
1583 957 1643 998 re
1671 943 1812 998 coelo

82 1030 393 1096 intuleris,
442 1038 505 1085 tu
536 1038 651 1086 tam
706 1030 781 1099 pii
831 1030 963 1085 facti
1022 1030 1324 1099 pmnitens,
1363 1044 1565 1086 eorum
1603 1045 1810 1100 super-

86 1119 263 1173 biam
308 1118 530 1188 regredi
574 1118 630 1173 in
678 1123 894 1174 statum
947 1118 1254 1188 pristinum
1289 1119 1566 1174 adversus
1622 1127 1812 1175 temet-

84 1206 299 1276 ipsum
327 1206 600 1276 patieris?

177 1315 204 1343 ι
238 1294 427 1351 Motus
448 1308 587 1365 ergo
605 1294 694 1349 his
720 1293 906 1359 dictis,
929 1292 1210 1350 Dominus
1235 1295 1374 1350 mihi
1405 1294 1553 1351 dixit
1581 1311 1594 1350 :
1633 1317 1654 1345 ι
1690 1295 1810 1352 Va-

85 1382 191 1447 de,
231 1389 288 1437 et
317 1382 410 1437 dic
441 1382 653 1451 populo
685 1396 829 1447 meo,
864 1389 928 1436 ut
955 1381 1028 1436 ad
1081 1396 1168 1438 me
1192 1384 1638 1451 przecordialiter
1666 1398 1811 1439 con-

83 1478 393 1534 vertatur,
436 1480 493 1526 et
534 1485 640 1541 ego
687 1484 778 1526 me
823 1470 891 1525 ad
942 1470 1094 1539 ipsos
1146 1472 1276 1526 totis
1320 1472 1591 1541 polliceor
1627 1473 1808 1527 visce-

85 1559 274 1615 ribus
321 1573 712 1623 reversurum,
763 1567 819 1613 et
848 1558 1002 1614 intra
1041 1558 1303 1629 quinque
1334 1561 1456 1615 dies
1486 1560 1809 1616 maximum

83 1647 272 1703 vobis
345 1648 610 1718 praebebo
673 1647 1020 1703 subsidium.
1081 1648 1337 1703 Litanias
1394 1650 1589 1719 itaque
1648 1649 1807 1704 insti-

86 1739 297 1803 tuant,
353 1736 621 1806 istudque
664 1736 1109 1805 Responsorium
1160 1736 1539 1792 Ecclesiastici
1586 1738 1807 1807 quique

82 1823 448 1879 decantent:
512 1845 533 1872 ε
597 1822 939 1894 Congregati
1011 1830 1150 1877 sunt
1210 1823 1425 1879 inimici
1485 1825 1686 1890 nostri,
1746 1822 1809 1880 'et

88 1913 438 1983 gloriantur
470 1912 526 1967 in
558 1912 771 1967 virtute
800 1925 926 1967 sua.
982 1911 1223 1967 Contere
1256 1911 1649 1968 fortitudinem
1684 1913 1806 1967 illo-

86 2011 259 2063 rum,
292 1997 551 2064 Domine,
602 2005 657 2052 et
698 1996 965 2068 disperge
998 1997 1142 2064 illos,
1176 2006 1242 2053 ut
1266 2006 1635 2068 cognoscant,
1669 1999 1808 2068 quia

88 2101 217 2143 non
261 2093 349 2141 est
399 2085 552 2141 alius
580 2087 682 2155 qui
719 2094 934 2155 pugnet
990 2100 1092 2155 pro
1137 2085 1320 2152 nobis,
1369 2086 1480 2141 nisi
1533 2094 1595 2142 tu
1659 2086 1807 2142 Deus

89 2182 322 2231 noster.
381 2173 649 2243 Disperge
705 2173 828 2228 illos
856 2173 916 2227 in
946 2173 1158 2228 virtute
1187 2181 1305 2237 tua,
1336 2181 1391 2229 et
1420 2175 1651 2230 destrue
1686 2189 1803 2242 eos,

89 2270 392 2333 protector
449 2270 641 2317 noster
669 2261 925 2318 Domine.
965 2282 985 2309 ι
1038 2262 1258 2327 Quibus
1286 2264 1565 2332 peroratis
1600 2263 1807 2334 adjecit

90 2351 407 2421 presbyter
433 2366 447 2405 :
478 2372 506 2400 ι(
540 2350 595 2406 Si
623 2350 695 2405 de
728 2350 817 2405 his
842 2364 974 2421 quae
1004 2350 1157 2406 dicta
1176 2358 1332 2418 sunt,
1365 2350 1565 2421 aliqua
1605 2352 1807 2407 vestris

88 2439 317 2496 animis
342 2439 542 2508 irrepit
561 2438 932 2509 ambiguitas,
959 2453 1100 2509 ergo
1118 2439 1176 2494 in
1205 2439 1381 2509 hujus
1401 2440 1632 2496 nomine
1659 2441 1805 2496 veri-

89 2528 252 2594 tatis,
303 2527 636 2597 cuicunque
693 2526 991 2581 volueritis
1043 2539 1133 2581 me
1160 2526 1419 2581 examini
1450 2527 1539 2582 vel
1566 2527 1803 2597 judicio,

88 2631 197 2672 seu
230 2615 391 2687 ignis
418 2629 521 2670 seu
570 2613 891 2684 przecipitii,
943 2613 1109 2683 plena
1140 2613 1250 2669 ﬁde
1286 2614 1648 2680 submittam,
1674 2622 1731 2670 et
1759 2615 1806 2669 si

84 2705 223 2761 laedi
288 2717 385 2760 me
431 2704 756 2773 contigerit,
799 2702 1026 2757 laesione
1086 2715 1228 2758 mea;
1258 2703 1596 2757 atrociorem
1627 2716 1805 2772 quam

83 2793 336 2863 potestis
365 2791 558 2846 addite
580 2804 827 2861 poenam.
866 2811 886 2839 ι
932 2791 1006 2845 At
1038 2791 1127 2845 vir
1161 2791 1550 2861 undecunque
1577 2791 1809 2847 canoni-

84 2896 195 2938 cus
227 2881 531 2937 Podiensis
571 2880 885 2948 episcopus,
917 2878 1232 2950 Evangelia
1256 2879 1421 2949 jubet
1459 2893 1808 2950 crucemque

85 2969 335 3034 deferri,
351 2983 387 3038 q
399 2976 645 3023 uatenus
656 2967 894 3038 verbaej
906 2981 972 3023 us
990 2967 1129 3023 fides
1140 2975 1424 3024 astrueret
1440 2968 1805 3023 sacramenti.

166 3056 415 3127 [XVIIL]
446 3056 779 3111 Obsessione
805 3055 984 3110 cincti
1013 3055 1156 3118 forti
1206 3054 1404 3111 animo
1407 3055 1652 3125 futuros
1674 3071 1804 3111 mu-

88 3149 190 3202 tuo
215 3148 435 3216 jurant
463 3145 654 3199 duces.
695 3173 757 3184 -
810 3144 912 3199 His
954 3144 1198 3214 peractis
1250 3144 1537 3213 extemplo
1589 3143 1802 3215 princi-

88 3250 215 3306 pes,
269 3234 704 3291 communicato
743 3232 1000 3299 consilio,
1051 3239 1254 3289 mutuo
1298 3232 1407 3289 sibi
1444 3241 1806 3289 sacramenta

87 3325 406 3387 dederunt,
440 3322 597 3393 quod
636 3321 854 3379 scilicet
885 3336 898 3376 :
948 3342 974 3371 ‹‹
1005 3322 1208 3392 Neque
1238 3335 1411 3389 mors,
1453 3336 1643 3392 neque
1688 3322 1806 3378 vita

90 3426 126 3468 a
152 3421 351 3482 coepta
400 3426 496 3467 eos
532 3410 858 3466 defensione
904 3409 1198 3481 suffugere
1239 3418 1484 3481 cogeret,
1547 3418 1804 3481 quanta-

89 3515 335 3572 cunque
386 3500 476 3556 vel
526 3501 677 3569 ipsos
736 3498 933 3569 urgeri
979 3498 1315 3555 necessitate
1364 3499 1738 3570 contingeret.
1772 3516 1800 3550 ιο

89 3587 286 3646 Primo
342 3588 526 3659 igitur
596 3587 980 3653 Boemundus,
1035 3587 1287 3643 secundo
1342 3586 1534 3643 Sancti
1612 3587 1804 3658 Egidii

90 3692 308 3744 comes,
373 3678 538 3747 Hugo
592 3677 858 3747 Magnus,
934 3675 1216 3731 Robertus
1290 3674 1802 3745 Nortbmanuicus,

91 3766 219 3822 dux
287 3764 655 3827 Godefridus,
725 3776 1031 3833 comesque
1091 3763 1478 3830 Flandrensis,
1538 3763 1660 3833 pari
1744 3776 1805 3819 se

93 3867 408 3924 nunquam
462 3853 619 3924 quod
677 3860 972 3921 cmperant
1025 3851 1374 3915 deserturos,
1440 3853 1804 3908 animositate

89 3942 395 4010 iurarunt.
462 3944 535 3997 At
579 3940 913 3996 Tancredus
936 3953 1005 3995 ea
1043 3939 1367 3995 conditione
1390 3940 1612 4010 juravit
1642 3942 1801 4011 quia,

98 4031 369 4099 quandiu
409 4030 804 4101 quadraginta
855 4028 1101 4083 militum
1145 4026 1423 4098 sulIragio
1455 4028 1559 4084 niti
1597 4035 1799 4099 posset,

97 4133 212 4174 non
236 4119 428 4174 solum
480 4131 554 4173 ex
584 4132 653 4173 ea
684 4131 864 4189 quam
915 4116 1288 4186 patiebantur
1316 4124 1479 4185 tunc,
1510 4117 1807 4173 obsidione

98 4211 250 4260 413
281 4221 406 4262 sese
444 4218 817 4276 nequaquam
846 4204 1218 4272 subduceret,
1265 4205 1363 4260 sed
1394 4218 1501 4260 nec
1556 4205 1629 4260 ab
1674 4205 1805 4261 Hie-

100 4294 520 4364 rosolymorum
561 4294 762 4355 itinere
807 4293 1038 4360 abduci,
1089 4292 1199 4349 nisi
1231 4293 1405 4350 obvia
1430 4301 1610 4349 morte
1648 4293 1804 4349 vale-

1924 591 2268 660 pcrforatum
2328 592 2540 660 legitur
2588 592 2759 657 latus,
2805 592 3064 647 invenire
3122 592 3350 661 poteris.
3379 614 3407 641 ››
3440 593 3616 659 Dixit,

1923 694 2028 735 nec
2052 680 2269 735 addens
2303 680 2491 749 plura,
2523 680 2774 735 recessit.
2808 681 2989 750 Cujus
3033 680 3282 736 visiones
3324 679 3619 736 conscium

1922 768 2208 823 neminem
2246 769 2413 823 homo
2466 768 2641 823 isdem
2691 767 2876 824 facere
2925 776 3063 824 tunc
3096 767 3310 836 voluit;
3350 782 3456 824 nec
3490 782 3621 824 eam

1920 857 2076 925 apud
2108 871 2166 912 se
2199 857 2342 912 tanti
2377 857 2571 926 pendit
2604 865 2664 912 ut
2690 857 2958 916 ludibriis
3000 857 3381 921 somniorum,
3405 856 3622 926 quibus

1920 958 2061 1013 pene
2092 944 2479 1000 indesinenter
2508 944 2814 1009 aflicimur,
2851 944 3041 1015 majus
3071 944 3130 999 in
3163 944 3282 999 ullo
3311 944 3622 1000 testimaret

1918 1032 2112 1087 valere
2137 1032 2379 1102 aliquid.
2419 1034 2485 1087 Et
2519 1039 2708 1087 tamen
2742 1046 2857 1087 non
2889 1030 2999 1098 sui,
3037 1030 3177 1087 dum
3199 1045 3334 1087 cum
3367 1031 3620 1101 apostolo

1868 1128 1881 1135 “
1918 1119 2273 1189 loqueretur,
2321 1120 2551 1190 penitus
2592 1119 2890 1176 immemor
2913 1121 2964 1176 ei
3010 1120 3285 1177 intulerat
3319 1134 3332 1173 :
3366 1141 3394 1168 ‹‹
3430 1119 3621 1175 Domi-

1918 1223 2010 1276 ne,
2046 1209 2253 1279 inquit,
2284 1209 2328 1263 si
2379 1210 2485 1264 hoc
2533 1209 2685 1278 quod
2731 1223 2765 1263 a
2813 1216 2867 1264 te
2897 1208 3231 1279 praecipitur
3259 1208 3467 1264 nostris
3493 1208 3621 1264 edi-

1919 1310 2100 1353 cerem
2134 1298 2286 1367 quod
2335 1297 2464 1353 ﬁdei
2507 1296 2782 1353 indicium
2815 1297 3009 1352 dubiis
3064 1296 3418 1362 adhiberem,
3466 1296 3620 1352 unde

1919 1386 1989 1441 ad
2020 1385 2369 1442 credendum
2417 1386 2540 1456 cogi
2582 1385 2846 1454 possent?
2899 1408 2927 1433 ››
2975 1385 3061 1439 Ad
3096 1385 3216 1440 haec
3265 1384 3444 1439 verba
3497 1383 3619 1454 glo-

1920 1472 2107 1529 riosos
2158 1474 2453 1543 apostolus
2522 1473 2815 1528 hominem
2869 1471 3167 1540 corripuit,
3220 1478 3277 1525 et
3332 1470 3404 1525 ad
3469 1469 3619 1526 beati

1918 1562 2114 1618 fratris
2162 1561 2479 1627 basilicam,
2506 1560 2566 1616 in
2605 1575 2739 1616 eum
2784 1575 2901 1630 quo
2958 1568 3083 1616 erat
3134 1559 3380 1629 reposita
3419 1558 3619 1614 lancea

1916 1649 2103 1705 locum
2127 1648 2461 1720 spiritaliter
2485 1650 2820 1719 asportavit.

1987 1735 2165 1806 Capta
2218 1736 2578 1806 postmodum
2624 1736 2873 1805 civitate,
2906 1749 3039 1790 cum
3086 1736 3184 1791 Dei
3224 1735 3475 1805 populus
3506 1734 3617 1801 his,

1917 1838 2068 1893 quas
2121 1817 2575 1894 pt‘zelibavimus,
2633 1823 3018 1894 subjiceretur
3069 1823 3279 1890 exitiis,
3323 1823 3471 1878 idem
3522 1822 3620 1878 ite-

1917 1925 2048 1968 rum
2100 1912 2490 1968 memorabilis
2563 1911 2872 1981 apostolus,
2938 1912 3038 1982 qui
3079 1911 3231 1981 juste
3275 1910 3620 1966 omnimodis

1915 2013 2118 2057 earum
2178 2014 2375 2056 rerum
2435 2008 2776 2070 procurator
2825 2000 2944 2055 ﬁeri
3004 2006 3275 2068 coeperat,
3329 2013 3479 2069 quas
3543 1998 3619 2054 ad

1913 2088 2237 2145 charissimi
2278 2088 2470 2144 fratris
2510 2096 2783 2144 ornatum
2831 2087 3039 2143 domus
3088 2087 3374 2156 pertinere
3411 2100 3621 2157 cogno-

1914 2185 2093 2246 verat,
2156 2177 2372 2233 homini
2426 2176 2505 2232 illi
2554 2177 2718 2232 Petro
2758 2189 2965 2232 rursus
2987 2177 3304 2245 apparuit:
3360 2174 3615 2242 «Quare,

1917 2265 2125 2335 inquit,
2185 2265 2454 2321 distulisti
2498 2264 2865 2320 manifestare
2909 2264 3063 2335 quod
3118 2262 3443 2334 jusserani?
3473 2262 3620 2318 Cum

1914 2352 2112 2409 videas
2145 2361 2273 2409 tuos
2304 2353 2441 2408 hinc
2496 2352 2821 2407 inediarum
2868 2350 3176 2421 periclitari
3237 2351 3617 2417 incommodo,

1915 2441 2074 2497 illinc
2102 2441 2304 2497 Turcis
2357 2440 2773 2510 insistentibus,
2826 2439 3002 2495 foveae
3043 2440 3163 2510 jam
3204 2438 3620 2509 propemodum

1915 2529 2326 2598 desperationis
2375 2529 2551 2597 illabi,
2601 2542 2668 2584 ea
2699 2543 2830 2598 quae
2862 2542 2950 2583 me
3002 2528 3429 2597 praenuntiante
3472 2527 3619 2582 didi-

1913 2630 2095 2682 ceras,
2143 2615 2279 2686 ipsis
2318 2616 2615 2673 notiiicare
2667 2616 2966 2683 debueras,
3006 2629 3135 2671 cum
3188 2613 3393 2684 procul
3442 2614 3619 2671 dubio

1912 2719 2008 2760 eos
2037 2704 2183 2760 scire
2230 2704 2556 2767 conveniat,
2593 2704 2735 2774 quia
2788 2702 3425 2774 quocunquelanceam
3453 2716 3618 2758 eam~

1915 2794 2044 2849 dem
2097 2792 2458 2863 pertulerint,
2527 2793 2764 2848 victoria
2823 2793 2933 2848 sibi
2989 2800 3145 2848 certa
3208 2792 3528 2861 proveniat.
3584 2812 3608 2840 ι

1915 2880 2041 2948 Qua
2086 2881 2322 2949 apostoli
2382 2880 2773 2936 admonitione
2831 2882 3085 2937 secundo
3150 2880 3369 2947 habita,
3403 2879 3615 2936 nostris

1915 2970 2086 3038 erepit
2134 2969 2443 3024 verborum
2494 2982 2626 3037 quae
2692 2968 2752 3022 in
2808 2956 3028 3024 visione
3088 2968 3353 3023 audierat
3409 2967 3614 3023 seriem

1845 3076 1887 3133 ο
1919 3057 2251 3128 praedicare.
2308 3054 2563 3125 Populus
2618 3062 2812 3112 autem
2869 3055 3120 3110 hominis
3162 3054 3316 3109 dicta
3345 3053 3612 3110 reverbe-

1912 3160 2066 3212 rans,
2094 3144 2372 3200 mendacii
2420 3143 2607 3198 simile
2653 3143 2793 3214 quid
2832 3142 3133 3212 putabant,
3167 3141 3431 3212 undique
3462 3140 3620 3198 enim

1913 3249 2010 3291 eos
2064 3232 2661 3304 circumcingentibus
2707 3232 2891 3295 malis,
2947 3244 3107 3300 spem
3166 3230 3427 3300 aliquam
3491 3230 3619 3299 ejus

1913 3322 2211 3391 concipere
2243 3322 2325 3377 rei
2376 3319 2710 3376 nullatenus
2756 3325 3038 3389 poterant.
3074 3320 3149 3373 At
3199 3317 3294 3373 ille
3326 3316 3614 3387 pertinax,

1916 3419 1972 3466 et
2053 3425 2126 3466 ex
2218 3408 2513 3480 apostolici
2596 3407 2877 3464 sermonis
2951 3406 3291 3462 auctoritate
3363 3404 3615 3473 solidior,

1912 3498 2278 3555 asseverabat
2357 3495 2463 3553 sibi
2532 3497 2872 3567 apparuisse
2942 3494 3266 3564 apostolum
3316 3500 3370 3549 et
3418 3492 3506 3549 bis
3559 3491 3619 3547 in

1911 3587 2133 3643 visione
2187 3586 2402 3642 dixisse
2444 3600 2457 3639 :
2512 3607 2534 3634 ε
2586 3586 2854 3654 Propera,
2914 3589 2970 3639 et
3026 3582 3214 3638 dicere
3267 3578 3621 3651 quantocius

1912 3676 2136 3732 militiae
2203 3674 2431 3730 Domini
2486 3672 2828 3743 periclitanti
2880 3686 2951 3728 ne
3020 3668 3270 3737 differas,
3329 3676 3622 3739 quatenus

1915 3764 2117 3821 timore
2170 3776 2403 3819 recusso
2465 3762 2580 3817 Deo
2624 3761 2985 3831 adjutorium
3034 3758 3323 3830 pollicenti
3376 3756 3622 3812 indubia

1915 3852 2024 3908 fide
2068 3852 2386 3918 cohaereat;
2441 3850 2587 3905 citra
2611 3847 2767 3906 enim
2813 3849 3078 3919 quinque
3107 3847 3334 3903 dierum
3365 3844 3621 3915 spatium

1911 3940 2026 3996 tale
2056 3939 2199 4010 quid
2234 3938 2510 3995 Dominus
2539 3936 2834 4004 revelabit,
2880 3950 2982 4006 per
3010 3936 3165 4006 quod
3198 3934 3380 3990 multo
3405 3933 3620 4005 gaudio

1913 4042 2021 4084 sua
2066 4036 2297 4097 pectora
2352 4026 2662 4095 revelabit;
2708 4034 2764 4081 et
2792 4025 2837 4079 si
2872 4024 3136 4094 praelium
3171 4024 3253 4079 eis
3311 4021 3617 4092 ingruerit,

1913 4116 2023 4171 hoc
2063 4129 2225 4171 sacro
2279 4122 2571 4185 praeeunte
2641 4114 2829 4184 signo,
2888 4111 3077 4168 omnis
3161 4111 3268 4167 sibi
3341 4109 3622 4166 hostilitas

1916 4203 2142 4261 devicta
2183 4218 2316 4259 mox
2347 4202 2584 4259 suberit.
2620 4224 2650 4251 »
2699 4202 2929 4271 Cmpere
2957 4201 3176 4257 interea
3207 4200 3280 4255 ad
3328 4199 3617 4254 dictorum

1916 4292 2073 4349 illius
2127 4292 2531 4348 credulitatem
2591 4290 2793 4346 sedula
2848 4289 3099 4345 hominis
3157 4288 3313 4344 illius
3351 4286 3623 4343 suasione

104 4390 203 4436 ret.
233 4383 375 4449 Quae
408 4396 498 4438 res
528 4383 726 4438 audita
750 4381 1073 4437 minoribus
1094 4395 1365 4451 magnam
1393 4382 1450 4436 in
1475 4383 1649 4437 totius
1666 4381 1803 4437 sub-
1845 4376 1890 4430 D
1920 4381 2111 4436 vocari
2149 4388 2202 4437 et
2237 4379 2456 4435 vicaria
2483 4379 2602 4450 jam
2635 4376 3098 4444 commonitione,
3131 4377 3254 4447 spei
3282 4375 3620 4446 qualiscun-

102 4470 261 4539 jectaa
281 4470 673 4528 multitudinis
694 4470 1037 4540 pectoribus,
1064 4470 1455 4526 fortitudinem
1471 4471 1802 4540 parturivit.

771 4558 1001 4615 CAPUT
1041 4558 1134 4615 IV.

178 4646 392 4721 [XIX]
427 4646 666 4704 Cuidam
695 4664 802 4718 per
814 4647 998 4702 vicum
1031 4648 1317 4713 lanceam,
1341 4663 1458 4718 qua
1479 4646 1701 4702 Christi
1716 4647 1807 4701 la-

105 4735 196 4789 tus
214 4738 583 4806 perforatum
610 4740 715 4802 est,
738 4735 802 4790 in
822 4737 1184 4791 Antiochena
1202 4734 1443 4791 ecclesia
1465 4735 1805 4791 absconsum

103 4824 346 4880 ostendit
365 4828 427 4881 B.
451 4824 723 4895 Andreae
748 4825 884 4897 (δελ).
916 4854 985 4865 -
1016 4826 1344 4895 Antequam
1367 4839 1605 4894 quoque
1618 4825 1806 4881 Antio-

104 4908 287 4965 cliena
315 4913 523 4967 civitas
564 4920 888 4982 caperetur,
924 4914 1156 4969 cuidam
1196 4912 1266 4968 de
1309 4912 1591 4979 exercitu,
1637 4912 1803 4968 Petro

106 4997 356 5064 nomine,
414 4999 564 5055 beati
638 5001 881 5056 Andreae
938 5001 1177 5069 apostoli
1235 5001 1453 5068 species
1507 5001 1799 5069 apparuit,

104 5081 344 5141 dicens:
391 5106 420 5139 α
477 5087 626 5154 Quid
684 5095 873 5144 tecum
922 5087 1159 5159 agitur?
1206 5109 1227 5135 ι
1266 5087 1369 5143 Cui
1404 5088 1496 5142 ille
1536 5089 1805 5159 stupidus

108 5183 220 5226 non
245 5174 316 5229 ad
380 5177 734 5247 interrogata
779 5176 1094 5246 respondit,
1126 5175 1246 5239 sed,
1277 5175 1413 5245 quis
1441 5184 1606 5243 esset,
1643 5191 1803 5246 quaa-

106 5256 255 5314 sivit.
288 5262 386 5319 Ille
441 5263 731 5320 Andream
791 5264 1110 5333 apostolum
1162 5278 1223 5319 se
1265 5277 1387 5319 esse
1438 5277 1552 5319 non
1599 5265 1798 5323 tacuit.

108 5363 136 5388 α
167 5346 436 5422 Noverisq
449 5368 541 5419 ue,
568 5351 669 5417 ait,
705 5352 802 5409 hli.
827 5352 969 5422 quia
992 5366 1127 5408 cum
1150 5351 1352 5407 urbem
1411 5351 1527 5407 Deo
1556 5351 1804 5421 aperien-

108 5438 181 5498 te,
234 5437 589 5497 Francorum
668 5440 857 5496 virtus
934 5440 1258 5505 intraverit,
1319 5442 1390 5495 ad
1445 5441 1592 5496 beati
1650 5440 1800 5496 Petri

109 5530 415 5592 coapostoli
469 5534 576 5585 mei
629 5543 697 5585 ac
736 5529 929 5585 fratris
973 5529 1285 5585 Ecclesiam
1317 5529 1444 5593 ibis,
1480 5528 1676 5597 ibique
1702 5528 1799 5582 tali

179 5648 290 5719 (32)
314 5652 378 5706 V.
420 5653 570 5710 infra
602 5652 699 5709 lib.
732 5668 809 5714 γι,
849 5668 975 5723 cap.
1017 5655 1066 5706 1.

1915 4482 2031 4538 que
2061 4468 2431 4538 respiratione
2450 4467 2644 4538 juvari
2680 4480 2693 4520 :
2731 4487 2758 4514 ‹‹
2791 4465 2918 4521 Non
2971 4464 3068 4528 ita,
3119 4464 3413 4533 inquiunt,
3455 4461 3624 4518 nobis

1912 4556 2418 4626 estdesipiendum
2467 4564 2532 4611 ut
2576 4568 2680 4610 nos
2713 4567 2819 4623 pro
2863 4552 2995 4607 ﬁdei
3034 4550 3359 4608 defensioue
3392 4550 3625 4607 conclu-

1914 4660 2024 4711 sos,
2069 4647 2224 4701 Deus
2259 4652 2340 4702 tot
2392 4645 2672 4700 hactenus
2701 4641 3073 4697 victoriarum
3107 4640 3410 4708 praestitor,
3443 4639 3514 4693 de
3561 4650 3621 4692 se

1913 4742 2227 4802 sperantes,
2272 4741 2328 4789 et
2387 4733 2459 4788 ad
2512 4745 2573 4787 se
2637 4728 3017 4801 gemebundis
3070 4725 3282 4781 animis
3309 4724 3619 4790 inhiantes,

1916 4823 2242 4879 Turcorum
2298 4821 2507 4893 gladiis
2575 4817 2956 4876 concidendos
3028 4820 3313 4884 exponat;
3361 4813 3460 4868 sed
3512 4826 3617 4881 pro

1912 4918 2068 4967 certo
2115 4910 2269 4967 credi
2318 4910 2487 4966 debet
2516 4908 2657 4979 quia
2697 4914 2822 4977 post
2866 4904 3052 4961 tristia
3082 4911 3362 4971 tempora,
3422 4900 3616 4957 lucem

1913 4999 2080 5055 nobis
2108 5013 2228 5055 sure
2257 4995 2637 5053 miserationis
2669 4994 2963 5062 ostendat;
3014 4992 3394 5061 timoremque
3443 5003 3617 5046 suum

1911 5101 2086 5157 super
2102 5100 2200 5143 eas
2219 5100 2353 5156 qua:
2378 5100 2436 5141 se
2458 5099 2573 5141 non
2602 5083 3011 5153 exquisierunt
3039 5087 3237 5151 gentes
3267 5078 3557 5134 immittat.
3586 5099 3609 5126 ι

2596 5172 2826 5229 CAPUT
2867 5170 2935 5227 V.

1984 5260 2153 5333 [XX]
2188 5261 2370 5331 Igitur
2411 5260 2515 5331 qui
2563 5260 2879 5316 tuebantur
2924 5266 3178 5315 castrum
3231 5254 3421 5320 Turci,
3476 5261 3612 5310 tan—

1910 5359 1969 5408 ta
2000 5348 2495 5407 circumfuderant
2524 5356 2749 5404 nostros
2779 5347 3055 5403 instantia
3094 5354 3158 5402 ut
3209 5346 3363 5401 intra
3409 5357 3617 5414 quam-

1911 5440 2068 5500 dam.
2127 5451 2260 5507 quae
2321 5439 2377 5492 in
2428 5444 2730 5506 prospectu
2774 5436 2992 5491 castelli
3053 5441 3177 5489 erat
3232 5446 3446 5498 arcem,
3500 5439 3618 5487 tres

1890 5541 2109 5585 ,eorum
2169 5525 2377 5581 milites
2431 5524 2836 5581 abstruserint.
2915 5523 3271 5578 Prodeuntes
3324 5520 3533 5576 etenim
3585 5535 3616 5576 e
