3934 6396
346 333 456 388 763

1233 336 1298 389 V.
1340 337 1678 396 GUIBERTI
1713 340 2009 398 ABBATIS
2043 341 2100 399 S.
2144 343 2385 402 HARIE
2423 345 2517 402 DE
2561 347 2960 406 NOVIGENTO

3743 357 3859 411 764

345 463 574 521 castello
617 465 831 536 pagani
872 473 1030 522 tanto
1095 465 1156 522 in
1203 474 1426 524 nostros
1461 468 1897 526 hacchabantur
1944 470 2034 527 in-
2073 477 2121 530 A
2151 481 2430 545 patenter,
2460 476 2510 532 si
2539 477 2968 548 intellexissent,
3013 481 3320 538 enuntiare
3367 481 3679 542 videbatur
3713 499 3853 542 exi-

350 567 528 610 cursu
558 562 622 610 ut
645 555 875 624 penitus
903 555 1142 613 tolerare
1197 557 1522 628 nequirent.
1584 561 1705 616 Duo
1737 560 1934 631 itaque
1970 575 2041 617 ex

349 641 440 698 his
469 655 617 711 quos
648 641 1004 700 incluserant
1045 644 1344 712 militibus,
1377 646 1664 702 vulnerati
1685 646 2042 718 aufugiunt;

351 730 556 786 tertius
610 729 761 786 diem
813 731 1094 788 adversus
1169 733 1378 798 hostes,
1436 733 1498 789 in
1553 735 1642 790 sui
1694 735 2040 805 defensione,

352 817 673 884 continuat,
696 819 836 876 adeo
868 827 931 876 ut
972 821 1116 876 duos
1144 834 1218 876 ex
1248 821 1330 876 eis
1370 836 1548 891 super
1581 823 1732 878 muri
1761 824 2041 881 deambu-

349 903 529 975 lacra,
563 907 728 962 sectis
775 907 1034 976 ipsorum
1079 909 1402 975 hastilibus,
1445 911 1736 967 occiderit.
1789 913 1904 982 Ipsi
1931 921 2044 970 ete-

353 993 474 1048 nim
505 1000 620 1049 tres
651 995 843 1050 hastas
871 995 1042 1051 Turci
1081 1010 1197 1066 prae
1230 998 1502 1054 manibus
1546 1000 1899 1056 concidendo
1931 1001 2041 1058 mi-

353 1089 621 1136 nuerant.
665 1083 802 1138 Erat
857 1092 1048 1140 autem
1093 1083 1260 1140 militi
1325 1085 1403 1140 illi
1459 1100 1669 1142 nomen
1748 1088 1934 1159 Hugo,
1988 1097 2044 1145 et

352 1169 842 1238 agnominabatur
891 1173 1156 1235 Insanus,
1206 1173 1276 1228 de
1353 1173 1677 1230 domesticis
1737 1177 2042 1246 cujusdam

349 1255 606 1400 iosfredi,
684 1259 787 1329 qui
860 1259 929 1316 de
976 1259 1417 1318 Montescahioso
1483 1276 1812 1332 praenomen
1865 1265 2044 1322 habe-

394 1351 470 1400 at.

394 1351 470 1400 at.

421 1477 626 1550 [XXL]
661 1482 784 1550 Qua
819 1481 1189 1539 Boemundu:
1245 1489 1374 1541 arte
1443 1484 1660 1540 milites
1702 1485 1914 1541 excitat
1966 1487 2044 1542 ad

345 1581 622 1637 pugnam.
656 1598 725 1607 —
754 1569 1140 1627 Memorabilis
1170 1581 1362 1630 autem
1389 1573 1778 1641 Boemundus,
1813 1591 1946 1632 cum
1968 1575 2041 1632 ad

349 1661 604 1711 castrum
623 1659 1080 1728 expugnandum
1132 1659 1231 1715 vix
1265 1661 1492 1730 aliquos
1527 1664 1770 1717 suadere
1801 1663 2036 1730 valeret,

347 1756 485 1798 nam
516 1743 620 1814 qui
663 1744 815 1801 domi
867 1745 1291 1818 delitescebant,
1351 1748 1515 1818 panis
1569 1749 1753 1820 aliqui
1801 1752 2041 1820 penuria
2079 1774 2120 1828 Β

349 1832 744 1901 arctabantur,
779 1833 875 1890 alii
929 1835 1230 1906 gentilium
1278 1837 1438 1894 rabie
1480 1851 1547 1894 ac
1577 1852 1818 1894 numero
1863 1847 2043 1896 terre-

350 1919 584 2001 bantur,
616 1923 780 1992 gravi
809 1923 1309 1981 animadversione
1340 1926 1567 1993 citatus,
1617 1941 1691 1982 ex
1737 1939 1806 1982 ea
1833 1926 2044 1983 civita-

348 2008 421 2064 tis
471 2009 636 2080 jubet
691 2011 878 2081 ignem
939 2021 1098 2081 parte
1145 2015 1386 2083 supponi
1453 2027 1572 2084 qua
1627 2014 1804 2070 situm
1855 2015 2044 2072 fuerat

347 2111 536 2166 nuper
582 2097 835 2154 defuncti
875 2099 1154 2169 palatium
1192 2101 1468 2157 Cassiani.
1504 2101 1664 2170 Quod
1695 2102 1916 2174 quique
1963 2103 2046 2159 vi-

349 2195 563 2262 dentes,
612 2195 895 2251 derelictis
931 2211 1063 2266 quae
1122 2199 1535 2254 cremabantur
1577 2199 1866 2266 omnibus,
1939 2200 2041 2256 alii

346 2283 418 2339 ab
491 2283 753 2339 incendio
823 2284 1232 2355 confugiebant
1309 2286 1382 2340 ad
1465 2294 1755 2356 castrum;
1819 2286 1916 2342 alii
1969 2288 2042 2344 ad

345 2371 570 2428 comitis
602 2372 794 2428 Sancti
821 2372 1008 2443 Egidii
1040 2372 1376 2429 confluxere
1405 2381 1645 2444 portam,
1680 2374 1916 2445 quidam
1969 2377 2041 2432 ad

345 2455 717 2514 Godefridum
772 2459 954 2514 coiere
1009 2459 1238 2530 ducem,
1292 2460 1543 2530 quisque
1588 2461 1661 2516 ad
1708 2476 1836 2517 eam
1873 2462 2042 2533 cujus

344 2543 620 2617 indigena
649 2547 965 2615 putabatur
989 2555 1239 2617 gentem.
1286 2549 1413 2604 Mox
1460 2549 1533 2604 ad
1571 2558 1768 2624 empta;
1797 2550 2040 2608 destitu-

345 2633 516 2689 tionis
556 2641 951 2704 augmentum
1013 2637 1528 2693 vehementissimae
1576 2639 1842 2694 nimietas
1899 2647 2036 2695 tem-

349 2721 587 2791 pestatis
620 2722 869 2790 incessit,
912 2722 992 2779 ita
1025 2731 1087 2779 ut
1117 2724 1273 2780 ﬁeret
1317 2731 1474 2780 tanta
1537 2725 1794 2782 valitudo
1841 2736 2039 2784 vento-

346 2822 499 2876 rum,
531 2823 648 2879 quo
667 2809 952 2866 neminem
980 2825 1122 2882 pene
1144 2811 1333 2868 liceret
1358 2813 1615 2869 incedere
1635 2821 1874 2870 rectum.
1905 2816 2040 2870 Boe-

349 2896 606 2953 mundus
637 2897 873 2965 interea,
904 2899 1043 2955 dum
1065 2899 1513 2971 conﬂagratione
1546 2901 1806 2958 horribili
1836 2903 2039 2960 abradi

351 2983 614 3041 funditus
647 2987 921 3056 conspicit
952 2987 1176 3056 urbem,
1221 2989 1390 3060 cmpit
1441 3003 1546 3060 pro
1597 2990 1839 3046 ecclesia
1883 2991 2038 3049 Beati

347 3071 502 3128 Petri
575 3081 631 3130 et
683 3073 904 3131 Sancte
957 3076 1166 3143 Maria-3,
1238 3076 1484 3148 aliisque
1548 3078 1798 3135 ecclesiis
1867 3079 2040 3136 anxie
2077 3067 2118 3124 Ο

343 3166 494 3216 414
555 3161 729 3218 nimis
795 3171 1062 3222 aestuare.
1112 3165 1201 3221 Ab
1251 3165 1392 3221 hora
1424 3173 1618 3222 tamen
1657 3167 1824 3223 tertia
1855 3182 2040 3239 usque

342 3250 412 3305 ad
445 3251 628 3307 noctis
657 3251 933 3321 medium,
987 3251 1222 3309 flamma
1271 3254 1607 3320 desmviens,
1667 3255 2037 3312 ecclesiarum

339 3335 760 3408 domorumque
816 3338 932 3395 duo
970 3339 1152 3394 millia
1209 3339 1426 3410 redegit
1483 3339 1540 3395 in
1573 3341 1842 3397 cinerem.
1875 3341 2041 3398 Circa

339 3424 724 3481 meditullium
756 3439 892 3498 ergo
921 3425 1125 3494 noctis,
1178 3441 1366 3497 pyrrai
1416 3427 1660 3484 furentis
1709 3429 2040 3500 conquievit

344 3513 644 3570 acerbitas.

410 3644 638 3718 [XXIL]
674 3645 838 3718 Ignis
886 3646 959 3701 de
1006 3647 1140 3703 calo
1185 3647 1400 3703 cadem
1453 3650 1770 3706 Turcorum
1799 3651 2036 3708 exitium

335 3735 708 3805 prznuntiat.
739 3763 813 3777 —
858 3735 1139 3793 Pratterea
1194 3737 1486 3794 castellani
1539 3739 1891 3797 atrocissime
1935 3755 2040 3798 ve-

339 3822 561 3880 xabant
607 3831 852 3892 nostros,
898 3825 998 3895 qui
1047 3826 1433 3884 versabantur
1472 3827 1530 3883 in
1591 3829 1756 3896 urbe,
1807 3829 2040 3886 assiduo

341 3911 496 3981 ipsos
524 3911 822 3969 molimine
883 3913 1074 3970 inedia
1113 3915 1400 3986 fatigatos,
1461 3915 1711 3974 interdiu
1760 3931 1830 3972 ac
1875 3925 2040 3974 nocte

342 3999 653 4071 pulsantes,
688 4002 953 4072 nihilque
974 4009 1360 4074 utrorumque
1412 4005 1702 4060 exercitus
1741 4005 1850 4060 nisi
1905 4005 2038 4061 lan-

337 4102 453 4145 ceae
514 4097 570 4146 et
617 4090 791 4161 gladii
837 4091 1232 4162 disparabant.
1299 4091 1566 4148 Videntes
1596 4093 1792 4163 itaque
1853 4093 2038 4149 nostri

340 4177 686 4234 indesinenti
751 4192 812 4234 se
856 4178 1143 4236 duellione
1185 4180 1388 4247 teneri,
1435 4195 1542 4237 nec
1592 4181 1700 4238 sibi
1767 4181 1814 4238 si
1853 4181 2040 4238 omnis

338 4265 684 4322 victualium
713 4265 877 4336 copia
905 4274 1252 4336 suppeteret,
1287 4275 1388 4324 aut
1417 4269 1641 4337 edendi,
1675 4277 1777 4326 aut
1805 4269 2038 4326 bibendi

2153 563 2321 618 tium.
2427 603 2438 610 .

2224 651 2399 708 Porro
2423 653 2714 724 oppidani,
2749 655 2850 724 qui
2879 656 3096 712 crebris
3145 665 3337 714 nostro
3369 659 3650 716 exercitui
3693 661 3852 717 irru—

2153 738 2447 809 ptionibus
2495 743 2926 808 incumbebant,
2996 759 3139 814 pene
3207 746 3327 802 sine
3409 747 3528 804 ullo
3572 751 3855 818 temporis

2153 828 2454 885 interstitio
2502 831 2740 886 intentis
2801 832 3074 898 arcubus,
3131 842 3458 890 nostrorum
3503 836 3859 892 vulneribus

2151 925 2254 972 aut
2283 918 2519 978 necibus
2571 919 2924 978 insistebant.
2973 920 3083 988 Qui
3111 931 3304 978 autem
3343 924 3603 980 exterius
3653 925 3862 980 civita-

2154 1012 2266 1062 tem
2291 1006 2668 1075 vallaverant,
2721 1016 2777 1064 et
2833 1010 3120 1066 moenibus
3168 1011 3439 1081 adjacens
3495 1012 3854 1069 territorium

2152 1091 2320 1163 longe
2359 1093 2585 1164 lateque
2635 1105 3024 1164 contexerant,
3069 1098 3328 1153 custodia
3379 1099 3522 1155 adeo
3580 1099 3850 1172 vigilanti

2154 1183 2438 1238 universae
2486 1183 2752 1239 introitus
2777 1185 2939 1240 urbis
2979 1185 3392 1253 obstruserant,
3438 1194 3503 1244 ut
3548 1202 3852 1258 nusquam

2149 1271 2310 1326 exire
2340 1271 2428 1327 vel
2468 1271 2711 1341 ingredi,
2745 1272 2857 1328 nisi
2907 1281 3102 1340 noctu,
3142 1280 3197 1329 et
3245 1274 3352 1329 hoc
3407 1274 3552 1330 clam
3606 1274 3853 1331 omnino

2151 1360 2426 1415 valerent.
2475 1359 2618 1416 Cum
2664 1369 2823 1416 tanto
2877 1374 3131 1432 namque
3161 1376 3404 1418 numero
3447 1362 3596 1418 idem
3655 1363 3856 1419 hostes

2151 1445 2509 1516 luxuriaque
2538 1454 2930 1502 convenerant
2962 1455 3023 1502 ut
3052 1447 3261 1517 passim
3289 1447 3433 1504 nihil
3464 1448 3622 1505 aliud
3663 1462 3852 1518 quam

2151 1533 2408 1590 homines
2445 1547 2514 1588 ac
2562 1537 2806 1590 tentoria
2854 1535 3207 1604 viderentur,
3265 1538 3514 1605 pretiosa
3559 1537 3846 1606 supellex,

2151 1622 2448 1677 variarum
2477 1622 2722 1677 vestium
2753 1621 3059 1690 claritates,
3105 1633 3499 1680 armentorum
3527 1639 3596 1681 ac
3634 1639 3848 1694 pecua-

2151 1710 2370 1766 riorum
2421 1709 2495 1765 ad
2544 1709 2818 1766 victualia
2864 1724 3082 1780 greges.
3118 1711 3206 1767 Ad
3263 1713 3382 1768 haec
3411 1711 3470 1768 in
3521 1711 3850 1769 similitudi-

2152 1807 2302 1859 nem,
2335 1801 2399 1849 ut
2427 1793 2507 1848 ita
2535 1793 2742 1860 dicam,
2778 1793 2997 1864 templi,
3027 1802 3246 1850 ornatae
3277 1808 3511 1861 uxores,
3553 1802 3677 1852 tum
3708 1809 3852 1864 prae-

2149 1888 2303 1936 terea
2335 1881 2408 1936 ad
2455 1880 2710 1938 libidinis
2750 1881 3078 1950 cumulum,
3126 1883 3469 1952 pharetratae
3498 1897 3632 1939 cum
3675 1897 3852 1940 arcu-

2150 1970 2262 2026 bus
2301 1971 2585 2028 advenere
2624 1971 2902 2041 virgines,
2935 1978 3000 2027 ut
3029 1970 3237 2027 veteris
3267 1971 3326 2026 in
3354 1971 3436 2026 eis
3460 1971 3656 2027 Dianai
3695 1985 3856 2026 nova

2149 2065 2482 2114 cerneretur
2507 2058 2743 2128 species,
2780 2067 2842 2115 ut
2873 2073 2987 2114 non
3027 2073 3204 2115 causa
3236 2059 3504 2126 bellandi,
3532 2059 3628 2114 sed
3657 2058 3855 2130 potius

2149 2146 2258 2202 sub
2295 2147 2533 2203 obtentu
2557 2155 2906 2217 putarentur
2935 2147 3273 2203 convenisse
3303 2147 3600 2218 gestiendi.
3643 2147 3852 2204 Praalio

2150 2234 2312 2305 plene
2343 2236 2546 2306 majori
2577 2244 2798 2302 exacto,
2835 2236 2908 2292 ab
2938 2237 3047 2303 his,
3081 2235 3184 2306 qui
3217 2235 3528 2292 interfuere
3547 2235 3847 2304 asseritur,

2149 2323 2305 2392 quod
2335 2325 2510 2379 etiam
2559 2338 2759 2380 recens
2803 2325 2922 2380 nati
2945 2324 3234 2390 infantuli,
3272 2339 3418 2394 quos
3447 2323 3506 2380 in
3545 2324 3668 2394 ipso
3707 2339 3847 2394 pro—

2147 2412 2341 2467 cinctu
2389 2413 2768 2482 expeditionis
2813 2414 3001 2470 enixa:
3058 2413 3328 2470 mulieres
3404 2412 3657 2479 fuerant,
3703 2414 3846 2470 dum

2147 2513 2251 2569 pro
2308 2501 2640 2571 urgentium
2703 2502 3055 2558 Francorum
3105 2500 3460 2556 insecutione
3509 2514 3850 2570 praeprope—

2147 2596 2296 2655 rant,
2329 2603 2504 2658 seque
2530 2601 2823 2646 morarum
2855 2604 2924 2646 ac
2964 2589 3156 2646 oneris
3185 2590 3546 2659 impatientes
3589 2603 3852 2646 exoccu-

2147 2685 2307 2747 pant,
2361 2677 2546 2733 medio
2604 2677 2834 2747 projecti
2884 2679 3273 2748 reperirentur
3328 2678 3384 2732 in
3425 2677 3705 2748 gramine,
3763 2678 3848 2733 uti

2145 2779 2260 2831 eos,
2294 2765 2434 2821 dum
2459 2765 2568 2821 sibi
2602 2779 2782 2836 quam
2818 2765 2931 2822 illis
2979 2765 3106 2835 plus
3137 2773 3424 2832 metuunt,
3483 2764 3853 2837 negligenter

2145 2851 2490 2910 eﬂuderant.

2220 2942 2428 3012 [XXIII
2439 2941 2480 3014 .]
2523 2945 2704 3010 Quam
2743 2945 3060 2999 maximam
3098 2942 3350 2998 ciborum
3389 2941 3700 3015 penuriam
3727 2959 3852 3014 pa-

2147 3029 2368 3085 tiuntur
2394 3031 2626 3086 obsessi.
2653 3061 2722 3072 —-
2754 3032 2817 3088 In
2847 3033 3004 3088 hunc
3027 3033 3144 3102 itaq
3155 3046 3244 3094 ue,
3273 3046 3394 3102 quo
3417 3031 3696 3099 diximus,
3723 3045 3855 3086 mo-

2148 3119 2310 3185 dum,
2359 3119 2562 3175 Turcis
2619 3120 2880 3191 undique
2923 3128 3148 3178 nostros
3208 3120 3436 3190 prodire
3491 3120 3853 3187 vetantibus,

2147 3214 2202 3263 et
2229 3207 2498 3263 exteriori
2528 3220 2734 3276 prosus
2769 3209 2879 3265 sibi
2929 3210 3383 3266 necessariorum
3442 3208 3859 3278 procuratione

2148 3303 2374 3366 negata,
2414 3295 2582 3352 famis
2628 3311 2726 3366 per
2771 3311 2998 3353 omnem
3051 3311 3190 3368 pene
3236 3297 3555 3353 exercitum
3611 3311 3860 3352 succes-

2146 3397 2270 3440 sere
2321 3384 2595 3454 pericula,
2623 3392 2681 3440 et
2726 3385 2903 3440 atroci
2953 3385 3281 3441 lnediarum
3335 3385 3657 3454 insolentia,
3693 3399 3859 3455 pau-

2149 3473 2442 3542 periorum
2471 3487 2841 3544 quorumque
2871 3475 3185 3544 praecordia
3238 3474 3641 3544 pulsabantur.
3695 3474 3853 3530 Cum

2146 3561 2302 3617 enim
2374 3562 2598 3630 Franci,
2675 3561 3034 3618 Antiochiam
3100 3563 3445 3629 obsidentes,
3510 3562 3854 3619 universam

2145 3649 2370 3706 civibus
2390 3649 2918 3706 contrahendarum
2940 3665 3204 3707 escarum
3227 3651 3452 3721 copiam
3473 3651 3850 3718 ademissent,

2144 3745 2304 3794 tanto
2326 3739 2387 3794 in
2417 3737 2562 3795 urbe
2585 3747 2752 3809 capta
2781 3739 3084 3796 auctiorem
3137 3753 3396 3810 reperere
3433 3739 3850 3807 substantiam,

2143 3833 2362 3896 quanto
2416 3825 2860 3897 diligentiorem,
2922 3841 2994 3883 ne
3069 3835 3270 3884 contra
3312 3841 3372 3882 se
3420 3826 3752 3883 muniretur
3813 3841 3854 3882 a

2145 3913 2368 3980 Turcis,
2418 3913 2525 3984 ipsi
2597 3914 2920 3970 obsessores
2977 3915 3231 3971 habuere
3284 3915 3624 3970 custodiam.
3663 3915 3853 3982 [Exte-

2146 4002 2340 4058 nuatis
2366 4001 2618 4072 denique
2665 4017 2798 4072 quae
2823 4003 2895 4058 ad
2931 4017 3102 4058 usum
3155 4003 3520 4072 pertinebant
3549 4003 3848 4070 omnibus,

2145 4089 2310 4159 panis
2365 4091 2618 4160 exiguus
2683 4104 2802 4146 uno
2859 4091 3138 4160 Byzanteo
3190 4091 3511 4148 emebatur.
3584 4093 3850 4149 Annona;

2144 4191 2282 4249 ergo
2315 4177 2522 4238 raritas
2555 4185 2610 4234 et
2647 4179 2996 4235 condimenti
3042 4179 3308 4250 parcitas,
3355 4195 3490 4236 cum
3533 4180 3847 4251 plurimam

2148 4264 2367 4335 ubique
2437 4265 2745 4335 peperisset
2778 4267 3131 4336 angustiam,
3189 4267 3408 4334 multis,
3477 4283 3594 4338 prae
3649 4268 3849 4340 inopia

338 4354 826 4424 opportunitatem
883 4355 1002 4411 ulla
1049 4370 1122 4412 ex
1183 4365 1346 4427 parte
1394 4357 1648 4425 concedi,
1705 4358 1856 4414 inter
1893 4372 1952 4414 se
1981 4366 2036 4414 et
2069 4359 2118 4414 'D
2149 4353 2626 4423 tumescentibus,
2679 4356 2916 4412 extorsit
2978 4357 3256 4412 animam.
3316 4357 3396 4413 De
3439 4357 3560 4412 vini
3618 4357 3848 4426 potione

344 4443 554 4504 hostes,
590 4451 864 4499 caemento
906 4458 974 4500 ac
1017 4444 1205 4516 lapide
1251 4453 1505 4502 castrum
1565 4446 1872 4510 aedificant,
1905 4460 2036 4502 ma-

339 4530 527 4588 chinis
602 4531 1004 4602 frequentibus
1059 4534 1280 4591 ambire
1337 4534 1624 4600 festinant,
1705 4538 1772 4591 ut
1823 4534 1910 4590 vel
1965 4535 2036 4591 de

343 4627 546 4676 caetero
594 4619 1013 4692 aliquantisper
1059 4623 1380 4680 securiores
1421 4624 1694 4679 existant.
1742 4623 1882 4679 Pars
1929 4623 2037 4679 ali-

339 4722 460 4779 qua
481 4709 799 4766 Turcorum
823 4711 1220 4768 commanebat
1246 4711 1306 4767 in
1337 4719 1541 4780 castro,
1574 4726 1706 4782 quae
1732 4713 2038 4769 momentis

341 4811 517 4868 prope
566 4798 813 4870 singulis
862 4807 1090 4856 nostros
1139 4807 1518 4857 consueverat
1583 4799 1812 4856 irritare
1865 4799 2035 4868 bello,

339 4886 454 4942 alia
531 4897 766 4958 propter
836 4888 1137 4944 castellum
1218 4890 1471 4960 quodam
1519 4889 1917 4960 hospitabatur
1976 4889 2037 4944 in

339 4987 562 5044 campo.
622 4975 800 5032 Nocte
850 4989 990 5047 ergo
1044 4977 1308 5048 sequenti
1363 4977 1514 5049 ignis
1551 4977 1766 5046 species
1789 4990 1822 5032 a
1866 4976 2038 5048 plaga

343 5061 683 5119 occidentali
733 5062 802 5118 de
856 5063 999 5119 coelo
1067 5064 1412 5134 prolabitur,
1467 5079 1535 5121 ac
1585 5065 1738 5120 intra
1810 5065 2038 5121 hostilia

340 5157 528 5206 castra
592 5150 848 5209 cadendo
902 5151 1242 5209 demittitur.
1278 5153 1548 5224 Utrisque
1607 5153 1868 5223 partibus
1903 5167 2035 5222 spe-

341 5237 547 5294 ctabile
575 5237 892 5307 plurimum
922 5241 1172 5310 praebuit
1225 5255 1394 5297 casus
1433 5241 1536 5298 iste
1561 5240 1932 5297 miraculum.
1960 5241 2038 5296 At

343 5325 443 5382 ubi
472 5339 642 5382 mane
674 5327 964 5396 inclaruit,
997 5343 1114 5398 quo
1145 5329 1315 5385 citius
1341 5337 1578 5398 potuere
1610 5329 1783 5385 Turci
1826 5343 1862 5384 a
1892 5329 2033 5396 loco,

342 5413 398 5468 in
435 5428 550 5485 quo
581 5415 874 5472 desederat
903 5417 1146 5472 cmlestis
1191 5417 1444 5484 ﬂamma,
1483 5418 1757 5474 recedunt
1793 5425 1848 5472 et
1903 5424 2036 5472 ante

347 5501 686 5572 Boemundi,
718 5520 894 5576 quam
951 5515 1337 5574 occupaverat
1371 5516 1616 5577 portam,
1650 5514 1840 5560 castra
1873 5519 2034 5572 repo-

346 5600 512 5648 nunt.
548 5593 710 5656 Quod
745 5601 1094 5664 portentum,
1155 5593 1296 5648 illud
1354 5595 1508 5665 quod
1538 5594 1646 5649 sibi
1705 5591 2039 5648 imminebat

2142 4441 2472 4509 tacendum,
2499 4443 2658 4512 quod
2685 4443 2756 4500 ab
2785 4443 3047 4500 omnium
3079 4445 3424 4516 generaliter
3453 4459 3552 4502 ore
3576 4444 3844 4514 perierat.

2145 4532 2218 4588 Et
2273 4530 2442 4600 plane
2502 4531 2724 4589 malum
2772 4533 3008 4602 biberet,
3059 4535 3154 4590 cui
3199 4534 3345 4590 nihil
3389 4535 3728 4604 suppetebat
3781 4543 3850 4592 ut

2142 4619 2355 4675 ederet.
2431 4621 2558 4677 Jam
2625 4621 2923 4679 deficiente
2993 4621 3236 4694 legitimi
3319 4623 3508 4679 victus
3579 4623 3842 4690 obsonio,

2144 4707 2373 4777 equinae
2413 4709 2608 4766 carnis
2636 4711 2951 4782 quisquam
2979 4713 3080 4767 vix
3135 4710 3510 4767 reverebatur
3559 4711 3845 4781 edulium,

2144 4797 2636 4869 contristabatque
2685 4799 2964 4869 plurimos
2986 4799 3386 4870 frequentibus
3431 4801 3674 4870 quiesita
3701 4801 3844 4866 Ima-

2145 4885 2322 4950 cellis,
2371 4893 2427 4942 et
2477 4888 2672 4944 carius
2702 4896 2895 4957 empta
2951 4888 3211 4956 paucitas
3262 4888 3577 4944 asinorum.
3645 4888 3846 4945 Pullus

2145 4973 2478 5044 quindecim
2554 4976 2750 5032 solidis
2811 4976 3174 5032 vendebatur
3233 4985 3288 5032 et
3345 4977 3574 5033 duobus
3638 4991 3840 5046 ovum,

2144 5076 2389 5132 nuxque
2440 5063 2700 5119 denario.
2750 5064 2857 5119 Ubi
2917 5064 3070 5119 enim
3123 5065 3423 5120 hominum
3497 5065 3844 5136 frequentia,

2144 5149 2376 5220 cibique
2401 5151 2580 5208 totius
2603 5151 2867 5220 penuria,
2900 5166 3128 5209 necesse
3166 5154 3418 5208 constitit
3457 5167 3596 5210 cara
3632 5153 3846 5212 ibidem

2146 5237 2343 5294 haberi
2398 5239 2612 5294 omnia.
2670 5239 2957 5308 Ficorum,
2990 5241 3360 5307 carduorum,
3420 5249 3594 5312 atque
3636 5241 3842 5300 vitium

2144 5327 2374 5383 frondes
2405 5327 2463 5382 in
2498 5327 2794 5396 pulmenta
2831 5331 3202 5384 transierant.
3247 5330 3493 5398 Jamque
3526 5329 3587 5384 iu
3616 5329 3843 5385 arbori-

2146 5415 2255 5470 bus
2301 5414 2526 5470 fructus
2577 5417 2757 5484 quaeri
2799 5425 3142 5473 cessaverat.
3204 5417 3439 5473 Olerum
3489 5417 3663 5485 vices,
3699 5433 3842 5488 quo-

2147 5502 2420 5558 rumlibet
2495 5503 2757 5560 foliorum
2815 5513 3101 5562 concoctae
3174 5505 3534 5560 diversitates
3572 5505 3840 5575 agebant.

2151 5592 2467 5660 Equorum,
2528 5593 2901 5660 camelorum,
2959 5595 3274 5660 asinorum,
3350 5594 3547 5659 boum,
3597 5594 3844 5651 bubalo—
