3934 6408
69 360 181 412 765
1220 360 1438 419 GESTA
1475 360 1593 417 DEI
1633 362 1771 419 PER
1811 362 2143 421 FBANCOS.
2172 393 2240 407 --
2266 363 2422 419 LIB»
2451 363 2512 419 V.
3513 373 3616 427 766

67 509 350 567 rumque
412 510 637 565 carnes,
688 510 1064 567 personarum
1111 497 1540 568 opulentiorum
1588 498 1800 555 defere-
1838 501 1886 555 A
1915 513 2041 556 cere
2086 508 2270 571 putat,
2306 501 2445 557 dum
2491 514 2551 557 se
2599 503 2998 572 opportuniori
3038 504 3277 575 tempori
3331 513 3608 563 reservat.

67 584 312 641 bantur
360 586 441 642 ad
488 600 686 655 esum;
719 586 816 642 sed
863 587 1014 642 sicca
1055 587 1389 642 eorumdem
1444 595 1690 657 tergora,
1748 588 1808 643 in
1988 589 2060 644 Et
2110 598 2261 646 certe
2310 590 2491 646 multo
2558 591 2851 647 meliorem
2911 592 3039 662 ejus
3088 593 3282 663 fugam
3338 594 3606 663 arbitror,

70 687 312 731 morem
353 675 655 745 sepiarum
688 675 936 741 concisa,
969 675 1109 731 dum
1131 676 1411 731 diuturno
1442 676 1576 747 igne
1605 692 1811 747 coque-
1918 690 2049 745 quae
2080 677 2350 734 indecens
2388 677 2602 733 factum
2657 681 2920 749 martyrii
2960 681 3298 751 repensione
3340 682 3608 751 correxit,

70 768 297 818 rentur
361 762 540 829 elixa,
610 762 1104 819 accuratissimam
1167 764 1615 834 pauperioribus
1671 778 1810 835 pree-
1917 779 2095 835 quam
2124 780 2326 822 eorum
2378 768 2885 836 perseverantiam,
2931 783 3181 839 quorum
3215 771 3433 827 reditus
3463 784 3522 826 se
3551 770 3612 826 in

71 848 266 905 buere
294 849 638 920 coquinam.
1918 853 2094 913 totius
2151 855 2440 925 spurcitiae
2494 862 2549 910 et
2607 855 2834 912 sceleris
2896 857 3185 927 profunda
3242 859 3514 928 deflexit;
3563 859 3611 915 si

150 937 413 1009 [XXIVJ
463 939 755 1010 Legantur
813 939 1033 1010 ubique
1086 940 1344 1011 gentium
1398 941 1573 998 urbes
1622 941 1811 998 obses-

77 1039 181 1092 sae,
239 1026 749 1098 historiarumque
792 1035 1049 1084 veterum
1093 1028 1440 1085 universitas
1491 1038 1807 1098 retexatur,

76 1129 391 1185 quosnam
420 1119 660 1187 populos
693 1117 1018 1174 valebimus
1060 1118 1343 1186 invenire,
1379 1119 1538 1190 quia
1570 1128 1810 1190 paterna

76 1204 333 1274 regione
395 1206 644 1271 exsules,
695 1220 834 1277 erga
865 1213 1055 1262 tantas
1089 1208 1435 1278 indigentias
1488 1208 1811 1279 pertinaces

79 1301 272 1362 atque
305 1293 469 1362 duri,
501 1295 643 1350 adeo
687 1295 980 1365 potuerint
1035 1304 1472 1365 perseveranter
1518 1296 1811 1354 existere?

78 1379 266 1436 Plane
320 1381 374 1437 si
422 1382 673 1453 Trojana
728 1383 1003 1439 decennio
1054 1397 1160 1439 suo
1206 1383 1445 1440 illustris
1501 1384 1812 1455 objiciatur

76 1469 339 1535 obsidio,
372 1470 537 1526 datas
590 1472 838 1541 profecto
882 1472 1112 1533 vicerim
1158 1472 1484 1529 securitatis
1539 1487 1811 1542 smpenu-

80 1571 251 1613 mero
298 1558 444 1614 hinc
500 1559 747 1630 indeque
802 1559 1142 1628 profitemur
1190 1560 1471 1629 inducias,
1505 1561 1564 1616 in
1595 1561 1812 1631 quibus

81 1656 140 1704 et
178 1648 593 1704 hebetatarum
625 1648 839 1704 virium
870 1648 1281 1704 reﬁciebantur
1308 1649 1598 1717 acumina,
1625 1658 1678 1704 et
1705 1649 1812 1705 sti-

77 1736 448 1805 pendiorum
498 1735 799 1791 afﬂuentia
857 1745 1022 1791 terra;
1077 1749 1145 1791 ac
1174 1736 1362 1808 pelagi
1409 1738 1811 1807 cooperatione

82 1824 401 1880 successit.
435 1824 503 1879 Et
558 1823 606 1879 si
659 1824 887 1895 aliquos
930 1823 1244 1894 aliquando
1290 1825 1570 1893 obsessos,
1612 1824 1811 1896 aliqua

83 1914 326 1983 uspiam
357 1912 564 1969 inediae
593 1914 831 1984 contigit
880 1913 1179 1982 pertulisse
1227 1914 1579 1982 discrimina,
1632 1913 1813 1969 nimi-

85 2016 223 2059 rum
262 2001 323 2056 id
374 2000 639 2057 tulerunt
688 2015 787 2071 pro
818 2000 1078 2058 libertate
1125 2002 1363 2071 tuenda,
1392 2017 1525 2059 cum
1554 2024 1575 2051 ι
1613 2016 1810 2072 corpo-

90 2105 225 2147 rum
289 2098 351 2146 et
417 2090 619 2160 patriae
659 2090 911 2146 defensio
955 2104 1073 2161 pra
1131 2091 1402 2147 omnibus
1458 2092 1693 2147 omnino
1738 2091 1811 2147 sit

86 2179 270 2235 rebus
320 2178 613 2234 habenda.
672 2201 691 2227 ι
738 2179 804 2234 Hi
865 2179 1026 2235 nulla
1086 2180 1323 2236 libidine
1364 2180 1493 2250 plus
1539 2181 1806 2247 habendi,

87 2267 203 2323 imo
251 2272 418 2322 4I5
471 2267 580 2323 sub
627 2266 866 2323 obtentu
914 2281 1016 2338 pro
1063 2268 1178 2323 Deo
1217 2267 1444 2338 egendi.
1488 2282 1517 2323 a
1555 2269 1810 2324 naturali

85 2355 313 2412 diducti
344 2362 490 2411 sunt
521 2354 659 2421 solo,
696 2354 753 2409 bi
800 2362 863 2411 ut
912 2354 1142 2411 divinas
1171 2355 1244 2410 ab
1296 2355 1563 2411 Ecclesiis
1599 2356 1810 2412 amoli-

87 2451 295 2499 rentur
331 2442 604 2513 injurias,
637 2456 735 2499 eas
767 2442 1051 2510 ciborum,
1084 2442 1482 2511 accubituum,
1523 2444 1804 2499 excubia-

87 2545 242 2599 rum,
299 2531 613 2602 frigorum,
668 2531 1124 2601 pluviarumque
1174 2531 1503 2588 sustinuere
1552 2532 1810 2589 miserias

87 2618 597 2689 indeficientisque
653 2619 873 2675 timoris
930 2619 1250 2691 angustias,
1311 2634 1460 2690 quas
1503 2620 1547 2675 1a
1599 2621 1808 2678 saeculo

87 2721 483 2778 nequaquam
544 2721 741 2778 passas
781 2707 914 2778 quis
966 2707 1217 2764 audierit
1266 2708 1353 2764 vel
1388 2708 1587 2779 legerit
1614 2717 1809 2780 gentes

89 2795 266 2852 ullas.
318 2796 391 2851 Et
422 2796 580 2866 quod
624 2796 813 2865 majus
860 2795 1216 2867 dignoscitur
1247 2805 1519 2866 praestare
1553 2798 1805 2854 miracu-

87 2882 235 2951 lum,
290 2898 433 2940 cum
492 2884 645 2939 intra
704 2884 962 2955 proprios
1011 2883 1206 2939 adhuc
1251 2891 1586 2941 tenerentur
1642 2885 1804 2952 ﬁnes,

86 2972 193 3029 vix
224 2973 287 3029 in
348 2973 444 3029 sui
490 2972 643 3043 regis
688 2972 947 3029 exercitu
979 2972 1157 3029 tridui
1200 2973 1382 3042 spatio
1437 2974 1807 3043 patiebantur

1849 1780 1890 1834 Β

1916 949 2108 999 tamen
2141 943 2284 1013 fuga
2308 943 2419 998 dici
2451 942 2648 999 debuit
2697 943 2795 999 ubi
2832 952 3006 1012 certa,
3062 954 3126 1002 ut
3157 946 3388 1014 dicitur,
3441 948 3610 1018 agri-

1918 1031 2059 1087 tudo
2098 1032 2376 1101 praatendi
2426 1033 2628 1101 potuit.
2671 1030 2811 1098 Quis
2857 1033 3119 1089 comitem
3170 1035 3527 1104 Stephanum
3558 1041 3615 1092 et

1919 1121 2217 1190 Hugonem
2252 1120 2916 1191 magnum,quibusdam
2939 1136 3139 1178 eorum
3171 1123 3272 1192 qui
3294 1137 3617 1193 persevera-

1918 1223 2072 1273 vere,
2104 1208 2176 1264 ob
2209 1208 2317 1263 hoc
2347 1208 2548 1278 utique
2577 1209 2718 1278 quia
2767 1208 2981 1264 redisse
3012 1209 3119 1265 visi
3162 1219 3316 1276 sunt,
3378 1225 3614 1280 compa-

1919 1297 2128 1353 rabiles
2157 1296 2388 1363 dixerit,
2440 1310 2691 1365 quorum
2740 1304 2897 1352 tanta
2937 1296 3204 1353 honestas
3248 1312 3473 1368 semper
3512 1314 3611 1354 ex-

1918 1384 2105 1441 stitit?
2139 1385 2295 1440 Finis
2324 1385 2394 1439 ad
2423 1384 2601 1454 hujus
2643 1384 2744 1451 rei,
2790 1386 2859 1440 de
2911 1398 3030 1455 qua
3086 1385 3489 1454 criminantur,
3521 1401 3618 1443 ex-

1918 1471 2269 1527 secutionem
2296 1472 2435 1526 adeo
2489 1471 2699 1527 claruit
2730 1480 2795 1527 ut
2836 1472 2905 1527 de
2954 1473 3043 1527 his
3077 1473 3196 1544 jam
3237 1488 3439 1529 secura
3488 1474 3616 1531 laus

1919 1559 2140 1615 cantari
2172 1560 2384 1628 possit;
2416 1559 2645 1614 illorum
2680 1571 2815 1615 vero
2846 1561 2986 1624 vita,
3033 1561 3292 1616 omnium
3334 1561 3616 1618 bonorum

1919 1648 2107 1718 pudor
2135 1648 2226 1703 sit.
2258 1647 2638 1703 Attendamus
2669 1646 2812 1713 illos,
2846 1648 2948 1717 qui
2980 1648 3049 1703 de
3080 1649 3613 1719 Hierosolymitana,

1921 1734 2061 1804 quia
2089 1735 2164 1790 ibi
2210 1734 2620 1803 interfuerunt,
2652 1735 2984 1804 captivitate
3037 1737 3399 1806 superbiunt,
3452 1745 3507 1793 et
3536 1737 3617 1793 vi-

1916 1823 2182 1879 debimus
2213 1823 2353 1894 quia
2402 1824 2460 1878 in
2514 1823 2768 1894 flagitiis,
2830 1824 3273 1895 proditionibus,
3323 1825 3612 1896 perjuriis,

1917 1926 2085 1967 nemo
2114 1926 2313 1967 eorum
2341 1911 2513 1966 alicui
2545 1927 2603 1967 se
2635 1912 2853 1981 patitur
2871 1927 2993 1968 esse
3016 1914 3354 1971 secundum.
3394 1914 3616 1970 Horum

1917 1997 2206 2052 anteriora
2253 2011 2321 2053 ac
2375 2000 2688 2069 posteriora
2748 2000 3000 2056 redolere
3057 2000 3379 2069 probantur
3431 2001 3613 2057 hone-

1917 2092 2090 2140 stum.
2125 2085 2233 2154 Illi,
2264 2109 2284 2135 ι
2320 2087 2460 2157 quia
2495 2088 2854 2145 Hierusalem
2897 2088 3149 2144 viderint
3177 2089 3612 2159 etfsepulcrum,

1916 2181 2120 2242 putant
2174 2176 2244 2230 de
2295 2184 2499 2232 caetero
2552 2177 2660 2233 sibi
2705 2191 2903 2233 secure
2950 2177 3293 2233 criminibus
3343 2177 3612 2233 insisten-

1916 2262 2076 2329 dum,
2122 2285 2149 2311 »
2175 2270 2230 2319 et
2253 2265 2465 2320 sanctis
2512 2265 2581 2320 ad
2607 2266 2696 2321 sui
2748 2266 3229 2335 comparationem
3288 2265 3618 2323 hominibus

1916 2350 2309 2420 improperant
2340 2352 2607 2418 reditum,
2658 2367 2784 2420 nec,
2837 2367 2957 2409 sese
2997 2367 3098 2423 per
3132 2354 3347 2409 scelera
3392 2354 3619 2411 infinita

1917 2440 2274 2509 putentibus,
2308 2454 2509 2496 eorum
2542 2440 2710 2497 ﬁnem
2752 2442 3116 2498 considerant
3162 2442 3614 2511 praedicandum.

1916 2527 2022 2583 Sed
2082 2528 2171 2584 his
2224 2529 2467 2597 omissis,
2528 2537 2724 2599 emptae
2802 2529 2967 2586 seriei
3040 2530 3405 2587 intendamus
3473 2531 3616 2587 arti-

1916 2616 2137 2672 culum.

1988 2703 2229 2774 [XXVL]
2264 2704 2600 2775 Digredieus
2629 2720 2766 2777 ergo
2818 2705 2892 2761 ab
2919 2705 3332 2762 Alexandriola
3360 2706 3617 2763 munici-

1916 2792 2008 2861 pio
2039 2806 2162 2857 suo,
2199 2806 2388 2848 comes
2418 2794 2620 2861 isdem,
2665 2794 2737 2848 ad
2767 2808 2893 2849 eam
2927 2794 3155 2861 urbem,
3192 2809 3324 2865 quia
3354 2795 3615 2865 appella-

1914 2887 2012 2936 tur
2040 2879 2393 2945 Philomena,
2430 2881 2709 2950 pervenit.
2765 2883 2892 2937 Jam
2944 2882 3274 2952 imperatori
3312 2884 3613 2953 tyrannico

1913 2974 2141 3037 captam
2168 2968 2530 3025 Antiochiam
2564 2968 2753 3024 fuerat
2778 2968 3133 3036 nuntiatum,
3166 2984 3283 3040 quo
3312 2972 3432 3041 ipse
3475 2986 3609 3027 cum

85 3062 363 3128 tentoria,
392 3062 570 3117 etiam
600 3075 733 3117 cum
756 3076 869 3117 non
913 3061 1187 3117 excedere
1217 3071 1565 3131 cogerentur
1599 3077 1632 3118 a
1663 3076 1802 3133 pro-
1842 3072 1882 3128 C
1915 3056 2111 3112 munis
2142 3056 2317 3125 θορίίε
2353 3057 2709 3113 “celerabat
2754 3057 2881 3125 iter.
2929 3059 3224 3114 EPSlimanS
3263 3073 3323 3115 se
3359 3073 3393 3115 ὃ
3434 3060 3613 3115 Fran-

84 3150 304 3204 vincia.
337 3149 571 3217 Nullus,
605 3157 665 3205 ut
702 3149 941 3216 aestimo,
972 3162 1175 3205 eorum
1215 3150 1315 3220 qui
1340 3149 1420 3205 illi
1455 3150 1810 3221 subjacuere

88 3237 349 3307 periculo
409 3238 649 3304 exstitit,
711 3238 812 3308 qui
863 3237 1187 3293 anxietates
1231 3238 1419 3294 valeat
1480 3239 1807 3295 animorum

94 3340 533 3397 corporumque
595 3332 876 3381 tormenta
936 3326 1182 3405 recolere
1240 3342 1372 3398 quae
1435 3342 1529 3383 eos
1597 3328 1806 3384 ibidem

92 3415 406 3486 contigerit
458 3414 718 3470 tolerare.
776 3415 909 3470 Haec
955 3413 1399 3483 animadversio,
1447 3416 1650 3488 viginti
1709 3431 1808 3473 sex

94 3502 300 3559 diebus
327 3503 626 3559 continuis
648 3502 1015 3581 perduravit.

759 3589 991 3648 CAPUT
1025 3591 1121 3649 VI.

164 3677 396 3751 [XXVJ
447 3679 777 3751 Stephanus
821 3694 1011 3734 comes
1061 3678 1356 3734 Blesensis
1401 3682 1566 3735 extra
1613 3681 1808 3735 urbem

92 3766 526 3822 Antiochenam
573 3766 712 3837 quid
734 3769 998 3840 gesserit.
1027 3798 1096 3808 —
1138 3768 1217 3824 Eo
1258 3774 1512 3837 tempore
1567 3768 1808 3839 Stepha-

97 3868 211 3910 nus
242 3856 533 3913 Blesensis
565 3871 772 3924 comes,
804 3856 896 3912 vir
937 3856 1134 3913 multae
1171 3857 1463 3927 quondam
1498 3860 1804 3925 modestiae,

98 3945 424 4017 magnique
472 3945 714 4012 consilii,
775 3959 949 4016 quem
991 3944 1302 4001 universus
1361 3946 1469 4001 sibi
1520 3947 1809 4003 exercitus

99 4030 387 4103 delegerat
451 4042 880 4104 praeceptorem,
944 4033 1062 4089 acri
1125 4048 1186 4089 se
1244 4034 1552 4103 perbibens
1608 4037 1807 4093 morbo

101 4118 419 4189 detentum,
484 4129 801 4192 antequam
861 4122 1176 4178 Antiochia:
1244 4124 1456 4178 nostris
1532 4124 1808 4192 patuisset

102 4204 385 4277 introitus,
419 4210 479 4265 iu
510 4210 803 4281 quoddam
832 4218 1193 4266 concesserat
1238 4210 1603 4280 oppidulum,
1649 4213 1805 4283 quod

106 4304 327 4354 constat
347 4298 825 4356 Alexandriolam
867 4298 1205 4356 vocitatum.
1243 4298 1423 4369 Capta
1473 4314 1608 4357 vero
1640 4301 1803 4369 urbe,

1915 3145 1998 3199 cis
2027 3159 2153 3200 eam
2179 3145 2302 3201 sine
2335 3145 2514 3201 dubio
2544 3152 2930 3215 recepturum.

1987 3235 2313 3304 Imperator
2356 3232 2484 3288 odio
2536 3234 2794 3288 Francos
2829 3233 3101 3305 persequi
3125 3232 3499 3306 dignoscitur.
3546 3266 3614 3275 —

1917 3322 2117 3378 Comes
2141 3322 2335 3393 itaque
2364 3337 2498 3377 cum
2530 3323 2847 3392 principem
2895 3322 3335 3392 cupidissimum
3380 3323 3613 3379 obviam

1917 3410 2230 3478 habuisset,
2272 3418 2326 3466 et
2375 3410 2466 3465 ille
2509 3410 2578 3465 de
2625 3417 2778 3466 statu
2823 3410 3163 3466 Christianae
3195 3409 3409 3466 militiae
3444 3425 3512 3466 ac
3541 3411 3616 3466 ci-

1918 3499 2112 3555 vitatis
2157 3498 2395 3568 prodita
2438 3513 2572 3554 eum
2621 3498 2969 3569 requisisset,
3010 3512 3199 3555 comes
3242 3499 3445 3569 utique
3491 3506 3617 3569 cap-

1916 3595 2033 3644 tam
2068 3588 2269 3644 urbem
2318 3587 2556 3643 minime
2596 3587 2843 3655 reticuit,
2895 3594 3149 3644 castrum
3212 3601 3347 3643 vero
3401 3588 3616 3644 Turcos

1917 3676 2111 3733 adhuc
2157 3677 2402 3733 retinere
2443 3675 2757 3746 perhibuit.
2816 3697 2844 3724 α
2884 3676 3010 3745 Sed,
3066 3676 3210 3746 proh
3263 3674 3459 3732 dolor!
3514 3676 3611 3744 ait,

1917 3765 2197 3836 gaudium
2229 3764 2477 3820 civitatis
2519 3765 2785 3831 obtenta,
2824 3765 3027 3820 iterata
3070 3764 3328 3820 turbavit
3373 3764 3611 3832 obsidio,

1916 3854 2056 3910 dum
2096 3854 2199 3923 qui
2241 3853 2457 3908 Turcos
2496 3852 2712 3922 pridem
2753 3853 3117 3916 obsederant,
3163 3854 3287 3909 vice
3319 3852 3614 3909 miserabi-

1915 3942 2043 3998 liter
2064 3949 2436 4008 commutata,
2470 3940 3014 4011 circumcinguntur
3039 3955 3073 3996 a
3102 3940 3320 3997 Turcis.
3363 3941 3618 4008 Qualiter

1914 4040 2106 4087 autem
2150 4037 2456 4100 postquam
2491 4028 2621 4084 inde
2650 4028 2982 4085 recesserim
3031 4043 3090 4084 se
3128 4037 3390 4100 egerunt,
3424 4029 3617 4085 incer—

1913 4126 2036 4176 tum
2063 4118 2264 4174 habeo.
2301 4140 2329 4167 ››
2353 4118 2488 4173 Haec
2516 4117 2748 4188 quidem
2799 4124 3014 4173 secreto
3050 4117 3297 4186 principi
3344 4130 3376 4171 a
3414 4118 3618 4174 comite

1914 4215 2050 4263 sunt
2079 4214 2372 4277 suggesta.
2408 4212 2475 4260 At
2508 4207 2818 4275 imperator
2864 4205 2987 4261 haec
3017 4205 3279 4273 audiens,
3316 4214 3371 4260 et
3402 4207 3475 4261 ab
3517 4220 3617 4276 spe

1916 4296 2012 4351 cui
2037 4294 2393 4349 innitebatur
2425 4293 2712 4361 decidens,
2757 4292 3077 4349 Guidonem
3132 4292 3447 4349 Boemundi
3489 4308 3618 4364 ger-

104 4390 156 4438 et
205 4399 415 4444 rursus
462 4388 711 4454 obsessa,
768 4402 901 4444 cum
940 4388 1197 4445 'comites
1251 4389 1606 4446 Christianos

2065 4396 2185 4449 um,
2210 4381 2402 4436 virum
2426 4381 2657 4436 militari
2680 4381 2988 4437 vivacitate
3021 4382 3419 4451 conspicuum,
3450 4395 3618 4452 quos-

105 4471 304 4530 urbem
361 4475 505 4531 diris
554 4475 980 4531 calamitatibus
1024 4477 1386 4545 comperisset
1442 4476 1658 4547 urgeri,
1695 4492 1805 4532 ne-

101 4562 356 4620 cessitate
378 4564 571 4620 nescio
599 4578 677 4619 an
710 4564 1007 4620 voluntate
1028 4564 1144 4621 huc
1176 4579 1362 4637 usque
1383 4564 1606 4622 distulit
1628 4566 1809 4622 auxi-

108 4644 248 4703 lium
306 4652 493 4721 ipsius
548 4652 957 4721 praestolantes.
1019 4653 1144 4722 Ipse
1195 4667 1353 4721 vero,
1424 4653 1524 4710 ubi
1577 4653 1809 4709 edidicit

112 4734 429 4796 Turcorum
478 4741 753 4796 examina
808 4740 1057 4797 civitatis
1114 4755 1214 4811 pro
1271 4742 1559 4798 mmnibus
1605 4756 1809 4798 conse-

108 4823 273 4894 disse,
305 4829 511 4885 callide
542 4828 614 4883 ad
645 4836 920 4884 montana
968 4830 1261 4899 processit,
1305 4838 1361 4886 et
1389 4844 1660 4901 quaenam
1700 4830 1809 4886 ho-

111 4912 283 4970 stium
312 4918 491 4988 capia).
526 4917 881 4974 haberentur
926 4918 1188 4975 attendit.
1219 4920 1363 4975 Cum
1410 4933 1546 4990 ergo
1576 4919 1811 4989 papilio-

111 5000 279 5059 nibus
302 5018 445 5061 rura
474 5012 673 5075 operta
728 5006 1117 5076 conspexisset
1166 5007 1505 5076 innumeris,
1550 5008 1810 5064 humana

111 5093 290 5147 tactus
336 5093 701 5165 cogitatione,
752 5095 1001 5163 recessit,
1050 5095 1191 5151 dum
1241 5096 1487 5152 aestimat
1536 5096 1694 5166 quod
1749 5096 1808 5152 in

113 5176 253 5232 urbe
278 5182 567 5237 conclusis
588 5194 929 5238 succurrere
952 5182 1041 5237 vis
1061 5182 1390 5237 mortalium
1424 5183 1590 5239 nulla
1616 5184 1808 5253 possit.

117 5260 211 5317 Vir
237 5279 490 5340 namque
519 5282 730 5338 expers
779 5269 954 5325 totius
1004 5269 1274 5338 levitatis,
1320 5271 1500 5342 fugax
1540 5271 1806 5343 ignaviae,

114 5358 165 5403 et
191 5364 381 5412 amore
430 5356 945 5427 praestantissimus
1000 5358 1279 5424 veritatis,
1313 5359 1453 5415 dum
1484 5374 1543 5415 se
1582 5373 1811 5429 nequa-

119 5449 287 5504 quam
314 5444 394 5500 eis
412 5444 729 5501 subvenire
758 5459 918 5515 posse
946 5446 1211 5513 mstimat,
1237 5454 1292 5502 et
1325 5446 1450 5502 illos
1476 5447 1806 5513 morituros,

118 5525 258 5585 sicut
294 5532 728 5591 circumstantia
775 5534 1111 5600 testabatur,
1154 5549 1269 5589 non
1311 5534 1554 5601 dubitat,
1605 5534 1652 5589 si
1698 5534 1808 5589 sibi

122 5612 335 5675 interim
396 5621 716 5693 provideat,
774 5622 917 5679 nihil
982 5620 1222 5678 infamia
1273 5623 1519 5693 dignum
1583 5636 1641 5679 se
1718 5623 1809 5677 fa-

1916 4472 2167 4541 damque
2197 4469 2336 4525 alios
2371 4476 2591 4537 evocat,
2640 4457 2882 4540 remque
2927 4471 3109 4526 multo
3157 4470 3409 4527 deterius
3438 4484 3616 4541 quam

1916 4574 2105 4616 comes
2133 4560 2185 4615 ei
2215 4560 2462 4626 dixerat,
2510 4558 2859 4614 manifestat.
2915 4579 2944 4606 «
2991 4558 3158 4625 Quid,
3214 4559 3424 4629 inquit,
3469 4558 3617 4613 facto

1915 4663 2062 4719 opus
2089 4662 2212 4704 esse
2250 4646 2601 4704 decernitis?
2635 4644 2842 4702 Franci
2887 4647 3246 4702 atrocissima
3295 4647 3618 4702 Turcorum

1915 4736 2207 4793 obsidione
2247 4743 2612 4805 premuntur,
2664 4744 2769 4791 aut
2814 4735 3073 4802 fortasse,
3113 4736 3235 4805 jam
3282 4748 3481 4790 eorum
3515 4749 3617 4790 oc-

1915 4825 2169 4883 cubuere
2216 4824 2612 4888 mucronibus,
2666 4838 2768 4879 seu
2816 4823 2988 4878 etiam
3038 4837 3138 4891 per
3184 4823 3443 4877 diversas
3479 4830 3617 4878 sunt

1916 4913 2244 4984 provincias
2288 4914 2434 4984 jugo
2485 4920 2729 4981 aeternae
2767 4910 3118 4981 captivitatis
3180 4910 3414 4966 addicti.
3470 4909 3618 4977 Quia

1916 5017 2053 5073 ergo
2103 5001 2407 5057 deferendo
2449 4999 2530 5055 eis
2587 4999 2851 5069 praesidio
2913 4998 3056 5053 nihil
3112 4997 3277 5053 nobis
3329 4997 3612 5067 potentiae,

1917 5099 2019 5147 aut
2065 5088 2513 5159 opportunitatis
2560 5088 2794 5156 arridet,
2851 5086 3164 5157 praesertim
3210 5100 3345 5142 cum
3387 5085 3435 5140 si
3484 5099 3616 5155 pro-

1919 5180 2171 5253 gressius
2205 5192 2426 5245 eamus,
2480 5177 2795 5233 verendum
2835 5177 3002 5233 nobis
3045 5178 3135 5245 sit,
3167 5189 3240 5231 ne
3284 5189 3388 5231 nos
3414 5175 3618 5231 Turcis

1918 5265 2357 5325 occurrentibus
2401 5278 2730 5334 pereamus,
2764 5265 2807 5320 si
2854 5271 3058 5320 vestrae
3104 5262 3427 5335 prudentiae
3458 5261 3613 5318 vide-

1919 5357 2328 5420 turidoneum,
2374 5361 2752 5409 revertamur.
2800 5374 2829 5402 ››
2879 5354 3008 5409 Haec
3048 5352 3262 5419 dicens,
3305 5350 3616 5421 perfidissi-

1918 5460 2051 5502 mus
2080 5445 2217 5514 ipse,
2249 5443 2372 5498 sine
2398 5441 2577 5497 dubio
2601 5442 3062 5511 jucundabatur,
3099 5440 3237 5511 quia
3267 5441 3481 5509 perisse
3510 5451 3616 5493 au-

1918 5534 2120 5599 dierat,
2179 5544 2326 5600 quos
2378 5545 2495 5585 non
2539 5529 2747 5585 minori
2798 5543 2975 5603 quam
3036 5530 3252 5587 Turcos
3300 5526 3618 5585 invidentia

1917 5620 2249 5678 exsecrabat
2260 5633 2347 5678 ur.
