3934 6394
364 347 469 403 767

1252 345 1311 398 V.
1353 342 1690 402 GUIBERTI
1725 341 2113 399 ABBATIS‘S.
2153 342 2400 399 MARLE
2439 343 2529 397 DE
2567 343 2960 400 NOVIGENTO

3753 348 3856 399 768

440 476 708 551 [XXVIL]
744 477 818 534 At
843 476 1034 534 Guido
1070 474 1267 532 audito
1296 475 1490 532 fratris
1522 474 1833 530 Boemundi
1866 474 2049 530 Fran-
2091 479 2139 532 Α
2168 481 2224 530 et
2247 473 2392 530 alias
2425 475 2483 530 in
2513 475 2597 531 eis
2625 475 2933 532 anxietatis
2973 482 3031 531 et
3075 474 3214 532 dira
3243 475 3640 546 quierimouiae
3677 490 3856 533 voces.

367 580 684 636 eorumque
713 565 1064 632 discrimine,
1102 571 1217 620 tam
1265 563 1381 634 ipse
1425 577 1602 632 quam
1645 562 1956 618 familiares
1995 576 2063 618 ac

368 655 673 711 necessarii
719 653 848 724 ejus
890 652 1402 710 vehementissimis
1436 651 1752 722 ejulatibus
1810 651 2063 722 complo-

370 751 581 808 rantes,
629 743 801 800 etiam
867 742 1145 798 adversus
1199 741 1387 810 ipsum
1441 740 1770 806 Dominum,
1831 748 2063 810 sumpta

363 831 484 899 jam
519 831 737 897 merito,
773 839 839 887 ut
870 829 1171 900 putabant,
1196 827 1471 898 jurgandi
1499 828 1766 895 audacia,
1801 842 2062 898 conque-

368 917 665 982 rebantur,
723 918 1017 972 dicentes:
1053 937 1080 964 «
1128 917 1280 971 Deus
1333 915 1712 984 omnipotens,
1772 916 2061 986 judicium

367 1005 537 1076 cujus
583 1010 732 1060 llo
773 1019 808 1060 a
853 1013 1006 1061 recto
1051 1017 1354 1074 nunquam
1389 1003 1698 1069 exorbitat,
1747 1004 1848 1074 qui
1887 1018 2062 1073 super

367 1101 574 1150 sortem
626 1094 916 1162 justorum
973 1091 1134 1147 nullo
1193 1091 1358 1146 modo
1421 1099 1785 1160 peccatorum
1837 1101 2061 1163 sceptra

367 1179 664 1250 relinquis,
699 1194 804 1236 cur
835 1179 1136 1250 populum,
1167 1179 1267 1248 qui
1297 1187 1579 1248 parentes,
1621 1193 1851 1244 uxores,
1891 1180 2054 1248 ﬁlios,

368 1269 608 1324 honores
662 1268 922 1334 eximios,
981 1267 1168 1323 solum
1227 1267 1492 1322 naturale
1552 1267 1884 1338 reliquerat,
1947 1269 2058 1326 imo

365 1366 467 1422 pro
493 1355 578 1410 tui
605 1354 886 1410 desiderio
915 1368 1034 1410 sese
1059 1352 1415 1424 quotidianis
1459 1353 1734 1410 crucibus
1771 1355 2060 1425 mortique

363 1441 694 1508 tradiderat,
733 1442 1114 1498 nefandorum
1153 1441 1450 1497 hominum
1483 1441 1689 1512 gladiis
1714 1441 2055 1509 feriendum,

361 1529 582 1600 absque
629 1529 895 1596 subsidio
943 1537 1056 1586 tua:
1115 1529 1480 1598 protectionis
1530 1530 1850 1600 objeceris?
1884 1531 2059 1588 Plane

361 1616 407 1672 si
450 1630 654 1672 verum
697 1617 813 1672 fore
859 1617 1178 1673 constiterit
1217 1625 1280 1673 ut
1327 1618 1405 1672 ita
1453 1631 1548 1672 eos
1579 1619 1783 1674 siveris
1807 1618 2061 1688 profanis

359 1704 630 1761 manibus
671 1705 1072 1762 internecionis
1121 1704 1296 1761 exitio
1346 1705 1514 1770 tradi,
1567 1719 1738 1776 quem
1788 1705 2056 1776 deinceps

361 1791 606 1862 reperies
643 1793 759 1848 tuis
799 1792 1086 1848 mandatis
1129 1793 1519 1864 obtemperare
1565 1795 1868 1863 volentem,
1918 1809 2053 1852 cum

363 1887 414 1936 te
457 1879 532 1936 ad
581 1888 710 1936 tuos
755 1879 1180 1938 defendendum
1233 1882 1492 1938 universi
1549 1882 1752 1938 amodo
1789 1881 2054 1952 judicare

360 1967 604 2024 debeant
653 1968 1072 2038 impotentem?
1115 1969 1221 2025 Sed
1265 1977 1404 2025 esto.
1451 1971 1560 2025 Pro
1601 1978 1654 2026 te
1709 1969 1887 2026 occidi
1944 1985 2056 2027 vo-

359 2056 554 2124 lueris,
596 2057 779 2128 gloria
814 2065 871 2113 et
913 2057 1128 2114 honore
1169 2071 1265 2114 eos
1309 2059 1695 2115 coronaveris.
1742 2057 1904 2114 Certe
1948 2058 2056 2114 etsi

361 2143 474 2200 illis
520 2159 700 2215 regna
739 2144 1124 2215 centuplicata
1161 2145 1493 2213 contuleris,
1541 2146 1671 2203 fidei
1704 2154 1895 2202 tamen
1944 2153 2056 2202 tua

359 2233 669 2300 hominem,
721 2240 776 2288 et
821 2234 1026 2303 capitis
1067 2233 1510 2290 commotionem
1563 2233 2058 2304 opprobriumque

357 2321 768 2390 sempiternum
799 2321 856 2376 in
880 2321 1150 2392 gentibus
1198 2321 1418 2377 feceris.
1479 2321 1829 2378 Universum
1881 2321 2055 2378 Chri-

357 2409 529 2464 stiani
583 2409 830 2465 nominis
893 2410 1091 2466 orbem
1166 2417 1440 2465 extremae
1511 2409 1924 2478 desperationis
1975 2410 2056 2480 jac

356 2496 778 2553 incredulitatis
859 2497 1036 2554 foveae
1105 2497 1412 2565 intrusisti,
1487 2497 1857 2568 nequissimis
1920 2511 2056 2554 vero

357 2585 657 2642 hominum
693 2584 1144 2656 irrefragabilem
1177 2592 1382 2641 contra
1417 2592 1546 2641 tuos
1587 2585 1893 2641 audaciam
1927 2600 2052 2656 per-

353 2681 528 2742 petuo
567 2673 878 2730 contulisti.
927 2674 1055 2730 Non
1087 2673 1197 2729 erit
1225 2673 1478 2743 denique
1503 2673 1746 2730 ulterius
1773 2674 1914 2745 jam,
1949 2675 2050 2745 qui

355 2775 634 2831 magnum
663 2761 802 2831 quid
837 2761 906 2817 de
938 2769 992 2818 te
1014 2769 1346 2832 praesumat,
1382 2776 1514 2818 cum
1549 2777 1664 2826 eos,
1697 2762 1800 2832 qui
1827 2762 2050 2818 cunctis

354 2847 694 2905 mortalibus
746 2849 1053 2920 specialius
1103 2849 1202 2906 tibi
1263 2849 1502 2920 obsequi
1561 2850 1862 2920 putabant,
1934 2858 2048 2906 tam

354 2935 591 3008 indigno
641 2937 845 2994 subrui
895 2938 1008 2994 ﬁne
1043 2939 1372 3008 conspiciat.
1419 2937 1519 2994 Dic
1561 2951 1719 3008 ergo,
1776 2939 2044 3008 piissime,

2170 560 2555 619 ferocissimus
2599 563 2764 620 dolor
2790 565 3233 634 expresseratin
3263 571 3512 630 tantum,
3556 571 3621 620 ut
3651 563 3710 620 in
3751 572 3859 622 toto

2170 665 2342 721 quem
2376 659 2658 721 tyrannus
2715 651 2810 708 ille
2856 651 3131 708 ductabat
3174 651 3452 719 exercitu,
3524 651 3669 710 nulli
3725 667 3861 722 pene

2168 738 2588 808 episcoporum,
2641 740 2941 805 abbatum,
3003 740 3364 806 clericorum,
3413 739 3712 807 laicorum,
3771 741 3862 796 ni-

2171 825 2398 882 mietate
2465 828 2718 896 stuporis
2781 828 3058 897 absorpti,
3120 827 3402 901 auderent
3465 842 3568 898 per
3639 829 3863 899 aliquos

2171 913 2350 970 Deum
2382 915 2650 972 invocare
2688 915 2827 971 dies.
2877 917 3063 972 Guido
3102 924 3294 971 autem
3329 916 3523 972 fratris
3571 918 3860 974 unanimi-

2169 1007 2366 1068 tateni,
2416 1004 2675 1073 tantique
2732 1005 2969 1073 principi
3032 1004 3568 1074 magnanimitatem
3616 1005 3687 1060 ad
3747 1019 3860 1060 me-

2169 1090 2410 1146 moriam
2467 1091 2772 1156 reducens,
2827 1092 3118 1162 replicatis
3185 1092 3586 1149 miserabiliter
3637 1094 3863 1163 optimis

2166 1177 2274 1232 viri
2307 1179 2706 1248 qualitatibus,
2742 1195 3052 1236 maerorem
3093 1181 3364 1236 intimum
3385 1181 3580 1238 multis
3611 1181 3862 1238 ululati-

2170 1265 2278 1321 bus
2305 1270 2666 1336 personabat.

2239 1356 2522 1413 Praaterea
2553 1358 2612 1412 in
2640 1357 2827 1413 reditu
2867 1358 3090 1428 positus
3132 1358 3462 1426 imperator,
3499 1358 3658 1427 dum,
3691 1368 3864 1428 rupto

2169 1444 2522 1500 Francorum
2557 1445 2878 1510 obstaculo,
2926 1446 3142 1501 Turcos
3182 1445 3418 1502 liberius
3457 1447 3666 1515 passim
3704 1447 3864 1503 ober-

2165 1540 2396 1588 raturos
2413 1533 2788 1604 jamjamque
2829 1533 3116 1598 formidat,
3148 1533 3238 1588 his
3266 1533 3369 1603 qui
3405 1533 3512 1590 sibi
3541 1534 3865 1592 militabant

2168 1619 2497 1677 hominibus
2521 1623 2798 1690 imperat:
2833 1643 2860 1669 ‹‹
2898 1623 2994 1685 Ite,
3027 1623 3234 1692 inquit,
3273 1627 3329 1677 et
3361 1623 3641 1692 imperiali
3679 1623 3862 1679 edicto

2165 1709 2341 1764 totius
2370 1709 2621 1780 regionis
2652 1709 2828 1779 hujus
2859 1710 3118 1765 homines
3153 1710 3354 1780 cogite,
3397 1710 3671 1766 universa
3719 1712 3861 1767 Bul—

2165 1797 2342 1868 garia;
2378 1797 2502 1853 loca
2530 1806 2770 1864 vastate,
2805 1806 2869 1854 ut
2916 1812 3050 1854 cum
3079 1797 3254 1854 Turci
3283 1797 3608 1866 provincias
3635 1807 3862 1856 nostras

2161 1884 2565 1955 depopulaturi
2615 1887 3013 1954 discurrerint,
3070 1885 3213 1942 nihil
3246 1885 3317 1942 ad
3350 1899 3522 1942 usum
3571 1887 3862 1956 pertinens

2163 1971 2288 2028 istic
2343 1973 2574 2030 valeant
2621 1975 2891 2044 reperire.
2939 1996 2968 2023 »
3026 1975 3244 2030 Vellent
3303 1975 3496 2044 itaque
3549 1975 3784 2042 nollent,
3827 1976 3863 2030 ii

2161 2062 2262 2132 qui
2296 2061 2502 2120 nostris
2539 2077 2887 2133 concurrere
2941 2061 3306 2130 festinabant,
3367 2061 3674 2120 Christiani
3709 2065 3866 2121 vide-

2161 2149 2310 2217 licet,
2344 2151 2554 2206 reverti
2597 2166 2728 2208 cum
2781 2151 3124 2222 imperatore
3164 2159 3476 2222 coguntur.
3529 2152 3602 2208 Et
3653 2153 3864 2210 milites

2162 2239 2400 2310 quidem
2463 2248 2811 2310 praeceptum
2875 2240 3258 2310 properabant
3303 2239 3536 2310 implere
3593 2243 3862 2310 tyranni-

2161 2341 2316 2394 cum,
2351 2326 2568 2396 pedites
2611 2341 2712 2397 per
2747 2329 3048 2397 angariam
3087 2328 3486 2394 sequebantur
3519 2331 3856 2399 exercitum,

2159 2422 2216 2470 et
2252 2415 2395 2470 dum
2438 2416 2780 2472 celeritatem
2814 2416 3078 2485 equitum
3119 2415 3346 2486 assequi
3376 2414 3663 2484 aﬂ'ectant,
3698 2419 3858 2475 inex-

2161 2502 2406 2559 tricabili
2450 2518 2572 2559 sese
2629 2503 2982 2560 inﬁrmitatis
3029 2504 3435 2574 impedimento
3475 2505 3858 2575 pmcipitant.

2159 2591 2372 2647 Passim
2420 2605 2558 2662 ergo
2603 2593 2746 2647 tanti
2805 2592 3166 2662 impatientes
3207 2592 3422 2649 laboris
3457 2592 3756 2662 deficiunt,
3807 2603 3863 2653 et

2160 2680 2308 2734 inter
2335 2680 2596 2736 eundum
2629 2679 2920 2736 innumeri
2965 2693 3166 2736 eorum
3215 2679 3602 2750 languoribus
3647 2693 3863 2750 appre-

2158 2767 2319 2822 hensi
2347 2767 2722 2824 occumbunt.
2756 2769 2818 2824 In
2871 2767 3072 2824 urbem
3104 2767 3356 2838 denique
3385 2769 3862 2838 Constantinopo-

2155 2856 2390 2912 litanam
2440 2856 2748 2925 repedante
2791 2863 3058 2924 tyranno,
3109 2855 3330 2926 quique
3361 2870 3462 2926 per
3497 2855 3769 2923 Graecias,
3803 2859 3863 2914 in

2155 2957 2262 3000 sua
2294 2944 2445 3000 unde
2482 2952 2780 3010 venerant,
2833 2953 3182 3001 remearunt.
3231 2944 3336 3000 Hic
3367 2943 3564 3014 itaque
3613 2945 3754 3002 huic
3804 2946 3863 3001 li-

353 3037 471 3095 qua
499 3032 553 3081 te
577 3025 845 3115 deinceps
869 3028 949 3082 tui
976 3026 1162 3082 fronte
1177 3026 1468 3082 vocabunt
1490 3025 1617 3097 [al.,
1641 3026 2041 3115 invocabunt],
2083 3059 2124 3115 ρ
2157 3032 2304 3088 bello
2333 3031 2465 3088 finis
2488 3033 2740 3088 accedat.
3310 3061 3338 3086 ι

352 3127 484 3168 cum
529 3113 614 3170 tui
653 3113 790 3170 tales
835 3121 1073 3171 tuorum
1123 3116 1318 3171 exitus
1364 3113 1880 3184 exspectabant?»
1930 3115 2046 3172 Has

1676 3369 2014 3456 LIBER
2078 3371 2550 3462 SEXTUS.

907 3681 1136 3740 CAPUT
1182 3681 1482 3742 PRIMUM.

417 3822 562 3879 Cum
611 3823 667 3878 in
705 3823 1052 3880 authenticis
1104 3825 1356 3882 historiis
1401 3833 1732 3883 sanctorum
1785 3827 2040 3895 Patrum,

346 3911 460 3966 Deo
487 3918 737 3978 auctore,
772 3919 1000 3982 patrata
1032 3912 1179 3970 bella
1216 3913 1544 3984 relegimus,
1589 3921 1646 3970 et
1691 3928 1792 3984 pro
1837 3917 2040 3973 tantil-

343 3997 534 4055 lorum
600 3999 902 4056 hominum
957 4013 1100 4070 pene
1152 4001 1316 4057 nulla
1388 4001 1497 4056 tide
1569 4009 1728 4057 tanta
1783 4005 2040 4062 evenisse

343 4087 770 4156 perpendimus,
805 4089 948 4156 (non
993 4089 1151 4159 quod
1190 4089 1552 4145 beatissimos
1595 4091 1787 4152 Josue,
1838 4093 2038 4160 David,

341 4164 683 4242 Samuelem',
729 4175 982 4232 tantillos
1034 4176 1412 4246 appellemus,
1461 4177 1557 4233 sed
1605 4180 1761 4248 quod
1800 4190 2040 4252 excepto

337 4275 540 4318 eorum
583 4264 805 4328 merito,
848 4271 1306 4332 ceterorumque
1353 4278 1605 4334 quorum
1656 4279 1814 4323 nunc
1849 4283 2038 4340 usque

340 4350 438 4406 Dei
495 4350 748 4406 Ecclesia
816 4350 1086 4419 praedicat
1145 4352 1506 4422 claritatem),
1559 4355 1736 4424 plebis
1785 4337 2034 4414 Judaicaa
2073 4337 2117 4392 Β

337 4437 760 4507 despiciendam
813 4437 1082 4496 ducimus
1133 4442 1442 4496 vanitatem
1485 4442 1870 4500 infelicissimo
1927 4445 2037 4500 ho-

341 4526 588 4592 minum,
614 4540 717 4596 pro
743 4527 878 4583 solis
923 4527 1038 4584 Deo
1087 4529 1386 4586 ventribus
1429 4532 1762 4592 servientes.
1793 4532 1905 4589 nisi
1935 4547 2037 4590 ra-

338 4615 416 4671 tio
476 4613 754 4682 obviaret,
821 4615 1195 4686 placentiores
1275 4619 1388 4674 Deo
1449 4627 1652 4689 putare
1741 4635 2038 4690 possemus

336 4716 517 4773 quam
575 4703 712 4760 istos
741 4719 991 4774 quorum
1039 4713 1154 4761 tota
1185 4706 1502 4776 spiritualis
1550 4707 1738 4764 fuerat
1761 4710 2032 4766 servitus.

335 4790 454 4846 Illis
482 4803 736 4862 namque
791 4806 827 4846 a
864 4792 984 4848 sola
1036 4792 1363 4852 idololatria
1411 4795 1568 4862 tutis,
1607 4809 1874 4866 prospere
1903 4812 2040 4868 pro-

335 4879 642 4934 veniebant
697 4880 912 4948 omnia,
979 4882 1194 4938 crebraa
1249 4883 1522 4950 victoriae,
1601 4885 1786 4941 multa
1849 4888 2033 4956 copia,

338 4966 460 5022 istis
479 4981 616 5022 vero
645 4967 957 5024 difficulter
988 4971 1240 5038 vincere,
1270 4971 1422 5052 inter
1448 4973 1798 5030 vincendum
1820 4974 2036 5032 damna

337 5055 683 5124 frequentia,
744 5069 893 5112 rarae
950 5059 1276 5128 opulentiae,
1335 5063 1626 5117 continuae
1675 5063 1932 5132 quidem,
1979 5072 2036 5122 et

337 5149 478 5198 tunc
504 5141 916 5200 crudelissimae
969 5154 1268 5216 egestates,
1309 5163 1440 5204 cum
1473 5148 1513 5204 ii
1561 5163 1678 5206 non
1706 5149 2032 5222 militarem,

338 5228 434 5284 sed
466 5227 862 5284 monachalem
915 5240 1201 5302 quantum
1235 5233 1306 5289 ad
1353 5235 1770 5303 parsimoniam
1821 5238 2033 5294 sancti-

340 5316 712 5386 moniamque
743 5318 1006 5388 pertinet,
1057 5319 1234 5376 vitam
1288 5322 1582 5380 ducerent.
1636 5323 1798 5390 Quod
1849 5332 2033 5381 totum

342 5403 485 5458 ratio
539 5407 867 5472 gratissima
925 5408 1090 5464 nobis
1145 5411 1400 5478 exponit,
1460 5411 1618 5489 dum.
1659 5413 2031 5478 attendimus,

340 5490 532 5560 quia-
566 5493 716 5549 Deus
774 5494 1027 5565 ﬂagellat
1092 5509 1320 5550 omnem
1385 5497 1566 5554 filium
1629 5514 1802 5568 quem
1846 5499 2034 5569 diligit

341 5579 546 5648 (Hebr.
590 5595 688 5650 xu,
748 5585 817 5648 6),
875 5604 902 5630 »
949 5589 1006 5638 et
1061 5581 1278 5650 quibus
1336 5586 1672 5655 temporalia
1714 5587 2034 5656 disciplinae

2150 3647 2340 3720 rigore
2382 3649 2674 3718 subducit,
2738 3651 2830 3707 his
2870 3650 3194 3720 spiritualia
3237 3651 3595 3722 sempiternae
3645 3653 3853 3710 dulce-

2149 3736 2302 3792 dinis
2325 3737 2624 3796 affectione
2661 3739 2930 3809 disponit.

2221 3825 2330 3898 [l.]
2389 3827 2638 3894 Lancea,
2671 3827 2742 3882 de
2764 3844 2880 3899 qua
2905 3826 3122 3900 priori:
3149 3827 3286 3884 libri
3301 3845 3430 3900 cap.
3467 3829 3502 3884 4
3539 3829 3855 3901 rapa-itur.

2149 3915 2362 3970 Petrus
2388 3914 2659 3970 Eremila
2701 3915 2980 3988 dirigitur
3016 3916 3096 3971 ad
3141 3920 3370 3972 Turcos.
3404 3947 3472 3957 —
3505 3916 3692 3988 Igitur
3733 3925 3858 3988 post

2147 4004 2328 4058 verba
2352 4003 2500 4060 Petri
2541 4003 2716 4072 illius,
2751 4004 2847 4060 cui
2878 4004 3044 4061 beato
3075 4007 3306 4061 Andrea
3340 4006 3652 4076 interprete
3686 4021 3858 4064 reve-

2148 4091 2416 4148 lationem
2467 4093 2775 4148 Dominicis
2819 4092 3032 4148 lancem
3081 4093 3340 4150 diximus
3385 4093 3614 4161 factam,
3667 4095 3858 4152 multa

2148 4179 2398 4250 populus
2424 4181 2808 4237 exsultatione
2851 4181 3218 4238 Christianus
3275 4181 3544 4247 invaluit,
3594 4191 3648 4238 et
3709 4183 3854 4239 tanti

2149 4281 2322 4338 quem
2354 4269 2796 4337 praestolabatur
2823 4277 3068 4325 eventus
3106 4269 3424 4339 spectatulo
3462 4271 3534 4326 de
3561 4271 3852 4340 profundo

2151 4355 2562 4425 desperationis
2613 4357 2864 4413 emersit.
2901 4357 3090 4413 Indice
3137 4357 3330 4428 itaque
3374 4357 3488 4424 illo,
3530 4357 3602 4413 ad
3634 4358 3849 4426 locum,

2146 4457 2319 4514 quem
2353 4445 2779 4514 designaverat,
2828 4445 2904 4501 ab
2949 4445 3220 4502 omnibus
3249 4445 3526 4512 curritur,
3557 4454 3612 4502 et
3657 4447 3724 4502 in
3746 4447 3851 4503 Ec-

2145 4531 2317 4587 clesia
2385 4532 2540 4586 Beati
2609 4532 2761 4588 Petri
2825 4546 2990 4589 secus
3055 4533 3236 4588 altare
3293 4535 3655 4590 Dominicum
3730 4534 3850 4591 fieri

2145 4619 2296 4675 fossa
2348 4620 2605 4691 jubetur.
2660 4620 2950 4677 Tredecim
3021 4635 3158 4693 ergo
3224 4622 3573 4686 hominibus,
3625 4636 3658 4678 a
3725 4623 3851 4680 luce

2147 4707 2334 4775 prima
2386 4708 2444 4762 in
2486 4721 2814 4777 vesperum,
2869 4709 3138 4766 haustam
3186 4709 3558 4766 efferentibus
3608 4719 3848 4777 terram,

2146 4796 2316 4852 homo
2346 4796 2464 4866 ipse
2490 4796 2709 4852 invenit
2758 4797 3036 4854 lanceam.
3078 4798 3349 4854 Videntes
3397 4805 3588 4855 autem
3630 4801 3850 4856 audita

2143 4884 2352 4940 visioni
2381 4886 2726 4942 omnimodis
2753 4887 3114 4942 concinuisse
3139 4901 3256 4941 rem
3291 4894 3532 4958 gestam,
3569 4900 3848 4958 magnam

2144 4973 2338 5030 cuncti
2397 4988 2706 5044 concepere
2764 4974 3040 5036 laetitiam.
3123 4989 3228 5030 nec
3284 4975 3565 5031 minorem
3622 4974 3845 5044 laetitia,

2139 5061 2259 5132 jam
2296 5069 2498 5118 contra
2545 5063 2734 5118 omnis
2787 5063 2962 5120 hostis
3005 5063 3329 5119 audaciam.
3379 5067 3692 5133 Acceptam
3749 5065 3850 5121 hoc

2141 5149 2307 5204 modo
2335 5153 2484 5205 411
2526 5149 2788 5205 lanceam
2817 5163 2954 5206 cum
3006 5151 3220 5222 ingenti
3259 5150 3518 5208 extulere
3547 5150 3765 5222 gloria,
3795 5161 3848 5209 et

2141 5236 2215 5292 ab
2261 5235 2360 5291 illa
2409 5235 2524 5301 die,
2563 5235 2634 5291 de
2678 5236 2824 5292 bello
2862 5238 3086 5308 agendo
3133 5253 3355 5308 cmpere
3404 5239 3643 5295 fidenter
3701 5242 3847 5298 inire

2139 5324 2398 5380 consilia.
2433 5323 2691 5392 Denique
2741 5324 2881 5380 dum
2926 5325 3204 5395 primores
3225 5327 3533 5383 Christiani
3563 5331 3843 5398 agminis,

2141 5419 2338 5468 coacto
2389 5411 2646 5478 consilio,
2697 5412 2841 5481 quid
2881 5413 3028 5468 facto
3079 5429 3226 5482 opus
3284 5422 3432 5470 esset
3483 5415 3608 5484 pari
3673 5432 3847 5474 sensu

2140 5500 2474 5565 eventilant,
2511 5498 2564 5553 id
2593 5508 2909 5572 antequam
2967 5501 3300 5570 prwlientur
3340 5503 3670 5560 faciendum
3716 5521 3844 5563 cen-

2141 5594 2268 5643 sent
2313 5594 2605 5658 quatenus
2675 5589 2892 5644 Turcos
2953 5590 3206 5659 primum
3278 5591 3494 5648 directa
3553 5591 3846 5664 legatione
