3934 6402
58 407 156 459 769

1172 401 1390 458 GESTA
1429 401 1542 456 DEI
1584 401 1721 457 PER
1762 401 2094 457 FRANCOS.
2121 431 2189 440 —-
2214 401 2342 456 LIB.
2387 401 2472 456 VI.

3473 409 3575 459 7'70

56 537 434 601 conveniant,
483 533 1091 590 utaChristianorum
1154 532 1356 588 ﬁnium
1391 532 1763 602 occupatione
1800 530 2062 587 Alentite
2129 539 2184 587 et
2253 530 2652 600 amplitudinis
2723 530 2991 586 dabimus
3069 539 3302 595 terram,
3362 534 3574 605 hisque

56 626 361 692 desistant,
414 640 521 679 nec
577 622 786 678 Christi
847 621 1033 677 facere
1090 635 1286 678 servos
1329 629 1608 687 extorres,
1665 628 1768 676 aut

55 713 348 769 mortibus
408 713 672 768 addicere
699 711 898 777 velint,
951 710 1048 765 sed
1097 725 1172 776 se,
1231 723 1335 765 suo
1365 710 1616 765 contenti
1651 717 1767 763 ter-

57 803 234 869 mino,
267 802 383 858 sub
422 801 651 871 propria
685 800 916 870 regione
964 800 1316 853 contineant.
1353 798 1548 853 Accito
1588 797 1768 868 igitur

59 891 152 945 illo
201 892 390 956 Petro,
442 890 619 960 hujus
663 889 852 958 operis
907 887 1085 942 initiis
1131 902 1246 941 non
1291 887 1581 956 incognito
1639 899 1768 940 ere-

59 980 218 1044 mita,
271 988 328 1034 et
379 978 637 1034 adhibito
694 977 771 1031 illi
812 977 1066 1046 quodam
1116 975 1414 1039 Herluino,
1462 976 1769 1043 utriusque

59 1067 279 1137 linguae
313 1068 498 1136 perito
539 1067 864 1134 interprete,
891 1063 1105 1133 pariter
1130 1064 1328 1118 ambos
1356 1063 1427 1118 ad
1462 1062 1768 1132 profanum

59 1157 385 1225 principem
425 1155 704 1225 dirigunt,
748 1155 948 1222 eisque
997 1153 1296 1207 materiam
1345 1151 1626 1206 sermonis
1670 1152 1769 1205 im-

59 1251 308 1314 ponunt.
357 1243 464 1310 Qui
535 1257 669 1299 cum
721 1243 792 1298 ad
834 1241 1063 1312 gentilis
1114 1240 1268 1296 illius
1325 1241 1768 1296 tabernaculum

59 1332 450 1400 devenissent,
511 1340 567 1388 et
627 1331 862 1387 admissi
929 1331 1215 1386 horrendo
1264 1330 1531 1385 diabolici
1585 1330 1768 1385 homi-

59 1422 151 1476 nis
180 1422 518 1491 conspectui
563 1419 892 1485 astitissent,
938 1419 1116 1489 hujus
1162 1419 1312 1474 modi
1366 1418 1511 1474 serie
1538 1431 1768 1488 perora-

61 1517 222 1565 runt.

133 1597 251 1670 [1L]
321 1618 349 1648 α
405 1597 726 1652 Plurimum
795 1595 1121 1666 principum
1185 1603 1512 1650 nostrorum
1561 1596 1771 1651 animis

58 1687 414 1742 miraculum
435 1686 696 1741 intulisse
719 1685 992 1740 noveritis
1022 1685 1174 1753 quod
1200 1693 1410 1738 terram
1435 1684 1654 1738 nomini
1675 1699 1773 1739 an-

59 1776 312 1844 tiquitus
338 1773 685 1837 Christiano,
721 1773 902 1828 solida
943 1773 1219 1837 libertate,
1249 1787 1583 1842 possessam,
1629 1773 1768 1828 adeo

61 1865 452 1920 irreverenter
494 1871 548 1919 et
579 1862 837 1932 improbe
871 1862 1108 1916 introire
1155 1875 1222 1916 ac
1256 1875 1541 1931 usurpare
1577 1876 1769 1931 coepe-

57 1953 199 2007 ritis.
228 1953 380 2008 Cum
434 1951 589 2007 enim
649 1950 885 2006 indubie
937 1949 1239 2013 sciveritis,
1288 1964 1359 2004 ex
1412 1959 1766 2017 nostrarum,

61 2054 206 2110 quas
257 2040 527 2104 audistis,
597 2038 931 2094 assiduitate
973 2045 1173 2092 contra
1209 2052 1308 2092 vos
1365 2037 1765 2098 victoriarum.

62 2129 270 2185 Christi
304 2128 644 2184 nullatenus
674 2127 977 2182 descivisse
1022 2127 1352 2195 potentiam,
1403 2134 1770 2194 vestramque

60 2219 349 2273 adversus
377 2219 566 2287 ipsum
599 2216 822 2285 experti
849 2215 972 2271 sitis
1003 2229 1208 2284 parum
1237 2229 1398 2284 posse
1429 2214 1764 2275 valentiam,

59 2306 218 2361 nullo
259 2308 432 2361 modo
469 2307 756 2362 aestimant
786 2305 941 2374 quod
997 2303 1158 2359 toties
1195 2304 1341 2358 bello
1394 2302 1562 2372 pulsi,
1615 2315 1765 2370 prae-

61 2394 237 2450 liandi
274 2395 691 2468 contra.Deum
726 2393 986 2449 audeatis
1022 2392 1262 2447 ulterius
1295 2393 1500 2447 iterare
1531 2391 1768 2446 demen-

63 2485 216 2540 tiam.
265 2484 434 2540 Unde
477 2484 597 2554 jam
639 2483 993 2538 unanimiter
1035 2481 1393 2536 arbitramur
1437 2480 1590 2549 quod
1625 2493 1769 2548 pru-

59 2573 250 2627 dentia
300 2580 497 2626 vestra
531 2585 662 2626 .non
715 2570 787 2625 ob
835 2570 993 2624 aliud
1054 2569 1358 2638 hucusque
1410 2565 1767 2630 convenerit,

59 2661 167 2715 nisi
226 2667 293 2715 ut
347 2673 454 2729 per
509 2658 886 2723 Christianos,
947 2657 1047 2726 qui
1093 2656 1395 2711 nobiscum
1459 2663 1769 2709 versantur

58 2748 382 2818 pontifices,
431 2747 559 2802 fidei
599 2754 808 2801 nostrae
850 2746 1118 2815 dogmate
1163 2743 1342 2798 imbui
1387 2743 1579 2812 possit.
1623 2742 1768 2798 Pro-

57 2837 148 2891 cul
181 2836 364 2892 dubio
395 2847 653 2904 namque
695 2835 930 2898 scimus,
976 2835 1116 2902 quia
1160 2845 1534 2901 nequaquam
1569 2832 1638 2886 de
1665 2847 1766 2887 ve-

57 2932 176 2979 stra
215 2923 409 2978 salute
456 2921 694 2988 curatis,
743 2922 840 2977 sed
890 2919 1010 2992 [al.,
1061 2921 1125 2986 si]
1175 2927 1376 2974 contra
1417 2919 1760 2974 catholicam

53 3011 463 3068 credulitatem
519 3009 669 3065 bella
716 3007 962 3065 tentatis.
1028 3009 1282 3064 Petimus
1329 3021 1467 3077 ergo
1531 3008 1763 3075 pariter,

52 3109 262 3156 vestrae
319 3099 686 3155 consulentes
737 3098 1067 3162 inscientize,
1124 3103 1187 3152 ut
1218 3096 1292 3151 ab
1342 3097 1451 3151 hac
1481 3109 1762 3166 praesum-
1805 3124 1844 3179 ρ

55 3189 252 3258 ptione
300 3185 536 3243 cessetis
582 3187 824 3242 scientes
873 3189 1012 3256 quia
1053 3185 1256 3241 beatus
1301 3185 1503 3240 Petrus
1534 3193 1765 3252 aposto-

54 3278 164 3344 lus,
201 3279 315 3333 Deo
344 3275 657 3347 prabente,
689 3289 813 3331 eam
861 3275 969 3331 sibi
997 3283 1250 3346 arrogat,
1296 3275 1464 3344 cujus
1515 3275 1766 3344 primum

57 3367 296 3422 minime
344 3366 660 3420 antistitem
701 3379 760 3420 se
801 3366 1047 3434 ignorat,
1085 3372 1139 3419 et
1180 3378 1355 3434 quam
1389 3370 1603 3429 nostro,
1640 3364 1767 3419 licet

58 3465 455 3526 peccatorum,
501 3454 706 3520 ofﬁcio,
767 3455 1062 3510 restituere
1097 3453 1169 3508 ad
1216 3453 1310 3508 Dei
1356 3452 1598 3518 cultum,
1647 3466 1768 3523 qua

60 3543 217 3599 illam
283 3543 517 3607 imbuit,
592 3545 821 3612 cogitat.
871 3547 917 3596 A
981 3541 1339 3610 principibus
1375 3542 1542 3596 ctiam
1604 3541 1769 3595 vobis

58 3631 470 3696 substantiam,
527 3631 707 3700 quam
767 3631 1071 3694 detulistis,
1139 3631 1470 3684 universam
1534 3629 1764 3695 referre,

57 3733 289 3775 summa
340 3719 682 3775 liberalitate
729 3719 1094 3785 conceditur;
1144 3733 1248 3772 nec
1291 3719 1339 3772 si
1388 3718 1622 3787 paciﬁce
1672 3733 1767 3774 re-

57 3810 292 3872 cedatis,
338 3808 556 3878 aliquis
598 3817 927 3863 nostrorum
982 3808 1144 3862 Vobis
1193 3808 1483 3862 lzesionem
1511 3807 1767 3877 quamli-

59 3897 150 3952 bet
175 3898 468 3953 mclietur.
509 3919 528 3943 ι

126 3991 197 4040 At
262 3986 569 4040 Curbaran
623 3984 910 4040 dictorum
948 3985 1100 4040 Petri
1153 3983 1580 4055 magniﬁcentia
1613 3998 1768 4052 prae-

61 4075 390 4130 cordialiter
448 4073 636 4140 laesus,
693 4074 814 4143 jam
875 4075 1219 4140 Turcorum,
1292 4073 1395 4142 qui
1442 4073 1765 4138 astiterant,

61 4163 148 4217 his
181 4164 418 4230 auditis,
455 4163 784 4218 immaniter
811 4162 1110 4218 ferociente
1144 4161 1433 4230 superbia,
1470 4161 1549 4216 ait
1579 4175 1592 4214 :

131 4251 274 4322 [[1].]
326 4275 346 4301 ι
399 4253 654 4316 Terram,
708 4264 884 4320 quam
930 4249 1118 4305 dicitis
1159 4257 1362 4304 vestra)
1414 4249 1487 4304 ab
1528 4247 1768 4318 antiquo

64 4339 482 4397 Christianitati
537 4340 818 4394 exstitisse
851 4339 1193 4409 subjectam,
1243 4348 1519 4403 nostram,
1573 4338 1769 4392 nobis-

62 4444 174 4498 que
203 4429 538 4486 omnimodo
573 4430 703 4498 jure
733 4429 982 4484 debitam
1018 4428 1410 4498 probabimus,
1445 4430 1762 4497 prwsertim
1802 4425 1844 4478 Ι)

61 4532 191 4573 cum
221 4533 350 4574 eam
383 4517 620 4583 nationi,
656 4520 752 4572 vix
799 4517 1041 4572 feminas
1069 4516 1470 4586 asquiparanti,
1524 4515 1766 4570 miriﬁca

61 4607 273 4662 virtute
325 4605 649 4674 tulerimus.
709 4605 882 4660 Porro
934 4605 1151 4676 ingenti
1191 4605 1540 4674 desipientize
1579 4605 1764 4673 depu-

62 4702 253 4751 tamus
282 4695 442 4766 quod
461 4709 582 4761 vos,
610 4695 907 4750 venientes
937 4709 970 4750 a
1031 4695 1244 4750 ﬁnibus
1271 4703 1437 4750 terra:
1477 4694 1764 4763 supremis

60 4783 128 4838 de
182 4784 400 4840 nostris
469 4797 572 4838 nos
621 4783 942 4846 minamini,
996 4783 1109 4838 imo
1168 4790 1286 4838 tota
1333 4783 1549 4838 virium
1598 4781 1766 4838 colla-

59 4878 212 4927 tione
267 4871 560 4927 conamini
592 4871 929 4940 propulsare
961 4871 1212 4938 sedibus,
1247 4886 1376 4928 cum
1412 4873 1572 4927 vobis
1600 4873 1671 4926 ad
1705 4871 1762 4927 id

58 4961 410 5031 explendum
458 4968 769 5030 suppetant
815 4975 925 5015 non
960 4975 1113 5029 opes,
1147 4975 1262 5016 non
1293 4975 1474 5028 arma,
1500 4975 1617 5016 non
1651 4975 1762 5016 nu-

61 5062 275 5105 merus.
310 5049 714 5107 Christianum
761 5063 894 5104 vero
953 5063 1185 5115 nomen,
1243 5064 1356 5105 non
1413 5050 1582 5104 modo
1649 5064 1761 5104 non

59 5137 403 5207 excipimus,
481 5137 575 5192 sed
637 5137 1049 5207 abruptissima
1119 5137 1476 5208 despectione
1542 5138 1760 5207 respui-

60 5238 207 5280 mus.
237 5227 327 5290 Et,
360 5233 424 5281 ut
473 5239 541 5280 ea
571 5239 702 5295 quae
741 5225 1016 5280 intulistis
1064 5225 1224 5281 brevi
1279 5226 1542 5281 clausula
1592 5226 1762 5281 ﬁnia-

61 5327 210 5377 mus,
242 5328 344 5369 vos
372 5315 474 5384 qui
524 5313 806 5384 legatione
856 5313 1190 5383 fungimini,
1241 5315 1310 5370 ad
1353 5322 1570 5370 vestros
1600 5316 1762 5383 prin-

61 5402 212 5470 cipes
269 5403 433 5458 ocius
500 5401 890 5471 revertimini;
971 5401 1171 5472 eisque
1229 5403 1442 5457 dicite:
1522 5401 1669 5466 Quia
1715 5403 1761 5457 si

62 5499 272 5546 nostra:
329 5491 645 5547 conditioni
703 5489 823 5545 ﬁeri
896 5489 1223 5546 desiderant
1298 5490 1645 5558 consimiles,
1707 5497 1763 5546 et

61 5577 352 5636 Christum
403 5578 660 5644 difliteri,
689 5580 782 5634 cui
841 5578 1110 5634 videntur
1157 5579 1423 5644 acclines,
1481 5593 1588 5634 nos
1645 5594 1760 5635 non

65 5667 211 5723 hanc
238 5669 322 5724 eis
359 5677 590 5725 tantum
647 5666 1028 5737 provinciam,
1075 5669 1174 5723 sed
1230 5675 1285 5724 et
1342 5667 1578 5738 majoris
1622 5681 1760 5736 opu-

1872 620 2118 676 castellis
2165 634 2234 674 ac
2280 619 2523 676 urbibus
2570 622 2821 690 gratuito
2848 621 3150 690 dilargitis,
3187 623 3378 678 nullos
3423 623 3571 693 ipso-

1876 721 2008 763 rum
2065 709 2349 777 patiemur
2388 708 2620 778 pedites,
2673 709 2770 763 sed
2823 710 3170 778 generaliter
3211 721 3451 766 cunctos
3491 713 3573 766 in-

1877 800 2182 852 stituemus
2238 798 2484 866 equites,
2540 805 2596 851 et
2629 797 2726 853 ubi
2761 797 2907 852 ritus
2947 798 3163 867 pariter
3193 799 3576 855 indiﬁ‘erentes

1877 884 2240 950 habebimus,
2281 886 2350 940 de
2393 894 2598 941 mutua
2634 886 2848 954 pariter
2895 887 3170 950 amicitia,
3197 896 3252 942 et
3283 887 3575 958 contigui-

1877 981 1990 1029 tate
2019 974 2423 1044 gaudebimus.
2466 974 2625 1040 Quod
2654 974 2700 1029 si
2746 988 2780 1028 a
2809 975 3096 1044 proposita
3129 975 3576 1030 deliberaverint

1876 1062 2200 1117 exorbitare
2248 1062 2552 1129 sententia,
2618 1062 2890 1128 incident,
2937 1063 3059 1117 sine
3120 1063 3319 1128 dubio,
3377 1063 3575 1118 invisae

1875 1150 2046 1205 citius
2077 1150 2274 1204 mortis
2297 1151 2493 1216 exitia,
2527 1159 2627 1206 aut
2648 1159 2877 1206 aeternae
2905 1151 3188 1206 subibunt
3229 1151 3578 1220 captivitatis

1875 1238 2098 1304 exsilia,
2145 1239 2418 1294 servituri
2460 1239 2660 1308 utique
2701 1247 2816 1294 tam
2862 1238 3029 1294 nobis
3058 1253 3235 1307 quam
3263 1239 3577 1308 posteritati

1877 1334 2087 1382 nostrae
2118 1340 2217 1395 per
2243 1327 2472 1382 saecula.
2531 1349 2557 1376 α
2589 1327 2845 1393 Dixerat,
2885 1341 2949 1382 ac
3010 1327 3266 1382 celeriter
3295 1327 3577 1398 legatione

1877 1428 2124 1480 reversa,
2175 1413 2392 1470 militiae
2431 1413 2772 1470 Christianae
2813 1415 3060 1470 ducibus
3100 1414 3394 1470 notilicata
3439 1423 3578 1471 sunt

1877 1503 2091 1558 omnia.

2555 1591 2786 1646 CAPUT
2827 1591 2897 1645 ΙΙ.

1957 1677 2091 1751 [lV.]
2121 1679 2212 1733 Ad
2243 1683 2414 1733 Deum
2435 1678 2554 1749 pii:
2579 1679 2870 1735 exercitiis
2887 1679 3223 1752 confugiunt
3239 1679 3574 1738 Christiani.

1879 1797 1948 1806 -—
1981 1767 2280 1822 Exercitus
2314 1767 2524 1836 itaque,
2563 1767 2619 1820 in
2661 1775 2818 1822 arcto
2853 1768 3162 1823 admodum
3208 1769 3573 1836 constitutus,

1809 1830 2017 1911 Bdum
2074 1855 2239 1910 istinc
2309 1830 2531 1910 cru-deli
2589 1864 2903 1912 vexaretur
2972 1857 3178 1924 inedia,
3239 1857 3398 1912 illinc
3449 1830 3576 1912 dira

1880 1945 2204 2015 gentilium,
2238 1944 2342 2014 qui
2386 1959 2446 1999 se
2493 1958 2729 2014 prorsus
2761 1945 3105 2008 ambierant,
3144 1945 3444 2001 formidine
3485 1960 3576 2001 ro-

1877 2033 2128 2099 deretur,
2156 2033 2382 2088 tandem
2414 2033 2485 2087 ad
2518 2033 2716 2088 divina
2745 2048 2864 2090 sese
2893 2033 3154 2089 subsidia
3183 2034 3572 2101 refundentes,

1870 2122 2096 2192 jejunia
2128 2121 2400 2177 triduana
2421 2122 2681 2177 Podiensi
2723 2123 3028 2191 magniﬁco
3073 2124 3398 2180 institutore
3428 2138 3574 2179 con-

1878 2211 2185 2266 celebrant.
2242 2211 2498 2265 Litanias
2553 2210 2842 2280 supplices
2891 2211 2964 2266 ab
3007 2211 3244 2266 ecclesia
3291 2211 3351 2266 in
3392 2212 3575 2267 eccle-

1820 2348 1825 2353 .
1877 2300 2021 2353 siam
2068 2298 2379 2368 explicant,
2445 2299 2798 2354 confessione
2840 2307 3202 2368 peccatorum
3254 2301 3480 2355 sincera
3515 2313 3574 2355 se

1877 2387 2184 2453 mundani,
2217 2394 2273 2442 et
2313 2387 2621 2456 episcopali
2671 2389 2758 2441 vel
2793 2388 3126 2442 sacerdotali
3160 2395 3576 2458 consequenter

1877 2475 2237 2531 absolutione
2298 2485 2625 2545 promerita,
2690 2477 2942 2544 corporis
2986 2490 3050 2531 ac
3101 2477 3407 2546 sanguinis
3463 2477 3573 2532 Do-

1878 2563 2020 2618 mini
2072 2570 2429 2618 sacramento
2466 2563 2634 2631 plena
2674 2564 2782 2617 tide
2829 2564 3281 2630 communicant,
3328 2565 3575 2620 eleemo—

1876 2665 2068 2720 synas,
2141 2659 2311 2720 prout
2383 2660 2581 2720 potest,
2643 2651 2891 2720 quisque
2968 2652 3234 2722 largitur,
3294 2652 3575 2708 sacriﬁcia

1879 2738 2096 2808 ubique
2133 2738 2332 2794 divina
2363 2753 2465 2809 pro
2494 2754 2553 2794 se
2595 2739 2782 2795 offerri
2819 2748 3084 2795 exorant.
3121 2740 3380 2810 Denique
3409 2754 3575 2796 sum-

1877 2836 1973 2896 pta
2015 2829 2137 2897 jam
2179 2841 2251 2882 ex
2304 2827 2391 2883 bis
2421 2831 2750 2895 securitate,
2798 2829 2867 2884 de
2915 2829 3062 2885 bello
3118 2829 3478 2899 proponitur,
3506 2843 3574 2884 ac

1877 2915 2026 2970 intra
2056 2916 2344 2972 civitatem
2377 2930 2516 2971 sena
2547 2917 2693 2972 illico
2718 2919 2868 2973 acies
2895 2918 3214 2974 ordinatur.

1946 3001 2060 3075 [V.]
2119 3003 2476 3058 Ordinantur
2508 3004 2660 3058 acies
2709 3004 2786 3059 ad
2840 3022 3114 3076 pugnam.
3150 3037 3220 3045 -——
3267 3008 3331 3061 In
3390 3006 3577 3076 prima

1878 3094 1998 3148 acie
2068 3093 2127 3148 in
2189 3095 2276 3148 his
2315 3094 2598 3161 videlicet,
2673 3095 2775 3164 qui
2838 3097 3050 3163 primas
3109 3097 3257 3152 vires
3308 3097 3576 3166 ictusque

1876 3182 2198 3237 Turcorum
2225 3182 2574 3250 exciperent,
2625 3183 2842 3238 exstitit
2890 3184 3075 3254 Hugo,
3115 3184 3288 3253 juxta
3341 3186 3431 3240 sui
3464 3199 3574 3240 no-

1874 3269 2043 3325 minis
2093 3269 2429 3339 qualitatem
2497 3283 2629 3324 vere
2696 3284 2964 3340 magnus,
3027 3271 3303 3340 adjuncto
3374 3270 3574 3326 manui

1873 3359 2000 3429 ejus
2046 3359 2314 3415 universo
2369 3359 2715 3413 Francorum
2749 3360 3000 3430 agmine,
3025 3369 3079 3414 et
3107 3369 3311 3429 praeter
3341 3363 3575 3415 caeteros

1877 3448 2215 3503 Flandrensi
2247 3448 2470 3502 comite.
2504 3449 2715 3502 Audivi
2747 3449 2814 3503 de
2842 3448 2949 3503 hoc
2981 3449 3099 3517 ipso
3131 3450 3287 3518 regio
3321 3449 3573 3516 homine,

1876 3537 2034 3606 quia,
2098 3545 2413 3606 antequam
2468 3536 2537 3592 de
2596 3537 2790 3606 przelio
2847 3547 3132 3608 ageretur,
3193 3552 3337 3593 suus
3390 3538 3575 3594 eidem

1874 3623 2255 3693 dispensator,
2304 3638 2419 3678 non
2469 3638 2645 3693 parvo
2698 3627 2877 3694 pretio
2932 3627 3131 3696 pedem
3167 3627 3367 3682 cameli
3423 3641 3576 3682 eme-

1875 3723 1986 3779 rat,
2041 3713 2145 3768 hoc
2179 3727 2384 3781 nempe
2434 3714 2618 3784 magis
2649 3715 2774 3784 ejus
2812 3717 2935 3770 esui
2975 3725 3299 3784 competens
3329 3716 3578 3786 reperire

1876 3815 1990 3855 non
2051 3808 2330 3870 potuerat.
2379 3802 2558 3867 Quem
2599 3802 2951 3858 dominicum
3012 3804 3302 3859 hominem
3357 3805 3576 3860 victua-

1875 3889 2017 3944 lium
2066 3889 2365 3944 insolentia
2406 3890 2549 3946 adeo
2589 3897 3008 3948 extenuaverat
3066 3901 3126 3948 ut
3178 3895 3274 3948 vix
3316 3894 3577 3962 equitare

1875 3979 2182 4043 sufliceret,
2238 3986 2455 4034 etcum
2504 3989 2916 4049 suggereretur
2943 3982 2991 4035 ei
3015 3989 3307 4050 quatenus
3330 3995 3445 4035 non
3497 3981 3570 4036 ad

1878 4066 2025 4122 bella
2074 4064 2420 4136 procederet,
2462 4068 2558 4122 sed
2607 4067 2694 4122 vel
2747 4083 2878 4124 cum
2929 4069 3142 4124 castelli
3177 4069 3574 4124 obsessoribus

1875 4156 1933 4211 in
1982 4156 2125 4212 urbe
2165 4164 2468 4211 maneret:
2522 4178 2548 4203 «
2591 4156 2778 4220 Absit,
2829 4159 3018 4227 inquit
3073 4159 3362 4222 alacriter,
3405 4157 3573 4228 plane

1875 4245 2106 4311 vadam,
2158 4254 2212 4300 et
2244 4245 2469 4301 utinam
2511 4260 2644 4301 cum
2673 4246 2971 4302 morituris
3023 4247 3229 4302 funera
3261 4246 3375 4301 illic
3407 4246 3576 4302 beata

1875 4335 2236 4404 contingam!
2281 4356 2309 4382 ››

1944 4422 2098 4492 [VL]
2150 4422 2324 4478 Porro
2372 4423 2431 4477 in
2478 4423 2731 4479 secunda
2780 4422 2919 4487 acie,
2954 4424 3074 4479 dux
3118 4425 3370 4480 eximius
3398 4425 3575 4481 Gode—

1873 4511 2057 4566 fridus
2130 4515 2281 4564 4I8
2334 4525 2466 4566 cum
2527 4525 2631 4565 suo
2684 4511 2906 4566 locatur
2979 4513 3254 4568 exercitu.
3325 4513 3574 4569 Tertiam

1871 4599 2402 4655 Northmannorum
2460 4614 2648 4655 comes
2697 4599 2980 4655 Robertus
3037 4616 3168 4656 cum
3225 4616 3328 4656 suo
3387 4617 3574 4658 cuneo

1871 4687 2019 4744 fecit.
2066 4687 2296 4754 Quarta:
2347 4688 2574 4758 praefuit
2628 4688 2717 4744 vir
2747 4688 3072 4757 spectabilis
3115 4689 3408 4745 Podiensis
3460 4691 3577 4760 epi-

1871 4791 2066 4846 copus,
2127 4777 2313 4833 ferens
2366 4791 2560 4832 secum
2607 4777 2862 4833 lanceam
2913 4791 3044 4848 qua)
3100 4791 3300 4832 recens
3341 4778 3576 4834 inventa

1871 4864 2061 4920 fuerat
2107 4863 2437 4920 Salvatoris.
2491 4865 2623 4920 Haec
2669 4865 2921 4921 constitit
2982 4879 3055 4920 ex
3122 4879 3227 4920 suo
3276 4866 3456 4934 ipsius
3518 4873 3577 4922 et

1867 4953 2181 5010 Raimundi
2230 4953 2418 5009 Sancti
2490 4954 2680 5024 Egidii
2739 4953 2960 5009 comitis
3012 4954 3309 5009 comitatu.
3385 4955 3577 5024 Ipsius

1871 5051 2064 5098 autem
2101 5042 2174 5097 ad
2219 5043 2681 5112 expugnandum
2719 5051 2995 5108 castrum,
3059 5056 3127 5097 ne
3178 5042 3236 5096 in
3280 5042 3572 5098 civitatem

1870 5132 2140 5201 oppidani
2229 5131 2544 5198 desilirent,
2605 5133 2908 5201 prazscnlia
2983 5131 3198 5187 desedit
3279 5132 3338 5187 in
3409 5135 3570 5189 urbe.

1873 5221 1935 5274 in
1986 5221 2194 5289 quinta
2259 5221 2380 5274 acie
2428 5220 2534 5275 fuit
2598 5221 2930 5276 Tancredus
2987 5235 3118 5276 cum
3173 5235 3278 5275 suo
3319 5221 3570 5290 agmine.

1871 5310 1936 5364 In
1986 5317 2168 5376 sexta,
2228 5309 2596 5365 Boemundus
2639 5324 2773 5365 cum
2830 5323 2936 5365 sua
2959 5319 3288 5379 postremus
3336 5310 3575 5365 incessit

1871 5398 2092 5454 militia.

1947 5489 2109 5563 [νη]
2144 5491 2480 5547 Przcedunt
2523 5492 2633 5547 viri
2671 5489 3045 5547 ecclesiastici
3096 5493 3282 5549 sacri:
3329 5492 3574 5549 vestibus

1868 5579 2076 5636 induti.
2126 5610 2195 5620 —
2244 5585 2314 5636 At
2372 5582 2641 5652 episcopi,
2694 5581 3028 5651 presbyteri,
3083 5582 3293 5650 clerici,
3345 5596 3415 5637 ac
3453 5596 3573 5638 mo-

1871 5669 2064 5736 nachi,
2096 5669 2493 5726 ecclesiasticis
2522 5671 2714 5726 ornati
2759 5669 3034 5738 induviis,
3075 5671 3386 5740 prmmissis
3419 5670 3570 5741 pari-
