3934 6400
40 382 109 433 73
1132 380 1353 438 GESTA
1393 382 1505 438 DEI
1545 380 1689 440 PER
1723 384 2057 442 FRANCOS.
2082 415 2152 426 —
2177 385 2309 441 LIB.
2351 386 2439 442 VI.

3438 390 3543 447 774

39 515 410 586 erriﬁcisque
455 516 694 572 vocibus
741 514 995 572 infinitos
1035 515 1291 587 fragores
1330 517 1614 587 emittant,
1666 527 1732 576 ut
1770 520 2101 589 Aferentes,
2164 523 2268 594 qui
2321 537 2419 580 eas
2462 524 2907 583 eliminaverant
2951 539 3083 598 qnze
3120 527 3396 599 templum
3441 529 3542 586 Dei

39 604 98 659 'is
140 604 292 674 equi
347 604 726 675 hominesque
759 619 793 659 a
831 605 976 660 tanti
1024 606 1247 662 sonitus
1285 613 1501 664 terrore
1544 609 1731 665 subsi-

43 701 191 749 tant.
226 693 339 751 Sed
367 694 515 750 nihil
535 708 737 750 eorum
763 700 904 750 tunc
934 694 1171 751 valuere
1207 704 1469 762 conatus,
1504 698 1735 767 penitus

39 796 225 837 orum
259 790 402 838 sunt
425 781 726 838 exinanita
755 781 1069 837 molimina.
1105 782 1296 852 Cmpto
1324 784 1531 840 etenim
1554 786 1733 842 nostri

40 870 192 939 )ello,
227 872 417 941 primo
448 872 638 927 hostes
666 870 1047 942 proﬂigavere
1071 871 1363 940 conﬂictu,
1395 881 1449 928 et
1480 874 1551 929 ad
1584 889 1731 943 eam,

40 973 207 1028 luam
261 947 382 1029 pra:
414 959 704 1015 mentibus
744 958 969 1015 dudum
1001 959 1346 1026 habuerant,
1383 960 1602 1029 fugam,
1636 974 1734 1016 ce-

46 1047 131 1102 eri
167 1048 572 1117 expediuntur
615 1045 840 1103 effectu.
882 1046 1036 1114 Quos
1087 1055 1281 1105 tamen
1334 1049 1535 1115 nostri,
1587 1050 1734 1105 irre-

39 1136 206 1191 nissa
268 1135 566 1202 instantia,
619 1148 723 1206 per
783 1142 1105 1191 castrorum
1169 1150 1410 1193 suorum
1480 1137 1735 1194 medium

39 1230 490 1294 irosequuntur.
544 1224 658 1279 Nec
704 1223 1019 1294 spoliorum
1070 1224 1203 1280 hinc
1245 1225 1378 1281 inde
1417 1225 1733 1297 jacentium

39 1312 303 1381 :upidine
355 1312 758 1382 raptabantur,
790 1311 997 1369 Christi
1033 1313 1399 1370 inimicorum
1432 1315 1550 1371 solo
1580 1315 1736 1385 pasci

40 1415 233 1457 :ruore
263 1400 561 1457 malentes.
614 1404 1050 1471 Persequuntur
1079 1401 1205 1457 illos
1251 1403 1448 1473 itaque
1477 1404 1546 1459 ad
1594 1418 1735 1473 pon-

39 1505 136 1545 ;em
163 1503 361 1560 usque
392 1489 849 1559 Pharphareum,
885 1497 940 1546 et
982 1491 1260 1546 Tancredi
1295 1506 1480 1561 usque
1527 1491 1737 1548 castel-

40 1592 170 1633 um.
234 1577 635 1647 Occupaverat
665 1592 822 1649 ergo,
876 1578 990 1633 illis
1018 1580 1436 1647 recedentibus,
1466 1594 1736 1652 campum

39 1669 350 1736 spoliorum
381 1667 563 1738 gloria
595 1667 849 1739 grandis.
887 1667 1126 1724 Stabant
1166 1669 1266 1734 ibi,
1303 1670 1374 1726 ab
1404 1670 1737 1726 hominibus

39 1756 264 1825 quidem
296 1754 517 1821 inania,
567 1755 694 1810 auri
753 1764 942 1811 autem
999 1765 1055 1811 et
1102 1757 1324 1827 argenti
1370 1764 1735 1813 ornamento-

39 1857 287 1914 rumque
319 1842 777 1913 quamplurium,
827 1858 945 1900 non
981 1858 1163 1915 egena
1205 1846 1469 1913 tentoria,
1516 1846 1734 1914 ovium,

39 1946 371 2002 caprarum,
407 1932 622 1988 bovum
667 1932 796 1988 fusa
844 1933 1066 2004 ubique
1099 1934 1388 2003 pecuaria,
1430 1948 1736 2005 equorum,

39 2021 357 2088 mulorum,
396 2021 694 2077 asinorum
722 2022 949 2092 copiosa
974 2023 1250 2089 subsidia,
1284 2022 1584 2093 frumenti,
1615 2026 1735 2081 vini

39 2125 103 2164 ac
132 2110 359 2177 farinae,
395 2108 600 2165 collata
633 2111 755 2167 sine
784 2111 1122 2168 discretione
1145 2112 1402 2167 obsonia.

108 2198 389 2253 Prwlium
419 2199 723 2253 adversum
754 2200 1018 2266 fecerunt
1051 2200 1270 2268 Turcis,
1303 2233 1372 2241 —-
1418 2201 1741 2258 Christiani

39 2289 227 2357 grate:
255 2288 494 2342 Christo
519 2288 843 2360 rependunt
871 2289 1178 2360 urbemque
1195 2288 1595 2361 ingrediuntur
1610 2307 1741 2345 cum

42 2375 346 2447 triumpho.
391 2405 466 2417 —
510 2379 581 2432 At
610 2376 789 2446 Syrize
832 2378 1236 2448 Armeniaeque
1273 2378 1477 2446 coloni,
1530 2380 1632 2449 qui
1681 2382 1739 2435 in

42 2464 144 2520 illis
165 2464 559 2521 versabantur
606 2464 890 2535 partibus,
941 2466 1356 2535 comperientes
1387 2467 1623 2523 Francis
1652 2467 1741 2523 in-

39 2561 323 2622 speratam
405 2552 639 2608 cessisse
712 2552 1036 2617 victoriam,
1124 2555 1324 2611 obvios
1388 2555 1743 2627 fugientibus

39 2642 237 2698 Turcis
267 2656 328 2697 se
361 2641 584 2711 ubique
612 2642 945 2711 praebentes,
970 2642 1040 2697 ad
1073 2651 1346 2699 montana
1384 2652 1742 2701 concurrunt

39 2738 89 2786 et
127 2744 518 2801 quoscunque
574 2731 1090 2800 comprehendunt,
1140 2731 1498 2789 interimunt.
1552 2733 1743 2789 Nostri

43 2827 314 2887 praeterea
344 2818 671 2885 redeuntes,
712 2827 766 2874 et
824 2818 1103 2875 immenso
1150 2820 1340 2875 cordis
1386 2820 1593 2891 jubilo,
1648 2821 1744 2877 in-

40 2906 588 2977 comprehensibilia
613 2908 902 2976 praeconia
928 2908 1304 2978 rependentes
1328 2923 1434 2965 suo
1472 2923 1744 2979 coopera-

40 2997 144 3052 tori
168 2997 421 3064 Christo,
456 3010 591 3052 cum
626 2996 906 3067 triumphi
931 2996 1173 3053 caelestis
1203 2998 1418 3054 honore
1456 2998 1743 3055 civitatem

1843 610 2116 667 Sanctum
2150 612 2638 669 attaminaverant
2687 622 2904 685 gentes.
2951 615 3063 686 Ipsi
3095 630 3349 688 namque
3381 618 3545 674 mise-

1842 713 2060 756 rescere
2098 701 2234 772 jure
2285 701 2604 759 debuerant
2664 717 2842 773 quam
2896 705 3131 775 utrique
3176 706 3542 775 praedicando

1843 786 2180 845 docuerant.
2215 790 2281 844 In
2304 789 2559 846 ecclesiis
2588 791 2757 861 plane
2785 792 3016 849 stabula
3042 794 3546 851 constituebantur

1842 890 2149 946 equorum,
2175 884 2229 933 et
2260 877 2317 934 in
2357 888 2518 948 parte
2562 879 2747 949 ipsius
2800 879 3037 950 majoris
3092 881 3340 938 basilicae
3386 882 3545 939 Beati
3604 948 3617 957 κ

1844 964 2014 1029 Petri,
2049 965 2323 1022 Mathomi
2357 966 2449 1023 sui
2475 975 2780 1023 erexerant
2805 968 3060 1025 domum.
3101 969 3251 1027 Victi
3294 970 3544 1042 denique

1843 1052 2034 1110 hostes
2061 1068 2194 1110 cum
2226 1055 2335 1111 hac
2364 1055 2611 1127 illacque
2639 1055 3004 1128 diﬂugerent,
3051 1066 3274 1115 montes
3314 1073 3382 1114 ac
3418 1060 3544 1115 val-

1844 1141 1941 1204 les.
1970 1156 2112 1197 rura
2162 1157 2229 1199 ac
2271 1157 2528 1212 nemora,
2575 1142 2748 1200 calles
2790 1152 2846 1200 et
2892 1145 3026 1200 avia
3053 1146 3407 1216 quibusdam
3453 1161 3543 1204 se-

1844 1230 2094 1298 mivivis,
2150 1231 2277 1287 aliis
2324 1233 2588 1299 mortuis,
2623 1233 2832 1288 sauciis
2881 1233 3204 1291 innumeris
3227 1235 3545 1305 oppleban-

1845 1325 1961 1374 tur.
2007 1320 2321 1389 Repentina
2362 1335 2499 1391 ergo
2542 1321 2638 1376 Dei
2688 1322 3047 1378 miseratione
3095 1324 3357 1393 respecti,
3406 1323 3544 1380 diu-

1846 1414 2034 1463 turnaa
2064 1408 2229 1464 famis
2264 1409 2647 1465 calamitatem
2697 1409 2863 1465 celeri
2910 1409 3174 1467 felicitate
3216 1418 3542 1477 mutarunt,

1846 1503 1911 1551 ut
1942 1496 2042 1552 ubi
2066 1497 2293 1553 duobus
2318 1498 2533 1567 pridem
2565 1498 2760 1553 solidis
2806 1513 2978 1554 ovum
3025 1499 3404 1567 vendebatur,
3441 1500 3543 1555 bos

1845 1585 1948 1640 vix
1990 1585 2242 1640 denariis
2293 1585 2593 1641 duodecim
2656 1586 3090 1652 distraheretur,
3150 1596 3203 1643 et
3260 1595 3324 1643 ut
3382 1588 3543 1643 brevi

1847 1673 2042 1728 omnia
2081 1674 2192 1729 line
2239 1672 2529 1741 claudam,
2575 1674 2676 1731 ubi
2719 1675 2921 1731 inediae
2966 1676 3155 1731 rabies
3212 1677 3539 1744 incesserat,
3594 1714 3603 1719 ρ

1846 1761 1925 1816 ibi
1958 1768 2117 1817 tanta
2137 1763 2514 1831 pecuniarum
2536 1763 2916 1834 omniumque
2936 1764 3278 1820 victualium
3310 1765 3545 1820 ubertas

1846 1849 2079 1905 accessit
2110 1858 2173 1906 ut
2216 1851 2407 1906 subita
2454 1852 2772 1908 emersione
2809 1852 3017 1922 passim
3067 1852 3280 1907 exoriri
3312 1853 3544 1908 videre-

1847 1948 1944 1995 tur
2000 1937 2186 1994 omnis
2250 1938 2549 2009 plenitudo
2608 1940 2708 2006 rei,
2774 1949 2831 1996 et
2895 1941 3182 2010 aperuisse
3238 1948 3542 2010 putaretur

1848 2024 2126 2080 Dominus
2162 2033 2480 2081 cataractas
2510 2026 2653 2081 cmli.
2687 2027 2869 2082 Tanta
2920 2028 3295 2082 tentoriorum
3329 2040 3543 2083 nume-

1849 2114 2052 2169 rositas
2099 2113 2335 2181 exstitit,
2376 2122 2436 2170 ut
2482 2130 2616 2171 cum
2649 2117 2869 2186 quique
2912 2123 3237 2170 nostrorum
3279 2115 3547 2170 taberna-

1847 2202 1979 2257 cula
2006 2201 2397 2272 diripuissent,
2451 2203 2645 2267 ditatis
2690 2204 2978 2270 omnibus,
3030 2203 3269 2273 jamque
3322 2202 3549 2273 praeda-

1849 2305 1981 2346 rum
2031 2292 2290 2346 sarcinas
2340 2290 2785 2360 fastidientibus,
2842 2292 2942 2347 vix
2995 2292 3398 2346 invenirentur
3441 2289 3546 2360 qui

1849 2386 2136 2449 raperent.
2192 2379 2308 2435 Nec
2363 2393 2612 2449 paupere
2669 2387 2985 2449 occupante
3057 2393 3177 2435 rem
3230 2378 3550 2449 quamlibet

1849 2467 2021 2523 ditior
2065 2467 2222 2523 ullus
2264 2468 2680 2537 superveniens
2725 2469 3058 2524 violentiam
3108 2468 3405 2535 inferebat,
3449 2467 3548 2523 sed

1849 2556 1995 2612 alter
2032 2555 2196 2612 alteri
2253 2556 2376 2612 sine
2402 2557 2762 2613 contentione
2793 2558 3047 2613 cedebat.

2514 2646 2744 2703 CAPUT
2785 2647 2886 2702 III.

1921 2738 2074 2788 410
2119 2732 2264 2806 [XL]
2302 2733 2671 2790 Antiochiam
2706 2734 3043 2806 imperatori
3085 2735 3337 2806 aferunt
3378 2734 3550 2789 duces

1852 2821 2189 2880 Christiani.
2220 2853 2288 2861 --
2323 2823 2452 2879 Post
2494 2823 2615 2879 haec
2648 2824 2932 2893 principes
2960 2824 3162 2890 nostri,
3203 2824 3324 2879 dux
3362 2822 3551 2879 Gode-

1852 2911 2039 2968 fridus
2071 2910 2261 2967 Sancti
2299 2911 2715 2982 Egidiicomes,
2752 2912 3140 2979 Boemundus,
3194 2911 3551 2967 Northman-

1854 2999 1966 3055 uiae
2032 3013 2241 3065 comes,
2310 2999 2711 3070 Robertusque
2767 2999 3154 3068 Flandrensis,
3231 3008 3286 3055 et
3363 2997 3550 3054 caeteri

43 3085 355 3142 introeunt.
405 3084 505 3140 Ille
554 3092 766 3151 autem,
817 3086 918 3156 qui
970 3085 1131 3142 urbis
1163 3093 1405 3155 praeerat
1456 3088 1740 3156 prasidio,
1782 3101 1822 3156 ο
1852 3102 2070 3154 omnes,
2102 3092 2229 3144 acto
2263 3088 2476 3158 pariter
2513 3088 2766 3153 consilio,
2807 3089 3108 3159 Hugonem
3149 3088 3445 3158 Magnum,
3495 3093 3552 3142 et

41 3175 240 3230 videns
268 3174 492 3244 militiae
521 3173 856 3244 principem,
910 3174 1120 3230 nostris
1151 3174 1547 3231 insistentibus
1580 3182 1741 3246 terga

41 3272 379 3331 vertentem,
413 3263 648 3319 omnino
673 3263 988 3319 intremuit.
1040 3264 1110 3319 Et
1142 3264 1500 3333 perpendens
1546 3262 1742 3319 minus

46 3360 223 3407 tutam
262 3351 476 3407 amodo
521 3351 736 3407 castelli
790 3350 906 3407 fore
961 3352 1066 3407 sibi
1123 3351 1462 3417 custodiam,
1507 3352 1741 3421 signum

43 3443 370 3512 cujuspiam
400 3449 731 3498 nostrorum
775 3442 1128 3512 principum,
1172 3442 1483 3512 postposita
1513 3442 1742 3497 dilatio-

44 3546 132 3597 ne,
165 3531 523 3604 eXpostulat.
553 3531 752 3586 Comes
781 3530 973 3586 Sancti
1024 3530 1210 3601 Egidii
1250 3530 1560 3597 contiguus
1600 3530 1745 3599 loco,

48 3618 142 3672 ubi
172 3619 295 3675 haec
326 3620 675 3689 petebantur
701 3619 968 3686 existens,
999 3619 1232 3690 signum
1264 3621 1560 3689 proprium
1604 3619 1745 3689 peti-

49 3706 149 3760 tori
191 3706 489 3777 exporrigi
534 3706 791 3762 celeriter
843 3707 1095 3762 mandat.
1138 3708 1261 3772 Quo
1305 3707 1399 3763 ille
1445 3708 1751 3764 castrensis

51 3803 301 3864 excepto,
362 3794 512 3850 turri
570 3794 837 3863 prmfixit.
890 3796 964 3850 At
1003 3795 1385 3866 Longobardi,
1433 3795 1751 3851 Boemundi

52 3881 243 3938 favore
272 3883 536 3938 omnium
569 3882 764 3938 aemuli
794 3883 1060 3948 aliorum,
1096 3882 1277 3952 ipsius
1306 3883 1458 3939 enim
1498 3883 1752 3954 patroci-

58 3970 147 4025 nio
205 3971 562 4037 nitebantur,
620 3971 865 4041 principi
923 3971 1093 4026 castri
1152 3971 1309 4027 illius
1367 3972 1747 4028 inclamitant.

66 4080 87 4107 ι
121 4060 234 4116 Hoc
264 4060 523 4131 signum,
585 4059 878 4128 inquiunt,
930 4073 1044 4115 non
1103 4067 1187 4115 est
1245 4060 1580 4116 Boemundi.
1622 4082 1644 4109 ι
1682 4063 1754 4116 At

66 4146 153 4203 ille
177 4150 346 4219 cujus
374 4156 520 4205 esset
546 4149 823 4219 rogitans,
868 4162 1000 4203 cum
1037 4148 1344 4216 didicisset,
1379 4149 1518 4219 quia
1562 4148 1754 4204 Sancti

65 4236 243 4306 Egidii
294 4236 539 4304 comitis,
602 4236 865 4307 deposuit
913 4236 1076 4303 illud,
1127 4236 1437 4308 comitique
1484 4237 1752 4306 restituit,

65 4323 351 4396 Petitoque
390 4325 706 4381 Boemundi
761 4332 817 4381 et
865 4332 1114 4395 accepto,
1153 4326 1515 4382 securitatem
1543 4326 1756 4395 pariter

64 4414 294 4484 accepit,
327 4422 392 4471 ut
432 4414 501 4469 de
524 4413 610 4470 his
640 4414 738 4484 qui
772 4414 831 4469 in
852 4414 1059 4485 oppido
1103 4429 1298 4471 secum
1338 4422 1524 4483 erant,
1568 4415 1615 4470 si
1652 4415 1755 4485 qui

65 4511 267 4559 nostra:
295 4503 425 4558 fidei
447 4502 620 4574 jungi
665 4502 895 4572 vellent,
946 4517 1076 4558 cum
1106 4503 1224 4572 ipso
1278 4503 1611 4560 Boemundo
1659 4517 1752 4560 co-

64 4590 212 4658 piam
238 4591 575 4648 remanendi
608 4592 882 4647 haberent
907 4606 923 4661 ;
957 4591 1046 4646 sin
1071 4591 1234 4659 alias,
1267 4592 1488 4663 absque
1517 4591 1635 4648 ullo
1664 4593 1753 4649 sui

65 4677 310 4747 ipsorum
391 4679 749 4735 incommodo
818 4680 1165 4736 recederent.
1222 4679 1313 4735 Ad
1364 4681 1501 4750 jura
1562 4679 1757 4751 itaque

64 4766 373 4823 Boemundi
423 4768 766 4823 concedente
803 4768 1054 4834 castello,
1095 4775 1149 4824 et
1192 4782 1266 4824 ex
1314 4768 1442 4839 ejus
1468 4766 1653 4824 ofﬁcio
1684 4768 1753 4824 ad

64 4856 252 4924 oppidi
293 4856 617 4912 custodiam
671 4857 1004 4913 hominibus
1067 4856 1335 4923 inductis,
1378 4864 1503 4927 post
1544 4870 1760 4926 paucos

65 4942 179 4998 dies
212 4944 499 5015 baptisma
530 4946 779 5015 suscepit
840 4946 903 5013 is,
955 4944 1058 5016 qui
1106 4952 1359 5001 castrum
1408 4936 1757 5014 reddiderat,

65 5040 272 5088 etcum
318 5047 384 5089 eo
436 5032 485 5088 si
528 5033 660 5103 quis
705 5034 1028 5091 Christiano
1056 5034 1279 5089 nomini
1333 5034 1760 5090 communicare

68 5120 361 5180 maluerat.
394 5124 451 5179 Si
503 5123 607 5191 qui
649 5122 771 5178 suis
816 5123 1034 5179 haerere
1074 5123 1298 5193 legibus
1342 5123 1671 5179 voluerunt.
1704 5130 1760 5179 et

69 5211 293 5279 propria
341 5225 517 5282 super
566 5211 669 5266 isto
723 5209 985 5266 libertate
1029 5210 1193 5280 potiti
1252 5216 1421 5279 sunt;
1471 5217 1526 5265 et
1572 5223 1760 5280 usque

75 5296 127 5350 in
158 5297 602 5357 Sarracenorum
624 5306 858 5365 terram,
887 5299 1070 5370 ipsius
1085 5298 1397 5355 Boemundi
1412 5304 1755 5367 commeatu,

70 5384 249 5442 educti
285 5396 441 5444 sunt.

138 5474 250 5547 [X.]
287 5477 405 5533 Hoc
438 5477 674 5545 bellum,
706 5486 916 5548 quarto
948 5476 1071 5532 Kal.
1104 5475 1259 5539 Julii.
1298 5476 1355 5530 in
1395 5490 1515 5533 suae
1542 5475 1758 5546 passio-

72 5563 158 5619 nis
183 5566 381 5637 vigilia
409 5567 613 5623 Petrus
636 5574 693 5624 et
724 5566 944 5623 Paulus
974 5573 1236 5637 egerunt,
1278 5566 1405 5636 ejus
1450 5564 1614 5621 urbis
1658 5563 1763 5620 mi-

73 5653 226 5709 serim
278 5655 661 5723 condolentes,
705 5662 762 5711 et
818 5668 1104 5711 novorum
1147 5653 1361 5710 civium
1416 5654 1594 5710 exitia
1640 5667 1759 5710 non

1852 3177 2199 3232 Balduinum
2252 3176 2515 3231 comitem
2563 3177 2632 3231 de
2678 3175 2987 3244 Montibus,
3039 3176 3350 3245 pluresque
3407 3173 3552 3230 alios

1852 3264 2093 3321 illustris
2122 3265 2373 3319 nominis
2419 3265 2592 3331 viros,
2627 3264 2698 3323 ad
2740 3263 3140 3333 imperatorem
3168 3263 3451 3334 dirigunt,
3483 3269 3550 3317 ut

1852 3353 2055 3409 urbem
2101 3352 2515 3407 Antiochenam
2562 3351 2854 3421 reciperet,
2892 3358 3098 3421 etquae
3119 3349 3328 3405 nostris
3366 3349 3553 3405 fuerat

1856 3448 2057 3511 pactus
2099 3440 2372 3509 expleret.
2415 3440 2535 3494 lere
2575 3439 2882 3509 siquidem,
2933 3439 3029 3494 sed
3074 3436 3436 3507 postmodum
3480 3435 3554 3491 ad

1854 3540 1949 3582 eos
1977 3540 2010 3582 τι
2036 3527 2253 3597 quibus
2292 3528 2447 3583 missi
2488 3528 2721 3583 fuerant
2765 3528 3017 3583 reditum
3059 3526 3351 3582 distulere.
3397 3524 3554 3592 Quo-

1856 3615 1989 3670 dam
2015 3613 2169 3671 enim
2197 3615 2254 3670 in
2288 3616 2408 3672 loco
2438 3616 2728 3672 consecuti
2752 3629 2785 3670 a
2812 3615 3034 3683 Turcis,
3064 3615 3282 3685 quibus
3308 3614 3445 3684 equi
3482 3612 3554 3668 ad

1856 3718 2097 3760 manum
2118 3702 2298 3769 fuere,
2331 3705 2507 3775 elapsi
2535 3713 2689 3772 sunt,
2723 3704 2941 3775 quibus
2968 3704 3188 3774 procul,
3217 3711 3319 3759 aut
3344 3701 3559 3773 captivi

1858 3792 2113 3859 abducti,
2140 3800 2241 3849 aut
2270 3793 2423 3849 ferro
2452 3793 2623 3849 ﬁnem
2654 3792 2835 3848 sortiti
2866 3801 3020 3849 sunt.
3055 3793 3253 3849 Comes
3281 3792 3350 3848 de
3391 3792 3558 3847 Mon-

1858 3883 2035 3946 tibus,
2057 3882 2151 3938 cui
2182 3879 2500 3938 infortunio
2532 3882 2927 3949 succubuerit,
2961 3883 3154 3938 adhuc
3180 3882 3344 3937 nobis
3377 3880 3557 3936 mini-

1862 3985 1952 4027 me
1981 3978 2199 4026 certum
2234 3979 2337 4026 est.
2380 3971 2545 4042 Hugo
2589 3978 2781 4027 autem
2811 3971 3072 4041 Magnus,
3103 3982 3285 4040 quare
3310 3968 3561 4023 reditum

1860 4074 2033 4116 suum
2054 4059 2369 4115 detrectare
2390 4059 2635 4115 voluerit
2666 4059 2785 4113 haec
2816 4058 3114 4128 aliquibus
3140 4057 3370 4113 videtur
3398 4068 3560 4112 occa-

1863 4150 1965 4204 sio.
1992 4148 2135 4203 Cum
2167 4155 2311 4203 esset
2352 4147 2495 4203 alias
2550 4147 2906 4203 strenuitatis
2955 4147 3264 4213 immensae,
3312 4145 3371 4199 in
3418 4157 3561 4213 pro-

1866 4236 2139 4294 curandis
2178 4245 2366 4293 tamen
2396 4237 2506 4304 his,
2540 4250 2671 4307 quae
2702 4236 2906 4293 usibus
2932 4236 3074 4291 tanti
3116 4234 3365 4290 hominis
3392 4232 3563 4288 sufﬁ-

1866 4326 2075 4382 cientia
2119 4326 2512 4393 crederentur,
2545 4325 2737 4382 minus
2780 4340 2838 4382 se
2871 4325 3177 4381 sollicitum
3224 4322 3557 4389 exhibebat,

1864 4421 1919 4470 et
1976 4413 2100 4469 ideo
2147 4414 2237 4468 vir
2282 4413 2678 4469 honestissime
2735 4413 3032 4479 delicatus,
3092 4412 3242 4467 inter
3295 4425 3410 4477 eos,
3460 4409 3565 4480 qui

1865 4510 1967 4559 aut
2018 4503 2332 4559 tenaciores
2367 4510 2552 4567 erant,
2605 4510 2707 4558 aut
2761 4502 2819 4557 in
2862 4503 2950 4558 his
2981 4500 3387 4557 contrahendis
3414 4498 3563 4554 acri-

1864 4606 2009 4661 ores,
2044 4591 2261 4663 quibus
2293 4599 2395 4647 aut
2435 4591 2619 4661 major
2651 4599 2774 4647 erat
2813 4591 2903 4647 vel
2954 4592 3011 4645 in
3053 4589 3213 4645 nullo
3250 4587 3564 4655 secundus,

1863 4693 2031 4753 egere
2060 4680 2316 4736 timebat.
2342 4678 2447 4735 Sed
2480 4679 2549 4734 de
2581 4680 2706 4751 ejus
2750 4679 2960 4742 reditu,
2990 4679 3144 4749 juste
3174 4690 3341 4732 nemo
3395 4674 3565 4746 queri

1865 4768 2082 4835 debuit,
2118 4768 2219 4838 qui
2253 4767 2638 4837 postmodum.
2687 4768 2758 4823 ad
2792 4767 2898 4823 hoc
2949 4766 3098 4822 idem
3145 4763 3563 4834 postliminium

1866 4857 2098 4924 faciens,
2155 4855 2427 4926 martyris
2481 4863 2537 4911 et
2588 4854 2785 4926 optimi
2830 4867 3054 4924 semper
3092 4852 3289 4908 militis
3334 4850 3565 4907 nomine

1867 4945 2287 5016 insigniendus,
2318 4944 2610 5001 occubuit.

1940 5028 2110 5104 [XIL]
2148 5037 2349 5103 Agunt
2376 5031 2446 5085 de
2482 5028 3003 5087 Hierosolimiiano
3022 5026 3247 5083 itinere.
3272 5059 3339 5067 —
3370 5025 3567 5081 Diver-

1865 5138 1940 5176 sae
1971 5120 2297 5176 Raimundi
2323 5119 2680 5175 incursiones
2709 5118 2771 5172 in
2806 5119 3036 5173 Turcos.
3068 5148 3135 5157 —-
3159 5115 3420 5186 Denique
3448 5128 3567 5171 non

1868 5211 2049 5267 multo
2076 5219 2219 5280 post,
2255 5217 2562 5266 tractatum
2594 5216 2679 5264 est
2727 5207 3016 5279 quomodo
3066 5204 3568 5276 Hierosolymitani

1868 5298 2104 5364 itineris,
2156 5312 2260 5368 pro
2292 5312 2407 5367 quo
2440 5305 2601 5352 tanta
2630 5297 2881 5352 tulerant
2921 5295 3156 5351 intentio
3181 5307 3568 5364 consequere-

1872 5394 1966 5443 tur
1997 5383 2286 5453 efl‘ectum,
2321 5386 2586 5454 idemque
2615 5384 2882 5454 populus,
2919 5382 3021 5453 qui
3054 5382 3124 5437 ad
3158 5382 3214 5437 id
3239 5380 3569 5437 desideran-

1868 5473 2085 5531 tissime
2137 5472 2449 5543 aspirabat,
2499 5471 2749 5542 qualiter
2799 5471 3027 5526 interim
3087 5477 3405 5541 regeretur,
3461 5470 3566 5525 do-

1870 5577 1974 5619 nec
2021 5561 2092 5617 ad
2133 5575 2252 5617 rem
2300 5570 2446 5617 esset
2476 5568 2735 5616 ventum.
2784 5559 3206 5628 Perpenderant
3236 5558 3406 5627 plane
3436 5570 3568 5627 pro-

1869 5665 2045 5719 ceres,
2101 5651 2245 5721 quia
2301 5650 2450 5706 inter
2506 5647 2758 5705 eundem
2821 5646 3007 5704 multa
3061 5647 3260 5703 aestivo
3315 5652 3570 5716 tempore
