3934 6394
8 5476 11 5503 l

8 5530 22 5595 il

28 390 130 438 ῖῖἳ
1163 386 1383 441 CESTA
1424 386 1543 442 DEI
1586 385 1717 440 PER
1763 386 2098 443 FRANCOS.
2148 414 2208 424 -—
2246 386 2375 438 LIB.
2422 386 2505 438 Vl.

411 782 528 846 Qui
597 781 894 837 institutus
957 783 1214 850 antistes,
1271 782 1797 855 Hierosolymitanze

40 1134 184 1188 aliis
241 1136 549 1204 perrexit.
615 1135 689 1201 Is,
739 1134 908 1190 valde
954 1133 1181 1190 insolita
1226 1134 1304 1191 ibi
1351 1150 1492 1190 usus
1535 1135 1797 1201 audacia,

44 1223 481 1293 paucissimis,
512 1223 651 1290 quia
679 1238 958 1279 censuum
989 1223 1067 1279 ita
1095 1223 1344 1279 tenuitas
1371 1224 1657 1294 exigebat,
1693 1224 1801 1279 sibi

45 1310 398 1366 comitibus
435 1312 651 1378 ascitis,
687 1311 933 1366 civitatis
963 1325 1257 1366 asservare
1300 1320 1546 1381 cmperat
1588 1327 1797 1368 arcem.

52 1401 128 1455 Et
161 1398 322 1469 quia
357 1398 706 1455 Sarracenis
738 1400 883 1454 idem
907 1398 1063 1455 locus
1088 1398 1210 1469 jam
1245 1400 1415 1454 ﬁebat
1448 1399 1797 1469 infrequens,

49 1490 365 1543 rarissimi
406 1489 517 1558 qui
549 1496 939 1543 remanserant
973 1487 1210 1557 gentiles
1240 1488 1366 1558 ejus
1399 1487 1517 1557 juri
1550 1502 1607 1542 se
1639 1502 1800 1542 man-

52 1580 293 1649 cipant,
344 1580 534 1650 eique
574 1579 808 1644 reditus,
858 1587 1085 1633 tantum
1123 1586 1183 1633 ut
1232 1579 1409 1633 vitam
1450 1577 1558 1632 sibi
1601 1592 1802 1632 conce-

54 1666 252 1731 deret,
287 1666 367 1722 de
406 1666 644 1736 proprio
675 1664 870 1720 labore
905 1664 1256 1720 ministrant.

136 1753 332 1824 [XV.]
393 1752 757 1823 Disceptatio
812 1752 881 1808 de
940 1754 1299 1807 Antiochenz
1334 1750 1493 1805 urbis
1551 1749 1803 1805 dominio

61 1841 508 1896 Boemundum
536 1840 690 1894 inter
716 1843 766 1894 et
805 1839 1235 1911 Raymundum.
1266 1869 1336 1878 —
1370 1839 1650 1894 Praeterea
1689 1842 1807 1894 An-

63 1932 375 1987 tiochenis
441 1930 696 2000 plurima
739 1930 971 1985 fortuna
1016 1929 1403 1998 undecunque
1451 1928 1805 1995 ﬂorentibus,

69 2020 369 2076 Omnium
425 2018 771 2074 Sanctorum
822 2019 944 2074 dies
994 2018 1317 2073 festivitatis
1373 2017 1642 2084 instabat,
1692 2031 1808 2086 quo

71 2109 383 2164 terminus
442 2107 717 2163 iterandze
767 2106 1148 2176 expeditionis
1193 2106 1549 2174 praestitutus
1601 2105 1808 2173 fuerat,

75 2212 213 2254 cum
247 2212 396 2253 ecce
455 2198 765 2267 principes,
813 2197 903 2251 sui
939 2210 1052 2250 non
1104 2195 1464 2250 immemores
1514 2191 1807 2263 propositi,

75 2288 237 2356 apud
288 2286 671 2342 Antiochiam
726 2286 939 2355 pariter
990 2283 1192 2352 coiere,
1255 2282 1677 2352 consiliumque
1737 2281 1811 2336 ab

77 2374 398 2431 alterutris
464 2388 724 2444 quaerere
779 2387 1018 2443 cmpere,
1044 2381 1353 2443 quatenus,
1413 2372 1584 2441 cujus
1636 2383 1812 2425 causa

78 2470 408 2530 venerant,
438 2461 545 2517 iter
570 2461 803 2531 quirent
823 2461 983 2516 ocius
1002 2460 1293 2530 expedire.
1324 2460 1397 2514 At
1420 2458 1809 2523 Boemundus,

81 2560 421 2622 antequam
456 2550 754 2605 Dominica
789 2549 988 2604 militia
1021 2557 1234 2603 motum
1269 2548 1497 2615 faceret,
1541 2560 1714 2617 super
1745 2560 1813 2602 ea

81 2653 272 2710 quam
308 2638 431 2694 sibi
484 2637 632 2707 pacti
681 2637 908 2693 fuerant
954 2636 1204 2692 civitatis
1246 2636 1449 2691 habuit
1494 2636 1812 2691 redditione

84 2736 456 2796 tractatum;
492 2727 587 2782 sed
614 2725 801 2782 Sancti
834 2724 1019 2796 Egidii
1051 2738 1237 2781 comes
1278 2723 1612 2780 nullatenus
1671 2725 1808 2778 Boe-

88 2818 320 2873 mundo
369 2816 667 2887 praebebat
695 2829 1018 2880 assensum,
1050 2814 1189 2870 dum
1222 2821 1456 2869 veretur
1486 2812 1624 2868 illud
1658 2811 1812 2882 quod

90 2904 445 2976 imperatori
510 2905 713 2960 fecerat
765 2910 1212 2960 sacramentum.
1262 2901 1618 2972 Quapropter
1678 2915 1814 2970 pro-

91 3008 276 3061 ceres,
345 2994 503 3050 inter
561 3000 834 3062 utrosque
902 2991 1072 3047 medii
1123 2990 1467 3056 incedentes,
1531 2990 1586 3044 in
1658 2989 1811 3044 Beati

92 3082 249 3137 Petri
292 3081 543 3138 ecclesia
595 3080 803 3149 saepius
857 3078 1273 3149 glomerantur.
1326 3076 1620 3133 Referebat
1669 3076 1813 3131 Boe-

96 3171 367 3227 mundus
420 3169 565 3226 urbe
602 3168 708 3224 sibi
740 3182 775 3223 a
806 3168 985 3238 Pyrro
1030 3166 1270 3237 prodita,
1313 3165 1572 3221 omnium
1623 3179 1696 3221 ex
1749 3178 1817 3220 ea

95 3266 315 3328 partes,
355 3260 615 3328 ipsorum
652 3256 978 3329 principum
1004 3254 1110 3311 sibi
1143 3254 1464 3325 largitione,
1496 3267 1814 3311 concessas.

99 3347 299 3403 Sancti
348 3346 678 3419 Egidiensis
733 3353 969 3401 econtra
1018 3343 1187 3400 refert
1243 3342 1384 3413 quia
1433 3342 1818 3413 jurejurando

99 3444 449 3491 astruxerat
476 3432 1105 3502 Constantinopolitano
1138 3431 1380 3503 principi
1404 3431 1817 3487 restituendam

102 3524 423 3590 civitatem,
456 3523 619 3578 salva
667 3522 1048 3592 persolutione
1089 3528 1388 3590 pactorum
1437 3519 1566 3586 sibi,
1615 3528 1670 3574 et
1714 3519 1821 3574 hoc

104 3619 290 3668 totum
324 3612 550 3668 factum
573 3625 642 3666 ex
671 3609 907 3666 consilio
955 3609 1293 3664 Boemundi.
1346 3610 1570 3664 Interea
1628 3608 1819 3677 ponti-

104 3698 258 3764 fices,
303 3700 410 3770 qui
479 3698 831 3755 altercationi
887 3696 1220 3752 dirimenda:
1287 3695 1631 3762 institerant,
1689 3708 1821 3750 cum

107 3778 424 3845 Godefrido
481 3788 626 3843 duce
706 3786 1038 3843 Flandrensi
1118 3793 1293 3855 atque
1370 3783 1823 3840 Northmannico

109 3876 428 3932 comitibus
509 3875 820 3941 advocatis,
883 3876 1222 3943 ceterisque
1288 3873 1525 3929 senibus
1592 3872 1819 3939 additis,

112 3977 369 4020 seorsum
405 3964 665 4021 oratione
710 3965 998 4033 cujusque
1042 3962 1259 4029 audita,
1300 3976 1359 4018 se
1401 3969 1723 4033 segregant,
1760 3967 1826 4016 ut

115 4054 417 4121 ventilata,
466 4067 535 4109 ex
581 4052 879 4108 collatione
917 4064 1246 4117 causarum,
1303 4050 1608 4116 sententia,
1660 4049 1826 4120 judi-

120 4139 268 4196 cium
291 4142 553 4211 proferre
581 4140 871 4196 deberent.
921 4139 1025 4195 Sed
1072 4139 1363 4209 perpensis
1394 4137 1825 4209 Iqueritantium

121 4226 302 4297 dictis,
330 4230 507 4301 quasi
542 4228 732 4284 neutri
763 4242 938 4298 super
969 4227 1071 4283 isto
1109 4227 1385 4294 faverent,
1412 4241 1544 4282 cum
1577 4226 1649 4283 ad
1694 4239 1826 4281 con-

125 4325 330 4374 ventus
390 4317 778 4389 frequentiam
829 4315 1218 4381 revertissent,
1264 4315 1403 4371 dum
1460 4316 1531 4370 ad
1578 4315 1825 4370 invicem

125 4412 311 4463 tantos
345 4410 506 4464 viros
536 4408 760 4463 irritare
799 4414 1095 4472 verentur,
1123 4404 1411 4475 judicium
1457 4404 1825 4461 distulerunt.

197 4497 354 4559 Quod
386 4510 465 4552 ex
500 4496 786 4552 industria
819 4495 1032 4550 factum
1063 4508 1254 4555 comes
1288 4493 1407 4564 ipse
1456 4492 1828 4562 comperiens,

134 4602 160 4628 ‹‹
184 4582 283 4645 Ne,
319 4583 537 4655 inquit,
570 4584 855 4639 contentio
906 4597 1154 4653 praesens
1184 4582 1393 4638 Christi
1425 4581 1692 4637 fidelibus
1728 4595 1832 4652 ge-

131 4680 287 4727 neret
329 4673 590 4740 turbam,
636 4672 1004 4742 sepulcrique
1063 4671 1343 4727 Dominici
1382 4670 1652 4727 videatur
1699 4683 1831 4739 pro-

133 4760 300 4816 telata
321 4761 579 4828 libertas,
616 4776 687 4816 ne
717 4760 1048 4830 cupiditatis
1088 4774 1273 4827 naevo,
1323 4769 1482 4830 parte
1524 4773 1592 4815 ex
1638 4758 1838 4829 aliqua

134 4850 413 4907 notabiles
450 4850 822 4915 aestimemur,
860 4850 1088 4919 parium
1131 4862 1413 4915 meorum,
1464 4847 1837 4918 praesentium

138 4937 485 5008 principum,
536 4937 832 4994 sententiae
864 4951 952 4993 me
997 4936 1297 4993 fauturum
1341 4935 1637 5006 proﬁteor;
1679 4934 1839 4990 salvo

140 5038 200 5079 eo
229 5028 379 5095 quod
420 5041 509 5083 me
538 5026 1167 5095 Constantinopolitano
1192 5024 1434 5095 principi
1473 5022 1841 5094 spopondisse

145 5111 384 5173 invitum
421 5130 541 5183 vos,
568 5115 666 5185 qui
698 5114 927 5180 adestis,
962 5113 1166 5170 fratres
1202 5121 1257 5169 et
1301 5110 1539 5177 domini,
1599 5110 1776 5167 scitis.
1812 5132 1841 5158 »

146 5200 255 5259 Nec
285 5219 465 5265 mora.
498 5203 868 5260 Boemundus
888 5209 943 5258 et
969 5202 1085 5272 ipse
1117 5200 1449 5272 bujusmodi
1468 5199 1634 5258 dictis
1654 5213 1845 5255 assen-

152 5289 236 5345 sit.
286 5295 461 5349 Ambo
511 5306 669 5362 ergo,
712 5290 869 5346 omni
919 5290 1038 5360 jam
1094 5289 1191 5345 lite
1238 5289 1526 5354 submota,
1586 5289 1841 5355 dextras,

156 5374 259 5433 ﬁde
280 5381 482 5447 media,
527 5380 927 5449 episcoporum
973 5378 1031 5433 in
1063 5377 1332 5433 manibus
1380 5375 1673 5446 praebent,
1708 5389 1847 5431 con-

160 5468 493 5525 stantissime
524 5474 920 5524 asseverantes
948 5466 1104 5537 quod
1136 5465 1297 5522 nullo
1339 5464 1506 5521 modo
1546 5468 1696 5519 4%!
1751 5463 1846 5520 Dei

162 5552 564 5614 militiaeorum
585 5555 852 5624 deinceps
868 5554 1081 5625 jurgiis
1102 5553 1455 5610 turbaretur.
1481 5552 1850 5609 Boemundus

167 5639 349 5713 itaque
375 5655 606 5716 sumpto
650 5642 886 5699 consilio
929 5650 1184 5699 castrum
1234 5640 1305 5697 de
1355 5639 1663 5707 montanis,
1710 5640 1853 5696 viris

507 5743 785 5807 Parnon.
839 5740 1043 5805 CLVI.

3490 390 3592 438 778

16 516 292 572 nisteria
392 531 477 573 ac
556 516 1007 588 regenerationis
1085 517 1357 588 mysteria
1420 517 1793 588 dispensaret.
1834 519 1881 570 A
1910 517 2380 589 victualibusque
2425 518 2764 575 communit.
2813 518 3013 574 Comes
3060 517 3253 574 itidem
3301 517 3357 574 S.
3413 517 3603 589 Egidii

18 604 258 661 Virum
299 606 515 672 igitur
560 615 725 665 aetate
776 605 1045 673 habilem,
1087 606 1325 663 scientia
1374 606 1793 677 przedicabilem

21 693 320 763 eligunt;
392 709 664 765 eumque
710 693 1074 749 Antiochiam
1116 696 1561 751 consecrationis
1610 695 1799 767 gratia

24 781 307 836 ducunt.

31 870 458 939 profectionis
538 870 986 941 persecutionem
1041 886 1156 927 non
1233 870 1440 928 idcirco
1513 873 1796 943 neglexit;

33 958 142 1014 sed
179 959 490 1015 instituto
517 960 791 1030 quodam,
827 960 930 1030 qui
959 974 1017 1015 se
1048 960 1117 1015 ad
1151 960 1207 1015 id
1237 959 1406 1016 ofﬁcii
1437 960 1589 1017 ultro
1622 962 1799 1017 obtu-

36 1046 224 1115 lerat,
263 1046 350 1102 ad
394 1047 725 1104 custodiam
788 1047 1034 1119 praesidii
1094 1048 1256 1104 urbis
1314 1049 1598 1118 praefecto,
1666 1063 1800 1105 eum

1904 621 2036 662 cum
2068 606 2190 662 suis
2219 607 2524 662 consilium
2550 606 2958 675 communicat,
2993 614 3284 678 quatenus
3326 606 3604 676 palatium

1904 695 2161 753 Cassiani
2191 710 2364 766 quem
2401 696 2585 767 patrio
2626 696 2906 753 vocabulo
2956 695 3388 753 Admiravisum
3442 697 3606 752 voci-

1907 791 2051 851 tant,
2080 791 2136 840 et
2180 785 2388 840 turrim
2419 799 2551 855 quae
2602 792 2778 855 portae
2831 784 3237 856 praeminebat
3287 784 3493 855 pontis,
3533 798 3606 841 ex

1908 881 2069 944 parte
2120 872 2382 930 videlicet
2442 881 2641 943 portus
2691 873 2884 930 Sancti
2930 872 3251 941 Simeoniis,
3308 873 3606 944 stipendiis

1908 961 2256 1033 largioribus
2284 962 2565 1019 inferciat.

2597 1050 2827 1108 CAPUT
2866 1051 2937 1108 V.

1981 1137 2187 1210 [ΧΠ]
2210 1139 2578 1194 Antiochenae
2604 1138 2857 1194 civitatis
2872 1137 3196 1210 descriptio.
3216 1138 3493 1206 Pontifex
3510 1156 3613 1210 pa-

1909 1228 2263 1283 triarchatus
2289 1229 2497 1283 honore
2525 1227 2785 1300 insignis.
2819 1228 2938 1286 Sub
2965 1245 3027 1282 se
3054 1230 3282 1282 centum
3331 1227 3612 1300 quinqua-

1843 1820 1884 1872 Β

1905 1315 2073 1387 ginta
2099 1320 2214 1370 tre:
2241 1317 2538 1388 episcOpos
2565 1317 2751 1372 habet.
2778 1346 2851 1359 -
2880 1316 3080 1389 Spatia
3101 1323 3227 1373 octo
3244 1316 3531 1373 mensium
3556 1320 3612 1372 et

1908 1403 2025 1457 diei
2042 1404 2219 1460 unius
2247 1406 2476 1459 obsessa
2496 1406 2692 1471 fuerat
2711 1406 3035 1462 Antiochia.
3064 1408 3148 1460 De
3165 1405 3401 1471 infelici
3438 1406 3613 1478 Pyrri

1909 1510 2059 1548 nece.
2121 1524 2189 1533 ——
2246 1495 2602 1549 Antiochena
2667 1494 2869 1550 civitas
2926 1494 3454 1564 incomparabiliter
3529 1503 3614 1549 est

1911 1582 2138 1649 decora,
2198 1582 2341 1638 nulli
2411 1582 2787 1638 aedificiorum
2848 1582 3439 1653 majestatesecunda,
3497 1582 3614 1639 situ

1916 1672 2161 1741 placens,
2215 1684 2346 1726 aere
2396 1671 2755 1741 impassibili,
2811 1672 3118 1727 vinearum
3166 1671 3385 1738 fertilis,
3442 1672 3614 1728 terri-

1912 1760 2041 1815 torii
2081 1760 2343 1815 ubertate
2372 1760 2635 1815 fecunda.
2688 1760 2775 1817 Ab
2816 1761 3053 1827 oriente,
3097 1768 3351 1829 quatuor
3392 1768 3614 1816 monta-

1916 1861 2125 1903 norum
2156 1848 2494 1917 proceritate
2522 1848 2900 1920 procingitur,
2930 1849 3002 1905 ab
3040 1848 3374 1905 occidentali
3422 1848 3614 1920 plaga,

1917 1936 2174 1992 fluminis
2224 1938 2551 2007 cujusdam,
2619 1952 2798 1994 sacrae
2863 1938 3089 2009 paginae.
3162 1951 3280 1993 non
3338 1937 3613 2008 incogniti

1917 2025 2031 2093 (IV
2066 2026 2208 2096 Reg.
2252 2041 2305 2093 v,
2367 2028 2475 2095 12),
2528 2026 2684 2095 quod
2735 2026 3033 2096 Pharphar
3087 2026 3317 2094 dicitur,
3369 2027 3615 2096 piscium

1918 2113 2279 2169 feracissimis
2310 2114 2483 2171 undis
2510 2123 2744 2184 propter
2788 2130 2986 2171 muros
3015 2115 3275 2172 alluitur.
3321 2117 3386 2170 In
3428 2115 3615 2170 altiori

1916 2202 2220 2269 montium,
2291 2202 2589 2258 castellum
2647 2203 2926 2258 miraculo
2966 2203 3209 2274 dignum
3255 2204 3615 2273 praeminet;

1917 2289 2011 2343 sed
2064 2288 2480 2357 impenetrabili
2538 2290 2843 2345 securitate
2891 2290 3290 2359 praestantius;
3354 2288 3615 2357 inferius,

1917 2376 2121 2432 civitas
2152 2377 2481 2446 plenissima
2510 2377 2848 2447 gloriarum,
2887 2386 2942 2433 et
2975 2377 3185 2433 veteris
3222 2392 3438 2447 pompae
3487 2392 3616 2433 mo—

1919 2463 2189 2520 nimentis
2215 2465 2407 2520 adhuc
2435 2465 2685 2534 superba
2715 2465 3028 2532 nobilibus,
3052 2474 3335 2521 trecentas
3359 2474 3414 2521 et
3446 2478 3621 2521 sexa-

1919 2552 2081 2622 ginta
2139 2552 2406 2608 ecclesias
2481 2553 2602 2608 suis
2658 2556 2896 2623 cingens
2958 2553 3293 2609 ambitibus.
3357 2554 3622 2610 Pontifex

1920 2640 2103 2707 urbis,
2134 2654 2206 2696 ex
2240 2640 2547 2710 apostolica
2599 2655 2976 2708 successnone,
3025 2641 3359 2710 patriarchii
3404 2642 3622 2697 honore

1921 2730 2183 2799 insignis,
2256 2738 2488 2785 centum
2516 2730 2948 2800 quinquaginta
2990 2730 3167 2786 trium
3225 2730 3622 2800 episcoporum

1918 2817 2028 2873 sibi
2102 2818 2505 2888 appendicium
2564 2818 2863 2888 privilegio
2917 2827 3308 2888 promovetur.
3386 2819 3623 2875 Gemino

1918 2914 2004 2961 est
2053 2905 2258 2961 civitas
2312 2906 2671 2962 circumdata
2728 2921 2917 2973 muro,
2963 2907 3141 2963 altero
3189 2907 3422 2978 quidem
3504 2923 3621 2964 me-

1920 2994 2117 3061 diocri,
2167 2993 2346 3050 altero
2400 3002 2593 3050 autem
2650 2994 3065 3051 incredibiliter
3119 2995 3253 3061 lato,
3312 3005 3367 3053 et
3421 3005 3627 3067 printer

1854 3116 1895 3173 α
1923 3081 2152 3137 solitum
2187 3095 2439 3151 procero,
2473 3082 2745 3151 saxisque
2774 3088 3067 3139 exstructo
3111 3083 3405 3153 majestate
3450 3098 3626 3141 enor-

1923 3169 2116 3225 mibus
2147 3169 2567 3238 circumpositis
2600 3170 2783 3227 eidem
2835 3170 3277 3241 quadringentis
3321 3172 3627 3243 quinqua-

1925 3258 2087 3331 ginta
2116 3258 2401 3314 turrihus.
2446 3258 2637 3314 Refert
2669 3259 3051 3329 Hieronymus
3097 3260 3155 3314 in
3186 3261 3392 3330 quinto
3429 3262 3626 3331 expla-

1925 3345 2174 3403 nationis
2205 3345 2262 3401 in
2294 3346 2501 3401 Isaiam
2540 3346 2708 3413 libro,
2756 3347 2957 3403 urbem
2992 3347 3247 3413 Reblata,
3284 3348 3342 3403 in
3373 3363 3493 3419 qua
3522 3364 3628 3406 rex

1926 3434 2455 3491 Nabuchodonosor
2518 3436 2669 3506 regis
2735 3436 3020 3492 Sedechiaa
3079 3437 3277 3493 oculos
3328 3438 3502 3505 eruit,
3571 3445 3629 3494 et

1929 3524 2073 3579 filios
2131 3523 2258 3593 ejus
2313 3523 2539 3591 occidit,
2592 3524 2742 3580 hanc
2793 3539 2914 3581 esse
2975 3525 3359 3581 Antiochiam.
3421 3527 3630 3583 Fertur

1927 3626 2062 3668 vero
2086 3626 2212 3668 eam
2240 3612 2313 3668 ab
2344 3612 2439 3667 illo
2470 3613 2796 3682 antiquiore
2825 3614 3127 3681 Antiocho,
3156 3614 3328 3684 cujus
3369 3615 3629 3684 potentize

1930 3700 2181 3770 plurima
2212 3700 2562 3756 munimenta
2607 3709 2938 3770 supersunt,
2972 3702 3326 3771 suscitatam,
3354 3710 3409 3759 et
3454 3702 3629 3774 quin-

1931 3789 2214 3860 quaginta
2250 3789 2640 3857 subjectorum
2693 3804 2920 3858 regum,
2961 3806 3108 3860 quos
3153 3800 3209 3847 et
3256 3792 3633 3862 municipales

1930 3877 2058 3948 ejus
2103 3885 2395 3944 astruunt,
2449 3878 2968 3946 cooperationibus,
3018 3887 3179 3934 tanta
3229 3880 3630 3949 praesidiorum

1931 3966 2261 4031 eminentia,
2288 3973 2448 4020 tanta
2476 3966 2686 4021 aadium
2724 3966 2999 4022 varietate
3032 3968 3425 4036 compositam.
3470 3966 3633 4034 Quod

1933 4054 2168 4125 quidem
2204 4053 2409 4109 falsum
2442 4062 2547 4119 est,
2583 4068 2717 4109 cum
2762 4054 2878 4124 ipse
2907 4054 3211 4124 Pompeius
3248 4056 3475 4126 Trogus
3530 4070 3635 4111 ve-

1934 4142 2155 4197 rissime
2181 4155 2214 4196 a
2242 4140 2518 4197 Seleueho
2548 4142 2755 4197 referat
2782 4156 2934 4212 rege,
2969 4143 3078 4198 sub
3123 4152 3361 4213 paterno
3404 4144 3635 4199 nomine

1934 4230 2260 4286 institutam
2308 4239 2363 4285 et
2409 4230 2481 4286 ab
2524 4231 2645 4300 ipso
2680 4231 2885 4286 deinde
2922 4231 3013 4287 vel
3058 4232 3435 4302 sequentibus
3477 4232 3637 4303 regi-

1938 4318 2048 4374 bus
2072 4325 2325 4381 auctam,
2359 4316 2507 4373 sicut
2535 4318 2645 4374 sub
2677 4319 2877 4374 matris
2908 4319 3177 4375 Laodices
3204 4320 3459 4388 nomine,
3494 4334 3639 4376 con-

1868 4407 2086 4467 Ddidit
2139 4413 2194 4461 et
2245 4405 2589 4473 Laodiciam,
2649 4421 2720 4462 ex
2779 4407 3030 4477 proprio,
3085 4406 3424 4464 Seleuciam.
3491 4408 3641 4464 Huic

1937 4494 2267 4552 obsidenda;
2348 4508 2839 4566 quarumcunque
2916 4497 3316 4553 machinarum
3402 4496 3640 4553 balista-

1941 4598 2144 4641 rumve
2168 4590 2451 4638 tormenta
2481 4582 2561 4638 nil
2593 4591 2875 4652 poterant,
2918 4592 2972 4640 et
3027 4586 3136 4641 nisi
3191 4585 3437 4655 proditio
3478 4585 3641 4655 Pyrri

1941 4671 2337 4728 obsessoribus
2395 4670 2690 4739 adfuisset,
2743 4686 2855 4728 imo
2899 4673 3051 4729 Deus
3108 4687 3209 4743 per
3252 4687 3398 4743 quos
3458 4673 3645 4729 voluit

1942 4760 2279 4831 adjuvisset,
2346 4758 2637 4815 incassum
2696 4760 2972 4816 Francica
3047 4761 3497 4831 magnanimitas
3556 4760 3646 4816 fa-

1946 4863 2095 4905 mem
2135 4854 2595 4917 cteterarumque
2639 4848 3001 4904 miseriarum
3052 4848 3261 4903 ibidem
3303 4848 3648 4904 detrimenta

1946 4938 2189 4995 tulisset.
2253 4936 2385 4991 lstic
2440 4936 2785 4993 desederunt
2843 4936 3023 4993 nostri
3076 4935 3364 4993 civitatem
3424 4950 3647 5008 urgen-

1948 5034 2031 5083 tes
2093 5025 2382 5081 obsessam
2450 5038 2552 5094 per
2604 5033 2729 5081 octo
2791 5039 3013 5081 menses
3098 5039 3403 5095 unumque
3468 5025 3643 5081 diem.

1952 5111 2164 5186 [κνῆ]
2220 5112 2588 5168 Postmodum
2638 5126 2774 5168 vero
2808 5121 2864 5168 et
2904 5112 3005 5182 ipsi
3050 5113 3209 5169 fuere
3243 5112 3495 5170 conclusi
3548 5127 3653 5184 per

1950 5210 2064 5258 tres
2116 5201 2521 5267 hebdomadas,
2600 5200 3115 5257 innumerabilium
3164 5201 3463 5273 gentilium
3511 5216 3652 5257 con-

1950 5290 2166 5347 fluente
2193 5288 2538 5359 frequentia,
2589 5297 2645 5346 et
2675 5290 2960 5359 superatis
3001 5290 3233 5346 demum
3292 5290 3451 5360 ipsis,
3517 5291 3649 5346 item

1952 5378 2068 5434 illic
2096 5377 2421 5448 deguerunt
2445 5390 2546 5446 per
2575 5377 2839 5447 quinque
2862 5379 3147 5435 mensium
3169 5386 3413 5449 octoque
3428 5378 3654 5435 dierum

1954 5465 2157 5535 spatia,
2189 5478 2321 5520 cum
2356 5463 2515 5533 plebs
2544 5464 2743 5520 eadem
2779 5479 2814 5520 a
2838 5464 2959 5521 suis
2995 5464 3356 5535 principibus
3391 5465 3656 5522 Hieroso-

1952 5553 2169 5624 lymam
2234 5552 2576 5608 sollicitatur
2625 5553 2797 5609 itura.
2857 5552 2963 5610 Sed
3006 5553 3145 5623 quia
3199 5555 3418 5624 praefati
3493 5555 3658 5625 Pyrri

1960 5640 2235 5697 memoria
2264 5640 2404 5696 mihi
2436 5640 2666 5697 videtur
2690 5641 2959 5709 deinceps
2988 5657 3103 5697 non
3136 5642 3406 5699 habitura
3445 5643 3657 5710 locum,

3221 5744 3303 5800 25
