3934 6454
308 325 412 375 779

1199 320 1258 371 V.
1300 318 1628 374 GUIBERTI
1665 317 1958 373 ABBATIS
1995 317 2049 371 S.
2094 318 2336 373 MARIE
2376 317 2465 370 DE
2504 315 2903 372 NOVIGEN’I‘O

3724 315 3834 363 ἷὸυ

311 470 484 526 quem
528 455 698 512 finem
737 454 1004 511 habuerit
1056 453 1461 510 intimandum.
1513 452 2000 509 Christianitatem
2041 450 2364 522 Aejusdem
2395 451 2713 508 obtinentes
2742 449 3037 515 solarium,
3069 445 3387 503 Guilelmus
3424 445 3699 501 videlicet
3767 446 3835 500 de

312 546 479 615 plane
525 544 803 613 susceptis
857 542 1231 598 sacramentis
1306 542 1590 612 professus
1632 541 1820 597 fuerat
1869 540 2001 595 Boe-

312 632 585 698 mundus,
641 644 804 686 sacro
856 631 913 685 in
970 629 1219 697 lavacro,
1274 643 1346 684 ex
1399 628 1744 698 suscipiente
1799 641 2007 683 nomen

312 726 624 789 acceperat,
668 718 1195 787 Hierosolymitanze
1226 716 1507 772 obsidioni
1560 730 1749 772 comes
1799 717 2007 771 nostris

311 823 378 864 ac
433 813 767 876 cooperator
809 806 1123 871 exstiterat,
1178 818 1362 875 eaque
1414 812 1581 873 capta
1650 804 2007 859 Antiochiam

312 895 579 950 redierat.
609 893 713 950 Ubi
759 908 892 949 cum
941 892 1290 963 praeconium
1341 893 1640 957 emisisset,
1692 900 2001 961 quatenus,

311 982 651 1054 quicunque
699 981 757 1036 in
811 981 955 1036 urbe
1011 980 1287 1050 urbisque
1344 980 1575 1047 vicinia,
1645 979 2009 1037 Christianus

312 1078 522 1142 egeret,
569 1083 762 1126 secum
813 1069 870 1124 in
912 1069 1159 1138 patriam
1218 1070 1596 1136 remotiorem,
1651 1069 1750 1125 ubi
1799 1069 2010 1125 multas

314 1156 549 1213 haberet
604 1155 1006 1226 possessiones,
1055 1155 1295 1221 veniret,
1346 1155 1617 1225 pollicens
1660 1155 1816 1225 quod
1871 1169 2011 1225 prae-

313 1243 484 1299 claris
529 1242 868 1298 muneribus
906 1255 1199 1312 quemque
1226 1241 1449 1306 ditaret,
1502 1243 1608 1298 hac
1649 1256 1750 1312 spe
1794 1242 2011 1313 vulgus

313 1329 585 1387 conﬂavit
613 1330 720 1386 sibi
749 1329 1140 1392 immodicum,
1179 1337 1236 1385 et
1285 1330 1342 1384 in
1380 1342 1566 1396 suam,
1620 1328 1704 1384 uti
1762 1328 2006 1395 dixerat,

314 1418 603 1489 regionem
645 1416 829 1472 fertur
859 1416 1173 1472 abduxisse
1228 1416 1549 1485 deceptum.
1602 1417 1709 1483 Qui
1752 1430 1883 1472 cum
1938 1415 2010 1471 ad

315 1520 423 1562 sua
469 1505 679 1575 oppida
727 1505 1065 1571 devenisset,
1116 1514 1337 1574 partem
1386 1505 1601 1560 militias
1658 1519 1778 1561 sese
1828 1505 2011 1560 comi-

317 1594 490 1649 tantis
525 1594 628 1648 hos
669 1592 889 1659 exsilio,
948 1593 1073 1649 illos
1125 1593 1293 1648 morti
1351 1593 1622 1663 prodidit,
1669 1601 1724 1649 et
1771 1593 1883 1648 nisi
1939 1593 2011 1647 ad

317 1683 473 1749 alios,
537 1695 789 1751 quorum
841 1682 1229 1736 numerositas
1272 1689 1440 1737 extra
1502 1689 1753 1737 castrum
1830 1680 2013 1736 fuerat

2115 539 2550 610 Montepislerio,
2584 538 2799 608 aliique
2848 536 3289 608 quamplurimi,
3347 534 3619 589 maximis
3676 533 3833 591 illos.

2114 629 2215 700 qui
2249 629 2308 684 in
2340 627 2627 684 moenibus
2673 625 3137 697 propugnabant,
3180 621 3589 678 concutiebant
3641 620 3839 683 saxis,

2115 716 2174 771 in
2208 723 2434 772 tantum
2469 724 2534 771 ut
2567 716 2766 785 clypeo
2797 715 3140 784 plerumque
3174 725 3459 781 percusso,
3489 714 3545 765 et
3580 709 3844 779 clypeus

2114 804 2297 875 clypei
2351 803 2619 860 dominus
2657 803 2781 873 jam
2831 801 3063 856 inutiles
3107 813 3343 869 prorsus
3372 798 3844 854 devolverentur

2115 907 2150 948 a
2181 907 2365 949 muro.
2395 891 2639 959 Quidam
2682 900 2875 947 autem
2919 890 3121 944 hamos
3150 887 3209 942 in
3257 886 3561 942 hastilibus
3601 884 3841 940 ferreos

2116 981 2408 1048 habentes,
2502 978 2847 1036 Sarracenos
2936 974 3377 1047 propugnacula
3455 974 3841 1030 defensantes

2115 1069 2408 1126 obuncare
2440 1077 2495 1124 et
2526 1068 2597 1124 ad
2644 1082 2703 1124 se
2741 1067 3031 1136 corripere
3073 1064 3427 1120 nitebantur.
3475 1062 3529 1117 Is
3581 1062 3732 1117 hinc
3781 1068 3843 1117 et

2116 1157 2249 1213 inde
2276 1156 2578 1212 conﬂictus
2621 1155 2723 1212 vix
2769 1152 3107 1223 vespertinis
3134 1152 3206 1208 ad
3250 1158 3476 1222 tempus
3528 1150 3839 1207 omittitur

2117 1245 2290 1302 horis.
2342 1247 2386 1300 Δ
2429 1251 2588 1315 tergo
2639 1244 2834 1314 itaque
2881 1241 3073 1307 castri,
3128 1240 3463 1311 presbyteri,
3512 1239 3711 1295 clerici
3770 1251 3841 1293 ac

2117 1332 2384 1389 monachi
2432 1332 2627 1400 sacris,
2674 1345 2775 1401 pro
2832 1345 2936 1387 suo
2994 1329 3243 1400 quisque
3297 1327 3505 1400 gradu,
3560 1327 3843 1383 vestibus

2118 1420 2401 1485 adornati,
2468 1434 2570 1490 pro
2635 1418 2868 1475 instanti
2923 1418 3150 1489 negotio
3216 1417 3393 1473 Deum
3444 1416 3843 1472 attentissime

2120 1508 2528 1580 precabantur,
2594 1515 2886 1578 quatenus
2949 1505 3257 1577 gentilitati
3308 1505 3459 1561 vires
3519 1504 3838 1571 adimeret,

2121 1596 2248 1654 fidei
2277 1595 2753 1667 propagatoribus
2785 1596 3121 1664 adaugeret.
3155 1593 3512 1649 Altrinsecus
3534 1606 3566 1647 e
3589 1592 3840 1662 regione

2122 1684 2402 1740 machinae
2448 1682 2541 1739 alii
2595 1682 2803 1737 milites
2848 1680 3016 1737 scalis
3055 1679 3257 1749 positis
3293 1678 3579 1735 mmnibus
3625 1677 3839 1733 immi-

318 1746 621 1840 hospitata,
657 1769 901 1825 verbum
951 1769 1020 1825 de
1066 1768 1382 1839 proditione
1429 1769 1690 1831 venisset,
1757 1768 2013 1839 fugaque
2052 1746 2092 1801 Β
2124 1772 2357 1827 nebant.
2389 1770 2503 1826 Nec
2535 1783 2788 1840 paganos
2816 1746 3107 1823 detinebat
3131 1766 3353 1834 inertia,
3378 1765 3521 1835 quin
3547 1779 3645 1821 eos
3675 1764 3841 1820 rabi-

317 1857 628 1915 miserabili
656 1865 758 1913 aut
786 1856 957 1923 elabi,
982 1865 1084 1912 aut
1113 1856 1438 1913 delitescere
1461 1857 1729 1924 licuisset,
1775 1857 2016 1913 univer-

318 1961 514 2002 sorum
555 1946 786 2003 libertas
830 1952 933 2001 aut
976 1945 1167 2015 gladio
1217 1952 1319 2000 aut
1359 1944 1692 2015 captivitate
1731 1944 2013 2014 periisset.

320 2033 404 2089 lbi
441 2046 695 2102 prorsus,
740 2031 1169 2086 Christianitate
1216 2030 1458 2097 deserta,
1508 2032 1718 2086 veteris
1766 2028 2016 2085 luxuriae

320 2130 376 2177 et
406 2121 738 2192 gentilitatis
784 2119 1233 2189 inquinamenta
1273 2120 1601 2189 resumpsit.
1659 2119 1774 2175 Nec
1816 2119 1871 2174 id
1923 2118 2017 2172 in-

316 2210 495 2280 juria.
542 2207 594 2263 Si
634 2208 788 2264 enim
840 2207 1056 2277 Pyrrus
1103 2206 1316 2271 Graece,
1366 2205 1535 2262 rufus
1570 2213 1654 2262 est
1705 2207 1922 2270 Latine,
1963 2212 2019 2260 et

322 2296 674 2352 inﬁdelitatis
717 2302 853 2351 nota
895 2294 1039 2350 ruﬁs
1085 2294 1370 2360 inuritur;
1413 2294 1592 2349 isdem
1639 2307 1776 2364 ergo
1823 2307 1858 2349 a
1914 2305 2021 2347 sua

326 2381 562 2437 minime
594 2382 744 2438 linea
772 2380 1127 2437 exorbitasse
1149 2380 1447 2451 probatur.

997 2523 1229 2579 CAPUT
1260 2522 1357 2580 Vl.

382 2647 648 2719 [XVIII]
682 2648 948 2702 Murram
969 2648 1263 2718 Oppugnat
1298 2645 1678 2701 Boemundus.
1720 2676 1788 2686 —-
1836 2646 2020 2718 Igitur

326 2736 689 2793 Raimundus
713 2735 906 2791 Sancti
930 2735 1122 2805 Egidii
1161 2748 1350 2790 comes
1396 2748 1569 2790 suum
1597 2734 1669 2790 ab
1716 2735 2021 2791 Antiochia

326 2826 518 2896 exegit
541 2826 885 2891 exercitum,
917 2838 1049 2880 cum
1075 2825 1194 2894 jam
1227 2832 1560 2893 properaret
1587 2823 1908 2879 November
1947 2826 2018 2880 ad

326 2912 568 2978 exitum,
609 2920 662 2967 et
693 2912 920 2967 duabus
947 2910 1276 2967 civitatibus
1322 2911 1473 2967 inter
1500 2912 1787 2979 eumdem,
1832 2913 2019 2983 Rugia

2125 1859 2360 1915 dissima
2393 1857 2680 1914 ferocitate
2702 1856 3048 1926 depellerent
3099 1859 3166 1911 At
3195 1854 3509 1911 Guilferius
3556 1853 3835 1923 quidam,

2124 1961 2325 2004 eorum
2369 1945 2697 2002 rebellionis
2739 1946 3063 2015 impatiens,
3126 1957 3363 1999 murum
3408 1942 3633 2013 primus
3689 1955 3831 1996 cum

2122 2049 2304 2092 manu
2368 2034 2622 2105 quidem,
2668 2033 2764 2090 sed
2808 2032 2973 2089 valde
3016 2046 3219 2103 parva,
3267 2030 3613 2087 conscendit.
3670 2029 3835 2084 Illico

2125 2124 2489 2178 civitatenses
2534 2130 2694 2178 tanto
2737 2121 2865 2192 ejus
2916 2126 3358 2191 praasumptores
3407 2118 3667 2174 audacia
3728 2116 3830 2173 fu-

2126 2224 2255 2267 rore
2302 2210 2645 2281 pervadunt,
2680 2209 2913 2279 spiculis
2942 2223 3036 2264 eos
3072 2222 3139 2263 ac
3176 2207 3401 2277 sagittis
3440 2206 3725 2278 urgendo,
3767 2211 3832 2261 ut

2126 2298 2329 2368 aliqui,
2362 2296 2618 2367 ipsorum
2651 2297 2969 2367 irruptione
3012 2295 3317 2366 perterriti,
3367 2308 3488 2351 sese
3531 2295 3601 2350 de
3655 2307 3831 2349 muro

2127 2384 2507 2440 demitterent.
2541 2384 2680 2439 Pars
2714 2398 2848 2440 vero
2873 2397 3005 2454 quae
3054 2390 3408 2439 remanserat
3438 2380 3640 2437 tandiu
3674 2380 3832 2435 inter

2129 2470 2380 2527 hostium
2415 2471 2612 2542 jacula
2647 2471 2919 2538 constitit,
2980 2471 3203 2537 tandiu,
3242 2470 3440 2526 cedere
3486 2469 3824 2540 dedignata,

2125 2572 2326 2614 eorum
2356 2558 2656 2614 violentias
2689 2572 2986 2615 armorum
3030 2558 3316 2614 industria
3360 2557 3592 2622 retudit,
3643 2556 3831 2611 donec

2128 2649 2229 2718 qui
2258 2648 2457 2704 subter
2484 2654 2650 2703 erant
2688 2661 2921 2703 murum
2954 2646 3323 2703 suffoderent.
3368 2646 3499 2703 Mox
3538 2646 3734 2715 itaque
3761 2650 3829 2699 ut

2127 2735 2339 2793 urbani
2396 2736 2546 2791 muri
2594 2749 2653 2791 se
2709 2737 3069 2805 conspiciunt
3113 2733 3450 2791 suffossione
3501 2734 3825 2798 damnatos,

2127 2825 2303 2881 solius
2330 2823 2482 2895 fugae
2507 2825 2627 2894 jam
2669 2825 2930 2893 praesidio
2982 2825 3308 2890 innitentes,
3356 2823 3428 2878 ad
3472 2822 3631 2877 urbis
3680 2820 3824 2875 inte-

2128 2913 2283 2969 riora
2306 2912 2647 2968 concedunt.
2682 2912 2810 2967 Dies
2841 2918 2983 2977 erat,
3022 2925 3139 2981 quo
3171 2911 3291 2966 haec
3321 2909 3441 2982 geri
3480 2908 3827 2979 contigerat,

327 2998 587 3093 videlicet
616 3007 671 3093 et
708 2998 922 3093 Albara
961 2998 1332 3093 transmissis,
1383 3006 1593 3068 quarto
1634 3000 1865 3054 demum
1904 3001 2016 3067 die,
2060 3037 2101 3093 Ο
2130 3000 2465 3067 Sabbatum,
2498 3013 2630 3055 cum
2663 3007 2875 3069 peteret
2913 3001 3034 3071 jam
3077 2999 3158 3054 sol
3202 2998 3438 3054 declivis
3490 2997 3827 3064 occiduum,

327 3086 498 3143 finem
523 3087 760 3142 faciente
787 3086 1116 3154 Novembri,
1139 3088 1388 3142 Marram
1421 3089 1678 3155 pervenit
1700 3088 1769 3143 ad
1796 3088 2017 3145 urbem.

328 3177 394 3231 In
428 3190 604 3246 quam
660 3176 823 3246 copia
892 3176 1094 3247 ingens
1161 3175 1631 3241 Sarracenorum,
1690 3176 2021 3239 :Turcorum

327 3266 704 3336 Arabumque
725 3265 1100 3331 conﬂuxerat,
1126 3266 1509 3335 quam'comes
1541 3264 1812 3334 postridie
1841 3279 2021 3336 quam

328 3362 585 3419 venerat,
632 3355 842 3410 exertis
871 3355 1106 3409 omnino
1150 3353 1375 3409 viribus
1412 3353 1651 3423 aggredi
1691 3362 1876 3424 parat.
1909 3355 2025 3411 Nec

331 3457 510 3511 mora,
535 3444 904 3499 Boemundus
930 3457 1061 3497 eum
1083 3442 1342 3497 exercitu
1373 3442 1635 3496 comitem
1666 3451 2020 3511 persecutus,

329 3531 586 3602 quadam
624 3531 715 3586 die
745 3529 1037 3585 Dominica
1083 3536 1315 3597 propter
1356 3536 1545 3583 castra
1583 3529 1847 3599 deposuit
1893 3529 2020 3600 [al.,

331 3618 566 3689 posuit].
603 3618 669 3673 In
699 3618 1018 3673 crastinum
1052 3624 1211 3672 tanta
1240 3618 1311 3672 ad
1341 3616 1502 3673 urbis
1546 3631 1743 3672 muros
1796 3618 2024 3674 animo—

329 3707 495 3760 sitate
525 3710 904 3771 concurrunt,
936 3711 999 3758 ut
1023 3703 1302 3759 haererent
1334 3703 1651 3772 parietibus
1674 3704 1862 3773 scalae,
1894 3719 2021 3760 mu-

330 3805 543 3862 rosque
570 3791 679 3846 sub
705 3791 854 3860 ipsos
884 3792 1206 3846 niterentur
1221 3790 1518 3860 gradibus.
1538 3791 1611 3845 At
1639 3790 2020 3860 civitatenses,

331 3880 562 3949 penitus
600 3887 863 3948 expertes
915 3878 1183 3949 ignaviae,
1229 3882 1391 3934 tanta
1449 3878 1723 3934 instantia
1771 3881 2025 3936 restitere

330 3975 395 4023 ut
448 3968 592 4023 nihil
628 3977 957 4023 nostrorum
1005 3980 1073 4023 ea
1097 3967 1187 4022 die
1231 3967 1448 4022 valeret
1469 3966 1737 4022 molimen
1777 3968 2019 4025 efficere.

328 4057 475 4112 Tum
506 4056 697 4111 Sancti
730 4055 914 4125 Egidii
947 4070 1155 4123 comes,
1188 4069 1323 4111 suos
1350 4069 1577 4111 cassum
1608 4056 1861 4111 laborem
1899 4072 2020 4113 cer-

328 4159 472 4201 nens
524 4149 679 4199 na
738 4145 1026 4199 insumere
1078 4154 1334 4201 castrum
1399 4143 1687 4214 quoddam
1741 4144 2019 4215 ligneum,

330 4233 496 4290 multi
525 4234 737 4289 laboris
774 4247 842 4288 ac
890 4233 1260 4301 proceritatis,
1304 4233 1426 4288 suis
1482 4234 1715 4289 mandat
1780 4236 2021 4304 erigere,

2129 3089 2412 3159 explicato
2443 3089 2738 3143 Decembri
2768 3087 3036 3143 undecim
3068 3088 3427 3157 promotione
3451 3086 3695 3141 dierum.

2199 3176 2505 3234 Confestim
2538 3189 2638 3246 per
2664 3176 3028 3245 interpretem
3069 3175 3438 3231 Boemundus
3479 3172 3826 3228 Sarraceno-

2129 3280 2263 3322 rum
2302 3266 2578 3335 primores
2632 3264 2987 3335 aggreditur,
3047 3271 3336 3334 quatenus
3391 3276 3526 3318 cum
3575 3259 3828 3330 propriis

2129 3354 2429 3415 militibus.
2462 3352 2721 3423 parvulis
2742 3365 2809 3407 ac
2838 3353 3197 3419 mulieribus,
3241 3352 3395 3406 omni
3442 3350 3655 3419 pariter
3686 3362 3824 3404 con-

2132 3451 2313 3500 tracta
2341 3441 2686 3509 substantia,
2710 3441 2861 3496 intra
2889 3440 3179 3510 quoddam
3198 3453 3317 3494 sese
3349 3438 3627 3508 palatium
3666 3436 3823 3508 quod

2129 3540 2253 3589 erat
2281 3546 2460 3602 supra
2489 3530 2653 3588 urbis
2680 3539 2923 3601 portam,
2958 3529 3307 3596 cohiberent,
3345 3527 3633 3597 spondens
3664 3527 3819 3597 quod

2130 3623 2213 3679 eis
2241 3622 2418 3678 vitam
2457 3621 2691 3677 omnino
2732 3626 3072 3691 protegeret,
3098 3631 3207 3673 sua
3252 3631 3505 3688 suosque
3552 3616 3821 3673 defende-

2132 3718 2235 3767 ret.
2291 3711 2408 3766 Hoc
2441 3708 2608 3766 modo
2654 3709 2884 3766 civitate
2903 3708 3154 3775 obtenta,
3202 3705 3489 3777 quidquid
3536 3706 3591 3760 in
3646 3704 3820 3761 foveis

2132 3813 2409 3868 reperere,
2441 3797 2531 3854 vel
2579 3797 2865 3864 domibus,
2922 3797 3026 3852 hoc
3069 3796 3191 3851 suis
3238 3797 3459 3866 quique
3512 3794 3823 3864 proprieta-

2132 3888 2287 3944 tibus
2316 3887 2664 3942 asciverunt.
2694 3886 2865 3941 Facto
2913 3884 3181 3955 denique,
3230 3891 3435 3939 exacta
3493 3890 3670 3949 nocte,
3704 3895 3819 3937 cre-

2132 3972 2392 4043 pusculo,
2456 3972 2505 4027 si
2569 3985 2739 4042 quem
2818 3971 3119 4041 gentilium
3184 3969 3423 4039 reperiri
3485 3969 3816 4038 contigerat,

2132 4062 2462 4118 discurrens
2491 4060 2710 4130 ubique
2742 4068 3072 4115 nostrorum
3105 4058 3277 4114 turba
3301 4057 3606 4112 mactabat.
3649 4055 3817 4111 Nulla

2133 4149 2382 4205 civitatis
2419 4149 2600 4218 portio
2638 4148 2723 4203 vel
2756 4147 2996 4202 minima
3038 4146 3246 4213 fuerat,
3300 4160 3432 4215 quae
3475 4144 3815 4201 Sarraceno-

2135 4251 2268 4294 rum
2297 4237 2450 4293 cade
2488 4232 2741 4303 vacaret,
2782 4249 2887 4291 nec
2917 4235 3221 4306 angiporta
3251 4234 3414 4290 urbis
3461 4235 3580 4305 jam
3625 4235 3816 4303 pervia

328 4336 460 4393 qua:
491 4321 760 4377 machina
791 4329 1045 4391 quatuor
1066 4322 1384 4377 vehebatur
1406 4322 1561 4388 rotis,
1590 4321 1647 4377 in
1678 4323 1847 4393 cujus
1876 4337 2024 4379 sum-
2061 4332 2105 4386 1)
2130 4342 2252 4384 esse
2317 4327 2581 4397 quibant,
2648 4327 2786 4396 quia
2830 4325 3116 4380 cadavera
3164 4336 3521 4395 paganorum
3567 4322 3817 4393 publicos

329 4410 525 4465 mitate
566 4408 814 4465 militum
867 4409 1176 4465 multitudo
1226 4410 1575 4478 constiterat,
1617 4410 1817 4466 subter
1865 4424 2021 4480 vero,

327 4505 553 4554 armata
584 4497 785 4553 militia
814 4511 985 4553 muro
1013 4510 1137 4552 eam
1190 4497 1457 4565 civitatis,
1490 4498 1663 4568 juxta
1710 4500 2023 4569 quamdam

326 4588 556 4652 turrim,
634 4587 861 4658 magnis
932 4586 1276 4656 impulsibus
1331 4587 1690 4643 admovebat.
1774 4589 2025 4646 Econtra

323 4677 533 4734 urbani
592 4676 821 4732 baleare
877 4675 1137 4732 celeriter
1199 4675 1483 4732 aediﬁcant
1549 4677 2019 4746 instrumentum,

323 4778 439 4834 quo
487 4765 654 4836 jactis
722 4764 1059 4836 ingentibus
1111 4765 1269 4820 saxis
1333 4765 1670 4821 nitebantur
1725 4765 2021 4821 debilitare

320 4853 636 4921 castellum,
663 4855 956 4910 intantum
988 4861 1052 4910 ut
1079 4853 1621 4924 frequenslapidum
1639 4854 1803 4920 ictus,
1821 4862 1875 4910 et
1896 4868 2016 4910 ma-

321 4940 506 4995 chinae
562 4941 864 5009 damnum,
930 4950 986 4997 et
1037 4942 1247 4997 nostris
1304 4940 1625 4997 minaretur
1698 4942 2014 4999 interitum.

320 5028 550 5097 lnjectis
585 5043 819 5099 quoque
869 5029 1079 5085 Graecis
1122 5030 1372 5100 ignibus,
1403 5044 1577 5099 super
1610 5030 1839 5100 phalam
1891 5045 2013 5085 mo-

319 5114 610 5171 liebantur
664 5117 1026 5184 incendium;
1080 5119 1178 5174 sed
1203 5132 1405 5175 eorum
1443 5119 1623 5174 Deum
1670 5133 1846 5188 super
1910 5118 2015 5173 isto

318 5202 516 5258 fefellit
544 5204 839 5259 annisum.

388 5290 716 5346 Acerrimas
745 5290 1056 5362 con/licius.
1089 5322 1156 5333 —-
1187 5293 1491 5351 Eminebat
1525 5306 1663 5364 ergo
1705 5293 2012 5350 aedilicium

317 5393 484 5434 muro
517 5378 708 5446 urbis;
747 5387 802 5434 et
847 5380 995 5434 inter
1024 5380 1128 5435 has
1174 5382 1425 5450 partium
1478 5382 1816 5449 collisiones,
1880 5384 2012 5438 ani-

316 5479 438 5522 mos
470 5466 860 5537 pugnantium
894 5466 1174 5523 ululantis
1203 5469 1356 5525 tubae
1386 5469 1674 5525 tumultus
1695 5472 2007 5526 exciverat.

311 5563 533 5623 Interea
588 5553 798 5610 milites
834 5568 907 5611 ex
959 5554 1169 5611 nostris
1208 5556 1447 5624 quidam
1500 5556 1769 5626 superius
1822 5557 2008 5627 phalze

2131 4414 2302 4471 calles
2329 4414 2659 4484 opplebant.
2698 4416 2766 4468 At
2813 4411 3180 4467 Boemundus
3229 4424 3327 4465 eos
3365 4409 3468 4480 qui
3512 4424 3571 4466 se
3617 4423 3816 4465 memo-

2133 4510 2256 4559 rato
2292 4502 2525 4572 palatio,
2568 4500 2651 4557 uti
2707 4500 2825 4571 ipse
2872 4498 3063 4570 jussit,
3126 4499 3497 4563 intruserant,
3550 4496 3809 4566 pervasit,

2132 4604 2263 4661 quae
2319 4590 2608 4646 habebant
2664 4587 2936 4657 abstulit;
2985 4587 3127 4643 alios
3179 4585 3345 4641 morti
3387 4585 3627 4650 addixit,
3678 4584 3812 4639 alios

2131 4678 2494 4735 Antiochiam
2528 4677 2731 4733 ductos
2767 4676 2939 4732 vendi
2975 4675 3165 4745 jussit.
3206 4675 3396 4730 Mense
3435 4682 3626 4730 autem
3671 4674 3811 4730 inte-

2128 4780 2250 4838 gro,
2284 4766 2700 4836 quaternisque
2726 4763 2948 4831 diebus,
2983 4764 3076 4819 hic
3107 4762 3310 4819 Franci
3357 4762 3535 4818 fecere
3577 4776 3803 4819 moram.

2196 4855 2279 4910 Ac
2308 4855 2384 4910 ibi
2416 4853 2704 4909 difficilem
2731 4866 2871 4922 gens
2894 4851 3023 4908 tulit
3053 4852 3323 4908 esuriem.

2194 4942 2275 4998 Ibi
2306 4941 2545 5013 quidam
2575 4954 2649 4995 ex
2681 4939 2906 5005 nostris,
2940 4939 3077 4994 dum
3120 4939 3434 5010 aliquibus.
3488 4939 3598 4995 imo
3641 4940 3807 4996 omni-

2123 5031 2235 5088 bus
2263 5028 2601 5086 necessariis
2633 5027 2913 5097 indigent,
2955 5027 3131 5083 nullis
3177 5043 3308 5098 quae
3353 5026 3649 5096 direptioni
3694 5042 3805 5084 suae

2122 5118 2308 5174 forent
2336 5125 2471 5186 apta
2509 5114 2926 5186 adjacentibus,
2976 5125 3333 5171 mortuorum
3369 5116 3801 5173 Sarracenorum

2120 5205 2426 5262 ventribus
2496 5204 2807 5269 temeratis,
2859 5204 2984 5259 ausi
3043 5212 3179 5259 sunt
3239 5206 3491 5273 ipsorum
3554 5204 3805 5262 intestina

2123 5292 2347 5359 rimari,
2383 5291 2524 5362 quia
2554 5290 2859 5347 audierant
2907 5306 3118 5348 aurum
3152 5301 3597 5364 argentumque,
3624 5295 3688 5350 ab
3732 5295 3806 5351 eis

2120 5381 2180 5436 in
2226 5388 2382 5436 arcto
2431 5379 2648 5449 positis,
2705 5379 2778 5435 ob
2827 5381 3143 5436 custodiam
3204 5383 3385 5437 solere
3431 5381 3645 5453 glutiri.
3698 5384 3794 5438 Alii

2118 5467 2383 5525 carnium
2407 5468 2592 5524 frusta
2621 5466 2920 5534 caedentes,
2952 5482 3025 5524 ex
3071 5469 3207 5539 ipsis
3254 5469 3474 5526 coxisse
3517 5477 3573 5526 et
3616 5484 3795 5528 come-

2117 5557 2268 5613 disse
2329 5556 2618 5615 feruntur.
2673 5555 2835 5622 Quod
2887 5564 3078 5614 tamen
3137 5565 3253 5614 tam
3310 5572 3510 5614 rarum
3572 5557 3810 5630 adeoque
