3934 6390
140 323 237 372 781

1249 320 1471 374 GESTA
1509 318 1626 374 DEI
1670 319 1806 374 PER
1850 319 2183 374 FLANISOS.
2230 349 2295 357 --
2323 319 2449 374 LIB.
2493 320 2581 373 VI.

3552 324 3657 373 782

139 449 332 505 latens
351 448 639 504 exstiterit
684 454 746 503 ut
795 446 1067 502 omnibus
1115 452 1313 503 utrum
1347 446 1493 502 idem
1558 446 1673 503 ﬁeri
1724 446 1842 503 ullo
1881 453 1923 506 A
1953 447 2107 502 circa
2134 447 2288 517 quod
2325 448 2418 502 ubi
2468 449 2803 518 disposuere
2852 448 3118 513 tentoria,
3164 447 3435 505 dominus
3464 449 3658 520 oppidi

143 535 317 592 modo
344 534 623 606 potuisset
653 549 793 605 pene
823 535 1066 591 dubium
1094 534 1185 590 sit.

812 623 1043 680 CAPUT
1086 622 1207 679 VII.

219 710 433 785 [XIX]
468 709 787 766 Boemundi
814 712 870 765 et
898 707 1233 782 Raymundi
1249 708 1520 764 simultas
1532 710 1857 766 recalescet.

145 830 221 840 —
254 801 482 856 Interea
506 799 876 856 Boemundus
903 812 1050 866 eam,
1081 811 1212 868 quae
1252 797 1481 853 interse
1522 807 1576 853 et
1597 798 1860 854 comitem

149 886 347 943 Saneti
392 887 584 958 Egidii
645 887 832 943 fuerat
877 887 1081 943 oborta
1133 886 1417 954 simultas,
1472 887 1702 955 penitus
1744 901 1859 944 non

149 976 442 1043 omittens,
487 977 626 1031 dum
658 975 766 1031 sibi
809 989 998 1031 comes
1037 975 1370 1030 nullatenus
1421 975 1616 1043 credit,
1678 975 1861 1031 iratus

152 1064 522 1120 Antiochiam
547 1064 711 1120 redit.
738 1063 852 1120 Nec
893 1076 1072 1125 mora,
1116 1076 1305 1118 comes
1338 1061 1569 1118 directis
1608 1063 1679 1118 ad
1708 1077 1861 1133 pra)-

150 1150 334 1207 fatam
382 1152 585 1208 urbem
635 1152 857 1224 legatis,
907 1152 1040 1208 duci
1086 1151 1411 1221 Godefrido,
1467 1150 1658 1207 comiti
1691 1151 1861 1207 Flan-

152 1240 471 1305 drensium,
512 1241 704 1296 itidem
735 1248 791 1296 et
819 1240 1376 1310 Northmannorum,
1410 1243 1661 1312 denique
1717 1242 1861 1296 Boe-

154 1328 397 1394 mundo,
438 1328 639 1403 Rugiae
685 1330 915 1398 (civitas
963 1339 1157 1385 autem
1201 1339 1285 1386 est
1332 1338 1648 1387 memorata
1695 1344 1862 1399 supe-

152 1417 303 1485 rius)
331 1417 684 1487 colloquium
713 1417 934 1473 indicit.
965 1418 1189 1482 Quibus
1214 1432 1384 1474 suum
1404 1418 1861 1474 accelerantibus

155 1504 475 1561 adventum
529 1506 764 1561 consilio
808 1506 1062 1576 generali
1108 1515 1408 1579 tractatur,
1459 1518 1751 1577 quatenus
1782 1507 1861 1561 sic

154 1593 271 1649 sibi
300 1594 681 1650 concordibus
735 1594 945 1649 animis
1009 1595 1335 1661 unirentur,
1391 1603 1453 1649 ut
1484 1607 1859 1665 nequaquam

155 1682 408 1739 ulterius
429 1683 712 1753 expeditio
736 1683 1251 1753 Hierosolymitana
1298 1691 1641 1739 moraretur.
1676 1683 1860 1753 Repe-

155 1772 313 1827 ritur
341 1772 685 1827 omnimodis
714 1773 1029 1827 concordiae
1061 1773 1429 1828 Boemundus
1454 1772 1691 1843 agendae
1731 1786 1863 1827 acer

157 1865 215 1914 et
274 1858 543 1925 insolens,
597 1860 707 1914 nisi
748 1872 868 1914 suae
915 1858 1101 1916 faveat
1160 1858 1447 1914 voluntati
1487 1873 1695 1926 comes,
1738 1861 1862 1913 An-

160 1946 393 2002 tiochiae
426 1947 577 2016 parti
635 1947 728 2002 cui
786 1946 1199 2002 dominabatur
1252 1946 1495 2014 cedens;
1568 1945 1864 2001 invenitur

156 2049 353 2090 comes
384 2036 455 2091 ad
515 2035 616 2091 ista
666 2035 923 2104 rigidior,
964 2034 1282 2090 obtendens
1331 2033 1488 2103 quod
1536 2031 1861 2102 imperatori

158 2125 491 2194 praebuerat
520 2132 966 2179 sacramentum.
1004 2124 1123 2178 Hac
1152 2136 1288 2193 ergo
1317 2121 1599 2177 mentium
1641 2121 1698 2175 in
1745 2135 1865 2176 sese

158 2209 474 2265 acerbitate
516 2210 703 2276 divisi,
754 2208 942 2265 Sancti
984 2208 1306 2280 Egidiensis
1357 2208 1451 2263 ille
1498 2208 1866 2263 Boemundus

157 2310 227 2352 ac
275 2297 401 2353 dux
467 2298 698 2367 pariter,
778 2296 1141 2353 Antiochiam
1200 2303 1339 2352 sunt
1397 2297 1630 2351 reversi.
1684 2296 1865 2351 Isdem

156 2399 372 2441 rursus
395 2385 464 2441 de
504 2386 698 2456 palatii
743 2392 797 2441 et
819 2385 1055 2453 castelli,
1089 2386 1241 2455 quod
1273 2391 1449 2455 portae
1478 2385 1673 2454 pontis
1714 2389 1863 2439 424

157 2473 328 2531 urbis
349 2475 771 2543 praeminebat,
803 2472 1082 2541 custodia,
1111 2474 1389 2530 militibus
1413 2474 1534 2528 suis
1560 2473 1863 2538 mandans,

157 2561 232 2618 ad
262 2561 540 2629 Murram,
574 2576 752 2632 quam
808 2562 1030 2632 pridem
1077 2569 1307 2632 ceperat
1353 2560 1648 2617 remeavit.
1699 2562 1867 2616 Atta—

156 2666 321 2717 men,
378 2666 494 2707 non
527 2652 756 2721 penitus
796 2651 1035 2707 rationis
1080 2665 1304 2721 expers,
1361 2658 1416 2706 et
1456 2650 1512 2705 in
1539 2662 1644 2705 sua
1678 2646 1865 2718 pervi-

156 2741 325 2797 cacia
354 2740 686 2796 communia
717 2740 931 2795 damna
953 2740 1327 2810 perpendens,
1362 2739 1501 2794 dum
1543 2738 1869 2807 pertinaciae

159 2830 293 2899 ejus
326 2842 503 2884 causa
537 2828 819 2884 Dominici
841 2828 1086 2897 sepulcri
1117 2827 1343 2898 cogitur
1363 2825 1582 2883 difl'erri
1613 2826 1866 2893 libertas,

160 2916 333 2973 tertio
392 2916 611 2971 decimo
661 2915 810 2971 infra
853 2916 1198 2972 Ianuarium
1256 2914 1363 2981 die,
1418 2914 1509 2969 vir
1575 2912 1866 2984 egregius,

162 3004 434 3076 nudipes,
472 3018 505 3060 a
535 3005 727 3060 Marra
780 3004 1011 3060 civitate
1063 3004 1449 3074 progreditur,
1492 3001 1870 3072 pervenitque

162 3093 558 3165 Caphardam,
580 3091 778 3162 ibique
809 3091 997 3148 triduo
1028 3091 1257 3147 mansit.
1293 3091 1415 3146 Illic
1439 3089 1871 3145 Northmannize

166 3196 381 3247 comes,
415 3181 708 3237 simultate
745 3181 988 3242 deserta,
1022 3180 1100 3236 illi
1147 3179 1542 3251 coniungitur.

242 3267 425 3343 [XX]
473 3267 905 3327 Casarienszum
960 3285 1063 3325 rex
1085 3285 1215 3323 cum
1244 3267 1460 3322 nostris
1507 3264 1654 3323 iniri
1684 3263 1874 3329 foedus

166 3363 358 3431 rogat.
418 3390 488 3398 —
536 3359 815 3415 Praeterea
865 3371 968 3413 rex
1015 3356 1453 3414 Caesariensium
1504 3355 1696 3411 Sancti
1730 3353 1872 3425 Egi-

168 3448 356 3505 diensi
388 3447 502 3503 illic
539 3446 729 3503 comiti
762 3445 1048 3516 frequenti
1098 3446 1382 3517 legatione
1412 3451 1693 3509 suaserat,
1727 3455 1872 3513 qua-

168 3542 342 3593 tenus
363 3549 558 3592 secum
589 3534 783 3591 solidze
812 3535 1133 3605 pactionem
1164 3533 1319 3604 pacis
1361 3533 1551 3600 iniret,
1587 3532 1875 3603 Spondens

170 3624 329 3696 quod
360 3624 578 3695 ubique
617 3623 839 3693 imperii
869 3624 959 3680 sui
991 3623 1333 3680 Christianis
1362 3621 1699 3692 adjumenta
1732 3634 1875 3691 prm-

173 3714 351 3783 beret,
403 3711 633 3784 negotia
678 3713 960 3779 ciborum,
1017 3711 1265 3767 vestium
1304 3717 1359 3767 et
1396 3723 1707 3781 equorum,
1753 3723 1875 3765 om-

172 3803 460 3873 niumque
492 3799 622 3858 usui
650 3801 1061 3872 pertinentium
1094 3815 1209 3856 non
1259 3807 1515 3871 negaret.
1551 3799 1670 3855 Hac
1696 3798 1873 3854 nostri

178 3891 584 3961 pollicitatione
609 3890 811 3962 gavisi,
856 3889 1031 3961 juxta
1083 3889 1288 3945 urbem
1335 3888 1561 3959 eligunt
1601 3887 1876 3943 taberna-

178 3980 446 4037 culorum
487 3979 611 4034 loca
667 3978 881 4045 sortiri,
933 3978 1236 4048 Pharphar
1287 3991 1542 4047 namque
1581 3975 1799 4032 ﬂuvius
1843 3989 1878 4030 a

184 4067 434 4125 civitatis
484 4067 774 4123 moenibus
827 4067 983 4123 haud
1040 4066 1210 4137 longe
1264 4065 1631 4136 praeterﬂuit;
1685 4071 1745 4120 at
1774 4078 1877 4120 rex

184 4156 366 4223 urbis,
401 4164 701 4227 prospecto
722 4163 882 4212 tanto
903 4155 1184 4223 exercitu,
1213 4169 1329 4210 non
1364 4153 1612 4211 multum
1652 4153 1721 4209 de
1750 4153 1881 4209 talis

185 4244 547 4302 contubernii
594 4243 1019 4315 propinquitate
1074 4243 1318 4309 laetatus,
1391 4256 1543 4313 aegre
1606 4241 1760 4307 tulit,
1827 4247 1882 4297 et

1967 535 2199 592 obviam
2226 537 2516 607 processit,
2553 552 2685 593 cum
2719 536 2924 593 comite
2956 536 3104 593 facta
3134 538 3464 594 concordia.

2041 624 2238 679 Plures
2257 624 2580 680 Christiani
2602 640 2801 697 cepere
2846 625 3031 680 urbes.
3068 654 3133 667 —
3164 625 3424 696 Denique
3456 640 3665 697 prope-

1968 722 2093 770 rata
2136 714 2404 785 deinceps
2471 714 2720 770 motione
2780 723 3123 780 castrorum,
3183 713 3499 784 quamdam
3554 716 3669 784 pul-

1968 803 2315 859 cherrimam
2347 803 2657 871 civitatem,
2692 805 2972 861 vocabulo
2999 804 3358 875 Kephaliam,
3400 804 3670 862 omnibus

1968 890 2299 959 opulentam
2348 890 2510 946 bonis
2554 890 2869 962 attingunt,
2921 891 2979 945 in
3026 891 3279 961 quadam
3322 890 3472 946 valle
3519 892 3668 961 posi-

1969 984 2106 1033 tam.
2141 983 2210 1034 At
2258 979 2627 1045 habitatores,
2676 979 2928 1034 Francos
2959 977 3058 1034 ubi
3101 978 3399 1035 advenisse
3436 992 3670 1049 compe—

1968 1066 2148 1135 riunt,
2214 1067 2418 1124 urbem
2490 1068 2781 1135 deserunt,
2854 1067 3263 1123 alimentorum
3313 1067 3671 1138 plenitudine

1972 1155 2188 1212 refertis
2237 1157 2524 1224 domibus,
2573 1170 2704 1211 cum
2744 1163 2799 1211 et
2842 1156 2992 1212 horti
3039 1155 3247 1226 passim
3281 1155 3671 1212 exuberarent

1969 1244 2275 1312 fructibus,
2340 1244 2491 1300 solas
2540 1244 2648 1300 sibi
2692 1245 2907 1300 salutes
2955 1244 3318 1315 subterfugio
3364 1243 3515 1299 tueri
3573 1243 3670 1300 eli-

1968 1339 2131 1403 gunt.
2189 1333 2376 1388 Tertio
2430 1346 2464 1388 a
2505 1332 2741 1403 przefata
2788 1332 3173 1388 discesserunt
3215 1332 3359 1388 urbe
3406 1331 3517 1398 die,
3583 1345 3671 1388 ar-

1968 1421 2203 1490 duaque
2243 1421 2433 1487 nimis,
2485 1429 2539 1476 et
2573 1434 2818 1491 scrupea
2860 1427 3138 1477 montana
3166 1420 3582 1487 conscendunt,
3614 1427 3670 1476 et

1969 1512 2039 1567 ad
2075 1512 2246 1566 aliam
2305 1512 2571 1580 deinceps
2618 1510 2845 1577 vallem,
2900 1525 3017 1566 non
3060 1510 3286 1578 minori,
3338 1524 3514 1580 quam
3566 1511 3667 1566 ubi

1972 1597 2253 1668 Kephalia
2301 1606 2443 1665 erat,
2488 1597 2775 1654 fertilitate
2823 1598 3104 1667 vividam,
3178 1597 3379 1653 iterato
3427 1597 3667 1652 descen-

1969 1685 2137 1753 dunt,
2199 1686 2395 1757 ibique
2449 1686 2778 1756 quindecim
2836 1686 3011 1742 ferme
3066 1685 3289 1753 diebus,
3346 1684 3669 1741 substantia

1965 1772 2272 1843 jucundati
2304 1774 2588 1841 uberiore,
2622 1788 2742 1830 sese
2803 1773 3089 1830 reficiunt.
3128 1773 3227 1828 His
3256 1787 3491 1843 quoque
3520 1788 3664 1829 con-

1969 1860 2195 1931 tiguum
2241 1860 2377 1916 locis
2423 1860 2715 1930 quoddam
2765 1860 2998 1916 Francis
3037 1860 3345 1916 nuntiatur
3399 1859 3516 1915 fore
3566 1873 3665 1914 ca-

1972 1948 2230 2014 steilum;
2263 1948 2334 2003 ad
2386 1947 2440 2003 id
2481 1947 2842 2004 confluxerat
2886 1947 3071 2004 multa
3116 1946 3288 2003 nimis
3344 1946 3668 2016 frequentia

1974 2048 2351 2107 paganorum.
2388 2035 2550 2101 Quod
2582 2035 2761 2092 nostri
2802 2050 2935 2092 cum
2976 2036 3334 2105 rapidissima
3372 2034 3668 2092 obsidione

1973 2121 2306 2190 cinxissent,
2362 2130 2570 2193 praesto
2642 2132 2766 2179 erat
2822 2131 2887 2179 ut
2938 2124 3295 2195 subigerent,
3359 2139 3491 2180 cum
3541 2138 3669 2179 ecce

1972 2208 2242 2276 oppidani
2282 2222 2395 2264 non
2427 2222 2642 2277 paucas
2685 2218 3078 2266 armentorum
3111 2211 3304 2282 copias
3354 2212 3466 2268 illis
3519 2212 3672 2281 obji-

1973 2296 2155 2358 ciunt,
2215 2296 2433 2366 talique
2488 2296 2774 2353 lenocinio
2831 2306 2895 2354 ut
2937 2299 3010 2354 ab
3067 2298 3362 2355 obsidione
3397 2300 3674 2356 desistant

1972 2398 2069 2440 eos
2100 2384 2171 2440 ad
2225 2392 2453 2455 tempus
2512 2385 2777 2440 illiciunt.
2830 2387 2903 2442 At
2942 2400 3169 2442 summo
3191 2387 3447 2444 diluculo
3475 2387 3672 2443 admo-

1976 2480 2174 2528 ventes
2215 2474 2396 2528 nostri
2450 2473 2695 2529 tentoria
2752 2482 2960 2538 castro,
2991 2475 3133 2532 illud
3159 2475 3417 2533 obsidere
3470 2489 3673 2546 propo-

1976 2568 2142 2617 nunt.
2173 2560 2350 2627 Quem
2382 2576 2585 2618 eorum
2618 2570 2888 2619 conatum
2947 2563 3046 2619 ubi
3079 2578 3220 2635 gens
3252 2576 3479 2635 pagana
3539 2576 3674 2633 per-

1975 2650 2169 2712 sensit,
2211 2650 2379 2707 celeri
2442 2651 2580 2722 fuga
2627 2651 2922 2719 recedunt,
2970 2665 3339 2722 vacuumque
3398 2650 3673 2721 oppidum

1976 2737 2410 2808 derelinquunt.
2446 2739 2778 2810 Ingreditur
2808 2739 3138 2797 Christiana
3180 2740 3407 2807 militia,
3453 2739 3678 2810 proﬂua

1977 2826 2120 2882 inibi
2150 2826 2445 2893 frumenti,
2488 2827 2630 2894 vini,
2667 2827 2865 2884 farinae
2888 2842 2955 2882 ac
2983 2828 3087 2884 olei
3139 2828 3323 2884 inesse
3352 2827 3676 2898 deprehen-

1977 2913 2136 2969 ditur
2163 2913 2564 2981 exuberantia,
2598 2922 2652 2970 et
2682 2914 2730 2969 si
2760 2929 2878 2984 qua
2905 2914 3145 2972 fuissent
3169 2916 3509 2972 necessaria.

2050 3000 2196 3073 Regi
2223 3001 2579 3073 Tripolitano
2602 3019 2806 3074 pacem
2835 3006 3050 3074 negant
3081 3002 3406 3058 Christiani
3421 3003 3486 3057 ni
3515 3001 3681 3057 Chri-

1976 3089 2066 3141 sla
2092 3088 2186 3143 det
2212 3104 2437 3142 nomen.
2480 3119 2548 3128 —
2583 3089 2705 3145 Illic
2750 3098 2870 3145 tota
2899 3089 3213 3156 affectione,
3250 3090 3674 3146 Pu’riﬁcationis

1978 3176 2157 3233 beatze
2210 3177 2404 3233 Mariae
2457 3178 2595 3233 festa
2652 3179 2974 3234 coluerunt.
3026 3178 3147 3234 Illic
3204 3179 3378 3234 etiam
3432 3177 3675 3234 Camelae

1980 3265 2226 3322 civitatis
2274 3266 2425 3338 regis
2467 3267 2680 3337 legatos
2721 3275 3093 3336 exceperunt.
3154 3267 3272 3322 Rex
3308 3266 3480 3337 plane
3527 3266 3678 3322 idem

1979 3355 2169 3411 chiti
2199 3369 2400 3426 equos,
2449 3369 2684 3423 aurum,
2728 3364 3154 3426 argentumque
3187 3363 3484 3425 sequestra
3522 3355 3677 3425 lega-

1977 3445 2132 3500 tione
2164 3444 2489 3514 paciscitur,
2528 3444 2813 3515 pollicitus
2843 3444 2999 3515 quod
3037 3443 3392 3500 Christianos
3431 3444 3487 3498 in
3519 3442 3679 3499 nullo

1978 3532 2307 3600 offenderet,
2351 3533 2448 3588 sed
2487 3532 2737 3589 debitam
2797 3533 2876 3588 eis
2931 3532 3313 3588 reverentiam
3359 3531 3678 3588 exhiberet.

1980 3622 2101 3678 Rex
2161 3622 2331 3678 etiam
2358 3621 2752 3692 Tripolitanus
2799 3621 2992 3678 comiti
3036 3621 3291 3686 mandat,
3344 3621 3499 3691 quod
3547 3633 3679 3691 gra-

1982 3717 2188 3777 tanter,
2246 3709 2291 3765 si
2323 3710 2480 3777 velit,
2514 3723 2645 3766 cum
2695 3724 2762 3765 eo
2804 3718 3034 3779 pactum
3095 3709 3266 3776 ineat,
3328 3708 3558 3764 directis
3599 3709 3679 3764 ei-

1981 3800 2108 3854 dem
2143 3799 2333 3854 decem
2374 3799 2558 3868 equis,
2598 3805 2852 3869 quatuor
2900 3798 3091 3865 mulis,
3125 3804 3179 3853 et
3225 3811 3370 3854 auro
3408 3812 3523 3853 non
3556 3810 3683 3852 mo-

1982 3888 2129 3944 dico.
2162 3889 2362 3943 Comes
2395 3901 2526 3943 vero
2555 3886 2652 3954 ait,
2698 3885 3034 3941 nullatenus
3061 3899 3120 3941 se
3148 3901 3278 3943 cum
3338 3901 3407 3941 eo
3446 3884 3681 3956 paciﬁee

1983 3982 2273 4040 acturum,
2307 3973 2417 4029 nisi
2447 3973 2575 4029 fidei
2607 3982 2815 4029 nostrae
2844 3980 3207 4028 sacramenta
3239 3973 3569 4043 susciperet.

2057 4063 2451 4134 Egrediuntur
2478 4061 2546 4117 de
2578 4061 2743 4129 valle,
2805 4074 2982 4131 quam
3022 4061 3293 4131 superius
3345 4061 3677 4129 memoravi,

1987 4151 2318 4221 uberrima;
2367 4158 2423 4207 et
2474 4150 2547 4207 ad
2598 4150 2927 4220 praesidium
2988 4157 3200 4206 natura
3230 4150 3681 4207 munitissimum

1986 4240 2047 4296 in
2104 4241 2269 4310 rupis
2316 4253 2583 4309 supremo
2632 4239 2901 4309 positum,
2958 4238 3114 4309 quod
3167 4238 3379 4295 dicitur
3442 4239 3680 4305 Archas,

186 4332 296 4388 nisi
350 4334 514 4390 ocius
571 4332 702 4388 inde
767 4334 1117 4400 recederent,
1190 4337 1507 4387 mercatum
1562 4329 1764 4385 vetuit.
1815 4329 1879 4385 In
1918 4328 2319 4388 DFebruariis
2354 4329 2570 4395 Idibus,
2604 4342 2737 4384 cum
2778 4334 2924 4384 esset
2978 4327 3233 4384 secunda
3263 4327 3405 4384 feria
3432 4327 3683 4385 devene—

187 4422 525 4491 crastinum,
564 4421 709 4478 duos
755 4436 887 4477 cum
921 4420 1130 4476 nostris
1160 4433 1233 4476 ex
1264 4419 1385 4475 suis
1435 4419 1612 4485 misit,
1644 4419 1749 4491 qui
1798 4417 1882 4474 eis

187 4509 405 4566 vadum
436 4509 695 4565 ﬂuminis
724 4509 1203 4576 demonstrarent,
1239 4522 1452 4579 eosque
1503 4507 1883 4578 perducerent

189 4610 303 4667 quo
362 4598 570 4669 praedae
608 4596 828 4668 aliquid
884 4596 1133 4667 diripere
1225 4604 1473 4667 possent.
1520 4596 1726 4666 Itaque
1808 4595 1882 4652 ab

188 4685 422 4755 eisdem,
458 4686 725 4757 quaedam
772 4686 972 4742 subter
1001 4685 1293 4756 quoddam
1348 4684 1558 4742 nostris
1604 4684 1880 4755 oppidum

186 4774 355 4831 vallis
390 4775 749 4844 ostenditur,
804 4773 907 4831 ubi
946 4774 1287 4830 animalium
1345 4773 1758 4830 numerositate
1794 4787 1882 4829 re-

186 4868 366 4931 perta,
416 4866 679 4935 quinque
740 4855 918 4919 ferme
964 4863 1146 4919 millia
1208 4863 1537 4933 rapiuntur,
1586 4861 1880 4932 frumenti,

188 4958 641 5023 caeterorumque
698 4952 928 5009 utilium
988 4951 1241 5022 plurima
1287 4950 1448 5021 copia
1502 4950 1802 5021 reperitur,
1854 4966 1885 5007 e

192 5038 406 5106 quibus
436 5040 504 5096 ad
538 5040 827 5112 integrum
863 5041 1158 5111 equitatus
1187 5040 1279 5096 ille
1318 5038 1593 5095 reficitur.
1622 5038 1885 5095 Castrum

195 5137 426 5197 quoque
460 5129 638 5185 idem'
672 5126 729 5182 in
785 5129 883 5200 jus
913 5128 1157 5197 comitis,
1196 5140 1303 5183 sua
1350 5126 1531 5197 ipsius
1577 5125 1882 5194 deditione,

194 5215 507 5286 trajicitur;
563 5230 773 5273 aurum
808 5231 880 5273 ex
932 5230 998 5273 eo
1052 5232 1171 5273 non
1225 5216 1515 5272 modicum
1546 5229 1680 5271 cum
1721 5214 1889 5284 equis

196 5302 512 5375 praebetur;
571 5307 897 5375 nostrisque
951 5317 1051 5374 per
1114 5305 1330 5369 omnia,
1384 5304 1524 5373 quia
1580 5315 1887 5372 nunquam

197 5401 290 5445 eos
323 5391 612 5461 laederent,
658 5392 933 5449 securitas
979 5400 1135 5449 certa
1175 5392 1546 5463 promittitur.
1609 5391 1890 5447 Sederunt

200 5479 456 5552 quinque
503 5481 708 5538 diebus
752 5481 978 5538 ibidem.
1038 5481 1173 5536 Inde
1203 5479 1461 5552 digressi,
1494 5480 1566 5536 ad
1597 5478 1754 5536 aliud
1792 5477 1889 5535 de-

198 5576 405 5626 venere
432 5569 732 5642 oppidum,
767 5568 921 5640 quod
952 5581 986 5625 a
1013 5575 1180 5640 gente
1219 5565 1576 5623 incolebatur
1607 5564 1887 5635 Arabum,

656 5740 687 5753 κ

1991 4426 2147 4486 runt,
2199 4418 2507 4488 vicinaque
2566 4416 2867 4488 municipii
2934 4416 3111 4472 tensis
3160 4416 3525 4487 papilonibus
3590 4431 3680 4473 oc-

1989 4513 2368 4577 cupaverunt.
2398 4504 2561 4572 Quod
2592 4504 2824 4575 quidem
2877 4503 3317 4561 innumerabilis
3362 4504 3686 4562 infercierat

1991 4594 2301 4652 multitudo
2349 4606 2733 4665 paganorum,
2791 4591 3111 4649 Turcorum
3159 4592 3440 4661 videlicet,
3486 4592 3686 4650 Sarra-

1991 4697 2265 4740 cenorum
2313 4690 2365 4739 et
2414 4681 2693 4748 Arabum,
2742 4682 2842 4751 qui
2911 4688 3117 4750 praeter
3180 4679 3421 4750 originis
3484 4679 3687 4735 muni-

1992 4780 2275 4837 mentum,
2320 4770 2527 4826 fortius
2593 4768 2736 4825 illud
2780 4767 3123 4824 omnimodis
3177 4780 3283 4824 sua
3360 4766 3690 4836 pluralitate

1992 4860 2380 4918 reddiderant.
2413 4856 2663 4928 Contigit
2689 4856 2919 4924 ibidem,
2955 4854 3392 4927 quatuordecim
3431 4869 3497 4911 ex
3535 4854 3695 4912 Chri-

1993 4950 2179 5006 stiano
2201 4947 2462 5004 exercitu
2486 4946 2633 5001 viros
2661 4945 2885 5015 equites
2928 4952 3130 5000 contra
3163 4943 3434 5013 Tripolim
3476 4943 3686 5000 urbem

1995 5052 2126 5110 quae
2149 5035 2338 5093 fuerat
2387 5036 2467 5092 illi
2496 5033 2827 5105 propinqua
2882 5031 3111 5089 castello
3144 5032 3443 5102 procedere
3476 5046 3591 5088 non
3615 5032 3689 5089 ob

1995 5125 2173 5191 aliud,
2207 5124 2250 5179 si
2291 5138 2406 5179 non
2451 5123 2635 5191 fallor,
2681 5121 2789 5177 nisi
2826 5129 2888 5178 ut
2928 5120 3186 5177 valerent
3232 5120 3531 5191 quidpiam
3569 5120 3694 5177 esui

1995 5213 2357 5270 commodum
2408 5212 2511 5268 sibi
2560 5210 2911 5267 contrahere.
2950 5208 3039 5275 Hi,
3094 5208 3356 5278 inquam,
3407 5215 3695 5277 quatuor-

1997 5302 2179 5358 decim
2236 5314 2366 5356 cum
2415 5307 2624 5367 essent,
2684 5298 2987 5369 sexaginta
3039 5294 3265 5352 circiter
3301 5294 3536 5362 Turcos,
3570 5294 3697 5352 aliis

1996 5390 2167 5446 etiam
2216 5388 2625 5444 romi'antibus
2676 5399 2957 5456 reperere.
3002 5383 3107 5452 Qui
3167 5398 3283 5454 prae
3326 5398 3385 5439 se
3438 5384 3699 5440 homines

1999 5491 2067 5533 ac
2097 5474 2392 5541 animalia,
2425 5490 2558 5547 quae
2579 5475 2815 5546 praedati
2873 5474 3122 5538 fuerant,
3182 5471 3492 5542 plusquam
3545 5472 3700 5527 mille

2003 5563 2437 5636 quinquaginta
2495 5564 2862 5620 deducerent.
2918 5560 3049 5628 Qui,
3109 5560 3429 5632 sponsionis
3503 5558 3701 5617 Domi-
