3934 6450
233 379 335 429 783

1138 373 1198 426 ν.
1239 370 1568 427 GUIBERTI
1608 371 1899 426 ABBATIS
1936 372 1992 426 S.
2036 370 2277 425 ΜΑΒΙΑΞ
2315 369 2407 425 ΒΕ
2447 370 2830 426 NOVIGENTO

3638 372 3755 423 784

229 509 375 566 nica
397 507 533 579 ipsis
567 512 929 562 exsecutores
973 502 1288 564 effectibus.
1346 503 1499 574 quod
1543 524 1565 552 ι
1607 502 1722 559 duo
1756 501 1919 574 fuga—
1957 505 2004 557 A
2038 503 2215 570 berto,
2248 508 2550 573 postquam
2581 500 2673 557 sui
2702 514 2986 570 comparts
3034 498 3142 555 fuit
3186 507 3475 569 comperta
3534 514 3756 555 neces-

232 605 361 655 rent
388 597 581 652 decem
610 593 808 660 millia,
855 600 911 648 et
937 606 1093 648 unus
1123 591 1274 648 mille
1306 592 1494 659 (Deut.
1532 605 1710 658 xxxn,
1753 590 1863 657 30),
1899 611 1920 639 ι

228 684 527 754 exsculpto
562 682 670 753 piis
720 681 777 736 in
830 682 1120 737 mentibus
1149 679 1338 736 crucis
1387 682 1574 750 signo,
1610 679 1722 735 Deo
1752 678 1925 734 anni-

233 782 403 839 tente,
465 768 786 826 incredibili
836 782 930 824 eos
981 766 1225 823 audacia
1282 766 1584 837 subigunt,
1633 780 1800 822 senos
1852 779 1925 821 ex

233 860 325 915 his
356 859 664 928 perimunt,
694 870 874 925 equos
928 853 1156 910 totidem
1199 853 1712 922 comprehendunt.

308 947 547 1002 Torlosa
597 945 735 998 urbe
778 941 1081 1015 poliuntur
1140 940 1485 995 Christiani.
1545 971 1609 980 —
1647 941 1821 996 Porro
1858 940 1928 996 de

232 1035 421 1092 Sancti
455 1033 719 1105 Egidiani
778 1030 1001 1087 comitis
1039 1029 1327 1100 equitatu,
1389 1029 1753 1085 Raimundus
1812 1028 1924 1096 ille,

231 1124 401 1193 cujus
427 1121 680 1191 probitas
708 1120 766 1174 in
816 1118 922 1173 hoc
946 1117 1224 1189 opusculo
1254 1118 1513 1173 crebram
1546 1118 1729 1189 exigit
1767 1130 1926 1172 men-

230 1212 462 1277 tionem,
531 1223 702 1279 quem
758 1207 992 1263 Pilitum
1066 1206 1458 1278 cognominari
1513 1206 1789 1273 diximus,
1837 1206 1929 1261 vir

231 1298 410 1355 animi
437 1296 751 1354 acrimonia
799 1301 854 1351 et
900 1309 1193 1351 armorum
1253 1293 1537 1351 industria
1566 1294 1929 1350 vehementer

229 1393 380 1444 4:5
415 1385 713 1457 egregius,
760 1397 894 1439 cum
943 1382 1054 1438 alio
1106 1381 1360 1452 quodam
1405 1381 1731 1450 cognomini
1779 1380 1923 1448 viro,

231 1475 334 1546 qui
401 1481 525 1529 erat
571 1473 900 1537 vicecomes,
984 1470 1192 1538 ofﬁcio,
1273 1471 1565 1526 Tortosam
1636 1469 1924 1526 civitatem

228 1568 534 1632 expetunt;
579 1567 634 1616 et
665 1560 850 1629 primo
894 1573 1019 1615 eam
1060 1558 1307 1625 assultu,
1353 1573 1524 1627 quem
1584 1557 1927 1613 ferocissime

229 1651 571 1716 intulerunt,
620 1663 736 1703 non
766 1647 1071 1703 minimum
1116 1647 1242 1718 ejus
1314 1644 1421 1700 loci
1472 1645 1772 1715 indigenas
1814 1652 1926 1700 ter-

232 1745 496 1795 ruerunt.
561 1737 681 1802 Hic,
736 1749 837 1805 pro
884 1735 973 1790 sui
1011 1734 1388 1801 munimento,
1421 1734 1573 1803 quod
1610 1732 1924 1802 plurimum

230 1826 556 1891 videbatur,
605 1822 908 1894 gentilium
976 1820 1329 1877 incredibilis
1378 1821 1749 1890 populositas,
1805 1834 1927 1874 mu-

230 1927 464 1970 scarum
492 1912 561 1967 ad
580 1912 781 1976 instar,
808 1908 1142 1965 inﬂuxerat.
1167 1909 1341 1965 Nocte
1362 1908 1625 1979 sequenti
1649 1909 1704 1963 in
1727 1921 1929 1978 quam-

229 2002 361 2058 dam
443 2000 695 2056 civitatis
761 2000 989 2069 plagam
1060 1997 1424 2067 hospitaturi,
1507 1997 1620 2052 imo
1682 1995 1928 2053 tentoria

230 2090 404 2146 ﬁxuri
436 2089 762 2154 divertunt;
798 2087 950 2142 focos
980 2087 1101 2142 sine
1131 2100 1370 2142 numero
1401 2100 1501 2155 per
1526 2084 1825 2141 excubias.
1861 2098 1929 2140 ac

228 2178 275 2232 si
334 2177 640 2234 universus
687 2176 1041 2231 Francorum
1090 2174 1311 2230 adforet
1351 2174 1550 2241 hostis,
1593 2174 1923 2229 instituunt.

229 2266 481 2335 Expavit
516 2272 572 2320 et
600 2264 847 2319 concidit
883 2272 1141 2318 extrema
1186 2262 1577 2331 desperatione
1620 2260 1925 2331 gentilitas,

229 2354 707 2423 perpendensque
758 2365 817 2405 se
857 2364 972 2404 non
1031 2364 1193 2419 posse
1236 2358 1398 2405 scuto
1456 2350 1748 2419 propriam
1780 2348 1925 2404 tueri

228 2441 492 2506 salutem,
548 2446 739 2496 censet
804 2438 876 2493 ad
961 2437 1227 2493 ultimum
1288 2439 1616 2492 evitandam
1688 2450 1927 2507 quoquo

226 2529 395 2584 modo
442 2527 531 2584 vel
603 2527 847 2596 pedibus
915 2534 1174 2581 mortem.
1220 2525 1404 2581 Noctu
1454 2526 1648 2595 itaque
1694 2525 1929 2581 snlenter

226 2617 425 2687 elapsi,
490 2615 799 2681 civitatem,
864 2613 1039 2669 totius
1090 2614 1397 2683 opulentia
1451 2612 1697 2669 fortunis
1748 2612 1926 2668 infer-

226 2712 369 2772 tam,
402 2717 640 2759 vacuam
699 2701 856 2756 omni
914 2700 1230 2757 habitatore
1286 2700 1642 2771 relinquunt,
1693 2699 1793 2770 pii,
1847 2701 1930 2756 in-

226 2806 428 2863 quam,
489 2790 797 2860 Scriptura
848 2789 1003 2844 illius
1050 2788 1413 2858 impletores:
1456 2810 1483 2837 «
1523 2788 1669 2853 Quia
1723 2788 1925 2859 pellem

226 2894 331 2949 pro
396 2877 556 2949 pelle,
607 2887 663 2933 et
714 2885 922 2933 cuncta
975 2892 1107 2948 qua
1160 2877 1331 2931 habet
1391 2877 1558 2931 homo
1607 2876 1765 2932 dabit
1824 2889 1925 2946 pro

226 2967 420 3023 anima
451 2981 558 3023 sua
582 2965 711 3036 (Job
743 2980 800 3032 ιι,
850 2965 926 3036 Ii).
964 2989 992 3013 υ
1037 2965 1169 3020 Hac
1192 2965 1396 3019 civitas
1430 2978 1607 3034 quam
1639 2965 1923 3034 optimum

2038 592 2194 657 sitas,
2244 605 2379 646 cum
2426 604 2513 656 eo,
2548 590 2649 660 qui
2705 587 2919 644 Gibello
2949 587 3167 644 civitati
3196 595 3462 657 praerat,
3486 587 3749 656 acceptis

2032 678 2356 751 magniﬁcis
2384 691 2672 749 equorum
2709 677 2957 746 aurique
3008 675 3368 742 muneribus,
3424 675 3602 733 iniere
3639 675 3751 732 fa-

2032 767 2188 835 dera,
2246 776 2301 823 et
2346 765 2765 822 adminiculum
2826 765 3158 834 prastituri,
3209 773 3610 820 convenerunt
3671 764 3753 819 ad

2031 854 2316 920 camitem,
2376 867 2556 924 quam
2611 853 2870 908 obsidere
2938 860 3231 921 caperent
3288 852 3431 908 urbe
3480 852 3751 908 dimissa.

2034 941 2527 1010 Exspectationem
2561 949 2752 997 autem
2782 941 3115 997 eorumdem
3147 940 3279 997 belli
3330 940 3586 1011 gerendi,
3640 954 3752 997 ru-

2034 1030 2253 1099 migera
2314 1029 2614 1085 frustravit
2670 1030 2883 1099 opinio.
2933 1029 3094 1085 Unde
3155 1028 3371 1098 pariter
3429 1027 3755 1098 conspirati

2034 1118 2257 1174 Archas
2308 1119 2608 1174 castellum
2662 1127 2912 1187 repetere
2982 1116 3397 1173 deliberarunt.
3452 1116 3557 1173 Ubi
3600 1130 3753 1172 cum

2033 1207 2334 1263 obstinatis
2378 1214 2578 1263 contra
2622 1206 2865 1276 idipsum
2924 1205 3132 1261 animis
3193 1205 3563 1271 desedissent,
3619 1218 3749 1260 non

2035 1296 2219 1352 multo
2294 1304 2414 1367 post
2476 1296 2862 1366 Tripolitanos
2927 1303 3077 1350 moto
3153 1295 3412 1350 exercitu
3485 1294 3743 1349 invisere

2036 1385 2372 1456 gestierunt,
2409 1392 2782 1454 repereruntq
2796 1398 2883 1451 ne,
2919 1383 2978 1438 in
3006 1384 3092 1439 sui
3111 1383 3472 1452 providentia
3500 1382 3745 1452 positos,

2037 1486 2140 1542 pro
2210 1474 2497 1529 manibus
2564 1473 2745 1542 ipsius
2812 1471 2970 1527 urbis
3029 1470 3290 1526 hostilem
3341 1468 3745 1539 manipulum,

2033 1561 2356 1618 Turcorum
2432 1561 2716 1626 videlicet,
2798 1559 3248 1615 Sarracenorum
3321 1572 3389 1615 ac
3451 1558 3745 1614 Arabum.

2037 1649 2262 1714 Quibus
2312 1649 2489 1705 nostri
2539 1649 2729 1705 debita
2791 1648 3295 1703 animadversione
3352 1647 3610 1716 pervasis
3667 1645 3750 1701 ad

2033 1749 2372 1806 supremum
2396 1736 2546 1807 fuga
2580 1736 2726 1791 illico
2752 1749 3078 1805 compuere
3109 1734 3445 1790 remedium.

2105 1824 2191 1879 lbi
2246 1832 2406 1880 tanta
2442 1825 2621 1893 ipsius
2654 1824 2812 1879 urbis
2844 1825 3159 1890 nobilium,
3195 1836 3308 1877 non
3352 1822 3518 1876 modo
3557 1821 3749 1877 cades

2033 1913 2272 1981 exstitit,
2322 1913 2420 1969 sed
2463 1926 2531 1967 ac
2559 1912 2605 1967 si
2636 1926 2667 1967 e
2697 1912 3019 1980 pecoribus,
3053 1909 3437 1976 carnificium,
3473 1911 3745 1965 utetiam

2035 2003 2194 2060 unda
2223 2001 2500 2069 ﬂuminis,
2561 2001 2716 2071 quod
2788 1999 3004 2055 civitati
3071 1998 3284 2066 inﬂuit,
3360 1998 3569 2054 mistim
3613 1997 3746 2052 fuso

2034 2105 2241 2148 cruore
2270 2090 2524 2155 ruberet,
2560 2097 2615 2145 et
2645 2089 2745 2144 tali
2778 2088 3196 2143 commaculata
3252 2087 3431 2152 sanie,
3466 2087 3746 2156 qualibet

2033 2192 2233 2234 eorum
2281 2179 2526 2233 cisterna
2581 2178 2853 2231 sorderet.
2907 2178 2992 2229 Ex
3049 2189 3166 2244 quo
3203 2188 3403 2229 eorum
3448 2174 3745 2229 mentibus

2034 2267 2245 2323 oboriri
2298 2279 2432 2322 mox
2481 2264 2721 2335 contigit
2771 2265 2943 2319 ferale
2991 2263 3307 2333 justitium,
3351 2263 3609 2332 tantique
3661 2264 3745 2317 ti-

2036 2355 2211 2410 moris
2266 2354 2451 2409 aculei
2513 2353 2736 2407 animos
2795 2365 3181 2421 compressere
3244 2357 3618 2419 superstitum
3679 2357 3744 2405 ut

2036 2443 2292 2513 ipsorum
2347 2442 2566 2506 nullus,
2628 2438 2954 2508 cnjnspiam
3002 2451 3179 2494 causa
3223 2438 3453 2508 negotii,
3518 2450 3741 2505 prasu-

2034 2539 2213 2587 meret
2262 2538 2427 2586 extra
2473 2529 2724 2585 civitatis
2772 2541 2969 2583 muros
3017 2533 3299 2581 attentare
3347 2525 3435 2581 vel
3486 2534 3734 2580 exuum.

2034 2619 2263 2674 Postero
2307 2617 2398 2673 die
2458 2611 3136 2687 progrediuntur'nostri
3216 2614 3368 2670 ultra
3421 2615 3741 2683 quamdam

2035 2707 2263 2775 vallem,
2298 2720 2429 2777 qua
2473 2713 2712 2761 vocatur
2749 2704 2951 2771 Desen,
3001 2704 3059 2758 in
3089 2716 3267 2772 quam
3330 2710 3385 2757 et
3423 2702 3514 2757 die
3570 2701 3740 2757 tertio

2034 2803 2158 2865 post
2210 2803 2433 2863 captam
2483 2793 2753 2850 Befaliam
2812 2792 2938 2862 [al.,
2993 2788 3349 2862 Cephaliam]
3384 2789 3604 2845 venisse
3641 2802 3741 2844 eos

2033 2884 2303 2952 superius
2360 2881 2635 2947 diximus,
2694 2894 2938 2950 eamque
3007 2879 3361 2936 uberrimam
3438 2877 3734 2947 reperisse,

2033 2979 2088 3027 et
2138 2970 2470 3041 quindecim
2528 2968 2733 3024 diebus
2785 2970 2841 3024 in
2898 2969 2996 3023 illa
3049 2969 3330 3022 mansisse
3387 2976 3441 3022 et
3484 2966 3737 3021 inventis

226 3070 331 3111 suo
387 3055 447 3110 in
500 3054 799 3119 suburbio,
835 3061 1031 3123 utpote
1071 3066 1234 3108 secus
1277 3066 1433 3108 mare
1454 3054 1779 3119 constituta,

2181 3058 2383 3125 bobus,
2418 3058 2596 3112 asinis
2646 3066 2701 3113 et
2754 3056 2980 3120 ovibus,
3016 3064 3071 3111 et
3132 3055 3327 3111 multis
3356 3054 3729 3121 animalibus,

227 3145 320 3200 bet
352 3152 601 3214 portum.
645 3142 923 3198 Postridie
953 3141 1306 3196 conveniunt
1361 3142 1561 3207 nostri,
1622 3141 1751 3196 totis
1796 3155 1922 3210 per-

224 3233 425 3290 vasuri
457 3233 678 3289 viribus
710 3232 947 3300 urbem;
979 3230 1075 3287 sed
1108 3229 1166 3284 in
1210 3229 1332 3299 ipso
1363 3229 1764 3299 congrediendi
1798 3244 1923 3285 mo-

224 3321 705 3393 limine'prorsus
749 3319 978 3374 inanem
1029 3325 1369 3386 repererunt
1407 3317 1480 3373 ab
1532 3318 1778 3373 homine.
1826 3318 1919 3373 In-

225 3413 516 3467 troeuntes
566 3409 744 3480 igitur
798 3421 945 3474 eam,
1006 3405 1210 3461 tandiu
1301 3405 1507 3460 ibidem
1573 3406 1920 3477 deguerunt,

225 3498 405 3555 donec
458 3499 530 3554 ad
583 3495 964 3552 obsidendum
1032 3492 1433 3562 municipium,
1522 3493 1676 3563 quod
1744 3508 1924 3564 supra

226 3585 553 3652 intulimus,
593 3584 834 3648 Archas,
888 3582 1098 3639 exinde
1136 3589 1556 3651 processerunt.
1598 3581 1697 3637 Est
1726 3590 1920 3637 autem

224 3672 338 3729 alia
360 3672 627 3743 quadam
667 3670 798 3727 urbi
851 3669 942 3725 isti
980 3669 1253 3740 contigua
1295 3668 1517 3735 civitas,
1571 3683 1701 3738 qua
1741 3670 1924 3725 Mara-

223 3761 346 3816 clea
374 3768 633 3816 vocatur.
674 3761 746 3814 At
776 3757 888 3825 ille,
940 3756 1043 3827 qui
1092 3764 1350 3826 praerat,
1398 3771 1570 3826 quem
1622 3764 1678 3812 et
1722 3756 1920 3812 Admi-

222 3849 481 3904 ravisum
533 3846 843 3917 appellant,
908 3859 1015 3900 nec
1063 3858 1246 3912 mora,
1299 3859 1433 3901 cum
1482 3845 1693 3900 nostris
1736 3844 1923 3901 fmdus

223 3937 369 3992 inire
401 3943 586 4006 parat.
1902 3928 1907 3931 '

224 4025 338 4081 Hos
369 4023 561 4092 simul,
593 4038 661 4080 ac
690 4025 895 4079 horum
918 4036 1052 4077 mox
1073 4021 1241 4092 signa
1272 4021 1480 4091 recepit
1511 4020 1568 4076 in
1588 4022 1810 4078 urbem.

862 4110 1092 4167 CAPUT
1130 4110 1282 4167 VIII.

296 4199 495 4273 [XXI].
520 4199 833 4258 Castellum
866 4198 1092 4252 Archo:
1119 4197 1424 4253 obsidetur.
1458 4229 1522 4239 -—
1559 4199 1779 4254 Interea
1798 4198 1921 4255 dux

224 4289 585 4358 Godefridus,
670 4286 1056 4348 Boemundus,
1130 4299 1435 4355 comesque
1530 4285 1919 4353 Flandrensis,

2033 3147 2382 3203 camelorum
2422 3145 2594 3201 etiam
2642 3145 2835 3201 tribus
2878 3144 3152 3211 millibus,
3184 3144 3401 3200 rediere
3426 3156 3558 3199 cum
3590 3156 3734 3213 gau-

2032 3236 2148 3302 dio,
2181 3236 2440 3305 copiosas
2483 3234 2552 3289 de
2592 3234 2679 3289 his
2730 3234 3000 3289 omnibus
3059 3232 3281 3302 pradas
3332 3238 3587 3302 agentes.
3620 3230 3733 3285 Ca-

2032 3332 2216 3380 strum
2250 3324 2443 3393 itaque
2475 3323 2622 3378 idem
2659 3322 2844 3378 tribus
2899 3322 3211 3388 mensibus,
3252 3321 3342 3376 die
3371 3320 3565 3375 minus
3593 3332 3734 3387 una,

2030 3412 2319 3468 continuis
2347 3412 2637 3468 obsedere.
2672 3412 2868 3480 Ibique
2897 3424 3063 3480 egere
3096 3408 3314 3464 Pascha
3372 3407 3736 3463 Dominicum

2032 3508 2243 3571 quarto
2293 3501 2428 3556 Idus
2483 3500 2709 3568 Aprilis.
2767 3497 3001 3553 Interim
3053 3511 3189 3567 ergo
3227 3496 3368 3552 dum
3422 3494 3737 3551 obsidionis

2034 3602 2196 3644 mora
2242 3589 2343 3643 hos
2389 3588 2622 3649 detinet,
2682 3587 2880 3641 classis
2934 3587 3188 3654 ipsorum
3229 3598 3360 3655 qua
3416 3583 3737 3639 deferendis

2030 3682 2409 3731 consueverat
2459 3674 2707 3730 victibus
2763 3674 3063 3739 inservire,
3121 3672 3351 3728 cuidam
3406 3671 3515 3728 sibi
3559 3670 3732 3727 conti-

2032 3778 2147 3835 guo
2182 3763 2371 3834 portui
2394 3762 2690 3827 allabitur,
2724 3773 3086 3831 comportans
3130 3762 3359 3832 negotia
3390 3774 3505 3815 non
3552 3773 3732 3829 parva

2031 3852 2307 3908 frumenti
2361 3864 2430 3906 ac
2477 3850 2620 3917 vini,
2679 3850 2869 3906 carnis
2918 3858 2973 3905 et
3027 3850 3193 3915 casei,
3255 3848 3450 3904 hordei
3499 3862 3565 3903 ac
3596 3848 3726 3916 olei,

2030 3954 2102 3997 ex
2134 3955 2252 4010 quo
2291 3940 2543 4009 plurima
2574 3937 2992 4007 expeditionem
3037 3936 3394 3993 Dominicam
3436 3935 3731 4006 opulentia

2031 4026 2339 4095 reparavit.
2378 4026 2530 4082 Licet
2566 4036 2758 4082 autem
2790 4027 3009 4082 nullam
3042 4026 3249 4081 ibidem
3285 4026 3585 4095 penuriam
3633 4038 3729 4079 eos

2032 4115 2148 4184 pati
2197 4114 2515 4186 contigerit,
2568 4115 2774 4171 tandiu
2820 4122 3009 4169 tamen
3045 4113 3326 4180 inutilem,
3381 4126 3556 4182 sup:r
3604 4120 3728 4167 tan-

2029 4202 2155 4257 tilla
2200 4217 2280 4270 re,
2344 4204 2716 4273 insumpsisse
2800 4202 3076 4268 laborem,
3126 4202 3252 4258 sani
3299 4201 3536 4257 modum
3591 4200 3729 4255 mihi

2030 4291 2261 4347 videtur
2276 4293 2585 4348 excessisse
2616 4290 2859 4347 consilii.

230 4377 554 4433 Laodiciam
612 4374 825 4445 pariter
857 4372 1113 4443 attigere.
1145 4372 1250 4428 Sed
1301 4372 1687 4436 Boemundus,
1721 4371 1921 4427 amica
1962 4380 2006 4434 ι)
2105 4377 2331 4451 [XXIL]
2378 4381 2604 4435 Lancea
2624 4378 2931 4434 Dominica
2966 4378 3027 4432 in
3054 4377 3288 4433 dubiant
3317 4379 3628 4431 revocatur.
3661 4407 3729 4416 —

224 4466 332 4522 sibi
386 4463 706 4520 Antiochia
758 4461 1059 4517 divisionis
1105 4461 1428 4531 impatiens,
1475 4476 1508 4517 a
1552 4461 1921 4530 prafatorum

223 4551 599 4610 contubernio
677 4551 1030 4620 disparatus,
1105 4551 1382 4606 remeavit
1438 4551 1509 4604 ad
1573 4550 1750 4604 illam.
1808 4549 1921 4617 Ipsi

221 4656 357 4698 vero
410 4641 535 4711 pari
590 4639 785 4696 animo
827 4637 1180 4695 contendunt
1239 4637 1528 4693 civitatem
1605 4636 1919 4707 quamdam

221 4728 478 4785 obsidere
524 4726 830 4796 Gibellum,
889 4726 970 4781 sic
1007 4726 1161 4781 enim
1214 4726 1550 4782 vocabatur.
1602 4727 1685 4780 Ad
1727 4724 1921 4780 Sancti

222 4826 415 4874 autem
444 4817 625 4888 Egidii
680 4816 942 4873 comitem
978 4815 1372 4871 Raimundum
1424 4813 1761 4885 hujusmodi
1808 4827 1917 4869 ru-

221 4917 347 4960 mor
369 4904 603 4960 accessit
633 4903 788 4973 quod
827 4900 1163 4973 gentilitatis
1208 4901 1468 4955 adaucta
1501 4899 1714 4970 vulgus
1745 4913 1919 4954 enor-

222 4992 388 5047 miter
447 4991 670 5062 ingens,
729 5000 933 5046 contra
986 5004 1045 5046 se
1094 4989 1293 5060 pralia
1340 4988 1737 5045 destinassent.
1790 4987 1917 5052 Qui,

220 5092 461 5149 propere
509 5078 860 5147 compellatis
890 5077 1106 5132 militia
1146 5091 1323 5147 quam
1359 5076 1604 5132 habebat
1633 5075 1918 5131 universa

222 5166 574 5235 proceribus,
612 5179 707 5221 eos
736 5165 1015 5235 quidnam
1051 5178 1198 5234 opus
1226 5173 1371 5220 esset
1416 5165 1562 5220 facto
1591 5163 1907 5220 consuluit.

222 5253 327 5310 Cui
394 5262 628 5310 senatus
703 5253 797 5309 ille
859 5252 1051 5308 intulit
1123 5266 1181 5307 se
1246 5252 1443 5308 utilius
1502 5253 1637 5309 huic
1690 5250 1919 5322 negotio

220 5341 505 5399 astimare
545 5354 724 5412 quam
755 5346 1042 5396 consortes
1083 5339 1360 5396 Dominici
1405 5341 1644 5405 itineris,
1685 5347 1740 5395 et
1777 5338 1919 5396 alios

219 5429 329 5485 sibi
375 5429 609 5485 comites
677 5427 738 5483 in
793 5426 1148 5498 adiutorium
1206 5441 1543 5483 convocare.
1613 5426 1919 5483 Consuluit

219 5516 468 5588 denique
512 5516 836 5584 consilium,
882 5528 1016 5571 mox
1043 5528 1189 5585 opus
1223 5514 1519 5585 explicuit.
1554 5514 1919 5584 Principibus

216 5612 433 5681 itaque,
465 5610 597 5667 duci
620 5609 881 5666 videlicet
924 5608 1250 5675 Godefrido,
1294 5608 1750 5676 Flandrensique
1797 5607 1915 5662 Ro-

2032 4468 2160 4524 Post
2182 4477 2419 4525 mortem
2448 4468 2615 4539 plane
2636 4468 2745 4523 viri
2773 4468 3128 4523 admirabilis
3146 4466 3434 4522 Podiensis
3462 4465 3725 4534 episcopi,

2032 4555 2131 4624 qui
2165 4568 2357 4611 amore
2385 4554 2659 4625 pastorali
2689 4569 2756 4609 ac
2803 4554 3011 4624 rigore,
3039 4552 3299 4617 omnium
3329 4552 3437 4607 sibi
3484 4551 3729 4605 invicem

2031 4641 2273 4710 animos,
2305 4641 2626 4698 concordia
2676 4655 2743 4697 ac
2795 4640 3193 4696 unanimitatis
3233 4641 3408 4705 visco,
3449 4637 3728 4693 devinxe-

2031 4738 2140 4799 rat,
2180 4744 2399 4800 capere
2440 4730 2583 4786 inter
2632 4728 2916 4799 principes
2944 4729 3263 4783 simultates
3310 4725 3613 4796 aliquoties
3658 4739 3725 4781 ac

2032 4817 2348 4875 insolentia
2376 4818 2606 4880 oboriri,
2651 4817 2805 4886 apud
2849 4817 3161 4871 mediocres
3213 4822 3486 4883 praeterea
3516 4822 3570 4869 et
3606 4813 3725 4868 vul-

2031 4918 2217 4976 gares,
2276 4904 2519 4961 licentia
2565 4918 2712 4974 quas
2762 4918 2875 4958 non
2933 4906 3168 4958 omnino
3225 4902 3449 4958 deceret
3505 4900 3722 4968 haberi,

2031 4999 2097 5048 ut
2147 4992 2356 5047 veteris
2412 4991 2661 5048 historia
2714 4996 2865 5045 426
2904 4991 3157 5046 dictum:
3199 5012 3220 5038 α
3277 4989 3423 5056 Quia
3469 4989 3725 5045 videlicet

2031 5094 2134 5136 rex
2164 5094 2280 5135 non
2309 5088 2455 5136 esset
2500 5081 2559 5135 in
2612 5079 2804 5145 Israel,
2857 5079 2951 5134 sed
3001 5079 3155 5148 quod
3188 5078 3400 5148 cuique
3442 5078 3500 5132 in
3547 5077 3722 5133 oculis

2028 5168 2149 5223 suis
2191 5166 2409 5222 bonum
2439 5167 2732 5223 videretur
2761 5168 2967 5237 agebat
3007 5166 3175 5236 (Jud.
3213 5180 3350 5232 xvn,
3387 5167 3515 5234 l6);
3554 5186 3581 5215 ι
3615 5165 3721 5220 ali-

2029 5253 2266 5325 quando
2300 5262 2604 5325 putaretur
2634 5253 2878 5323 impleri.
2921 5252 3041 5308 Etsi
3074 5254 3225 5310 enim
3274 5253 3566 5322 pontiﬁces
3614 5253 3723 5310 illic

2028 5342 2145 5410 alii,
2176 5341 2422 5413 glorioso
2453 5342 2547 5396 illo
2571 5342 2817 5409 homine,
2879 5340 2982 5410 qui
3012 5355 3211 5397 eorum
3271 5340 3531 5409 specialis
3573 5349 3722 5409 pater

2026 5438 2083 5486 et
2110 5430 2233 5485 dux
2264 5429 2450 5485 fuerat
2475 5429 2803 5498 deputatus,
2837 5429 3104 5497 obcunte,
3152 5436 3570 5495 remanserant,
3610 5443 3719 5485 non

2028 5518 2169 5573 tanti
2202 5517 2525 5588 pendebant
2555 5524 2746 5571 tamen
2807 5515 2952 5582 illos,
2986 5517 3297 5587 prasertim
3347 5530 3479 5571 cum
3521 5519 3718 5573 memi-

2028 5605 2245 5661 nissent
2273 5619 2332 5660 se
2361 5620 2477 5661 non
2515 5619 2582 5658 eo
2609 5602 2717 5669 his,
2770 5618 2887 5672 quo
2927 5604 3008 5661 illi
3030 5603 3134 5660 uni
3166 5605 3395 5660 fuerant
3419 5605 3555 5673 jure
3576 5619 3717 5661 com-
