3934 6420
143 383 260 433 ’78Ξὶ

1275 377 1500 431 GESTA
1538 377 1658 432 DEI
1701 377 1840 431 PER
1881 375 2447 434 FRANCOS.—-LIB.
2490 378 2579 431 VI.

3584 379 3686 428 786

144 513 387 567 missus.
447 513 597 566 Dum
646 524 782 580 ergo
839 508 1052 563 nemini
1129 508 1500 580 singulariter
1558 517 1780 578 parent,
1811 516 1866 564 et
1904 508 2186 574 Aruerat,
2251 508 2394 576 loco,
2459 507 2532 564 sit
2595 507 2854 578 ejusdem
2923 506 3210 578 pontiﬁcis
3272 520 3486 576 corpus
3559 507 3681 578 ipso

147 602 444 656 universa
495 602 642 654 inter
683 613 778 654 eos
823 599 1185 652 astimantur
1216 597 1483 667 aqualia,
1523 596 1733 652 ﬁebant
1763 612 1874 652 sa-

149 690 315 758 pius,
350 689 492 743 dum
527 686 685 755 vulgi
731 685 905 740 libido
950 686 1240 753 praevalet,
1289 685 1441 754 apud
1485 685 1636 754 ipsos
1679 685 1873 739 minus

148 773 566 844 aptajudicia.
609 773 765 828 Unde
821 772 1026 826 accidit
1079 780 1138 826 ut
1192 779 1312 840 post
1361 771 1672 826 Dominica
1707 785 1875 826 reve-

150 865 439 919 lationem
495 863 726 927 lanceae,
781 875 958 931 quam
1017 861 1325 916 defunctus
1397 862 1633 917 antistes
1688 860 1873 915 omni-

153 951 338 1005 moda
367 951 668 1004 devotione
711 957 1063 1016 susceperat,
1118 948 1260 1002 fade
1310 949 1556 1003 nimium
1608 948 1874 1003 incredu-

154 1039 346 1094 litatis
403 1050 671 1092 murmur
723 1044 1057 1105 emergeret,
1119 1036 1442 1092 dicentibus
1502 1036 1872 1106 quibusdam,

159 1127 308 1196 quia
344 1141 462 1181 non
499 1125 800 1191 veraciter,
837 1126 932 1180 sed
955 1125 1304 1194 prastigiose
1333 1133 1641 1193 repererat,
1675 1133 1730 1180 et
1763 1139 1876 1180 non

159 1215 534 1271 Dominicam
585 1214 680 1269 sed
719 1215 972 1269 lanceam
1020 1213 1485 1282 qualemcunque
1532 1214 1874 1283 prabuerat.

161 1301 384 1370 Incipit
435 1302 629 1370 itaque
672 1304 923 1357 enormis
978 1301 1287 1370 plebecula
1321 1301 1528 1370 passim
1574 1303 1880 1357 mussitare

160 1389 519 1460 frequentia,
547 1397 602 1443 et
629 1403 748 1455 eos,
783 1389 882 1458 qui
935 1389 1314 1452 crediderant,
1369 1397 1424 1444 et
1471 1390 1735 1446 venerari
1782 1391 1878 1444 de-

164 1478 455 1547 legerant,
532 1479 839 1533 verborum
915 1492 1154 1532 suorum
1216 1477 1412 1533 sedulo
1499 1486 1881 1548 corrumpunt

161 1565 421 1620 fallacia.
475 1565 569 1622 Rei
640 1574 878 1634 reperta
939 1565 1301 1634 probationes
1356 1567 1619 1635 exigunt,
1679 1581 1873 1635 reper-

164 1663 358 1710 torem
387 1653 621 1724 judiciis
650 1653 862 1708 divinis
903 1653 1200 1708 addicunt.
1245 1653 1616 1722 Compellitur
1654 1662 1716 1710 ut
1770 1655 1878 1710 du-

162 1741 281 1797 biis
305 1743 398 1797 vir
424 1742 514 1796 ille
545 1742 710 1797 fidem
744 1742 979 1810 reddat;
1014 1756 1147 1810 qua
1176 1749 1602 1811 extorquentur
1624 1743 1695 1797 ab
1731 1743 1874 1811 ipso,
1919 1787 1959 1840 Β

161 1830 421 1899 cogitur,
473 1829 651 1885 solius
697 1843 896 1884 eorum
947 1842 1124 1883 causa
1180 1830 1455 1884 curanda
1506 1830 1877 1896 infidelitatis,

162 1928 229 1973 ut
261 1918 490 1973 subeat.
529 1919 653 1986 Ipso
687 1917 862 1988 igitur
893 1917 1230 1986 imperante,
1265 1917 1390 1986 rogi
1418 1918 1532 1972 duo
1561 1918 1656 1972 vix
1701 1919 1878 1974 cubiti

163 2007 497 2063 brevissimi
549 2007 728 2074 spatio
767 2019 801 2059 a
848 2020 908 2060 se
948 2005 1224 2060 distantes
1258 2005 1646 2072 instruuntur,
1683 2007 1879 2062 multa

165 2110 199 2150 a
233 2093 489 2164 populis,
525 2108 718 2149 rerum
757 2107 1040 2148 novarum
1089 2093 1333 2162 cupidis,
1389 2095 1643 2148 materiei
1692 2103 1880 2150 strues

161 2184 479 2253 ingeritur,
512 2195 579 2236 ac
611 2191 998 2251 utrarumque
1028 2182 1277 2250 partium
1313 2181 1544 2236 ﬂamine
1577 2182 1880 2238 conﬂuen-

166 2272 326 2327 tibus
366 2271 572 2342 globis,
635 2269 782 2325 inter
813 2273 1072 2325 ardentia
1122 2270 1280 2337 ligna
1323 2271 1525 2324 semita
1565 2271 1876 2325 admodum

162 2367 421 2430 angusta
468 2358 838 2428 relinquitur.
893 2359 1074 2413 Deum
1107 2372 1265 2428 ergo,
1300 2358 1401 2426 qui
1430 2358 1638 2412 veritas
1687 2367 1788 2426 est,
1825 2366 1879 2414 et

164 2458 378 2518 prater
436 2448 608 2516 cujus
660 2455 868 2501 nutum
937 2461 1110 2515 super
1168 2447 1272 2500 hac
1332 2461 1390 2500 re
1437 2446 1516 2500 nil
1571 2461 1628 2501 se
1695 2447 1878 2517 egisse

161 2538 480 2607 cognoscit,
547 2536 990 2600 misericordem,
1048 2536 1374 2600 miserabili,
1439 2543 1506 2590 ut
1573 2550 1675 2605 par
1733 2544 1874 2604 erat,

160 2627 425 2681 oratione
477 2624 800 2692 compellat,
849 2634 903 2678 et
963 2638 1061 2692 per
1101 2638 1344 2692 opacum
1420 2639 1576 2694 pyra
1635 2624 1878 2680 furentis

164 2713 458 2769 tramitem
520 2719 634 2766 tota
689 2711 992 2766 vivacitate
1043 2712 1422 2780 pratervolat,
1481 2721 1537 2766 et
1583 2726 1680 2781 per
1722 2713 1878 2768 hunc

164 2803 358 2871 ipsum
390 2800 592 2856 callem
628 2814 760 2854 mox
787 2801 953 2854 rediit
981 2815 1097 2869 quo
1123 2809 1374 2854 venerat.

248 2889 489 2944 Veritas
523 2888 942 2962 comprobatur.
989 2917 1060 2928 —
1090 2889 1299 2943 Aderat
1347 2887 1673 2957 spectaculo
1719 2889 1872 2956 huic,

164 2992 299 3048 qua
327 2978 386 3031 in
422 2976 718 3046 procinctu
753 2976 1090 3030 morabatur
1135 2985 1271 3030 tunc
1319 2977 1604 3044 temporis,
1660 2977 1876 3032 militia

163 3063 542 3121 occidentalis
568 3063 750 3132 copia,
799 3073 853 3118 et
893 3077 992 3132 pro
1036 3063 1291 3118 inusitati
1330 3067 1515 3132 opeiis
1553 3078 1721 3127 ausu,
1764 3065 1871 3120 du-

167 3155 312 3216 oios,
347 3153 590 3208 diversis
622 3153 841 3222 quique
897 3152 1278 3206 intentionum
1329 3153 1591 3215 statibus,
1637 3163 1871 3221 prasto-

166 3243 451 3298 labantur
507 3249 767 3296 eventus.
831 3243 998 3295 Facto
1049 3241 1319 3310 denique,
1367 3248 1427 3295 ut
1473 3241 1616 3304 dixi,
1671 3242 1875 3303 reditu,

164 3331 549 3400 prodeuntem
610 3329 684 3384 ab
737 3327 970 3399 ignibus
1001 3329 1345 3397 populorum
1398 3329 1692 3384 ruentium
1743 3330 1876 3384 inli-

168 3421 303 3474 nita
339 3418 659 3488 phalanges
697 3417 1019 3485 excipiunt,
1079 3425 1133 3470 et
1165 3417 1303 3471 dum
1337 3417 1680 3471 incolumem
1725 3417 1877 3473 focos

163 3508 481 3564 excessisse
511 3507 871 3574 conspiciunt
923 3505 1091 3574 quasi
1123 3507 1189 3558 de
1233 3505 1361 3574 ejus
1399 3505 1616 3574 aliqua,
1655 3520 1756 3574 pro
1787 3521 1874 3561 re—

164 3595 182 3651 l
212 3596 366 3666 .juiis
399 3595 698 3659 retenturi,
732 3602 1090 3660 autcorpore
1121 3598 1222 3648 aut
1255 3594 1528 3658 vestibus,
1570 3596 1708 3649 dum
1744 3595 1876 3650 hinc

164 3692 219 3739 et
261 3683 393 3738 inde
454 3682 738 3743 vellicant,
809 3684 915 3736 hac
970 3682 1218 3751 illacque
1267 3683 1620 3746 distendunt,
1680 3684 1751 3748 ei,
1817 3684 1870 3738 in

167 3779 328 3827 tanto
388 3771 783 3839 diripientium
829 3779 885 3825 et
946 3771 1361 3838 impellentium
1420 3771 1728 3826 constituto
1783 3780 1873 3829 tu-

167 3861 380 3924 multu,
419 3862 673 3914 animam
731 3867 1115 3914 extorserunt.
1173 3859 1314 3913 Cum
1350 3860 1501 3914 enim
1560 3869 1614 3914 et
1672 3861 1874 3916 timore

167 3956 222 4003 et
254 3947 558 4014 miraculo,
611 3947 743 4002 hinc
799 3947 1194 4016 impendentis,
1231 3947 1338 4001 nisi
1401 3949 1551 4003 Deus
1600 3952 1873 4018 propitia-

169 4045 351 4099 retur,
383 4036 564 4101 exitii,
620 4036 775 4090 illinc
805 4036 1008 4091 subita
1059 4037 1387 4104 ereptionis,
1438 4045 1503 4092 ut
1531 4037 1611 4092 sic
1643 4037 1868 4107 loquar,

170 4123 525 4179 semianimis
585 4124 896 4193 prosilisset
954 4125 1026 4179 ab
1079 4125 1327 4193 ignibus,
1387 4131 1442 4179 et
1489 4125 1648 4194 vulgi
1685 4126 1872 4180 unde-

168 4226 404 4282 cunque
457 4212 738 4280 pulsantis
795 4212 1164 4267 clauderetur
1223 4213 1575 4278 incursibus,
1626 4215 1744 4283 jam
1797 4227 1872 4268 ex

172 4309 473 4368 prater-tta
516 4299 825 4355 anxietatis
872 4299 1279 4370 defatigatione
1331 4301 1630 4361 tremulus.
1669 4303 1870 4371 prafe-

1983 598 2347 666 pracipiente
2378 597 2686 666 sepultum.
2724 597 2801 651 De
2833 597 2922 652 his
2953 597 3032 651 ita
3062 611 3149 651 res
3174 611 3294 651 sese
3327 595 3550 652 habuit.

2062 684 2308 757 [XXIIL]
2351 685 2623 738 Ansellus
2659 685 2730 738 de
2765 684 3182 739 Ribodimonle.
3217 713 3286 723 —
3319 684 3516 748 Porro,
3552 698 3684 739 cum

1985 775 2138 844 apud
2208 776 2429 831 Archas
2489 774 2717 829 diutina
2780 782 3006 829 nostros
3061 773 3356 828 incassum
3411 772 3687 828 detineret

1985 864 2222 930 obsidio,
2277 871 2332 919 et
2371 867 2555 918 castro
2605 863 2663 917 in
2728 862 3033 932 cujusdam
3095 862 3256 930 rupis
3301 861 3687 930 proeminente

1985 967 2274 1021 supremo,
2328 952 2522 1020 procul
2568 952 2625 1006 in
2675 950 2788 1005 imo
2835 949 3002 1004 vallis
3046 949 3355 1005 obsidentis
3399 949 3688 1004 exercitus

1985 1043 2227 1097 tentoria
2273 1041 2651 1106 considerent,
2682 1039 2974 1105 Ansellus,
3017 1037 3119 1108 qui
3177 1039 3246 1093 de
3281 1037 3680 1094 Ribodimonte

1984 1127 2504 1198 cognominabatur
2537 1126 2684 1196 (ejus
2722 1129 2876 1180 enim
2922 1126 3116 1188 castri,
3178 1131 3233 1179 et
3278 1125 3528 1180 aliarum
3564 1138 3686 1179 ma-

1987 1231 2234 1288 gnarum
2268 1229 2441 1286 opum
2465 1215 2732 1270 dominus
2755 1214 3095 1282 exstiterat),
3129 1214 3221 1268 vir
3251 1212 3523 1279 liberalis,
3551 1227 3682 1268 om-

1988 1305 2125 1360 nino
2181 1303 2509 1369 muniﬁcus,
2559 1310 2614 1358 et
2659 1303 2717 1357 in
2759 1303 3012 1373 regenda
3071 1301 3275 1355 militia
3323 1301 3467 1355 mire
3519 1299 3688 1355 indu-

1988 1393 2182 1457 strius,
2236 1391 2630 1447 difﬁcultatem
2678 1390 2940 1460 capiendi
2988 1389 3183 1459 oppidi
3241 1389 3508 1456 intuitus,
3560 1402 3690 1444 mo-

1991 1495 2233 1551 ramque
2266 1481 2536 1535 sessionis
2561 1479 2853 1534 diuturna
2882 1492 2995 1534 non
3029 1491 3251 1547 passus,
3281 1477 3364 1531 'ad
3393 1476 3689 1547 jaciendos

1989 1571 2206 1640 lapides
2243 1569 2670 1639 phalaricarum
2718 1575 2942 1622 nostros
2984 1579 3265 1636 apparare
3306 1565 3690 1620 instrumenta

1993 1659 2364 1715 commonuit.
2435 1658 2737 1726 (Imperant
2791 1669 2948 1720 sane,
3011 1653 3339 1724 longissimo
3391 1652 3688 1708 cuniculo-

1992 1762 2124 1803 rum
2155 1747 2354 1813 ductu,
2392 1746 2536 1800 turri
2572 1745 2656 1814 in'f
2677 1744 2897 1800 excelso
2941 1744 3138 1813 posita
3185 1741 3540 1798 suffossionis
3592 1741 3683 1795 in-

1988 1836 2136 1890 ferre
2184 1835 2500 1898 molimina,
2566 1841 2620 1888 et
2680 1841 2879 1901 aperta
2933 1838 3321 1886 sustentantes
3374 1829 3572 1899 tigillis
3621 1834 3676 1883 et

1991 1924 2247 1994 postibus
2286 1931 2579 1992 tantopere
2619 1921 2925 1990 aperienda
2967 1919 3252 1975 scabendo
3298 1919 3555 1988 quotidie
3602 1918 3689 1972 in-

1989 2013 2263 2068 sistebant
2315 2019 2377 2067 ut
2407 2012 2576 2066 etiam
2626 2010 2893 2065 mulieres
2930 2017 2984 2065 et
3029 2008 3357 2077 optinorum
3404 2020 3684 2076 quorum—

1989 2117 2102 2172 que
2158 2115 2388 2166 uxores,
2456 2101 2609 2156 l‘estis
2673 2099 2876 2154 diebus
2942 2097 3186 2152 sinuatis
3257 2096 3514 2152 vestibus
3568 2095 3687 2150 sive

1988 2190 2250 2260 palliolis,
2310 2188 2531 2244 defossa
2560 2196 2869 2259 egestaque
2899 2185 3303 2242 conveherent.
3364 2183 3463 2239 His
3493 2183 3593 2253 qui
3628 2183 3687 2238 in

1989 2278 2251 2349 prasidio
2326 2278 2485 2333 fuere
2533 2277 2857 2346 compertis,
2908 2282 3239 2330 nostrorum
3301 2273 3453 2327 illico
3520 2285 3688 2328 cona-

1989 2367 2143 2423 tibus
2192 2365 2478 2430 obstitere,
2537 2379 2654 2420 non
2727 2364 2849 2420 sine
2902 2376 3100 2418 eorum
3169 2359 3521 2426 discrimine,
3579 2359 3682 2429 qui

1987 2455 2286 2510 scrobibus
2362 2453 2674 2508 efﬁciendis
2750 2465 2870 2506 sese
2940 2450 3202 2504 nitebant
3266 2448 3547 2518 ingerere.
3619 2448 3689 2502 Et

1986 2558 2116 2600 cum
2153 2543 2238 2608 de
2288 2550 2446 2597 turre
2493 2540 2830 2596 subruenda
2879 2539 3152 2595 universa
3208 2550 3378 2606 opera
3431 2535 3688 2590 cessisset

1987 2633 2222 2696 frustra,
2279 2639 2402 2686 tum
2467 2629 2734 2684 Ansellus
2789 2628 2858 2683 de
2919 2627 3256 2682 balistarum
3313 2622 3689 2693 apparatibus

1986 2721 2196 2776 nostris
2244 2717 2747 2774 commonitorium
2803 2729 3114 2786 suggerere
3171 2712 3417 2768 curavit.
3465 2711 3688 2778 Quibus

1988 2809 2280 2871 institutis,
2314 2816 2368 2862 et
2393 2807 2596 2862 crebra
2624 2805 2880 2876 lapidum
2914 2812 3134 2860 turrem
3171 2801 3439 2856 missione
3469 2813 3688 2854 vexan-

1989 2899 2158 2957 tibus,
2191 2910 2317 2951 ecce
2345 2904 2397 2951 et
2429 2893 2639 2950 obsessi
2676 2893 2885 2949 similia
2914 2907 2945 2948 e
2969 2893 3199 2961 regione
3233 2891 3579 2945 instaurant.

2054 2988 2120 3039 In
2147 2983 2468 3038 obsessione
2506 2983 2738 3038 Archas
2785 2995 3088 3050 percussus
3131 2977 3408 3032 Ansellus
3454 2975 3594 3030 obiit
3624 2975 3688 3028 in

1918 3083 1958 3137 ί]
1993 3071 2257 3126 Domino.
2301 3071 2432 3135 Qua
2466 3073 2629 3141 gesta
2661 3069 2911 3137 fuerant
2956 3065 3191 3136 scriptis
3239 3065 3316 3118 ad
3351 3066 3687 3118 Manassem

1986 3158 2483 3230 archiepisCOpum
2530 3157 2708 3211 misit.
2750 3186 2817 3196 —
2863 3156 3129 3211 Machina
3154 3154 3350 3223 itaque
3397 3161 3586 3206 erecta
3632 3159 3688 3206 et

1987 3249 2243 3318 ingentia
2292 3247 2350 3302 in
2399 3255 2625 3302 nostros
2667 3259 2810 3300 saxa
2856 3250 3180 3313 torquente,
3239 3241 3309 3296 ad
3366 3240 3685 3294 maximum

1986 3341 2158 3390 totius
2192 3335 2542 3390 Francorum
2583 3333 2869 3388 exercitus
2902 3332 3178 3386 damnum
3211 3327 3478 3383 Ansellus
3508 3327 3684 3382 isdem

1985 3432 2086 3479 aut
2118 3437 2338 3493 primus
2393 3430 2494 3477 aut
2542 3421 2690 3476 inter
2737 3420 2953 3490 primos
3002 3419 3130 3487 ,ipse
3181 3416 3522 3487 percutitur.
3577 3416 3685 3479 Qui

1983 3527 2115 3567 cum
2176 3511 2233 3566 in
2292 3511 2588 3565 Dominica
2638 3509 2842 3564 militia
2891 3505 3215 3562 fidelissime
3265 3511 3318 3558 et
3354 3503 3685 3557 irretracta—

1983 3600 2172 3656 biliter
2201 3615 2258 3654 se
2289 3607 2504 3669 ageret,
2543 3599 2693 3653 inter
2732 3605 2939 3653 catera
2986 3609 3105 3649 sua
3145 3591 3473 3662 sagacitatis
3527 3590 3680 3645 ﬁdei-

1982 3702 2096 3757 que
2156 3687 2399 3756 potentis
2441 3685 2709 3755 insignia,
2766 3684 2905 3738 illud
2945 3681 3285 3751 praclarum
3325 3686 3380 3733 et
3417 3677 3686 3732 omnibus

1982 3774 2447 3830 amantissimum
2495 3772 2760 3827 litteratis
2797 3771 3080 3834 exhibuit,
3117 3767 3266 3838 quod
3301 3774 3510 3822 cuncta
3553 3779 3684 3835 qua

1983 3864 2040 3917 in
2079 3863 2374 3918 obsidione
2418 3861 2644 3928 Nicaa,
2685 3868 2738 3915 et
2779 3873 2910 3929 qua
2959 3858 3294 3912 Romaniam
3329 3855 3686 3909 Armeniam-

1982 3967 2096 4022 que
2145 3951 2524 4021 peragrando,
2581 3963 2713 4019 qua
2765 3947 3016 4015 denique
3069 3943 3430 3999 Antiochiam
3472 3956 3684 4012 aggre-

1980 4040 2207 4103 diendo,
2250 4037 2548 4107 capiendo,
2580 4045 2805 4106 captam
2859 4032 3207 4089 defensando
3262 4030 3439 4086 nostri
3493 4043 3680 4099 egere,

1981 4127 2232 4198 qualiter
2272 4141 2372 4196 per
2420 4125 2570 4181 idem
2635 4132 2861 4194 tempus
2915 4129 3114 4177 contra
3165 4119 3416 4189 Galapia
3467 4132 3679 4188 regem,

1981 4225 2181 4271 contra
2248 4216 2689 4279 Damascenum,
2769 4210 3351 4279 Hierosolymitanum
3425 4220 3676 4276 quoque,

1981 4319 2154 4374 quem
2215 4309 2360 4358 421
2422 4312 2478 4359 et
2535 4303 2864 4358 adulterum
2910 4299 3140 4364 vocitat,
3201 4294 3540 4360 conﬂixere,
3611 4294 3682 4348 ad

171 4388 290 4480 cari
345 4389 610 4444 valuerat
671 4389 824 4444 haud
884 4388 1192 4443 difﬁculter
1242 4389 1496 4457 spiritus.
1569 4390 1868 4444 Exstincto
1909 4426 1952 4480 ι)
1986 4393 2329 4459 Manassem,
2363 4394 2672 4448 Remorum
2704 4389 3223 4458 archiepiscopum,
3259 4385 3362 4454 pia
3392 4382 3682 4439 memoria

173 4472 367 4544 itaque
400 4475 646 4536 homine,
704 4477 882 4531 multo
923 4476 1191 4531 deteriori
1248 4477 1509 4548 ambage,
1563 4479 1732 4547 capit
1783 4482 1876 4535 de-

173 4575 291 4617 nuo
323 4562 612 4619 lubricum
641 4572 696 4619 et
731 4565 1062 4619 inconstans
1107 4567 1312 4636 agitari
1349 4566 1561 4636 vulgus
1592 4584 1604 4632 ;
1640 4567 1729 4623 his
1776 4569 1875 4636 ita,

176 4649 282 4706 illis
329 4651 515 4718 aliter,
567 4652 716 4723 ignis
755 4652 1064 4722 judicium,
1101 4655 1254 4722 quod
1303 4654 1394 4709 vir
1450 4655 1540 4710 ille
1595 4657 1876 4726 subierat,

179 4738 431 4794 evenisse
456 4739 856 4808 jactantibus:
895 4741 984 4795 his
1025 4751 1319 4806 exustum,
1372 4742 1480 4797 illis
1528 4743 1872 4801 incolumem

175 4825 244 4879 de
301 4826 537 4882 flamma
582 4827 836 4897 prodisse
877 4829 1222 4897 ferentibus;
1275 4831 1363 4886 his
1402 4832 1679 4886 adversus
1735 4833 1877 4888 alios

172 4913 576 4986 iurgantibus,
630 4925 706 4984 et,
768 4917 908 4986 quia
953 4917 1240 4974 hominem
1295 4933 1394 4987 pro
1441 4919 1624 4974 nihilo
1677 4921 1878 4976 intere-

177 5005 429 5068 missent,
463 5004 1006 5073 improperantibus.
1053 5005 1158 5060 Sed
1207 5020 1561 5076 quocunque
1596 5008 1769 5063 modo
1817 5021 1876 5064 se

179 5092 456 5148 sententia
487 5091 752 5163 vulgaris
781 5093 1006 5164 egisset,
1067 5092 1226 5148 illum
1287 5094 1600 5164 gloriosum
1657 5110 1875 5166 prasu-

180 5176 307 5245 lem,
359 5182 515 5237 omni
561 5190 982 5238 sacrosanctam
1053 5181 1306 5238 lanceam
1374 5184 1586 5240 scimus
1645 5198 1878 5240 venera-

183 5265 330 5323 tione
359 5268 751 5340 complexum,
807 5270 949 5326 adeo
988 5277 1054 5326 ut
1083 5270 1142 5324 in
1181 5284 1246 5326 eo
1299 5274 1441 5340 ipso,
1485 5286 1603 5342 quo
1652 5281 1877 5342 reperta

1987 4483 2201 4548 virum,
2229 4481 2330 4552 qui
2364 4490 2496 4536 ante
2535 4481 2644 4535 hoc
2670 4479 2908 4534 decessit
2939 4477 3116 4532 ferme
3148 4473 3467 4538 biennium,
3509 4470 3683 4526 semel

1987 4585 2054 4627 ac
2082 4571 2332 4627 secundo
2371 4569 2602 4626 directis
2631 4567 2912 4638 apicibus,
2964 4563 3282 4620 clarissime
3313 4559 3592 4631 patefecit.
3628 4559 3684 4614 Is

1985 4661 2153 4715 etiam
2190 4660 2248 4714 in
2285 4659 2695 4722 testimonium,
2729 4655 2975 4710 nobilem
3007 4665 3145 4722 erga
3171 4659 3483 4719 martyrem
3508 4660 3682 4716 quem

1989 4747 2254 4814 habebat,
2308 4747 2380 4817 pii
2433 4745 2662 4810 amoris,
2714 4743 2865 4799 diem
2915 4741 3064 4798 beati
3101 4739 3359 4806 Quintini
3409 4735 3684 4805 passionis

1986 4849 2270 4902 annuum,
2329 4834 2537 4890 coactis
2588 4833 2976 4901 undecunque
3023 4827 3263 4893 clericis,
3311 4839 3427 4895 quo
3462 4830 3683 4893 poterat

1988 4924 2222 4991 honore,
2275 4923 2484 4978 ibidem
2524 4919 2800 4977 celebrari
2848 4918 3107 4985 faciebat,
3157 4929 3224 4970 ac
3261 4909 3684 4968 celebrantibus

1984 5011 2157 5067 xenia
2227 5010 2404 5081 digna
2471 5009 2782 5080 prabebat.
2857 5005 3104 5076 Contigit
3174 5003 3382 5058 ibidem
3440 5007 3494 5056 et
3543 4997 3685 5054 alios

1985 5098 2445 5170 quamplurimos
2485 5097 2618 5153 felix
2656 5093 2965 5163 sumpsisse
3001 5091 3364 5162 martyrium,
3398 5095 3452 5144 et
3481 5087 3684 5143 mortis

1983 5197 2161 5243 sacra
2193 5185 2528 5256 compendio
2561 5198 2741 5255 regna
2777 5181 3089 5239 emeruisse
3118 5179 3415 5237 calorum.
