3934 6444
233 440 338 491 787

1124 434 1185 489 V.
1225 388 1561 491 GUTBERTI
1597 433 1886 488 ABBATIS
1924 435 1979 489 S.
2024 434 2265 490 ΜΑΒΙΔΞ
2304 434 2397 490 DE
2436 433 2833 490 NOVIGENTO

3642 434 3747 488 788

1495 734 1841 821 LIBER
1898 733 2486 821 SEPTIMUS.

786 1109 1017 1167 CAPUT
1058 1107 1340 1165 PRIMUM
1354 1148 1367 1162 .

310 1203 401 1273 [1.]
430 1204 655 1273 Quanta
682 1197 1144 1252 Christianorum
1162 1195 1224 1249 in
1247 1192 1744 1266 Jerosolymitana
1767 1212 1935 1266 expe-

238 1293 461 1349 ditione
479 1292 630 1361 ﬁdes
665 1293 721 1343 et
752 1288 962 1359 pietas.
998 1285 1301 1341 Obsidione
1329 1284 1549 1340 Archo:
1576 1284 1807 1340 deserfa
1828 1302 1937 1356 pe-

241 1384 367 1435 tunt
413 1378 866 1449 Jerosolymam.
934 1373 1262 1430 Pactionem
1328 1390 1457 1428 cum
1506 1389 1638 1444 rege
1687 1371 1937 1443 Tripoli-

241 1473 376 1524 tano
425 1466 753 1540 conﬁciunt.
801 1494 870 1504 —-
931 1463 1087 1519 Fidei
1145 1471 1356 1518 nostra;
1415 1461 1765 1517 incentivum
1822 1475 1938 1515 non

240 1557 547 1612 minimum
598 1554 814 1624 praebet
864 1552 1020 1621 quod
1060 1550 1512 1607 Occidentalium
1558 1550 1748 1605 labore
1797 1549 1940 1604 fide-

242 1645 382 1701 lium
422 1642 727 1700 Orientalis
775 1648 1137 1696 restaurator
1170 1639 1442 1694 Ecclesia.
1478 1638 1752 1694 Videmus
1793 1651 1941 1706 prmo

244 1731 338 1797 lia,
402 1730 496 1785 Dei
549 1729 727 1784 solius
783 1727 1095 1783 intentione
1150 1726 1426 1795 piissima,
1500 1739 1751 1794 quorum
1825 1732 1940 1779 tota

242 1817 511 1873 efferbuit
569 1815 829 1885 martyrii
886 1828 1081 1870 amore
1135 1812 1360 1879 militia,
1424 1813 1549 1868 sine
1606 1827 1760 1883 rege,
1820 1813 1941 1868 sine

244 1906 515 1975 principe,
553 1904 673 1961 sola
706 1906 787 1958 eis
828 1902 1046 1959 exstitit
1084 1916 1206 1956 suae
1247 1901 1503 1971 ipsorum
1543 1901 1745 1955 salutis
1776 1900 1941 1956 devo-

245 1993 325 2049 tio
384 1993 619 2062 praevia.
674 1991 964 2061 Legimus,
1027 2004 1212 2060 usque
1265 1989 1321 2044 in
1373 1987 1621 2044 Orientis
1673 2002 1943 2058 suprema

245 2082 674 2151 commigrasse,
724 2080 797 2135 ob
844 2079 1124 2134 bellorum
1176 2077 1389 2143 studia,
1445 2076 1653 2140 Gallos,
1687 2076 1941 2145 etApol-

247 2169 379 2224 linis
441 2168 696 2238 Delphici
743 2173 961 2223 secreta
1030 2167 1286 2232 rimatus,
1358 2165 1651 2232 sacrisque
1723 2172 1945 2233 ereptos

247 2256 417 2312 aditis
464 2256 768 2311 thesauros
823 2253 1093 2309 novimus
1146 2251 1457 2322 paludibus
1515 2251 1808 2307 Tolosanis
1856 2251 1942 2306 in-

242 2346 441 2414 jectus.
473 2344 761 2400 Conﬂatas
792 2343 896 2398 has
936 2356 1135 2399 omnes
1185 2341 1395 2410 copias,
1443 2340 1769 2409 principum
1805 2348 1945 2397 tunc

249 2430 521 2500 temporis
575 2444 816 2486 suorum
878 2428 1199 2490 exactione,
1266 2426 1675 2495 comperimus,
1733 2426 1824 2482 hic
1873 2442 1945 2484 ne

250 2532 438 2576 unum
469 2518 704 2588 quidem
734 2531 768 2572 a
800 2516 1055 2587 quolibet
1100 2529 1204 2570 suo
1232 2514 1464 2571 domino
1517 2513 1762 2570 invitum
1788 2515 1946 2570 reni-

253 2614 599 2674 tentemque,
643 2604 1008 2674 compulsum
1043 2603 1202 2659 abire
1232 2602 1585 2657 audivimus.
1632 2603 1753 2668 Hic,
1800 2602 1948 2658 inter

252 2708 414 2750 arma
462 2693 753 2763 lacryma,
804 2700 1167 2761 peccatorum
1218 2689 1614 2757 confessiones,
1648 2691 1942 2746 abrenun-

253 2782 519 2840 tiationes
572 2780 1013 2851 possessionum,
1081 2793 1335 2835 uxorum
1393 2780 1738 2848 aspernatio,
1798 2779 1949 2835 filio-

254 2885 387 2928 rum
419 2870 577 2941 fuga,
609 2870 941 2939 praeeminet
988 2869 1047 2923 in
1077 2867 1367 2923 mentibus
1409 2868 1668 2923 omnium
1714 2882 1815 2938 pro
1851 2868 1949 2924 Dei

254 2974 468 3028 amore,
512 2961 689 3019 solius
737 2960 914 3015 beatae
972 2958 1167 3014 mortis
1216 2956 1452 3012 ambitio
1484 2971 1496 3010 :
1526 2957 1636 3024 hic,
1684 2957 1945 3028 inquam,

253 3049 390 3105 libet
418 3049 594 3105 Deum
629 3060 868 3118 pensare
907 3044 1247 3112 mirabilem,
1283 3051 1347 3100 ut
1393 3045 1493 3115 qui
1526 3046 1845 3115 quondam,
1877 3046 1949 3101 ad

255 3142 538 3192 tormenta
584 3132 838 3198 ferenda,
889 3133 1112 3188 animos
1149 3139 1473 3200 martyrum
1522 3146 1624 3201 pro
1683 3132 1950 3188 invisibi-

256 3226 399 3281 lium
429 3223 730 3280 dilectione
779 3220 1114 3286 ﬁrmaverit,
1167 3220 1285 3290 ipse
1335 3220 1544 3275 nostris
1575 3220 1950 3290 temporibus,

256 3313 411 3384 quod
438 3326 473 3368 a
510 3312 739 3368 nemine
774 3310 995 3381 sperari
1039 3317 1279 3379 poterat,
1310 3317 1365 3364 et
1412 3308 1629 3365 dictum
1683 3324 1783 3379 pro
1813 3310 1952 3366 ridi-

255 3400 385 3457 culo
440 3400 780 3466 habebatur,
840 3405 1067 3454 tantum
1114 3394 1484 3466 praesentium
1544 3403 1953 3466 comtemptum

256 3501 472 3554 rerum,
507 3488 676 3542 etiam
710 3484 1169 3541 truculentorum
1195 3482 1656 3557 cupidorumque
1685 3485 1955 3541 cordibus

258 3575 580 3641 hominum,
618 3572 843 3639 indidit,
893 3584 993 3641 per
1044 3569 1421 3639 paucissimos
1475 3570 1737 3627 homines
1794 3579 1956 3628 tanta

1962 1110 2010 1163 Α
2037 1121 2209 1177 penso
2244 1107 2457 1177 pariter
2497 1114 2661 1164 terrae
2691 1108 2914 1175 habitu,
2959 1110 3307 1181 generaliter
3336 1112 3446 1168 sibi
3479 1126 3754 1168 commo-

2046 1196 2183 1251 dum
2232 1202 2465 1251 censent
2498 1203 2559 1251 ut
2588 1211 2957 1267 quorumque
3002 1213 3284 1255 novorum
3312 1200 3759 1269 suppetentibus

2045 1283 2243 1353 copiis,
2322 1283 2900 1354 Hierosolymitanum
2983 1286 3090 1343 iter
3155 1289 3498 1356 arriperent.
3563 1288 3758 1345 Castri

2046 1385 2181 1441 ergo
2212 1371 2507 1427 obsidione
2550 1372 2793 1440 deserta,
2837 1373 2947 1429 sub
2994 1387 3083 1435 ea,
3116 1387 3293 1443 quam
3336 1373 3610 1441 diximus,
3644 1374 3760 1429 de—

2049 1458 2380 1514 liberatione
2447 1459 2717 1528 Tripolim
2776 1461 3144 1529 perveniunt,
3206 1476 3339 1516 cum
3385 1469 3545 1516 sexta
3594 1469 3750 1517 esset

2048 1547 2210 1612 feria,
2249 1555 2303 1601 et
2334 1546 2558 1602 tertiam
2590 1547 2869 1602 decimam
2910 1556 3103 1618 ageret
3152 1548 3393 1604 Martius
3429 1548 3601 1615 diem,
3640 1549 3755 1604 ibi-

2050 1650 2164 1705 que
2223 1635 2399 1691 ternis
2447 1650 2615 1704 egere
2668 1636 2890 1691 diebus.
2952 1636 3093 1692 Cum
3152 1636 3484 1706 proceribus
3545 1637 3749 1707 itaque

2049 1726 2259 1781 nostris
2300 1725 2691 1794 Tripolitanus
2741 1724 2832 1780 ille
2882 1724 3027 1779 facta
3066 1738 3204 1793 pace
3233 1724 3599 1792 conveniens,
3633 1733 3755 1780 tre-

2049 1823 2242 1869 centos
2299 1820 2356 1868 et
2414 1812 2502 1867 his
2556 1812 2750 1881 plures
2796 1812 2969 1879 viros,
3023 1826 3169 1882 quos
3197 1826 3268 1868 ex
3300 1812 3511 1868 nostris
3555 1821 3761 1883 captos

2049 1901 2109 1956 in
2159 1900 2351 1956 vincla
2415 1901 2755 1969 conjecerat,
2815 1900 3089 1956 continuo
3155 1900 3342 1965 solvit,
3413 1901 3618 1971 hisque
3671 1903 3761 1959 sic

2045 1988 2413 2055 abeuntibus,
2442 1988 2770 2058 quindecim
2803 1989 3217 2057 Byzanteorum
3249 1989 3446 2055 millia,
3480 1990 3551 2045 ob
3578 2004 3752 2046 com-

2052 2078 2475 2133 mendationem
2529 2076 2728 2147 gratim
2786 2076 3109 2147 dilargitus,
3178 2077 3507 2145 quindecim
3565 2078 3745 2135 etiam

2050 2179 2247 2236 equos,
2290 2165 2452 2235 pretii
2485 2164 2704 2235 optimi,
2740 2164 2954 2234 pariter
2983 2164 3265 2221 attribuit.
3314 2165 3567 2222 Praebuit
3610 2181 3760 2237 quo-

2052 2268 2167 2325 que
2214 2260 2269 2309 et
2314 2253 2750 2309 celeberrimum
2795 2253 3003 2309 nostris
3049 2254 3364 2324 negotium,
3402 2268 3603 2323 equos,
3636 2256 3758 2311 asi-

2056 2355 2177 2406 nos,
2221 2347 2275 2396 et
2303 2341 2497 2395 omnia
2524 2348 2696 2395 tanta“:
2744 2339 2959 2396 militiae
2989 2340 3172 2397 obiter
3223 2342 3354 2397 usui
3397 2341 3594 2398 futura
3617 2357 3753 2413 pro-

2058 2442 2292 2499 ponens,
2344 2428 2498 2483 unde
2535 2427 2824 2497 expeditio
2871 2429 3168 2484 Dominica
3197 2429 3565 2500 integerrime
3614 2432 3759 2486 refi-

2057 2524 2285 2573 ceretur
2313 2515 2384 2570 ad
2418 2530 2685 2585 praesens.
2734 2516 2796 2571 Id
2845 2516 3115 2586 denique,
3147 2517 3293 2572 facto
3335 2532 3528 2573 secum
3561 2526 3754 2588 pacto,

2055 2604 2352 2675 adjiciens,
2413 2605 2552 2673 quia
2618 2603 2666 2659 si
2708 2604 3069 2673 imperatoris
3133 2605 3448 2661 Babilonici
3513 2605 3754 2669 bellum.

2057 2694 2211 2763 quod
2244 2693 2512 2762 frequens
2561 2700 2615 2748 et
2664 2694 2986 2748 maximum
3018 2695 3205 2763 parari
3242 2694 3552 2761 ferebatur,
3584 2694 3758 2750 evin-

2056 2790 2267 2847 cerent,
2336 2783 2382 2835 si
2434 2781 2842 2850 Jerosolymam
2903 2790 3189 2851 caperent,
3247 2783 3588 2839 Christiana}
3634 2797 3758 2839 sese

2057 2870 2351 2926 confestim
2398 2869 2704 2926 conditioni
2751 2869 3080 2940 subjiceret,
3133 2885 3193 2927 se
3231 2886 3516 2941 suamque
3560 2872 3642 2927 eis
3673 2885 3761 2927 re-

2058 2960 2279 3030 gionem
2304 2958 2607 3014 addiceret.

2127 3047 2213 3102 Ab
2245 3061 2312 3102 ea
2330 3060 2467 3117 ergo
2490 3046 2632 3103 urbe
2670 3046 2931 3117 digressi,
2980 3046 3037 3102 in
3093 3047 3348 3103 secunda
3379 3047 3512 3105 Maii
3543 3048 3763 3104 mensis

2058 3136 2148 3191 die
2175 3134 2452 3191 transiere
2496 3148 2597 3203 per
2640 3135 2930 3190 horridam
2977 3143 3033 3190 et
3079 3142 3387 3205 angustam
3438 3144 3603 3191 nocte
3643 3135 3765 3191 die-

2059 3238 2172 3294 que
2227 3223 2420 3291 viam;
2467 3230 2719 3278 castrum
2767 3221 2990 3288 deinde,
3049 3224 3204 3292 quod
3246 3221 3484 3279 Bethlon
3512 3224 3763 3280 vocaba-

2062 3319 2177 3375 tur,
2210 3310 2543 3381 attingunt:
2577 3311 2648 3366 ad
2681 3310 2882 3366 urbem
2913 3310 3371 3381 deincepsjuxta
3398 3324 3555 3367 mare
3601 3310 3760 3381 posi—

2061 3407 2178 3455 tam
2229 3398 2662 3468 pervenientes,
2717 3404 2869 3453 4⁸⁸8
2926 3413 3059 3468 quae
3116 3399 3329 3454 dicitur
3374 3398 3585 3464 Jebari,
3634 3399 3761 3455 sitis

2061 3487 2412 3543 anxietatem
2469 3487 2661 3543 nimiae
2724 3487 2878 3557 passi
2938 3493 3093 3554 sunt,
3173 3487 3269 3543 cui
3344 3486 3581 3553 flumen,
3651 3502 3761 3544 nec

2064 3588 2224 3631 mora
2271 3575 2602 3641 succedens,
2651 3583 3044 3644 opportunum
3103 3575 3420 3631 remedium
3476 3576 3756 3644 praestitit,

258 3659 493 3731 perfecit
540 3668 621 3728 ut,
671 3658 844 3715 laude
890 3672 1091 3714 eorum
1160 3657 1264 3727 qui
1319 3671 1541 3727 gessere
1607 3658 1951 3727 posthabita,
1991 3670 2032 3726 ο
2063 3663 2156 3719 cui
2190 3662 2539 3719 vocabulum
2570 3671 2692 3719 erat
2731 3663 2943 3719 Braim.
2976 3663 3150 3719 Nocte
3177 3663 3357 3734 igitur
3394 3664 3762 3720 Ascensionis

261 3751 440 3805 Deum
491 3746 848 3803 solummodo
893 3759 962 3802 ea
1009 3746 1206 3801 fecisse
1256 3752 1474 3800 certum
1519 3745 1611 3801 sit.
1670 3746 1831 3811 Quod
1880 3762 1954 3804 ex

260 3852 349 3905 eo,
385 3835 635 3892 evidenti
685 3834 1037 3905 probatione,
1083 3833 1339 3904 patescit,
1390 3833 1528 3903 quia
1566 3835 1791 3903 quoties
1830 3849 1953 3891 cre-

261 3923 655 3981 brescentibus
703 3923 958 3978 victoriis
1004 3922 1367 3978 insolentiam
1413 3922 1801 3991 parturibant,
1850 3938 1955 3980 seu

261 4012 542 4069 adversus
579 4012 887 4067 alterutros
944 4011 1234 4080 principes
1284 4009 1645 4076 inﬂarentur,
1684 4010 1805 4067 sive
1844 4010 1956 4067 ali-

262 4113 381 4172 qua
414 4099 562 4169 ipsos
605 4097 922 4168 petulantia
960 4097 1372 4155 commaculari
1402 4097 1775 4169 contingeret,
1808 4099 1955 4156 illico

260 4204 356 4245 eos
384 4202 562 4259 prope
606 4187 815 4254 nullos,
848 4194 921 4255 et,
957 4194 1019 4242 ut
1045 4186 1123 4241 ita
1150 4185 1419 4252 dixerim,
1445 4200 1713 4255 pecorum
1742 4188 1957 4244 similes

262 4277 553 4349 gentilitas
582 4276 886 4339 inveniret,
935 4274 981 4329 si
1009 4273 1265 4343 quando,
1314 4274 1405 4330 sui
1443 4288 1738 4343 memores,
1774 4276 1952 4346 paeni-

260 4366 440 4423 tentia
481 4365 852 4430 ducerentur,
884 4360 1177 4418 confestim
1220 4362 1399 4418 solitis
1447 4363 1692 4419 fortunis
1734 4364 1957 4434 piisque

264 4451 640 4524 proventibus
694 4450 1088 4506 redderentur.
1147 4451 1226 4506 De
1285 4450 1376 4506 his
1423 4451 1618 4520 itaque
1668 4451 1957 4521 spirituali

261 4541 450 4598 solum
481 4538 759 4596 desiderio
802 4538 1002 4608 ereptis
1052 4538 1408 4609 patratisque
1448 4539 1680 4609 praeliis,
1736 4539 1954 4607 divina,

260 4644 395 4699 quae
424 4642 460 4684 a
487 4627 698 4685 saeculo
727 4639 1031 4696 nunquam
1059 4625 1350 4694 acciderit,
1385 4633 1643 4697 tempora
1681 4628 1958 4684 moderna

262 4714 526 4788 insigniri
557 4714 771 4771 virtute
800 4713 1082 4780 laetemur,
1138 4727 1243 4769 nec
1276 4714 1504 4771 lsraelis
1554 4713 1803 4769 carnalis
1857 4727 1957 4783 pro

259 4803 549 4860 ventrium
596 4800 970 4871 plenitudine,
1030 4800 1177 4857 bella
1232 4800 1531 4858 miremur.
1592 4801 1715 4858 Rex
1778 4800 1959 4871 igitur

261 4891 649 4962 Tripolitanus
682 4889 1083 4960 frequentibus
1128 4897 1354 4945 nostros
1394 4887 1680 4960 principes
1726 4888 1958 4959 pulsare

261 4979 649 5050 legationibus
704 4992 818 5033 non
876 4977 1156 5042 cessabat,
1206 4985 1273 5033 ut
1319 4992 1440 5032 sese
1471 4990 1504 5031 a
1533 4985 1720 5033 castro
1749 4977 1956 5033 amoli-

262 5074 484 5132 rentur,
551 5080 620 5120 ac
682 5066 791 5122 sibi
852 5065 1405 5122 confmderarentur.
1487 5064 1612 5129 Quo
1682 5066 1961 5135 primores

261 5154 552 5210 exercitus
637 5160 946 5222 comperto,
1032 5153 1154 5208 dux
1249 5152 1509 5210 videlicet
1601 5152 1959 5221 Godefridus,

263 5242 455 5298 Sancti
515 5242 705 5313 Egidii
775 5255 962 5297 comes
1020 5241 1401 5309 Raimundns,
1471 5257 1658 5299 comes
1717 5250 1963 5313 uterque

263 5331 565 5396 Robertus,
626 5329 994 5385 Flandrensis
1037 5336 1211 5399 atque
1254 5330 1764 5398 Northmannicus,
1823 5345 1961 5386 con-

262 5419 694 5487 siderantesque
722 5416 1048 5486 provincias
1102 5418 1267 5473 novis
1307 5418 1429 5490 jam
1477 5419 1801 5475 exuberare
1831 5418 1961 5474 fru-

263 5507 470 5573 ctibus,
505 5505 702 5561 iduato
737 5503 903 5575 plane
927 5505 1151 5572 Martio,
1185 5507 1406 5576 pridem
1436 5516 1573 5563 sane
1618 5507 1738 5578 jam
1789 5521 1959 5562 man-

262 5594 464 5652 dihiles
518 5601 684 5650 erant
731 5592 895 5659 rabie,
958 5601 1014 5650 et
1072 5594 1174 5651 vix
1249 5595 1321 5651 ad
1389 5595 1642 5651 medium
1704 5602 1960 5664 promoto

263 5681 466 5754 Aprili,
526 5682 782 5755 polentas
833 5689 1053 5753 poterat
1097 5681 1351 5753 praebere
1398 5683 1776 5748 frumentum,
1824 5694 1958 5750 per-

2063 3750 2372 3808 Dominicaa
2436 3753 2745 3822 quemdam
2810 3752 3037 3808 subiere
3101 3761 3371 3821 montem,
3443 3761 3763 3824 angustum

2064 3841 2407 3897 omnimodis
2462 3841 2766 3896 habentem
2796 3840 3016 3907 callem,
3069 3841 3166 3897 ubi
3198 3841 3563 3897 vehementer
3604 3841 3763 3897 exti—

2064 3927 2282 3996 muere,
2331 3944 2404 3985 ne
2455 3930 2655 3986 obvios
2710 3929 2895 3986 hostes
2945 3930 3001 3984 in
3066 3929 3295 3985 illarum
3347 3930 3757 4000 angustiarum

2062 4018 2317 4075 exitibus
2363 4018 2658 4085 haberent,
2704 4018 2821 4085 sed,
2880 4019 2996 4074 Deo
3033 4018 3387 4088 providente,
3444 4032 3614 4074 nemo
3663 4033 3761 4073 eo-

2063 4121 2194 4163 rum
2216 4107 2483 4163 occursui
2513 4120 2633 4163 sese
2660 4106 2768 4163 fuit
2796 4120 2977 4163 ausus
3024 4106 3306 4177 ingerere.
3351 4106 3555 4163 Milites
3591 4106 3763 4177 plane

2064 4195 2168 4265 qui
2227 4194 2535 4266 prmierant
2593 4196 2793 4263 nostri,
2841 4194 3078 4251 liberam
3132 4194 3205 4250 ab
3268 4194 3454 4250 hostili
3521 4194 3762 4251 incursu

2067 4284 2242 4340 fecere
2274 4285 2447 4340 viam.
2478 4284 2719 4339 Demum
2770 4284 2966 4354 itaque
2995 4282 3068 4338 ad
3117 4282 3409 4339 civitatem
3434 4282 3759 4352 applicuere

2064 4371 2436 4439 maritimam,
2468 4386 2600 4442 quae
2626 4370 2952 4441 appellatur
2978 4370 3202 4426 Baruch
3237 4385 3249 4424 :
3279 4370 3413 4425 inde
3450 4370 3521 4426 ad
3551 4371 3758 4440 Sarep-

2065 4467 2202 4527 tam,
2225 4460 2519 4530 quondam
2552 4459 2940 4523 Sidoniorum,
2963 4459 3072 4515 sub
3110 4459 3351 4515 muliere
3380 4459 3557 4515 vidua
3590 4459 3759 4515 Heliae

2069 4550 2325 4617 pastione
2380 4547 2661 4604 celebrem
2701 4561 2713 4601 :
2753 4546 2963 4602 dehinc
3009 4547 3082 4602 ad
3123 4546 3317 4611 aliam,
3370 4561 3504 4617 quae
3547 4546 3759 4602 dicitur

2067 4634 2219 4705 Snr;
2281 4635 2637 4705 postmodum
2694 4635 2767 4691 ad
2820 4636 3103 4702 Accaron,
3162 4634 3594 4691 Palaestinorum
3645 4635 3745 4690 ali-

2068 4724 2304 4794 quando
2338 4723 2716 4793 metropolim,
2748 4723 3049 4779 devenere.

2135 4813 2213 4866 In
2257 4811 2611 4868 Ramatham
2657 4809 2959 4882 episcopus
3001 4808 3381 4865 constituitur.
3410 4839 3479 4850 -
3505 4808 3760 4878 Denique

2068 4902 2437 4971 procedentes
2490 4902 2776 4970 pervium,
2847 4899 3091 4969 Caiphas
3144 4898 3445 4965 vocabulo,
3506 4897 3759 4953 habuere

2067 4987 2385 5054 castellum,
2409 4988 2592 5043 donec
2622 4988 2693 5042 ad
2726 4986 3008 5057 insignem
3036 4994 3091 5042 et
3112 4987 3292 5056 ipsam
3331 4984 3761 5041 Palaestinorum

2070 5084 2490 5146 consequenter
2557 5076 2834 5146 appulere
2890 5075 3206 5131 Caesaream
3258 5090 3271 5127 :
3327 5074 3523 5143 ibique
3591 5072 3763 5127 ternis

2070 5166 2275 5222 diebus
2324 5165 2470 5219 citra
2517 5164 2733 5221 Maium
2787 5171 3094 5218 exeuntem
3152 5161 3512 5217 celebravere
3565 5162 3761 5216 Pente-

2069 5262 2280 5309 costen.
2306 5252 2437 5307 Post
2472 5251 2593 5307 haec
2617 5251 2690 5306 ad
2725 5264 2876 5313 eam,
2905 5264 3086 5320 quam
3113 5248 3354 5320 quidam
3400 5247 3758 5314 Ramatham,

2068 5341 2289 5412 origine
2343 5339 2624 5396 Samuelis
2684 5338 2985 5405 illustrem,
3036 5335 3217 5407 aliqui
3272 5335 3601 5392 scientiores
3655 5348 3763 5390 cu-

2069 5427 2445 5496 riosioresque
2511 5424 2789 5491 locorum,
2863 5421 3319 5493 Ramothgalaad
3408 5426 3758 5485 asseverant,

2068 5514 2239 5584 cujus
2267 5512 2591 5569 obtinendae
2619 5510 3028 5575 contentiones,
3077 5509 3274 5564 Achab
3304 5506 3761 5564 scelestissimum

2068 5592 2342 5662 Syrorum
2373 5591 2641 5646 Benadab
2678 5603 2811 5660 rege
2857 5598 3184 5658 superante,
3223 5587 3601 5658 praecipitant,
3631 5598 3761 5654 per-

2067 5679 2349 5736 veniunt:
2377 5678 2547 5750 cujus
2602 5676 2970 5744 habitatores,
3023 5684 3312 5746 comperto
3343 5673 3757 5746 supervenien-
