3934 6436
66 440 177 496 789
1221 443 1443 499 GESTA
1481 443 1600 498 DEI
1639 443 1778 498 PER
1819 443 2368 500 FRANCOS.—LIB.
2413 444 2520 498 VII.
3523 448 3630 498 790

63 570 224 625 tium
265 572 646 628 Francorum
695 585 940 640 rumore,
997 580 1286 642 ingerunt.
1335 572 1468 628 Haec
1509 573 1730 639 civitas,
1762 579 1817 628 et
1854 580 1900 631 Α
1933 573 2092 640 feria,
2126 581 2286 629 tanta
2338 573 2416 641 vi,
2448 581 2608 629 tanta
2649 573 3028 630 unanimitate
3059 574 3394 643 pervaditur
3426 589 3632 631 murus

65 659 112 714 si
178 660 328 716 ullis
367 660 778 716 vetustissimae
813 661 1100 716 memorize
1133 661 1498 716 monimentis
1526 670 1669 716 esset
1696 662 1818 716 exi-
1933 663 2092 718 urbis
2128 661 2546 729 exterior,utsi
2578 663 2863 718 scalarum
2883 671 3197 733 apparatus
3212 678 3327 718 non
3349 664 3628 728 deessent,

68 750 216 814 mia,
275 751 576 806 universa
619 758 806 804 tamen
870 748 1170 803 clarissimi
1241 751 1511 818 martyris
1569 749 1814 820 Georgii,
1931 753 2286 807 Francorum
2336 751 2610 807 continuo
2664 752 2862 806 ditioni
2924 754 3062 808 urbs
3117 753 3332 822 pariter
3379 767 3445 807 ac
3493 753 3631 808 sub-

69 852 261 906 quem
323 837 455 892 illic
505 839 793 907 sepultum
853 846 1136 902 asserunt,
1197 837 1334 891 mihi
1385 837 1672 892 videretur
1713 837 1819 892 ob-
1929 840 2153 894 urbana
2183 841 2496 896 cessissent.
2554 841 2694 895 Tota
2747 840 2924 910 igitur
2951 841 3326 896 antemuralis
3358 840 3631 896 fortitudo

70 926 369 981 nubilare
427 925 747 995 praesentia.
812 925 1116 994 cheritur
1158 924 1380 985 ibidem,
1409 925 1624 980 colonis
1663 939 1813 981 rece-
1928 927 2290 998 irrumpitur,
2323 935 2378 984 et
2406 943 2506 998 per
2545 928 2784 984 minoris
2835 929 3054 994 ruinas,
3090 929 3347 999 plenario
3371 930 3491 998 jam
3524 941 3631 997 pa-

71 1014 396 1079 tientibus,
445 1013 784 1069 victualium
819 1027 990 1082 prope
1027 1012 1283 1068 omnium
1315 1013 1611 1081 opulentia
1636 1026 1818 1082 gran-
1927 1023 2078 1072 tente
2111 1030 2438 1087 progressu,
2463 1017 2537 1072 ad
2567 1018 2802 1087 majoris
2831 1018 3269 1088 propugnacula
3305 1017 3478 1082 muri,
3511 1030 3629 1071 una

70 1101 186 1168 dis,
223 1110 283 1157 et
329 1116 458 1157 non
519 1102 714 1170 paucis
763 1099 1008 1168 praebuit
1055 1100 1258 1154 diebus
1313 1100 1575 1169 generale
1626 1098 1818 1154 subsi-
1926 1117 2058 1172 qua}
2105 1103 2350 1159 affuerat
2409 1104 2564 1160 scala
2620 1104 2954 1174 porrigitur.
3007 1104 3130 1170 Qua
3183 1103 3360 1160 nostri
3420 1104 3628 1159 milites

69 1189 246 1244 dium
299 1189 666 1244 exercitibus
706 1188 1080 1257 hospitandis.
1125 1188 1228 1243 Ubi
1274 1201 1550 1256 proceres,
1596 1188 1814 1242 clerum
1925 1192 2162 1262 quidam
2197 1207 2507 1248 conscensa
2553 1193 2842 1259 citissime,
2889 1207 3108 1262 clepere
3142 1193 3475 1262 praeliajam
3517 1194 3627 1248 ha-

70 1287 128 1334 et
194 1278 517 1346 episcopos
584 1279 682 1347 qui
744 1278 1011 1332 interesse
1094 1285 1356 1345 poterant
1429 1277 1811 1341 consulentes,
1925 1280 2057 1336 bere
2118 1295 2232 1349 prae
2278 1283 2685 1337 manibuszet
2727 1281 2828 1337 ubi
2878 1282 3071 1351 jactus
3118 1282 3460 1348 defecerant,
3511 1289 3630 1336 tota

71 1381 215 1422 cum
255 1367 472 1422 favore
523 1380 721 1422 eorum
774 1365 880 1434 ipsi
923 1364 1140 1419 civitati
1180 1364 1506 1435 eligendum
1542 1373 1813 1420 laxavere
1925 1369 2094 1424 fiebat
2120 1383 2209 1424 res
2235 1369 2445 1424 lanceis
2490 1377 2544 1425 et
2573 1370 2810 1426 ensibus
2843 1385 2854 1423 :
2918 1369 3240 1425 defensores
3271 1369 3539 1435 civitatis,
3573 1377 3629 1424 et

75 1454 458 1523 pontificem.
513 1454 616 1510 Cui
647 1453 865 1509 collatis
895 1467 1135 1508 suarum
1168 1467 1360 1508 rerum
1385 1453 1640 1518 decimis,
1668 1467 1812 1509 auro
1921 1458 2254 1513 eorumdem
2287 1459 2610 1514 obsessores
2635 1459 2784 1513 ferro
2802 1459 3119 1514 decernunt
3145 1457 3624 1514 cominus.Occu-

68 1543 258 1607 etiam
345 1551 712 1612 argentoque
772 1541 1067 1607 ditarunt;
1114 1540 1280 1610 equis
1347 1541 1813 1611 animalibusque
1922 1547 2176 1602 buerunt
2221 1547 2417 1617 itaque
2474 1546 2641 1602 multi
2670 1561 2741 1602 ex
2774 1547 3002 1612 nostris,
3035 1547 3131 1601 sed
3168 1561 3238 1602 ex
3269 1546 3380 1601 illis
3409 1546 3621 1616 plures.

71 1628 470 1694 suffulciunt,
505 1645 620 1700 quo
649 1630 770 1684 sine
814 1629 1029 1684 difficili
1065 1628 1403 1699 indigentia,
1443 1629 1566 1684 sine
1599 1629 1813 1684 summi
1994 1633 2132 1706 [111.]
2244 1634 2548 1691 Sciendum
2649 1644 2840 1690 autem
2935 1637 3208 1704 quoniam
3291 1635 3414 1689 haec
3499 1634 3626 1703 ipsa

70 1719 310 1786 gradus
344 1718 589 1788 injuria,
623 1732 743 1773 sese
769 1724 963 1786 ageret
994 1731 1126 1772 cum
1158 1731 1265 1772 sua
1290 1717 1524 1772 familia.
1560 1719 1684 1786 Ipse
1716 1732 1811 1773 re-
1921 1723 2140 1790 civitas,
2221 1738 2352 1779 cum
2426 1725 2618 1778 adhuc
2690 1723 2995 1778 Antiochia
3070 1723 3447 1789 obsideretur,
3513 1723 3622 1778 sub

72 1806 226 1861 sedit
280 1821 430 1862 cum
479 1807 656 1872 omni,
709 1806 768 1860 in
815 1806 1119 1861 commissa
1167 1805 1272 1860 sibi
1315 1806 1476 1871 urbe,
1536 1806 1807 1876 tripudio,
1853 1877 1870 1879 ξ
1919 1815 2071 1864 ιιιεθ
2100 1812 2250 1879 regis
2288 1809 2500 1866 ditione
2550 1811 2854 1866 Persarum
2898 1811 3262 1866 detinebatur
3303 1825 3337 1865 a
3395 1811 3618 1866 Turcis.

73 1895 144 1950 de
176 1895 434 1950 civitate
463 1894 694 1962 tuenda,
729 1895 882 1950 etde
930 1894 1167 1950 basilica
1196 1894 1552 1963 potissimum
1598 1909 1809 1966 regen—
1847 1877 1889 1930 Β
1919 1899 2091 1954 Porro
2132 1877 2514 1969 Babylonicus
2551 1899 2881 1968 imperator,
2937 1913 3091 1965 cum,
3149 1898 3296 1954 sicut
3355 1898 3624 1968 superius

75 1984 150 2038 da
200 1983 686 2053 ofﬁcialibusque
733 1983 999 2038 Ecclesiae
1057 1982 1440 2048 instituendis,
1484 1983 1807 2053 principum
1919 1987 2241 2049 retulimus,
2277 1988 2348 2043 ad
2395 1996 2655 2043 nostrum
2706 1987 2922 2058 legatos
2952 1988 3268 2043 exercitum
3302 1987 3620 2052 direxisset,

76 2072 183 2141 qui
212 2073 328 2127 hoc
363 2072 442 2128 ob
472 2071 696 2127 cultum
735 2085 1109 2142 amoremque
1139 2071 1408 2141 martyris
1436 2071 1648 2128 obnixe
1684 2072 1807 2127 fieri
1917 2074 2260 2143 explorandi
2318 2082 2532 2129 statum
2589 2082 2915 2130 nostrorum
2971 2074 3327 2129 solummodo
3358 2074 3410 2129 id
3447 2088 3623 2130 causa

79 2161 424 2229 petiverant
450 2160 787 2216 obediturus
820 2160 1070 2228 imperio.
1915 2162 2167 2219 effecisse
2211 2163 2587 2234 dignoscitur.
2645 2162 2789 2218 Cum
2827 2163 2980 2218 enim
3021 2163 3310 2218 dirissima
3341 2163 3620 2219 Christia-

781 2248 1012 2304 CAPUT
1053 2249 1125 2302 Il.
1915 2264 2048 2306 nam
2104 2251 2363 2306 militiam
2408 2251 2726 2321 indigentia
2785 2250 3080 2322 proﬂigari
3131 2252 3538 2320 conspicerent,
3566 2258 3621 2306 et

148 2336 218 2406 [11
231 2337 270 2407 .j
303 2335 647 2390 Jerusalem
670 2334 1073 2390 circumsident
1101 2335 1440 2393 Christiani.
1483 2366 1552 2378 —
1583 2336 1648 2391 Et
1678 2351 1807 2393 ecce
1914 2340 2214 2410 optimates
2257 2354 2540 2409 quosque,
2604 2339 3001 2394 deficientibus
3041 2339 3227 2409 equis,
3275 2339 3450 2394 factos
3498 2339 3618 2408 jam

78 2424 149 2478 ad
183 2424 354 2480 illam
392 2439 528 2494 qua;
561 2431 635 2480 tot
668 2424 939 2494 penurias
968 2425 1049 2480 eis
1080 2433 1376 2495 genuerat,
1409 2432 1625 2480 tantam
1653 2425 1805 2481 sitim
1915 2428 2130 2498 pedites
2180 2428 2606 2498 comperissent,
2662 2435 2859 2484 nostra
2887 2428 3080 2484 omnia
3111 2428 3480 2497 vilipendere,
3514 2443 3620 2483 nec

76 2527 143 2568 ac
175 2513 405 2568 famem
439 2513 640 2569 tandiu
667 2523 722 2568 et
756 2521 870 2569 tam
923 2513 1126 2569 crebro
1176 2522 1489 2583 pepererat,
1521 2527 1695 2569 causa
1728 2521 1808 2570 tot
1913 2516 2235 2588 quidquam
2294 2531 2579 2573 novarum
2622 2516 2806 2571 moliri
2881 2531 3076 2572 rerum
3129 2525 3332 2573 contra
3377 2517 3611 2579 Turcos,

78 2602 455 2664 nuditatum,
525 2603 856 2673 vigiliarum
928 2617 995 2657 ac
1063 2603 1372 2672 frigorum;
1433 2602 1807 2658 indesinentis
1914 2620 2062 2677 quos
2103 2605 2462 2675 potissimum
2532 2604 2901 2674 patiebantur
2949 2605 3220 2672 infensos,
3286 2613 3615 2660 nostrorum

73 2700 270 2746 metus
301 2691 554 2760 occasio,
591 2691 905 2748 subeundae
946 2692 1188 2747 miseria
1235 2691 1803 2760 voluptuosissimum

76 2779 493 2846 incentivum;
523 2781 594 2836 ad
644 2780 956 2850 appetitum
1017 2780 1213 2834 mortis
1242 2788 1296 2835 et
1321 2781 1576 2835 vulneris
1619 2780 1754 2836 illex
1786 2795 1799 2834 :

74 2869 146 2923 ad
182 2869 373 2938 illam,
403 2871 666 2940 inquam,
697 2869 849 2924 mille
880 2869 1291 2924 desideriorum
1319 2868 1570 2923 millibus
1585 2866 1804 2922 affecta-

76 2970 217 3025 tam,
254 2958 462 3026 tantis,
497 2959 635 3014 dum
689 2957 1059 3028 prospicitur,
1114 2957 1455 3012 maeroribus
1503 2969 1570 3010 ac
1600 2954 1803 3025 jubilis

75 3046 485 3112 inclamatam,
540 3047 772 3102 tandem
821 3059 1132 3116 pervenere
1175 3045 1511 3101 Jerusalem.
1556 3045 1635 3099 De
1684 3056 1802 3113 qua

77 3135 231 3190 sicut
290 3136 368 3192 de
433 3135 709 3192 Dominici
775 3134 1030 3204 corporis
1108 3133 1473 3188 mansoribus
1528 3132 1794 3202 legitur:

77 3244 104 3271 «
138 3223 290 3290 Quia
339 3223 849 3280 manducaverunt
893 3234 947 3278 et
995 3223 1421 3289 adoraverunt;
1456 3216 1500 3271 »'
1525 3221 1604 3275 ita
1634 3229 1688 3275 et
1727 3219 1796 3275 de

75 3311 166 3367 his
198 3313 316 3367 dici
352 3320 559 3383 potest,
609 3312 994 3369 adoraverunt
1037 3326 1162 3367 eam
1193 3320 1248 3366 et
1282 3316 1788 3380 expugnaverunt.

75 3399 293 3456 Octavo
355 3402 554 3471 itaque
607 3401 763 3456 Junii
804 3402 954 3466 ldus,
1018 3415 1148 3455 cum
1213 3402 1378 3454 tertia
1431 3406 1576 3453 esset
1628 3397 1790 3463 feria,

75 3489 224 3544 mira
256 3490 632 3545 animositate
655 3497 737 3544 est
767 3489 994 3544 obsessa
1021 3488 1243 3543 civitas.
1275 3491 1320 3542 A
1363 3485 1788 3556 septentrionali

78 3577 259 3647 igitur
308 3579 501 3650 plaga,
543 3591 729 3633 comes
757 3591 884 3632 eam
936 3578 1218 3632 Robcrtus
1246 3575 1542 3631 obsederat
1574 3575 1791 3630 North-

77 3679 459 3730 mannorum,
486 3666 660 3737 juxta
690 3679 815 3720 eam
848 3666 996 3721 beati
1030 3665 1301 3735 Stephani
1334 3665 1650 3730 ecclesiam,
1691 3662 1790 3718 ubi

79 3763 311 3823 propter
361 3755 574 3810 Filium
647 3753 915 3817 hominis,
986 3767 1156 3823 quem
1213 3767 1246 3806 a
1303 3752 1522 3807 dextris
1582 3750 1678 3806 Dei
1731 3766 1790 3807 se

76 3841 289 3898 vidisse
343 3844 696 3898 clamaverat
751 3850 1018 3906 stantem,
1067 3856 1102 3896 a
1158 3840 1372 3897 Judaeis
1415 3848 1496 3896 est
1544 3840 1788 3896 obrutus

79 3926 262 3986 imbre
287 3946 584 3987 saxorum.
631 3931 719 3986 Ab
750 3929 1082 3986 occidentali
1115 3933 1306 3984 autem
1334 3929 1645 3998 opponitur
1665 3927 1787 3983 dux

78 4017 422 4076 Godefridus
516 4033 704 4074 comes
765 4018 1153 4082 Flandrensis,
1221 4025 1276 4072 et
1327 4017 1678 4072 Tancredus.
1737 4017 1786 4072 A

81 4107 318 4164 meridie
360 4108 584 4164 obsedit
613 4122 739 4164 eam
770 4121 958 4162 comes
987 4107 1176 4162 Sancti
1208 4105 1443 4175 IEgidii,
1490 4106 1547 4159 in
1596 4112 1786 4160 monte

80 4193 344 4252 videlicet
390 4195 545 4263 Sion,
577 4196 728 4251 circa
781 4195 1077 4251 ecclesiam
1132 4195 1312 4250 beatae
1364 4193 1557 4248 Mariae
1614 4192 1782 4248 Geni-

80 4282 236 4339 tricis
279 4285 538 4351 Domini;
597 4285 694 4340 ubi
755 4285 1030 4340 Dominus
1083 4297 1216 4338 cum
1267 4281 1386 4337 suis
1445 4281 1516 4336 ad
1561 4294 1781 4336 cmnam

83 4371 263 4438 pridie
334 4387 516 4444 quam
578 4381 886 4442 pateretur,
948 4371 1132 4428 fertur
1208 4370 1566 4426 discubuisse
1611 4369 1779 4424 disci-

82 4459 250 4527 pulis.

151 4547 340 4604 Tertia
370 4550 442 4606 ad
487 4548 688 4604 urbem
735 4548 1019 4603 adventus
1043 4561 1243 4603 eorum
1275 4546 1383 4609 die.
1419 4545 1782 4602 Baimundus

86 4633 192 4699 ille,
244 4639 419 4708 cujus
468 4638 525 4692 in
573 4636 936 4706 expeditione
983 4634 1280 4691 Dominica
1313 4649 1426 4690 non
1475 4634 1779 4689 minimum

85 4727 360 4790 opuscula
419 4728 773 4790 claruerunt,
843 4723 953 4790 ille,
1019 4724 1278 4794 inquam,
1324 4737 1498 4793 quem
1548 4721 1780 4778 Pilitum

85 4816 555 4881 agnominabant,
597 4828 730 4870 cum
769 4813 1021 4884 quodam
1057 4827 1162 4868 suo
1187 4811 1537 4883 cognomini,
1570 4811 1781 4866 illustri

87 4897 273 4957 itidem
312 4904 454 4971 viro,
503 4903 746 4973 aliisque
795 4900 1244 4972 quamplurimis
1301 4900 1660 4971 longiuscule
1708 4901 1780 4956 ab

84 4987 392 5047 obsidionis
444 4991 564 5047 loco
595 4991 880 5061 processit,
914 4991 962 5045 si
1002 5004 1150 5060 quos
1199 4989 1340 5044 forte
1369 4989 1642 5055 hostium,
1695 4989 1778 5045 uti

86 5084 244 5131 erant
291 5079 463 5144 soliti,
510 5079 844 5134 oberrantes
876 5078 947 5132 ad
989 5085 1315 5133 nostrorum
1349 5076 1584 5132 insidias
1615 5091 1782 5146 repe-

89 5162 196 5218 rire
221 5168 596 5237 contingeret.
639 5167 874 5229 Etecce,
909 5166 1290 5221 ducentorum
1317 5164 1493 5220 ferme
1522 5165 1780 5221 Arabum

91 5252 250 5308 secis
298 5255 491 5312 intulit
544 5261 774 5324 repente
828 5253 1183 5324 manipulus,
1227 5267 1373 5324 quos
1419 5254 1782 5310 Raimuudus

92 5344 154 5392 ut
206 5341 362 5411 vidit,
422 5343 647 5400 leonina
696 5343 916 5399 feritate
954 5340 1310 5414 aggreditur,
1341 5349 1396 5398 et
1435 5349 1552 5398 tota
1579 5356 1781 5399 eorum

96 5428 346 5501 audacia,
375 5434 490 5489 Deo
522 5431 611 5500 eis
647 5431 960 5498 insistente,
1007 5429 1317 5502 subigitur.
1378 5430 1646 5488 Plurimis
1674 5431 1782 5487 ita-

96 5527 203 5582 que
239 5519 606 5590 interemptis,
650 5521 950 5590 captisque
980 5518 1214 5576 tricenis
1257 5519 1440 5589 equis,
1476 5518 1663 5574 lietam
1709 5521 1781 5575 ad

95 5606 400 5665 exercitum
433 5609 502 5665 de
549 5608 806 5664 claritate
848 5607 1120 5665 facinoris
1170 5615 1534 5677 reportavere
1597 5608 1781 5664 victo-

102 5689 257 5749 riam.
294 5698 543 5756 Alterius
568 5712 706 5770 ergo
739 5697 1110 5754 hebdomadas
1139 5696 1392 5753 secunda
1423 5696 1780 5753 illucescente

1913 2694 2016 2764 qui
2066 2701 2267 2749 contra
2305 2708 2402 2750 eos
2439 2693 2860 2748 exercebantur
2917 2692 3128 2748 fiducia
3180 2707 3614 2763 praesumpsere.

1914 2783 2033 2838 Rex
2062 2783 2229 2852 plane
2281 2781 2524 2837 Persidis
2554 2782 2622 2836 de
2657 2781 3018 2850 Babylonico,
3071 2782 3227 2850 quod
3271 2795 3616 2851 usquequa-

1911 2885 2025 2940 que
2109 2869 2452 2924 latissimum
2535 2869 2966 2938 perhibebatur,
3040 2868 3296 2937 imperio,
3373 2869 3615 2924 multam

1911 2965 2296 3027 usurpaverat
2349 2957 2693 3026 portionem;
2745 2956 3096 3026 sagaciorem
3146 2957 3301 3011 enim
3344 2957 3611 3024 habebat,

1910 3046 2191 3102 bellorum
2221 3044 2523 3110 industria,
2571 3051 2814 3114 gentem.
2847 3044 3144 3112 Comperto
3176 3044 3323 3098 idem
3365 3043 3615 3112 denique

1839 3158 1879 3212 ο
1913 3133 2290 3202 Babylonicus
2319 3133 2580 3201 princeps
2623 3131 2776 3203 quod
2810 3133 3031 3197 Franci,
3067 3130 3179 3185 imo
3211 3145 3311 3200 per
3341 3131 3611 3187 Francos.

1907 3223 2059 3276 Deus
2087 3220 2452 3275 Antimhiam
2505 3219 2826 3290 subegisset
2863 3226 2917 3274 et
2944 3217 3260 3273 Antiochiae
3316 3233 3418 3288 pro
3470 3234 3610 3274 mte-

1906 3309 2098 3375 nibus,
2127 3308 2427 3364 (lurbaran
2461 3307 2649 3377 ipsum
2679 3320 2810 3362 cum
2845 3313 2962 3361 tota
2991 3306 3294 3360 Persarum
3337 3307 3612 3376 superbia

1903 3395 2271 3461 contudisset,
2319 3404 2549 3464 sumpta
2579 3394 2873 3450 confestim
2903 3393 3180 3463 audacia.
3213 3393 3416 3449 Turcis
3445 3407 3610 3450 arma

1905 3483 2135 3553 intulit;
2175 3483 2702 3552 Jerosolymamque
2740 3483 2833 3538 cui
2890 3481 3340 3537 dominabantur
3369 3483 3604 3538 obsedit.

1901 3572 2044 3639 Qua,
2079 3572 2264 3626 nescio
2310 3571 2365 3625 vi
2411 3580 2512 3627 aut
2571 3571 2771 3640 aliqua
2815 3569 3312 3635 confosderatione,
3361 3580 3604 3640 recepta,

1903 3661 1960 3716 in
1991 3661 2114 3730 ipsa
2146 3659 2288 3716 turri
2319 3675 2450 3730 quae
2487 3660 2700 3716 dicitur
2734 3659 2909 3713 David
2943 3667 2998 3713 et
3029 3672 3204 3727 quam
3240 3659 3465 3728 proprie
3496 3659 3606 3714 dici

1900 3757 2169 3818 putamus
2220 3749 2374 3804 Sion.
2434 3749 2755 3804 Turcorum
2825 3747 3104 3816 plurimos
3164 3747 3236 3802 ad
3285 3747 3602 3802 custodiam

1897 3839 2086 3892 nescio
2116 3851 2190 3891 an
2223 3837 2292 3892 ad
2325 3836 2643 3892 dominium
2675 3835 2940 3890 dimisere
2967 3850 2978 3889 :
3030 3835 3098 3889 de
3138 3836 3354 3905 quibus
3382 3843 3608 3894 constat

1897 3927 2035 3995 quia
2079 3933 2404 3980 nostrorum
2451 3925 2736 3979 neminem
2795 3923 2942 3978 inter
2971 3924 3348 3979 obsidendum
3376 3924 3605 3993 penitus

1897 4029 2164 4080 nocuere,
2227 4014 2328 4068 soli
2381 4013 2530 4068 arcis
2586 4011 2859 4068 custodiae
2909 4011 3011 4081 qui
3071 4012 3324 4080 deputati
3372 4013 3600 4068 fuerant

1897 4103 2130 4172 pacifica
2189 4102 2503 4157 intendere.
2566 4103 2776 4157 Contra
2843 4100 3188 4178 Sarracenos
3233 4113 3372 4169 ergo
3420 4101 3601 4156 nostri

1897 4191 2076 4260 hujus
2103 4190 2235 4246 belli
2267 4190 2671 4246 commercium
2707 4189 2980 4244 habuere.

1966 4278 2112 4352 [1V.]
2145 4281 2388 4336 Summa
2426 4295 2619 4333 rerum
2666 4276 2924 4334 omnium
2951 4275 3272 4349 indigentia
3299 4277 3600 4348 aﬂlictan-

1893 4371 1986 4422 tur
2016 4367 2363 4424 Christiani.
2414 4399 2482 4408 -—-
2513 4368 2695 4438 Igitur
2733 4368 2790 4422 in
2820 4381 2887 4422 ea
2922 4367 3234 4434 obsidione,
3283 4381 3458 4436 panes
3495 4368 3596 4437 qui

1818 4454 1862 4507 D
1891 4465 2221 4513 emerentur
2267 4455 2502 4526 reperiri
2551 4470 2664 4511 non
2720 4463 3002 4525 poterant,
3046 4463 3098 4510 et
3139 4469 3239 4524 per
3267 4455 3387 4511 dies
3437 4456 3598 4510 circi-

1888 4551 1974 4600 ter
2028 4544 2204 4600 denos
2252 4545 2431 4615 hujus
2479 4543 2688 4613 passim
2746 4543 2965 4599 exstitit
3019 4543 3328 4598 difficultas
3371 4543 3590 4599 edulii:

1890 4634 2070 4690 donec
2102 4635 2252 4689 Deus
2304 4633 2468 4688 nobis
2527 4631 2831 4696 assisteret,
2897 4631 3116 4700 allapsa
3177 4633 3366 4700 portui
3420 4632 3594 4701 Joppe

1889 4724 2069 4778 nostri
2127 4721 2304 4778 classe
2350 4721 2589 4791 navigii.
2652 4721 2876 4790 Parque
2932 4720 3040 4774 fuit
3119 4733 3386 4788 pressura
3447 4720 3588 4788 sitis,

1890 4811 2030 4867 adeo
2061 4817 2124 4867 ut
2178 4825 2291 4866 non
2326 4809 2492 4866 modo
2543 4809 2648 4879 ipsi
2705 4808 2800 4864 tali
2841 4807 3236 4864 miserabiliter
3267 4807 3591 4864 fatiscerent

1889 4899 2282 4968 incommodo;
2323 4898 2420 4954 sed
2466 4899 2639 4954 etiam
2677 4911 2858 4966 equos
2887 4910 3021 4951 suos
3061 4909 3193 4951 cum
3235 4896 3454 4951 caeteris
3487 4897 3590 4966 ju-

1889 4987 2116 5053 mentis,
2181 5000 2283 5058 per
2333 5001 2435 5043 sex
2493 4987 2738 5042 millium
2788 4984 2994 5054 spatia,
3053 4984 3254 5054 procul
3317 4986 3586 5054 potanda,

1890 5077 2256 5143 deducerent,
2299 5076 2408 5132 sub
2441 5075 2690 5131 hostium
2747 5073 3332 5130 circumcursantium
3391 5074 3590 5130 timore

1889 5165 2087 5221 nimio.
2148 5164 2315 5235 Syloa
2367 5177 2570 5232 nempe
2617 5163 2762 5230 fons,
2793 5176 2865 5218 ex
2909 5160 3243 5231 Evangelici
3275 5162 3408 5218 caeci
3439 5170 3590 5219 rete-

1886 5253 2072 5310 ctione
2153 5251 2542 5323 procognitus,
2610 5251 2712 5321 qui
2762 5265 2796 5306 a
2856 5249 3152 5306 radicibus
3209 5250 3342 5306 Sion
3379 5252 3591 5308 montis

1888 5343 2148 5414 emergit,
2199 5342 2351 5411 ipsos
2388 5340 2576 5397 alebat
2611 5355 2623 5395 :
2653 5355 2785 5410 qum
2828 5353 2984 5410 aqua
3031 5353 3258 5395 summa
3300 5340 3588 5410 siquidem

1889 5432 2042 5488 inter
2096 5445 2191 5487 eos
2254 5429 2576 5487 caritudine
2648 5429 3024 5485 vendebatur.
3079 5428 3389 5498 Postquam
3455 5444 3592 5499 ergo

1891 5520 2064 5576 missa
2115 5519 2321 5590 legatio
2370 5518 2581 5588 Joppen
2639 5519 2928 5588 appulisse
2980 5517 3216 5589 navigia
3276 5519 3588 5581 nuntiavit,

1889 5607 2311 5664 communicato
2367 5608 2617 5664 seniores
2667 5607 2927 5675 consilio,
2977 5615 3304 5676 proponunt
3360 5607 3588 5672 milites,

1887 5696 2123 5768 quosad
2173 5695 2408 5752 tutelam
2468 5696 2706 5752 navium
2757 5711 2825 5752 ac
2884 5695 3185 5753 hominum
3240 5696 3297 5751 in
3341 5697 3589 5753 navibus
