3934 6446
270 353 372 406 791

275 571 471 640 itaque
491 569 746 626 diluculo
786 583 918 625 cum
969 569 1091 639 jam
1123 569 1471 638 exprimeret
1526 567 1714 622 tenuis
1754 580 1967 622 aurora

273 658 700 728 crepusculum,
748 657 1129 722 Raimundus.
1188 655 1291 726 qui
1323 656 1522 711 crebro
1551 669 1586 710 a
1636 657 1801 711 nobis
1844 669 1964 710 ser-

274 759 442 801 mone
471 745 698 811 teritur,
752 759 886 800 cum
919 744 1147 800 duobus
1184 743 1313 798 aliis
1367 743 1698 813 proceribus
1735 750 1964 798 centum

273 833 344 888 de
364 833 580 889 domini
609 833 700 889 sui
731 833 922 888 Sancti
950 832 1136 902 Egidii
1192 832 1414 887 comitis
1441 832 1700 888 exercitu
1746 833 1968 902 equites

275 921 430 993 legit,
471 929 526 978 et
554 922 625 978 ad
678 930 909 992 portum
960 935 1145 990 usque
1183 921 1349 975 solita
1395 921 1734 976 auctoritate
1773 934 1965 990 proce-

273 1009 374 1065 dit.
419 1011 466 1065 E
506 1010 722 1080 quibus
775 1009 1010 1080 triginta
1059 1009 1209 1064 illico
1259 1023 1379 1064 sese
1430 1009 1636 1064 milites
1673 1023 1966 1078 excepere,

273 1105 330 1153 et
388 1098 622 1169 digressi
669 1099 738 1154 ab
813 1097 960 1160 aliis,
1017 1098 1252 1164 Turcos,
1313 1097 1552 1163 Arabes,
1605 1097 1966 1164 Sarracenos,

273 1187 635 1257 septuaginta
729 1184 852 1258 [al.,
927 1185 1342 1258 septingentos]
1412 1187 1637 1242 circiter
1707 1200 1972 1256 repetere

276 1289 424 1346 quos
452 1283 784 1330 nostrorum
817 1275 933 1330 itus
961 1288 1028 1330 ac
1048 1276 1268 1330 reditus
1297 1275 1584 1330 direxerat
1611 1282 1970 1344 aucupatum

275 1377 378 1419 rex
409 1363 755 1433 Babyloniae.

343 1453 598 1515 Quorum
619 1465 804 1506 cuneo
831 1451 1034 1519 nostri,
1069 1458 1126 1506 et
1153 1451 1202 1506 si
1227 1451 1398 1506 nimis
1429 1451 1676 1521 impares
1704 1463 1968 1518 numero,

275 1539 480 1610 grandi
528 1539 859 1594 animorum
909 1539 1225 1595 acrimonia
1267 1540 1651 1596 inVehuntur:
1685 1539 1782 1595 sed
1813 1547 1974 1595 tanta

275 1627 526 1683 hostium
565 1627 754 1682 virtus
793 1641 861 1682 ac
910 1627 1172 1682 ferocitas
1215 1627 1453 1693 exstitit,
1478 1635 1540 1683 ut
1570 1627 1831 1696 undique
1859 1627 1972 1682 im-

275 1715 558 1770 minerent
583 1715 702 1784 jam
769 1729 953 1784 usque
981 1715 1050 1770 ad
1097 1715 1352 1784 ipsorum
1401 1716 1709 1786 perniciem
1741 1715 1967 1771 nostris.

277 1802 438 1859 Unde
466 1810 522 1858 et
575 1779 818 1858 alterum
852 1779 921 1858 de
976 1779 1205 1858 duobus
1248 1803 1358 1858 illis
1389 1779 1721 1872 proceribus
1753 1803 1977 1858 Achar-
2015 1779 2056 1832 Β

275 1891 417 1946 dum
466 1891 747 1947 vocabulo
795 1900 1178 1960 peremerunt.
1229 1900 1283 1947 et
1321 1891 1548 1961 aliquos
1589 1905 1663 1947 ex
1709 1891 1976 1960 pauperi-

279 1979 388 2034 bus
421 1986 476 2034 et
527 1991 602 2034 ex
656 1979 949 2049 peditibus
1015 1979 1428 2035 honoratiores.
1477 1980 1619 2036 Cum
1667 1993 1806 2048 ergo
1861 1992 1980 2033 am-

278 2067 466 2123 birent
533 2074 778 2135 nostros,
832 2075 883 2123 et
944 2069 1121 2123 armis
1173 2067 1308 2123 hinc
1365 2075 1421 2123 et
1480 2068 1608 2122 inde
1683 2067 1980 2122 conclusos

277 2161 572 2226 urgerent,
613 2162 669 2211 et
722 2169 866 2225 pene
893 2156 1013 2226 jam
1071 2155 1379 2211 miserabili
1419 2155 1812 2226 desperatione
1842 2167 1979 2209 con-

277 2243 552 2310 ciderent,
599 2243 759 2299 venit
809 2245 910 2314 qui
942 2244 1268 2300 Raimundo
1309 2243 1390 2298 illi
1439 2244 1710 2312 praedicto
1744 2241 1984 2298 necessi-

282 2339 453 2388 tatem
482 2345 659 2401 quam
690 2332 779 2387 sui
799 2331 1035 2388 comites
1066 2339 1416 2401 paterentur,
1449 2331 1692 2386 ediceret
1719 2345 1733 2385 :
1766 2353 1788 2379 ι
1831 2331 1980 2394 Quid

281 2427 364 2482 tu,
412 2418 623 2489 inquit,
681 2418 808 2474 istic
855 2419 1151 2484 detineris,
1200 2426 1255 2474 et
1287 2418 1529 2474 milites?
1563 2419 1707 2474 Ecce
1755 2419 1834 2474 tui
1877 2421 1979 2489 qui

281 2520 541 2563 recensa
596 2515 648 2563 te
687 2507 969 2567 abierant.
1031 2507 1374 2573 Turcorum,
1425 2506 1871 2562 Sarracenorum
1927 2517 1984 2564 et

282 2595 543 2650 Arabum
581 2593 849 2649 atrociter
889 2593 1432 2664 circumcinguntur
1459 2595 1754 2662 examine;
1787 2603 1841 2650 et
1871 2597 1979 2650 nisi

281 2682 364 2738 eis
411 2681 833 2738 adminiculum
878 2681 1040 2737 ocius
1101 2680 1270 2747 feras,
1329 2681 1656 2749 morituros,
1717 2683 1827 2739 nisi
1858 2685 1977 2754 jam

283 2769 527 2825 obierint
582 2768 818 2824 indubie
857 2783 1054 2824 omnes
1089 2770 1143 2823 in
1183 2769 1448 2838 proximo
1491 2770 1658 2826 scias.
1719 2771 1854 2826 Vola
1883 2772 1982 2842 igi-

287 2865 401 2925 tur,
452 2870 716 2926 propera,
765 2856 906 2926 quia
949 2857 1144 2922 fateor,
1183 2859 1292 2914 erit
1336 2859 1524 2914 omnis
1573 2859 1737 2914 tarda
1783 2859 1983 2916 veloci-

285 2955 390 3002 tas.
424 2965 454 2997 »
510 2946 584 3002 At
623 2946 986 3002 Raimundus
1041 2961 1173 3002 cum
1212 2961 1320 3002 suo
1379 2949 1649 3003 universo
1706 2949 1980 3018 comitatu

1157 350 1222 404 V.
1262 348 1597 406 GUIBERTI
1635 347 1926 404 ABBATIS
1964 349 2020 403 S.
2065 348 2300 403 ΜΑΒΙᾸΞ
2336 347 2429 403 DE
2469 347 2854 404 NOVIGENTO

273 480 612 551 positorum,
663 480 737 536 ad
784 487 1016 550 portum
1067 479 1312 536 debeant
1357 479 1662 535 destinare.
1733 477 1971 534 Summo
2007 483 2211 534 Acum
2279 485 2554 548 putamus
2603 486 2776 535 tortos
2824 477 3120 534 acredinel
3165 479 3316 534 Bone
3376 477 3554 534 Deus!

3675 349 3793 400 792

3633 479 3792 549 quid

2077 566 2483 637 patientiarum
2537 566 2676 623 inihi
2727 567 2900 623 fuisse
2943 581 3270 637 pensamus,
3301 567 3400 623 ubi
3435 582 3548 623 non
3576 567 3798 623 imme-

2081 669 2262 710 mores
2290 665 2454 712 erant
2483 656 2701 726 quique
2729 655 2941 711 habitat
2969 655 3264 726 quondam
3296 656 3354 711 in
3381 655 3564 726 patria
3596 656 3802 727 digni-

2077 744 2230 808 tatis,
2263 759 2438 814 quam
2471 745 2706 800 condire
2737 744 2924 801 fuerat
2953 744 3120 799 solita
3147 758 3261 799 non
3293 744 3522 815 exiguae
3552 745 3799 814 requies

2078 830 2408 901 voluptatis,
2438 846 2569 887 cum
2601 846 2668 886 ea
2701 847 2830 902 quin
2851 831 3221 902 patiebantur
3235 831 3454 887 nullius
3481 833 3801 888 exterioris

2079 919 2322 976 lenirent
2349 929 2450 976 aut
2490 934 2616 989 spes
2646 930 2744 974 aut
2795 920 2995 974 solatia
3027 927 3300 990 quaestus,
3327 934 3538 990 eosque
3569 920 3629 976 in
3665 921 3799 976 dies

2079 1008 2607 1065 crudelissimorum
2680 1009 2940 1064 laborum
2997 1008 3336 1078 decoqueret
3391 1009 3592 1064 aestus!
3649 1010 3797 1065 Haec

2080 1109 2204 1152 mea
2229 1105 2314 1153 est
2361 1097 2664 1165 sententia,
2699 1097 2819 1152 haec
2859 1096 3031 1152 unica
3067 1111 3079 1150 :
3115 1109 3414 1166 nunquam
3467 1111 3501 1151 a
3539 1097 3796 1152 saeculo-

2080 1198 2210 1240 rum
2244 1184 2382 1240 tales
2435 1184 2720 1240 exstitisse
2772 1184 3090 1254 principiis,
3125 1186 3225 1254 qui
3269 1199 3368 1253 pro
3411 1185 3532 1240 sola
3575 1199 3796 1254 exspe-

2079 1274 2326 1328 ctatione
2404 1273 2773 1329 emolumenti
2831 1273 3165 1342 spiritualis,
3219 1281 3298 1328 tot
3367 1287 3612 1343 corpora
3677 1288 3797 1328 sua

2079 1373 2395 1430 exposuere
2443 1360 2755 1430 suppliciis.
2815 1361 3066 1416 Urebant
3121 1361 3343 1416 animos
3379 1369 3610 1416 remotae
3641 1361 3796 1415 adeo

2080 1451 2575 1520 peregrinantium
2647 1449 2950 1521 pignorum
3039 1448 3297 1515 allectus,
3380 1449 3798 1504 delectationes

2084 1539 2326 1606 uxoriaa,
2379 1537 2799 1608 possessionum
2850 1537 3116 1610 fastigia;
3161 1544 3217 1593 et
3272 1546 3462 1593 tamen
3503 1552 3571 1593 ac
3611 1551 3656 1592 sn
3689 1536 3797 1591 ibi'

2079 1627 2207 1682 dem
2242 1627 2604 1697 permansuri
2636 1635 2930 1696 perpetuo,
2967 1641 3085 1682 non
3117 1627 3466 1682 desistebant
3494 1639 3528 1680 a
3562 1625 3790 1682 Christi

2083 1715 2483 1784 prosequenda
2516 1713 2738 1769 militia.

2742 1801 2975 1861 CAPUT
3015 1801 3122 1857 ΙΙΙ..

2157 1890 2301 1962 [VL]
2334 1892 2528 1944 Instat
2553 1889 2834 1944 obsidioni
2873 1906 3046 1944 sacra
3091 1887 3326 1944 militia.
3365 1918 3439 1931 —
3481 1889 3796 1946 Sarraceni

2085 1979 2265 2051 igitur
2283 1979 2436 2034 circa
2467 1978 2648 2034 fontes
2669 1993 2737 2034 ac
2758 1978 2999 2034 ﬂumina
3021 1978 3265 2048 jugibus
3288 1979 3500 2033 instare
3529 1977 3794 2043 insidiis;

2087 2067 2306 2137 ubique
2352 2066 2606 2122 locorum
2659 2075 2990 2122 nostrorum
3039 2067 3293 2123 caedibus
3339 2066 3591 2134 inhiare;
3644 2079 3797 2135 prae-

2086 2156 2232 2222 dari,
2288 2155 2331 2211 si
2374 2171 2492 2226 qua
2540 2155 2870 2226 contigisset
2909 2169 3249 2224 occurrere;
3309 2162 3471 2224 rapta
3519 2155 3640 2209 sive
3671 2153 3800 2208 ani-

2088 2243 2282 2310 malia,
2314 2258 2416 2300 seu
2459 2243 2729 2314 quaelibet
2761 2243 2876 2298 alia
2907 2243 2962 2297 in
3009 2243 3310 2298 cuniculos
3346 2253 3401 2298 et
3439 2243 3647 2312 spelaea
3688 2241 3794 2296 ab-

2087 2330 2314 2387 ducere.
2350 2331 2514 2386 Circa
2542 2331 2830 2386 civitatem
2879 2344 2978 2400 per
3023 2331 3340 2385 exercitum
3393 2330 3447 2384 in
3491 2329 3794 2400 procinctu

2087 2427 2563 2487 commanentem,
2626 2419 2794 2474 famis
2861 2419 3103 2489 sitisque
3170 2426 3335 2474 atrox
3398 2417 3795 2474 bacchabatur

2087 2507 2396 2574 acerbitas;
2429 2515 2486 2563 et
2524 2507 2796 2573 hostium,
2850 2508 2983 2562 hinc
3009 2515 3065 2563 et
3097 2507 3228 2562 inde
3263 2507 3603 2577 vagantium
3631 2505 3792 2562 rabi-

2087 2595 2214 2650 dior
2261 2596 2566 2652 detonabat
2615 2597 3075 2666 circumquaque
3134 2595 3482 2666 malignitas.
3531 2595 3604 2650 At
3639 2595 3794 2664 prin-

2087 2684 2242 2754 cipes
2295 2698 2474 2740 sacrae
2550 2683 2786 2748 militiae,
2847 2691 3068 2738 tantum
3127 2683 3578 2746 incommodum,
3627 2695 3664 2736 a
3710 2688 3793 2737 tot

2089 2779 2324 2842 tamque
2394 2771 2634 2827 diversis
2720 2772 3053 2826 hominibus
3120 2771 3344 2826 tolerari
3408 2771 3508 2826 vix
3569 2769 3793 2826 diutius

2091 2875 2250 2930 posse
2285 2860 2563 2924 videntes,
2605 2859 2823 2930 quibus
2870 2859 3151 2914 machinis
3178 2858 3380 2913 civitas
3423 2857 3793 2930 expugnabi-

2089 2947 2197 3003 lior
2249 2957 2553 3016 putaretur
2591 2947 2928 3018 conjiciunt,
2959 2955 3268 3016 quatenus,
3323 2955 3423 3016 pro
3476 2961 3593 3017 quo
3625 2953 3793 3002 tanta

285 3034 610 3104 expeditius
639 3034 886 3090 invisere
917 3035 1107 3091 locum
1147 3050 1262 3106 quo
1302 3035 1424 3091 hac
1451 3035 1778 3106 agebantur
1819 3051 1978 3093 acce-
2019 3069 2060 3124 ο
2091 3037 2459 3106 pertulerant,
2511 3036 2658 3106 passi
2705 3049 2772 3091 ac
2803 3036 3008 3104 sepulti
3052 3035 3440 3090 monumentis
3481 3034 3798 3091 Salvatoris

285 3123 448 3191 lerat,
499 3125 594 3180 sed
639 3124 700 3178 in
759 3124 882 3193 ipso
928 3125 1258 3179 certaminis
1306 3132 1592 3194 apparatu
1631 3139 1744 3180 non
1779 3125 1838 3180 in
1885 3139 1980 3181 ar-

286 3210 410 3276 mis,
445 3226 559 3267 non
583 3211 666 3266 in'
681 3211 924 3279 viribus,
961 3226 1163 3268 verum
1201 3213 1259 3268 in
1287 3211 1600 3268 Salvatoris
1624 3213 1734 3269 fide
1773 3212 1982 3270 suffra-

287 3300 448 3371 gium
514 3307 725 3370 sperat.
785 3302 859 3356 At
908 3301 1240 3368 Gentilium,
1289 3300 1392 3356 ubi
1453 3301 1661 3358 Christi
1722 3301 1982 3358 militiam

285 3387 581 3458 Phalanga
644 3388 962 3457 conspexit,
1041 3388 1292 3444 duarum
1373 3389 1648 3444 continuo
1730 3390 1984 3446 acierum

285 3475 618 3532 discrimina
667 3475 824 3541 fecit;
877 3477 1140 3531 invocato
1173 3475 1367 3545 itaque
1397 3476 1670 3532 Altissimi
1701 3477 1982 3546 przesidio,

287 3571 448 3619 tanta
478 3565 654 3620 nostri
690 3564 802 3620 illis
847 3563 1212 3619 vehementia
1257 3562 1578 3629 irrueruut,
1623 3571 1685 3619 ut
1737 3565 1986 3634 quisque

287 3652 506 3708 hostem
557 3653 630 3708 ad
686 3665 746 3707 se
799 3665 1034 3707 versum
1109 3661 1510 3721 properantem
1583 3660 1982 3721 prosterneret.

286 3739 724 3802 Considerantes
757 3754 896 3811 ergo
925 3740 1076 3796 vires
1107 3753 1227 3795 sese
1257 3739 1358 3796 diu
1387 3739 1697 3795 Christiani
1741 3741 1988 3810 impetus

288 3841 403 3883 non
451 3827 690 3893 laturos,
740 3842 959 3884 cessere
992 3828 1227 3898 pagani,
1276 3837 1332 3883 et
1380 3829 1545 3883 celeri
1600 3829 1738 3897 fuga
1794 3829 1989 3884 intole-

288 3915 486 3972 randa)
549 3915 888 3972 consuluere
939 3915 1250 3972 formidini.
1294 3916 1368 3970 At
1415 3916 1592 3970 nostri
1641 3930 1737 3972 eos
1785 3915 1988 3986 rapida

287 4003 616 4060 maturitate
670 4012 994 4074 sequentes,
1051 4018 1150 4074 per
1210 4012 1464 4080 quatuor
1520 4003 1766 4060 millium
1815 4017 1990 4061 remo-

290 4091 436 4148 tiora
464 4092 743 4162 fugarunt
773 4108 786 4147 :
823 4093 881 4148 in
923 4100 1172 4156 tantum,
1207 4101 1270 4147 ut
1301 4107 1434 4147 cum
1475 4106 1548 4146 ex
1595 4093 1678 4147 eis
1709 4093 1989 4162 plurimos

287 4181 674 4250 peremissent,
741 4195 926 4254 equos
995 4187 1227 4236 centum
1288 4189 1520 4249 tresque
1573 4195 1675 4250 pro
1736 4180 1988 4238 victoriae

286 4267 450 4338 signo
477 4269 834 4325 reducerent.
886 4268 1099 4324 Verum
1145 4267 1346 4324 occisis
1375 4267 1612 4336 caeteris,
1639 4283 1773 4325 cum
1803 4284 1987 4326 unum

287 4355 652 4420 superstitem
698 4355 1086 4426 reliquissent,
1139 4369 1332 4412 secum
1387 4356 1782 4425 adduxerunt,
1810 4371 1986 4428 aquo

287 4458 658 4514 quaecunque
690 4445 845 4514 apud
885 4445 1072 4501 hostes
1122 4445 1544 4512 tractabantur,
1577 4453 1631 4501 et
1671 4461 1802 4516 quae
1838 4447 1990 4516 prin-

287 4546 420 4602 ceps
471 4532 916 4602 Babyloniorum
971 4533 1158 4590 facere
1209 4539 1409 4588 contra
1433 4540 1658 4590 nostros
1685 4547 1990 4604 proposue-

285 4629 399 4688 rat,
422 4621 768 4678 didicerunt.

357 4708 477 4782 [V.]
507 4708 622 4764 Siti
635 4709 988 4766 cruciantur.
1021 4711 1471 4766 Commendafur
1488 4708 1752 4782 ipsorum
1766 4710 1988 4782 patien-

285 4796 390 4854 tia.
417 4829 486 4838 —
531 4800 751 4855 Interea
801 4800 926 4856 sitis
957 4799 1262 4857 insolentia
1305 4799 1657 4856 horribiliter
1693 4799 1984 4871 gravaba-

285 4893 384 4942 tur
435 4887 740 4954 exercitus,
800 4889 940 4944 adeo
983 4895 1048 4944 ut
1087 4889 1243 4944 coria
1291 4889 1468 4945 boum
1518 4888 1985 4958 bubalorumque

285 4983 536 5042 suerent,
567 4975 628 5032 in
659 4977 876 5046 quibus
913 4977 1322 5034 deferebantur
1369 4991 1538 5048 aquae
1585 4991 1686 5046 per
1717 4977 1986 5032 milliaria

284 5075 408 5118 sex.
473 5063 712 5119 Talibus
791 5065 1024 5120 utribus
1070 5065 1142 5120 ad
1211 5065 1616 5122 convehendas
1669 5064 1986 5121 utebantur

283 5163 488 5220 aquas,
521 5165 654 5221 quae
672 5165 746 5207 ex
778 5151 1096 5209 recentium
1123 5161 1420 5224 tergorum
1447 5154 1692 5210 humore
1719 5152 1980 5219 exolidze,

285 5239 601 5294 maximam
663 5238 950 5295 miseriam
1001 5240 1202 5297 inedia
1251 5241 1603 5312 quibusdam
1645 5241 1982 5308 intulerant,

281 5329 436 5379 480
489 5325 548 5380 in
587 5339 762 5382 usum
811 5327 1106 5385 exercitus
1145 5331 1390 5387 transire
1418 5339 1648 5396 coactae,
1679 5342 1812 5384 cum
1846 5328 1984 5383 hor-

283 5412 490 5468 deaceo
549 5426 714 5483 pane.
756 5413 985 5481 Quanta
1027 5423 1108 5473 tot
1150 5417 1409 5474 virorum
1457 5418 1740 5474 nobilium
1790 5417 1985 5472 fauces

281 5508 336 5558 et
356 5508 597 5572 guttura
642 5503 839 5560 cibarii
874 5505 1042 5574 panis
1071 5505 1226 5562 illius
1270 5507 1624 5562 rodebantur
1655 5505 1979 5574 aspredine!

283 5595 507 5660 quanta
541 5589 812 5652 delicatos
861 5605 1064 5650 eorum
1118 5593 1442 5650 stomachos
1463 5593 1797 5664 putidorum
1847 5589 1983 5646 lati-

2089 3124 2398 3180 adorandts
2447 3124 2716 3180 interesse
2765 3125 3040 3180 valerent.
3083 3123 3296 3179 Praeter
3349 3123 3463 3178 alia
3509 3137 3645 3194 ergo
3702 3123 3794 3178 in-

2089 3219 2410 3268 strumenta
2457 3212 2726 3282 plurima,
2785 3211 3002 3284 quibus
3053 3219 3156 3268 aut
3199 3211 3350 3266 muri
3409 3225 3512 3280 per
3544 3210 3796 3267 arietum

2090 3299 2366 3357 illisiones
2432 3300 2932 3366 labefactarentur,
3005 3308 3107 3356 aut
3180 3300 3396 3356 crebris
3453 3299 3795 3356 balistarum

2086 3389 2340 3460 jactibus
2410 3396 2600 3445 turres
2645 3396 3092 3444 concuterentur
3142 3403 3210 3444 ac
3247 3387 3479 3455 moenia,
3542 3387 3656 3444 duo
3699 3389 3796 3458 ju-

2092 3479 2303 3534 bentur
2331 3476 2553 3533 institui
2609 3477 2795 3548 lignea
2848 3485 3058 3544 castra,
3109 3491 3242 3546 quae
3278 3491 3380 3532 nos
3407 3488 3610 3532 sumus
3639 3474 3792 3532 soliti

2092 3579 2299 3622 vocare
2322 3565 2522 3635 phalas
2551 3565 2670 3636 [seu
2703 3564 2863 3632 falas,
2899 3565 3002 3619 hoc
3029 3568 3115 3618 εει
3139 3573 3327 3620 turres
3354 3563 3621 3636 ligneas].
3659 3564 3792 3620 Dux

2060 3648 2064 3652 ’
2095 3655 2288 3724 itaque
2315 3653 2653 3710 Godefridus
2681 3668 2854 3709 suum
2885 3655 3104 3722 primus
3135 3668 3266 3708 cum
3300 3653 3426 3707 aliis
3441 3652 3791 3708 convenien-

2094 3743 2250 3799 tibus
2295 3741 2580 3797 machinis
2635 3742 2881 3797 aediﬁcat
2929 3749 3205 3806 castrum,
3249 3750 3305 3796 et
3350 3740 3540 3796 Sancti
3601 3741 3790 3811 Egidii

2094 3845 2283 3888 comes
2335 3829 2721 3896 Baimundus,
2771 3829 2872 3900 qui
2930 3829 3077 3886 nulli
3117 3843 3174 3884 se
3203 3829 3526 3898 patiebatur
3554 3843 3677 3884 esse
3705 3843 3792 3884 se-

2093 3919 2374 3986 cundum,
2429 3918 2549 3988 ipse
2608 3918 2804 3974 itidem
2848 3917 3097 3974 instituit
3151 3931 3349 3974 suum.
3407 3917 3554 3972 Tum
3599 3917 3792 3973 Sarra-

2095 4008 2242 4072 ceni,
2290 4007 2430 4064 dum
2491 4007 2788 4062 machinas
2843 4007 3010 4077 erigi,
3049 4006 3188 4062 dum
3240 4013 3426 4061 castra
3470 4006 3786 4076 procedere,

2095 4095 2234 4152 dum
2260 4095 2552 4151 admoveri
2582 4094 2816 4150 arcibus
2852 4102 3136 4150 tormenta
3181 4094 3562 4163 conspiciunt,
3599 4107 3791 4148 muros

2095 4191 2151 4239 et
2179 4183 2286 4254 ipsi
2318 4184 2652 4254 provehere,
2688 4183 2886 4240 fulcire
2930 4183 3199 4250 labentia,
3245 4183 3497 4238 turrium
3537 4195 3790 4238 summas

2097 4271 2327 4328 insolita
2400 4269 2733 4340 proceritate
2800 4270 3112 4342 porrigere.
3164 4271 3301 4335 Quae
3355 4269 3590 4339 quidem
3661 4269 3786 4324 uni-

2024 4361 2068 4414 D
2101 4373 2284 4426 versa,
2333 4373 2468 4415 cum
2505 4366 2864 4415 maturarent
2895 4358 3185 4428 explicare
3215 4357 3498 4424 noctibus,
3543 4356 3787 4413 interdiu

2097 4447 2168 4505 de
2195 4449 2446 4504 novitate
2473 4461 2714 4518 operum
2772 4447 2980 4503 nostris
3032 4445 3377 4502 miraculum
3417 4445 3782 4501 exhibebant.

2099 4537 2280 4608 Ligna
2309 4544 2525 4603 autem,
2577 4536 2646 4592 de
2675 4535 2891 4606 quibus
2930 4535 3111 4591 nostri
3143 4542 3245 4590 aut
3273 4541 3465 4589 castra
3503 4547 3604 4590 seu
3629 4546 3788 4604 quas-

2097 4637 2212 4694 que
2259 4623 2560 4678 machinas
2589 4621 2972 4689 instruebant,
3023 4621 3496 4678 convehebantur
3537 4634 3569 4676 e
3614 4635 3785 4676 remo-

2095 4711 2235 4768 tiore
2264 4709 2580 4780 provmcia.

2167 4797 2586 4868 Perpendentes
2640 4796 2834 4867 itaque
2876 4795 3165 4853 exercitus
3195 4793 3477 4850 Dominici
3510 4807 3780 4863 proceres,

2095 4887 2190 4944 cui
2222 4886 2384 4942 urbis
2413 4885 2562 4955 parti
2603 4883 2960 4940 imbecillitas
2988 4884 3176 4954 major
3225 4883 3450 4948 inesset,
3484 4881 3780 4952 cujusdam

2095 4981 2257 5031 nocte
2289 4971 2542 5039 Sabbati,
2589 4981 2843 5027 castrum
2883 4972 3027 5026 idem
3060 4984 3192 5026 cum
3241 4968 3539 5038 aliquibus
3585 4968 3786 5022 machi-

2093 5063 2186 5118 nis
2241 5060 2336 5116 illo
2377 5060 2696 5130 deportant.
2758 5059 2845 5114 Ab
2875 5058 3136 5114 orientali
3184 5071 3322 5127 ergo
3365 5064 3522 5125 parte
3568 5069 3782 5112 summo

2091 5163 2160 5206 ea
2210 5145 2466 5204 diluculo
2501 5145 2848 5216 eriguntur;
2881 5144 3184 5215 primaque
3213 5157 3282 5198 ac
3311 5142 3586 5200 secumda
3608 5142 3785 5198 tertia-

2094 5250 2208 5308 que
2239 5234 2407 5300 feria,
2437 5231 2526 5288 his
2556 5231 2821 5300 aptandis
2859 5230 3336 5300 stabiliendisque
3359 5229 3646 5285 insistunt.
3691 5228 3784 5284 Co-

2094 5337 2214 5380 mes
2260 5321 2432 5378 etiam
2459 5318 2654 5376 Sancti
2681 5317 2868 5390 Egidii
2917 5319 3236 5374 meridiana
3293 5317 3464 5388 plaga
3499 5331 3659 5372 suam
3707 5316 3784 5372 in-

2093 5409 2392 5468 staurabat
2449 5407 2794 5463 machinam.
2867 5407 3014 5462 Dum
3073 5420 3213 5476 ergo
3282 5414 3442 5462 tanta
3482 5403 3780 5460 obsidionis

2093 5501 2339 5556 ferveret
2375 5495 2633 5556 intentio.
2689 5495 2812 5550 sitis
2879 5502 3072 5550 tamen
3117 5493 3487 5550 intolerandae
3528 5493 3777 5549 omnium

2093 5583 2410 5660 praecordia
2463 5583 2716 5638 torrebat
2765 5582 3046 5639 ariditas:
3105 5581 3165 5638 in
3217 5589 3443 5637 tantum
3491 5587 3556 5637 ut
3604 5579 3777 5651 pretio
