3934 6390
48 367 149 417 793

1138 368 1359 423 GESTA
1396 369 1517 424 DEI
1557 370 1693 425 PER
1734 370 2052 426 FRANCOS
2101 400 2172 413 -
2211 372 2338 426 LIB.
2383 372 2496 429 VII.

3473 382 3579 436 794

49 496 230 551 unius
275 495 515 551 nummi
548 496 637 552 vel
671 497 744 553 ad
792 496 1248 565 refocillandum,
1294 506 1357 554 ut
1386 499 1467 554 sic
1496 500 1763 564 dixerim,
1804 503 1845 554 A
1880 514 2182 558 murorum
2216 504 2427 573 pariter
2467 518 2739 575 suprema
2767 507 3180 564 conscendunt.
3226 508 3378 576 Quos
3404 510 3576 566 etiam

45 598 444 653 nequaquam
476 598 634 663 aqua
683 585 974 640 sufficiens
1022 588 1235 641 valeret
1292 587 1511 643 haberi.
1553 587 1770 655 Quarta

46 674 291 729 demum
350 687 421 728 ac
455 674 666 743 quinta
705 674 818 739 die,
860 674 1080 729 collatis
1125 676 1478 731 unanimiter
1522 678 1766 742 viribus,

48 761 295 830 aggredi
346 760 707 816 constituunt
746 760 1035 815 civitatem
1084 775 1157 816 ex
1186 764 1342 816 omni
1377 772 1536 832 parte
1586 764 1771 818 valla-

50 858 190 904 tam.
259 854 335 904 At
389 857 700 919 antequam
760 849 880 904 haec
932 847 1090 904 fieret
1142 849 1425 906 destinata
1483 852 1767 921 pervasio,

51 936 339 1004 subjectis
397 935 662 1004 plebibus
710 936 937 991 litanias
968 936 1233 993 indicunt
1277 940 1572 1007 pontifices
1596 948 1771 1010 atque

54 1023 418 1093 presbyteri;
448 1025 691 1094 jejunia,
747 1024 1035 1079 orationes
1073 1039 1140 1081 ac
1180 1026 1569 1097 eleemosynas
1620 1043 1771 1097 pra:-

54 1110 286 1178 cipiunt
349 1111 651 1166 celebrari.
716 1111 991 1166 Memores
1067 1113 1243 1183 igitur
1297 1114 1442 1169 idem
1500 1115 1773 1184 praesules

54 1199 401 1253 .lericontini
450 1199 741 1269 quondam
775 1213 964 1263 casus,
1009 1208 1064 1257 et
1120 1202 1272 1271 quod
1320 1202 1589 1259 Israelitae
1621 1203 1775 1259 tubis

57 1287 387 1357 aliquando
418 1288 824 1358 clangentibus
866 1290 1177 1346 circumitu
1209 1299 1461 1361 septeno,
1496 1302 1551 1349 et
1597 1307 1774 1350 sacrae

58 1376 254 1430 archae
308 1376 767 1441 circumlatione,
810 1378 1113 1434 diruerant
1156 1380 1385 1449 perfidae
1426 1382 1634 1437 moenia
1685 1382 1771 1438 ci-

58 1464 257 1517 vitatis
292 1479 305 1517 :
337 1477 473 1518 cum
508 1463 690 1519 multa
728 1464 1039 1533 spirituum
1088 1474 1144 1521 et
1194 1480 1501 1537 corporum
1552 1470 1772 1524 contri-

58 1552 213 1607 tione
256 1552 653 1621 processiones
685 1545 929 1623 agendo,
967 1563 1299 1611 sanctorum
1331 1558 1566 1612 nomina
1604 1557 1771 1614 ﬂebi-

56 1641 186 1696 liter
218 1639 611 1707 inclamando,
646 1640 1015 1709 nudipedalia
1069 1644 1410 1711 exercendo,
1453 1646 1770 1701 Jerusalem

56 1730 470 1797 circumeunt;
502 1742 636 1783 cum
667 1732 932 1795 seniores,
978 1737 1098 1785 tum
1122 1730 1343 1800 populi,
1376 1746 1628 1801 superna
1659 1733 1772 1789 im-

58 1818 346 1888 plorando
359 1817 641 1884 subsidia,
672 1818 854 1873 eidem
884 1819 1205 1874 necessitati
1238 1829 1613 1876 concurrunt.

129 1896 619 1960 Christianorum
646 1907 885 1958 conatus
901 1904 990 1958 nil
1007 1905 1286 1973 efﬁciunt.
1307 1937 1375 1946 —
1405 1907 1503 1962 His
1523 1908 1771 1979 denique

60 1993 534 2065 profundissimae
586 1993 774 2048 studio
832 1994 1172 2050 humilitatis
1200 1996 1506 2065 explicitis,
1567 1997 1773 2053 accidit

64 2092 126 2140 ut
184 2091 354 2139 sexta
404 2088 731 2137 occurreret
789 2081 948 2148 feria,
1010 2082 1065 2137 in
1112 2098 1230 2152 qua
1278 2099 1411 2140 cum
1450 2086 1771 2141 vehementi

64 2172 358 2227 civitatem
421 2170 774 2239 impetissent
843 2170 1136 2238 instantia,
1199 2180 1252 2228 et
1313 2173 1458 2229 nulli
1534 2189 1774 2244 prorsus

65 2260 291 2316 effectui
328 2259 632 2337 molimina
670 2263 1004 2313 communia
1051 2260 1406 2331 valuissent;
1434 2277 1561 2318 ecce
1599 2264 1774 2319 totius

69 2349 283 2404 militiae
343 2348 558 2403 animis
601 2355 775 2403 tantae
804 2348 1214 2417 desperationis
1268 2358 1472 2420 stupor
1524 2352 1770 2422 irrepsit,

69 2438 208 2492 adeo
240 2437 660 2491 universorum
716 2435 896 2491 robur
922 2436 1159 2492 evanuit
1190 2444 1255 2493 ut
1281 2437 1610 2495 infortuniis
1637 2440 1776 2495 elisa

66 2523 477 2596 frequentibus
506 2537 876 2594 quorumque
896 2525 1238 2595 generaliter
1256 2527 1773 2584 audacissimorum

73 2612 239 2667 corda
269 2610 662 2667 conciderent.
711 2611 941 2678 Audivi,
991 2618 1161 2667 testor
1184 2612 1386 2677 Deum,
1410 2627 1444 2669 a
1474 2614 1611 2669 viris
1638 2614 1776 2685 qui-

68 2698 318 2754 busdam
344 2698 591 2754 veritate
631 2698 905 2767 praditis,
941 2699 1043 2769 qui
1088 2699 1168 2754 illi
1220 2700 1416 2756 divino
1466 2702 1777 2759 interfuere

72 2787 422 2857 procinctui,
455 2787 597 2856 quia
649 2799 781 2841 cum
820 2785 1147 2842 Christiana
1184 2787 1389 2842 militia
1445 2801 1479 2842 a
1530 2788 1778 2845 civitatis

70 2876 362 2932 muanibus
394 2876 806 2946 expugnandis
852 2876 975 2932 sine
1022 2877 1156 2932 ullis
1186 2886 1613 2934 reverterentur
1649 2878 1778 2935 effe-

70 2965 276 3032 ctibus,
342 2964 573 3019 videres
627 2966 870 3033 optimos
905 2978 1169 3035 quosque
1214 2965 1475 3035 equitum
1510 2979 1544 3020 a
1577 2979 1777 3021 muro-

1880 591 2216 646 nominatim
2264 592 2398 647 huic
2428 592 2736 649 insererent
2781 595 3024 665 paginae,
3073 597 3178 652 nisi
3212 599 3412 654 scirem
3454 607 3579 669 post

1880 679 2127 737 reditum
2167 687 2458 735 tantorum
2488 695 2583 736 eos
2634 681 2984 753 flagitiorum
3013 698 3080 739 ac
3104 686 3383 741 scelerum
3424 687 3576 742 infa-

1879 767 2056 822 miam
2109 767 2439 834 incurrisse,
2501 776 2562 823 ut
2612 770 2681 825 de
2737 785 2937 826 eorum
2979 774 3447 841 expressionibus
3497 788 3581 831 se-

1879 855 2136 910 cundum
2184 854 2468 926 judicium
2526 857 2621 911 Dei
2679 873 2885 913 nomen
2945 859 3332 930 diligentium,
3380 861 3581 919 videar

1879 954 1992 998 non
2029 944 2241 1014 injuria
2273 946 2535 1000 tacuisse.
2570 945 2701 1001 Mox
2761 947 2955 1017 itaque
2991 957 3051 1003 ut
3091 949 3342 1005 Francos
3387 950 3581 1007 Sarra-

1880 1030 2007 1086 ceni
2044 1032 2226 1087 muris
2276 1032 2561 1088 involasse
2616 1035 2995 1104 conspiciunt,
3032 1050 3129 1105 per
3162 1051 3357 1093 muros
3406 1038 3576 1109 ipsos,

1883 1132 2096 1188 perque
2145 1120 2431 1175 civitatem
2492 1121 2764 1176 continuo
2833 1122 3028 1193 fugam
3092 1124 3399 1194 arripiunt.
3460 1124 3579 1181 Illis

1880 1206 2131 1276 denique
2177 1208 2512 1263 cedentibus
2558 1209 2842 1264 universis
2892 1210 3040 1266 illico
3074 1222 3405 1267 nostrorum
3460 1212 3581 1270 ruit

1880 1296 2169 1351 exercitus
2202 1310 2215 1349 :
2244 1296 2372 1351 aliis
2399 1311 2499 1365 per
2544 1297 2826 1353 foramina
2864 1299 3122 1356 arietinis
3171 1300 3381 1356 ictibus
3409 1310 3575 1371 acta;

1881 1384 2231 1454 quibusdam
2289 1399 2389 1454 per
2434 1386 2836 1443 machinarum
2902 1388 3281 1444 influentibus
3336 1390 3578 1461 fastigia.

1884 1472 1968 1528 Fit
2024 1473 2261 1529 introire
2329 1474 2635 1529 nitentium
2698 1475 3009 1531 admodum
3070 1484 3210 1533 tunc
3269 1477 3581 1546 pernitiosa

1880 1560 2157 1623 celeritas,
2213 1568 2268 1616 et
2310 1562 2447 1617 dum
2495 1562 2746 1633 quisque
2804 1563 3027 1632 primus
3085 1565 3326 1634 reperiri
3364 1565 3580 1620 deside-

1882 1657 1991 1710 rat,
2039 1657 2243 1704 mutua
2292 1651 2436 1705 alter
2492 1650 2740 1707 alterum
2787 1652 3206 1721 compressione
3254 1653 3574 1708 conculcat.

1813 1777 1851 1830 Β
1884 1737 2057 1792 Porro
2111 1740 2282 1792 etiam
2321 1738 2475 1793 circa
2538 1738 2685 1808 ipsos
2741 1753 2888 1808 quos
2947 1738 3247 1795 Sarraceni
3295 1740 3583 1796 obstruse-

1880 1834 2033 1893 rant,
2065 1825 2228 1881 urbis
2256 1830 2551 1895 portarum
2581 1827 2872 1894 introitus,
2917 1827 3077 1883 fraus
3115 1829 3385 1898 adoperta
3419 1842 3573 1885 scro-

1880 1913 2060 1975 bium,
2141 1914 2472 1970 Sarracenis
2517 1915 2728 1971 eisdem
2794 1924 3015 1972 constat
3052 1917 3403 1989 auctoribus
3433 1932 3445 1971 :
3480 1916 3581 1973 ubi

1882 2003 2078 2058 multis
2133 2004 2325 2059 intulit
2380 2005 2497 2074 ipse
2572 2004 2893 2074 periculum
2969 2019 3157 2073 casus,
3218 2013 3457 2075 excepto
3516 2020 3581 2062 eo

1880 2091 2206 2147 discrimine
2245 2093 2396 2161 quod
2447 2092 2673 2160 fecerat,
2706 2092 2844 2149 dum
2897 2093 3262 2163 impatienter
3302 2093 3581 2160 influunt,

1881 2187 2168 2248 angustus
2215 2180 2504 2235 introitus.
2537 2181 2798 2251 Paganos
2834 2182 3029 2252 itaque
3061 2182 3345 2253 fugientes
3378 2181 3581 2237 Franci

1882 2268 2143 2324 ferociter
2176 2268 2608 2337 ‘insequuntur,
2676 2278 2731 2324 et
2784 2268 2970 2325 obviis
3024 2270 3296 2324 omnibus
3354 2267 3583 2325 indiffe-

1882 2356 2030 2412 renti
2082 2355 2233 2410 caede
2264 2355 2542 2423 mactatis,
2578 2370 2764 2427 usque
2794 2356 2866 2411 ad
2927 2357 3136 2426 ipsum,
3173 2357 3327 2427 quod
3354 2357 3581 2412 diceba-

1883 2453 1982 2500 tur
2035 2443 2352 2499 Salomonis
2409 2443 2710 2514 templum,
2773 2445 3082 2500 internecio
3150 2446 3339 2514 potius
3403 2458 3583 2515 quam

1884 2546 2104 2603 pugna,
2138 2546 2240 2601 per
2273 2531 2488 2601 plateas
2515 2537 2571 2588 et
2595 2534 2844 2603 compita
2894 2533 3167 2603 vicosque
3199 2533 3582 2603 protenditur.

1886 2620 1994 2677 Ubi
2041 2622 2096 2675 et
2151 2626 2311 2675 tanta
2362 2620 2579 2677 exstitit
2638 2621 2882 2676 humani
2943 2622 3171 2676 cruoris
3229 2618 3451 2687 effusio,
3521 2627 3585 2677 ut

1884 2709 2317 2779 procedentium
2375 2722 2550 2779 prope
2608 2711 2752 2766 talos
2810 2710 3012 2780 irrigui
3071 2708 3373 2779 sanguinis
3427 2707 3588 2763 unda

1884 2797 2300 2867 submergeret.
2334 2796 2481 2852 Istac
2515 2795 2751 2866 quidem
2792 2811 2883 2852 res
2928 2810 2997 2852 ea
3029 2795 3403 2866 prosperitate
3447 2808 3585 2865 pro-

1885 2883 2071 2940 cessit.

1958 2970 2159 3042 [VllL]
2189 2969 2553 3026 Baimundus
2582 2984 2739 3039 vero,
2774 2969 3339 3042 Sanct.-JEgidianus
3382 2969 3586 3039 utique

71 3068 201 3109 rum
231 3052 647 3124 congressibus
694 3053 935 3115 resilire,
973 3067 1185 3109 manus
1225 3054 1601 3124 complodere,
1652 3057 1779 3125 eju-
1816 3071 1857 3127 ρ
1887 3060 1979 3115 ille
2037 3073 2245 3125 comes,
2278 3072 2312 3113 a
2340 3056 2659 3113 meridiana
2708 3058 2880 3127 plaga
2931 3057 3187 3111 admovit
3216 3055 3535 3112 exercitum
3567 3071 3581 3110 :

71 3142 285 3199 latibus
310 3142 456 3197 diris
486 3141 832 3211 obstrepere,
873 3149 928 3197 et
965 3142 1130 3211 quasi
1189 3156 1223 3197 a
1267 3143 1377 3197 Deo
1413 3143 1533 3214 jam
1586 3142 1779 3198 omni-

75 3231 258 3286 modis
287 3230 717 3296 desererentur,
766 3230 1074 3300 ingemere.
1126 3231 1225 3287 Est
1256 3230 1428 3287 etiam
1476 3230 1618 3285 mihi
1661 3245 1777 3287 non

77 3321 330 3377 inferiori
418 3326 559 3374 43!
642 3320 916 3376 relatione
999 3330 1382 3392 compertum,
1466 3323 1777 3379 Robertum

74 3410 517 3466 Northmanniaa
547 3409 830 3465 comitem.
862 3409 1297 3480 Robertumque
1326 3410 1570 3467 alterum
1602 3411 1778 3467 Flan-

77 3498 334 3554 driarum
370 3499 688 3569 principem
736 3498 955 3569 junctis
1003 3501 1219 3569 pariter
1271 3502 1607 3556 convenisse
1648 3516 1780 3557 mue-

77 3587 325 3654 roribus,
374 3595 432 3643 et
479 3601 539 3642 se
588 3600 721 3643 cum
764 3588 992 3644 ﬂetibus
1045 3589 1354 3645 uberrimis
1395 3590 1780 3646 conclamasse

77 3676 452 3737 miserrimos,
510 3690 658 3746 quos
689 3690 810 3731 suae
852 3677 1185 3733 adoratione
1223 3679 1413 3734 crucis
1457 3687 1512 3735 et
1536 3679 1773 3745 visione,

78 3764 187 3819 imo
241 3764 616 3820 veneratione
661 3764 910 3835 sepulcri
960 3773 1256 3837 tantopere
1301 3769 1464 3823 Jesus
1507 3769 1780 3823 Dominus

73 3851 358 3921 judicaret
417 3853 698 3923 indignos.
756 3855 826 3909 At
863 3867 932 3908 ea
986 3856 1410 3925 propinquante
1469 3857 1606 3912 hora
1660 3871 1779 3927 qua

78 3954 246 3996 verus
298 3941 392 3997 ille
435 3944 618 4009 Jesus,
681 3942 781 4012 qui
830 3943 1085 3998 secundo
1131 3943 1416 4016 populum
1444 3944 1513 3998 de
1541 3944 1774 4016 Egypti

77 4030 265 4099 exegit
294 4028 612 4099 ergastulo,
676 4029 733 4084 in
776 4043 1006 4085 crucem
1038 4030 1302 4087 sublatus
1333 4032 1606 4097 creditur,
1653 4034 1777 4090 dux

78 4115 439 4183 Godefridus,
472 4125 528 4173 et
569 4132 758 4174 comes
804 4119 1153 4175 Eustachius
1199 4120 1378 4176 frater
1415 4121 1562 4191 ejus,
1616 4123 1717 4192 qui
1746 4137 1777 4178 e

77 4214 257 4262 castro
289 4208 628 4263 nullatenus
679 4220 1046 4278 propugnare
1090 4208 1445 4277 destiterant,
1495 4217 1550 4265 et
1581 4225 1778 4267 muros

79 4291 317 4351 inferius
365 4294 715 4350 creberrima
770 4295 965 4351 arietis
1026 4295 1269 4351 illisione
1323 4297 1666 4367 pulsabant;
1723 4305 1778 4355 et

1888 3149 2094 3218 ingens
2150 3146 2364 3216 pariter
2443 3146 2713 3201 machina
2786 3145 2926 3200 rotis
2977 3152 3108 3199 acta
3164 3145 3457 3201 ferebatur
3511 3145 3587 3200 ad

1887 3248 2143 3299 murum,
2201 3234 2298 3289 sed
2349 3233 2497 3288 inter
2551 3246 2677 3288 eam
2728 3246 2859 3302 quae
2915 3231 3215 3288 castellum
3262 3233 3582 3302 dicebatur,

1887 3323 2215 3379 machinam
2269 3331 2325 3378 et
2374 3335 2608 3378 murum
2638 3319 2803 3376 fovea
2842 3320 3014 3375 nimis
3060 3321 3177 3376 alta
3222 3321 3472 3391 patebat.
3513 3323 3588 3377 At

1886 3411 2168 3481 princeps,
2228 3410 2541 3466 accelerate
2596 3410 2853 3477 consilio,
2912 3409 3163 3479 qualiter
3225 3419 3586 3480 praeruptum

1887 3500 2030 3555 illud
2090 3500 2279 3555 valeat
2333 3498 2454 3554 sine
2519 3498 2854 3555 difficultate
2924 3497 3095 3570 longa
3174 3498 3400 3569 repleri.
3485 3512 3586 3568 per

1884 3590 2204 3646 exercitum
2231 3589 2472 3660 jubetur
2503 3600 2835 3658 praeconum
2884 3600 3022 3642 voce
3073 3587 3335 3642 cantari:
3379 3594 3584 3657 quate-

1887 3692 2000 3733 nus
2036 3679 2135 3747 qui
2179 3677 2257 3748 ⁸,ίῐι
2306 3677 2566 3732 eamdem
2629 3676 2849 3732 foveam
2911 3675 3087 3733 trium
3147 3684 3294 3733 esset
3345 3675 3587 3746 portitor

1887 3765 2164 3836 lapidum,
2196 3779 2379 3821 unum
2413 3779 2471 3820 se
2502 3765 2670 3820 sciret
2700 3765 3004 3821 denarium
3040 3765 3399 3822 habiturum.
3450 3763 3589 3832 Quae

1885 3854 2138 3924 repletio,
2167 3853 2343 3909 tridui
2376 3854 2561 3923 spatio
2591 3852 2691 3907 vix
2725 3854 2905 3921 potuit
2950 3853 3270 3924 exaequari,
3320 3867 3451 3910 cum
3485 3867 3590 3908 nec

1886 3941 2151 3998 noctibus
2207 3949 2393 4011 posset
2429 3954 2464 3995 a
2515 3946 2697 4009 empto
2737 3939 2968 3995 cessari.
3021 3939 3259 4010 Oppleta
3318 3941 3375 3994 in
3432 3940 3589 3995 hunc

1888 4031 2123 4086 modum
2154 4029 2318 4085 fovea
2351 4029 2679 4085 machinam
2714 4027 2866 4083 illam
2910 4028 3229 4085 exhibuere
3278 4030 3583 4085 mcenibus.

1887 4120 2060 4175 Porro
2141 4118 2223 4173 illi
2304 4118 2404 4188 qui
2461 4117 2703 4173 interius
2776 4117 2938 4172 urbis
2992 4114 3356 4172 defensandae
3413 4131 3587 4173 curas

1887 4213 2339 4275 assumpserant,
2393 4220 2507 4261 non
2540 4204 2666 4260 dico
2699 4204 3054 4272 fortitudine,
3107 4205 3205 4260 sed
3259 4204 3590 4274 pertinacis-

1890 4296 2036 4354 sima
2066 4296 2275 4351 nostris
2308 4294 2466 4351 rabie
2508 4293 2881 4361 obsistebant,
2919 4294 3269 4363 Graecorum,
3312 4310 3458 4366 quos
3506 4296 3589 4352 sic

78 4395 171 4437 eos
200 4383 298 4452 qui
332 4396 583 4452 superne
610 4384 896 4439 mmnibus
926 4383 1291 4441 defensandis
1334 4387 1599 4442 astabant
1631 4386 1774 4456 lapi-
1816 4367 1860 4421 ἶ)
1890 4385 2196 4445 vocabant,
2231 4384 2454 4454 ignium
2485 4396 2882 4453 saxorumque
2904 4382 3162 4454 jactibus
3187 4383 3589 4440 machinarum

80 4470 212 4525 dum
235 4471 511 4542 jactibus,
536 4486 603 4526 ac
635 4473 807 4527 variis
837 4472 1152 4529 missilibus
1175 4474 1415 4537 collatis,
1449 4474 1619 4530 etiam
1646 4475 1779 4531 hinc

84 4556 326 4629 indeque
378 4567 589 4629 praesto
641 4561 1037 4627 mucronibus,
1092 4560 1436 4618 Sarracenos
1494 4576 1596 4633 pro
1646 4563 1779 4619 vita;

84 4650 398 4719 patriasque
431 4648 669 4705 tuitione
702 4662 995 4720 pugnaces
1020 4651 1325 4721 urgebant.

757 4737 991 4795 CAPUT
1033 4739 1121 4793 IV.

152 4822 317 4896 [νη]
357 4824 602 4877 Demum
635 4822 923 4881 civitatem
944 4824 1279 4882 Christiani
1305 4826 1370 4882 vi
1388 4830 1445 4881 et
1470 4826 1656 4882 armis
1682 4830 1779 4882 in-

78 4912 419 4979 grediuntur
462 4928 567 4983 per
592 4929 804 4968 muros.
838 4943 907 4954 —
937 4915 1162 4970 Interea
1193 4914 1479 4983 Letaldus,
1511 4931 1584 4972 ex
1613 4917 1780 4986 equi-

86 4998 233 5055 tibus
264 5001 526 5070 quidam,
563 5002 703 5057 tanti
746 5016 896 5058 ausu
948 5010 1004 5058 et
1057 5002 1323 5072 opinione
1372 5003 1640 5060 facinoris
1680 5019 1781 5074 per

84 5093 401 5157 temporum
433 5090 711 5146 succidua
740 5091 1139 5158 celebrandus,
1184 5093 1408 5161 primus
1439 5107 1614 5162 super
1643 5108 1779 5150 mu-

83 5188 172 5230 ros
219 5176 469 5233 civitatis
527 5177 744 5246 insiliit,
822 5187 877 5235 et
944 5180 1200 5235 maximo
1277 5179 1778 5237 circumstantium

84 5270 313 5334 stupore
370 5265 700 5333 Gentilium,
756 5274 975 5323 mentes
1031 5267 1176 5323 felici
1229 5268 1338 5324 hac
1390 5283 1462 5325 ex
1509 5284 1781 5340 przesum-

87 5351 271 5420 ptione
296 5355 601 5410 concussit.
638 5356 711 5412 Ut
757 5370 894 5427 ergo
932 5357 1021 5412 vir
1052 5355 1145 5412 ille
1175 5357 1524 5425 conscendit,
1558 5359 1780 5429 quique

81 5438 357 5507 juvenum
413 5442 843 5511 Francicorum,
892 5458 1039 5514 quos
1069 5443 1162 5514 pia
1185 5444 1304 5515 jam
1335 5444 1557 5501 dudum
1590 5446 1778 5502 reddi-

87 5526 244 5583 derat
294 5529 630 5586 illustriores
661 5531 925 5597 audacia,
982 5546 1103 5588 sese
1136 5533 1498 5603 proripiunt;
1544 5541 1598 5590 et
1637 5534 1776 5590 dum

89 5610 379 5673 inferiores
410 5615 489 5673 illi
521 5616 621 5673 uni
674 5617 779 5691 qui
807 5625 1188 5688 praecesserat,
1232 5617 1408 5674 videri
1454 5618 1777 5692 refugiunt,

1885 4481 2160 4543 carpenta
2207 4479 2524 4540 vexantes;
2577 4485 2827 4541 quorum
2883 4471 3030 4527 ictus
3077 4480 3252 4542 atque
3292 4472 3590 4529 molimina

1887 4562 2032 4617 miro
2080 4561 2285 4616 Franci
2346 4559 2578 4631 ingenio
2626 4559 2916 4616 multoties
2967 4560 3306 4616 fefellerunt.
3336 4562 3383 4616 A
3426 4569 3589 4632 parte

1886 4649 2104 4705 interea
2141 4649 2402 4705 orientali
2448 4648 2699 4717 civitate,
2759 4650 2841 4704 uti
2889 4648 3150 4718 przedixi,
3212 4648 3457 4719 irrupta,
3515 4651 3588 4706 ad

1887 4736 2225 4807 praedictum
2256 4737 2518 4793 comitem
2552 4736 2787 4807 pertulit
2813 4736 2966 4793 haud
2989 4736 3137 4791 alius
3178 4749 3354 4806 quam
3390 4750 3589 4807 pugna

1885 4826 2272 4892 tumultuans,
2339 4825 2493 4895 quod
2554 4826 2757 4881 Franci
2828 4825 2952 4895 jam
3020 4824 3077 4879 in
3155 4824 3295 4879 urbe
3372 4824 3587 4893 passim

1885 4911 2153 4968 caedendo
2197 4911 2523 4968 discurrere
2564 4920 2732 4982 capta
2780 4911 3130 4966 viderentur.
3197 4931 3217 4959 ι
3274 4907 3445 4977 Quid,
3507 4909 3590 4964 in-

1886 5001 2011 5071 quit
2074 5000 2145 5056 ad
2222 5014 2377 5062 suos,
2460 5000 2585 5057 istic
2652 4998 2998 5056 moramini?
3046 4998 3247 5055 Nonne
3317 4999 3585 5062 Francos,

1884 5089 2380 5154 civitateobtenta,
2414 5089 2621 5145 celebri
2676 5088 2992 5158 spoliorum
3025 5095 3195 5157 raptu
3232 5086 3356 5158 jam
3385 5086 3588 5142 trium-

1885 5178 2067 5248 phare
2114 5177 2488 5248 conspicitis?
2524 5199 2545 5227 ι
2599 5179 2816 5247 Irrupit
2847 5177 3042 5246 itaque
3071 5190 3205 5232 cum
3252 5176 3374 5231 suis
3403 5174 3589 5231 celer-

1885 5268 2030 5324 rime
2075 5280 2264 5323 comes
2312 5266 2515 5323 urbem
2557 5282 2571 5321 :
2607 5274 2663 5322 et
2719 5266 2860 5337 quia
2899 5266 3149 5322 Francos
3204 5278 3306 5334 per
3362 5263 3590 5320 urbana

1886 5355 2100 5427 palatia
2131 5355 2433 5425 quosdam,
2466 5353 2691 5424 aliquos
2716 5354 2788 5409 ad
2827 5352 3180 5410 Dominicam
3226 5352 3585 5420 memoriam,

1885 5459 1992 5501 nec
2046 5458 2262 5514 paucos
2314 5457 2417 5513 pro
2465 5442 2805 5513 pastoforiis,
2841 5450 2904 5497 ut
2934 5441 3113 5498 veteri
3147 5448 3279 5497 utar
3330 5440 3585 5505 nomine,

1887 5533 2079 5602 templi
2124 5532 2440 5589 Salomonis
2492 5530 2772 5588 acerrimo
2805 5530 3079 5587 conflictu
3130 5529 3366 5601 evagari
3421 5541 3586 5585 exer-

1884 5621 2117 5694 cerique
2197 5620 2529 5681 didicerat:
2576 5634 2647 5675 ne
2714 5633 2748 5673 a
2819 5616 3073 5673 dominio
3142 5624 3325 5691 captae
3379 5628 3589 5695 expers
