3934 6418
300 435 402 487 795

1202 427 1263 481 V.
1304 426 1637 485 GUIBEBTl
1674 428 1969 486 ABBATIS
2004 430 2067 485 S.
2116 429 2356 485 ΜΑΒΙΑΞ
2393 431 2485 484 DE
2523 430 2911 491 NOVIGENTO

3712 436 3831 490 796

300 568 567 624 existeret
619 565 887 631 civitatis,
948 578 1081 621 cum
1152 578 1217 620 eo
1262 564 1642 633 Admiraviso,
1712 565 1793 621 sic
1845 563 2001 620 enim
2038 565 2389 633 Aprehendi
2452 579 2487 621 a
2551 567 2781 623 nemine
2840 568 2992 625 valet
3050 568 3220 624 ﬂetus
3282 569 3575 626 emiserint
3629 582 3828 640 quam

301 667 434 710 eum
487 658 715 719 vocant,
768 651 869 721 qui
926 652 1043 706 arci
1113 649 1315 717 David,
1384 667 1517 721 qua:
1582 653 1714 709 Sion
1765 652 1995 719 dicitur,

302 748 562 813 praeerat,
616 753 934 795 sermonem
987 738 1227 807 habuit;
1293 747 1358 795 ut
1415 754 1602 796 arcem
1674 741 1784 796 sibi
1853 740 2003 806 facta

304 825 588 881 deditione
641 824 1019 893 contraderet,
1077 825 1149 879 ab
1185 824 1279 880 illo
1330 826 1539 897 exegit.
1594 826 1836 897 Satrapa
1888 827 2001 882 ita—

306 927 440 983 que,
498 919 663 982 pacto
722 912 870 968 inter
932 927 1027 969 eos
1076 913 1236 980 inito,
1295 915 1489 969 comiti
1542 914 1724 970 eidem
1776 923 2001 984 portam

305 1001 462 1057 illam
531 1000 778 1071 aperuit,
849 1015 949 1071 per
997 1016 1174 1073 quam
1240 1009 1479 1057 eatenus
1526 1003 1838 1059 Jerusalem
1906 1004 2002 1059 in-

305 1096 595 1145 troeuntes
637 1088 946 1160 peregrini,
988 1097 1045 1145 et
1093 1089 1348 1156 introire,
1381 1098 1436 1145 et
1475 1092 1793 1160 pensiones,
1853 1105 2002 1161 quas

308 1177 578 1234 musellas
625 1191 829 1233 vocare
882 1178 1161 1245 solebant,
1192 1177 1411 1234 solvere
1445 1178 1613 1235 nimis
1648 1178 1894 1236 indebite
1930 1193 2000 1236 ac

307 1264 615 1321 crudeliter
643 1266 1016 1337 cogebantur.

378 1353 655 1424 Ingressis
726 1354 902 1425 igitur
964 1354 1441 1421 Provincialibus,
1497 1354 1996 1428 Sanct.-1Egidiani

306 1441 518 1498 scilicet
556 1440 778 1497 comitis
816 1443 1094 1510 exercitu,
1135 1451 1188 1498 et
1221 1444 1442 1499 caeteris
1472 1444 1742 1500 omnibus
1775 1445 1994 1514 urbem,

306 1529 477 1585 fiebat
524 1544 884 1600 paganorum
921 1531 1227 1587 indiscreta
1280 1533 1605 1602 percussio;
1639 1547 1752 1588 non
1788 1533 1993 1589 teneri-

306 1617 464 1683 tudo,
525 1632 640 1673 non
698 1618 929 1688 species.
990 1634 1106 1675 non
1162 1623 1437 1691 gravitas,
1498 1635 1611 1677 non
1667 1621 1797 1677 ullae
1851 1622 1998 1676 vires

303 1705 794 1762 subtrahebantur
836 1706 1053 1762 exitio:
1086 1709 1309 1763 cunctis
1366 1709 1708 1779 generaliter
1754 1708 1995 1766 inevita-

305 1792 640 1863 biliterque,
699 1800 848 1849 43%
908 1794 1243 1851 imminebat
1293 1795 1421 1851 dira
1470 1798 1757 1866 pernities.
1808 1801 1881 1853 At
1937 1798 1996 1854 hi

305 1879 408 1950 qui
450 1880 522 1934 ad
575 1880 893 1936 Salomonis
938 1882 1215 1951 templum
1243 1897 1364 1938 sese
1396 1883 1779 1951 contulerant,
1813 1891 1995 1941 totum

304 1968 584 2024 adversus
637 1976 861 2024 nostros
907 1969 1267 2042 conﬂigendo
1315 1973 1611 2029 detinuere
1670 1973 1842 2042 diem,
1900 1975 1999 2030 sed

304 2055 503 2120 nostri,
585 2069 782 2111 eorum
848 2057 1187 2113 semivivam
1246 2059 1678 2129 desperatorum
1765 2062 1999 2133 indigne

304 2142 549 2198 ferentes
584 2144 909 2211 audaciam,
951 2146 1280 2216 conspirata
1322 2148 1682 2203 animositate
1729 2162 1788 2203 se
1837 2147 1995 2218 inge-

303 2239 463 2295 runt,
521 2239 575 2286 et
630 2233 827 2303 templi
893 2233 1067 2301 adita,
1152 2236 1366 2291 exertis
1415 2236 1703 2292 socialiter
1771 2237 1998 2292 viribus

302 2326 679 2387 penetrantes,
731 2328 889 2376 tanta
918 2322 1153 2377 miseros
1181 2323 1332 2378 intra
1362 2323 1479 2379 fani
1524 2324 1804 2379 ambitum
1845 2325 1997 2381 cede

299 2406 633 2474 dilacerant,
689 2416 753 2463 ut
812 2422 1046 2464 cruores
1091 2418 1511 2480 peremptorum
1567 2411 1689 2467 sine
1730 2426 1992 2481 numero,

298 2494 625 2551 calceorum
688 2509 831 2565 pene
888 2510 1019 2552 oras
1068 2498 1428 2554 excederent.
1489 2500 1803 2556 Promiscui
1857 2514 1994 2572 ergo

299 2597 495 2651 sexus,
573 2590 629 2638 et
696 2584 1071 2641 indifferentis
1145 2588 1349 2654 aetatis,
1424 2588 1830 2645 innumerabili
1893 2604 1995 2660 per

298 2670 450 2727 idem
482 2671 759 2742 templum
791 2672 1159 2730 multitudine
1187 2672 1336 2742 fusa,
1379 2677 1658 2746 quosdam
1706 2678 1993 2748 reliquere

301 2759 650 2828 superstites,
724 2760 907 2830 spatio
979 2762 1061 2817 eis
1139 2762 1271 2819 vitae
1350 2763 1578 2820 interim
1652 2780 1720 2822 ac
1787 2767 1991 2823 salutis

296 2846 538 2914 indulto,
567 2846 747 2903 donec
798 2862 1075 2905 caesorum
1101 2851 1402 2919 cadavera,
1439 2862 1687 2921 quorum
1735 2853 1991 2923 dispersa

290 2934 519 3005 jacebat
562 2936 671 2991 hac
710 2936 958 3007 illacque
1004 2938 1153 2996 fmda
1181 2941 1495 3012 congeries,
1547 2941 1654 3012 ipsi
1683 2944 1986 3001 amoliren-

295 3030 393 3079 tur
443 3036 477 3078 a
529 3024 756 3094 templo.
818 3024 1040 3092 Quibus
1089 3028 1315 3095 amotis,
1378 3037 1433 3085 et
1505 3030 1611 3101 ipsi
1668 3031 1886 3101 quibus
1934 3039 1989 3088 et

296 3109 531 3178 priores,
586 3112 945 3168 succubuere
1018 3115 1413 3172 mucronibus.
1484 3118 1561 3173 At
1632 3118 1730 3188 qui
1793 3120 1986 3189 templi
2026 3147 2067 3201 ο

296 3210 569 3266 suprema
633 3198 1102 3267 conscenderant,
1175 3201 1338 3272 vulgi
1385 3202 1693 3272 promiscui
1760 3204 1988 3261 infinita

296 3283 642 3354 frequentia,
711 3280 990 3342 Tancredi
1048 3295 1103 3343 et
1158 3286 1441 3358 Gastonis,
1504 3306 1607 3362 pro
1658 3292 1824 3363 signo
1877 3294 1987 3350 sibi

293 3370 517 3426 interim
552 3372 709 3442 pacis
751 3373 1008 3441 indultae,
1066 3375 1279 3430 vexilla
1325 3377 1669 3447 suscipiunt.
1708 3381 1763 3435 Is
1792 3388 1985 3436 autem

291 3459 523 3526 Gaston,
583 3461 675 3517 vir
726 3461 966 3518 illustris
1029 3468 1204 3531 atque
1259 3463 1596 3532 ditissimus,
1661 3474 1858 3523 utrum
1919 3469 1989 3525 de

290 3544 570 3601 Gasconia
619 3562 695 3603 an
751 3548 1029 3604 Basconia
1076 3548 1237 3617 foret,
1294 3565 1411 3606 non
1455 3551 1676 3624 integre
1730 3556 1984 3624 memini,

292 3633 433 3702 quia
495 3641 689 3690 tamen
746 3637 815 3690 de
862 3637 1139 3692 alterutro
1188 3645 1333 3693 esset
1399 3638 1471 3694 ad
1527 3648 1745 3696 certum
1809 3643 1987 3699 tenui.

293 3720 569 3777 Exercitu
625 3723 802 3793 igitur
857 3724 1232 3792 discurrente,
1282 3726 1484 3782 civitas
1539 3728 1810 3785 universa
1857 3730 1991 3786 diri-

295 3807 488 3878 pitur;
529 3811 888 3882 obtentisque
936 3812 1163 3883 palatiis
1222 3821 1278 3870 et
1339 3815 1673 3886 quibusque
1744 3818 1987 3885 aedibus,

293 3897 513 3967 argenti
553 3898 714 3957 dives
761 3909 815 3957 et
840 3900 989 3969 auri,
1033 3901 1469 3974 sericarumque
1498 3905 1744 3961 vestium
1795 3907 1990 3976 praeda

293 3986 600 4057 corripitur
659 4005 672 4044 :
737 4005 1022 4061 equorum
1104 3992 1515 4063 mulorumque
1600 3994 1990 4064 multiplicitas

293 4074 569 4143 aperitur,
598 4074 657 4130 in
698 4076 966 4135 domibus
1003 4078 1347 4135 victualium
1392 4081 1653 4138 omnium
1692 4083 1990 4152 opulentia

294 4163 595 4233 reperitur.
646 4166 699 4220 Is
738 4174 930 4222 autem
981 4168 1039 4223 in
1087 4168 1382 4225 Dominica
1432 4168 1637 4225 militia
1688 4171 1894 4228 modus
1934 4178 1990 4228 et

292 4253 619 4322 exaequatio
651 4253 757 4308 fuit
792 4269 804 4308 :
844 4277 865 4304 ε
902 4264 967 4311 ut
991 4256 1347 4327 quicunque,
1385 4256 1557 4313 etiam
1602 4259 1985 4329 pauperrimo,

293 4354 415 4396 sese
438 4340 709 4411 quaelibet
741 4343 953 4411 optima
986 4344 1343 4413 obtulissent,
1386 4345 1513 4416 ejus
1560 4346 1759 4417 procul
1787 4348 1984 4414 dubio,

2113 653 2327 709 beatos.
2376 655 2528 712 Deus
2569 655 2951 725 omnipotens,
2999 656 3137 726 quid
3183 656 3259 713 ibi
3308 657 3618 724 viscerum,
3664 657 3826 727 quid

2110 740 2338 806 ltetitiae,
2381 741 2522 811 quid
2559 742 2823 798 dolorum
2870 743 2997 809 fuit,
3046 744 3184 799 dum
3220 752 3343 813 post
3390 745 3711 804 inauditas.
3762 752 3826 800 et

2109 828 2334 884 cunctis
2373 843 2407 884 a
2444 830 2652 885 szeculo
2682 830 3032 887 exercitibus
3070 833 3416 900 inexpertas,
3468 833 3633 902 quasi
3679 845 3825 900 par-

2110 922 2275 972 tuum
2327 916 2625 984 torsiones,
2671 918 2742 972 ad
2783 931 2933 973 nova
2979 918 3216 973 visionis
3281 919 3422 974 adeo
3468 918 3828 974 desiderata!

2110 1003 2344 1072 gaudia,
2371 1017 2437 1059 ac
2460 1004 2508 1059 si
2535 1005 2653 1060 nati
2695 1004 2818 1067 filii,
2863 1019 2983 1060 sese
3032 1007 3357 1074 pervenisse
3403 1006 3828 1076 conspiciunt?

2110 1091 2344 1147 Mmrent
2379 1090 2574 1161 igitur,
2616 1099 2671 1146 et
2710 1100 2898 1147 tamen
2956 1091 3097 1148 fusis
3162 1091 3448 1160 lacrymis,
3493 1094 3650 1149 omni
3703 1093 3825 1148 sibi

2109 1179 2469 1235 dulcioribus
2504 1193 2670 1249 pane,
2719 1179 3096 1249 conjubilant,
3137 1180 3450 1250 Jesumque
3482 1181 3825 1250 piissimum

2108 1281 2345 1324 suorum
2402 1267 2764 1324 diutinorum
2812 1267 3077 1323 laborum
3138 1282 3205 1324 ac
3261 1268 3624 1324 cruciatuum
3677 1284 3831 1325 cau-

2107 1368 2250 1422 sam,
2309 1368 2377 1410 ae
2423 1357 2469 1409 si
2525 1354 2683 1410 cruci
2734 1367 3074 1424 appensum,
3122 1367 3189 1409 ac
3220 1354 3274 1418 'si
3333 1354 3523 1409 adhuc
3558 1354 3825 1425 sepulcri

2108 1443 2501 1512 integumento
2548 1443 2863 1503 detentum,
2946 1456 3044 1511 per
3102 1442 3333 1513 singula
3392 1444 3821 1499 memoriarum

2108 1538 2411 1599 momenta,
2493 1530 2803 1587 uberrimis
2883 1529 3345 1599 complectuntur
3438 1529 3811 1587 affectibus:

2106 1620 2254 1685 auri,
2340 1619 2683 1690 argentique
2763 1617 3071 1688 magnifica
3154 1617 3373 1674 tributa
3421 1618 3817 1688 penduntur;

2105 1706 2202 1761 sed
2249 1707 2407 1761 omni
2469 1706 2753 1763 valentior
2819 1720 3059 1763 munere
3115 1705 3340 1762 devotio
3401 1706 3626 1762 interna
3680 1721 3820 1778 pro-

2105 1794 2307 1849 fertur.

2177 1882 2295 1952 [X.]
2326 1882 2658 1948 Sarraceni,
2679 1881 2786 1954 qui
2813 1882 2890 1937 ad
2914 1897 3166 1953 superna
3189 1879 3391 1953 templi
3401 1882 3813 1953 confugerant,

2103 1969 2491 2042 perimuntur.
2522 2002 2591 2011 —
2616 1972 2875 2042 Denique
2923 1972 3239 2026 crastinum
3274 1984 3441 2026 mane
3475 1970 3810 2036 recanduit,

2103 2067 2160 2115 et
2202 2074 2330 2116 ecce
2369 2060 2594 2127 Franci,
2676 2075 2771 2116 eos
2823 2059 3013 2115 adhuc
3073 2057 3329 2114 residuos
3371 2073 3493 2115 esse
3549 2058 3812 2115 dolentes

2105 2146 2207 2216 qui
2239 2147 2433 2216 templi
2463 2161 2737 2217 suprema
2782 2148 3250 2213 conscenderant,
3286 2146 3619 2218 quibusque
3656 2148 3811 2203 Tan-

2103 2233 2312 2289 credus
2349 2242 2402 2290 et
2426 2234 2637 2291 Gaston
2669 2235 2915 2305 propria,
2953 2243 3018 2291 ut
3057 2248 3236 2304 supra
3274 2234 3548 2301 diximus,
3586 2233 3808 2290 vexilla

2104 2330 2505 2391 perrexerant,
2557 2322 2674 2377 fani
2727 2325 3004 2379 acerrime
3059 2330 3204 2378 tecta
3252 2322 3625 2392 pervadunt:
3662 2321 3807 2378 Sar-

2102 2422 2358 2475 racenos,
2423 2408 2665 2464 feminas
2716 2423 2847 2464 cum
2879 2408 3173 2475 masculis,
3224 2409 3563 2466 dilaceratos
3608 2408 3806 2465 interi-

2100 2504 2284 2552 munt.
2356 2496 2598 2564 Quidam
2656 2510 2727 2551 ex
2784 2497 2867 2553 eis
2921 2496 3100 2553 electa
3163 2497 3529 2567 sibi'potius
3592 2505 3799 2560 morte,

2101 2597 2280 2653 quam
2341 2588 2541 2653 sponte
2608 2582 2831 2651 ipsimet
2897 2584 3326 2650 conscivissent,
3408 2598 3528 2639 sese
3600 2583 3797 2652 templi

2101 2671 2327 2741 fastigio
2392 2671 2597 2726 dedere
2664 2670 3001 2740 praecipites.
3053 2671 3384 2727 Tancredus
3440 2679 3650 2739 tamen,
3693 2685 3798 2740 pro

2100 2761 2247 2829 signi
2282 2758 2621 2829 praebitione
2671 2758 2782 2821 sui,
2823 2766 2881 2813 et
2923 2758 3226 2828 sponsione
3260 2773 3439 2829 quam
3485 2759 3694 2815 Gaston
3742 2767 3800 2815 et

2095 2848 2219 2919 ipse
2270 2847 2541 2913 fecerant,
2606 2847 2816 2903 caedem
2877 2846 3136 2902 eamdem
3175 2861 3326 2918 aegre
3376 2847 3526 2904 tulit.
3580 2847 3795 2904 Praeci-

2095 2937 2263 3006 piunt
2301 2936 2495 3004 itaque
2536 2935 2713 2989 nostri
2770 2934 3099 2990 Sarracenis
3149 2935 3466 3005 aliquibus,
3528 2943 3593 2993 ut
3638 2949 3791 2991 mor-

2096 3032 2225 3081 tuos
2253 3020 2515 3089 efferant,
2544 3022 2683 3092 quia
2725 3036 2820 3078 eos
2864 3022 3149 3079 teterrimo
3183 3022 3380 3080 ftetore
3406 3024 3732 3093 gravabant
3773 3038 3787 3078 :

2094 3119 2255 3168 tanta
2301 3111 2456 3167 enim
2500 3110 2848 3166 cadaverum
2904 3110 3229 3181 frequentia
3279 3112 3484 3168 civitas
3519 3112 3784 3182 oppleba-

2098 3210 2194 3257 tur
2223 3209 2285 3256 ut
2304 3200 2501 3269 eundi,
2533 3200 2645 3255 nisi
2687 3214 2863 3270 super
2889 3200 3206 3256 occisorum
3251 3214 3507 3270 corpora,
3554 3202 3792 3258 Francis

2096 3290 2342 3346 facultas
2369 3289 2533 3346 nulla
2558 3289 2795 3345 daretur
2822 3303 2835 3342 :
2866 3290 3073 3359 pagani
3107 3304 3264 3360 ergo,
3304 3304 3541 3349 suorum
3584 3291 3790 3347 funera

2096 3386 2467 3449 exportantes
2498 3378 2571 3434 ab
2598 3378 2762 3444 urbe,
2793 3390 2896 3446 pro
2923 3376 3146 3434 foribus
3185 3377 3331 3448 ejus,
3374 3378 3683 3435 exstructis
3723 3379 3795 3435 de

2096 3467 2444 3523 cadaverum
2501 3466 2765 3537 congerie
2802 3466 3098 3522 montibus
3137 3466 3450 3522 acervatim
3489 3481 3634 3537 pyra
3661 3468 3797 3525 sub-

2097 3554 2278 3624 posita
2325 3553 2761 3610 comburebant.
2817 3553 3027 3608 Tantas
3062 3552 3359 3623 gentilium
3405 3568 3652 3625 usquam
3692 3569 3796 3610 caa-

2097 3642 2197 3698 des
2222 3641 2493 3698 occidisse
2522 3654 2652 3696 raro
2697 3641 2960 3712 legimus,
3010 3655 3315 3712 nunquam
3349 3642 3602 3699 vidimus
3633 3658 3645 3697 :
3680 3644 3794 3699 Deo

2096 3729 2179 3783 eis
2208 3728 2490 3783 referente
2529 3728 2733 3794 vicem,
2789 3727 2891 3797 qui
2937 3734 3035 3794 tot,
3074 3741 3175 3797 pro
3206 3741 3265 3783 se
3297 3729 3793 3799 peregrinantium

2098 3828 2297 3885 poenas
2368 3822 2424 3870 et
2498 3822 2728 3880 mortes,
2797 3827 2945 3885 quas
3029 3822 3188 3871 tanto
3254 3815 3486 3872 fuerant
3542 3824 3792 3887 tempore

2098 3903 2308 3959 ibidem
2356 3902 2530 3972 passi,
2580 3902 2759 3972 digna
2792 3901 3161 3970 nequissimis
3215 3902 3591 3959 retributione
3632 3906 3788 3960 resti-

2098 3991 2226 4048 tuit.
2270 3991 2392 4046 Non
2440 3990 2590 4047 enim
2654 3998 2739 4045 est
2790 3989 3104 4060 quisquam
3157 3991 3267 4046 sub
3288 3991 3404 4047 Deo
3449 3992 3784 4060 intellectus,

2096 4079 2191 4136 cui
2217 4077 2551 4135 mstimabile
2586 4076 2890 4145 habeatur,
2922 4084 3143 4147 quanta
3184 4077 3298 4133 illic
3330 4079 3554 4135 cunctis
3591 4086 3786 4135 sancta

2096 4169 2222 4225 loca
2276 4167 2616 4237 petentibus,
2684 4179 2720 4221 a
2786 4164 3088 4237 gentilium
3144 4165 3444 4222 insolentia
3486 4174 3783 4234 tormenta,

2096 4256 2340 4320 labores,
2389 4263 2564 4326 atque
2611 4270 2777 4312 neces
2818 4255 2975 4311 illata
3020 4262 3327 4320 constent;
3368 4276 3394 4304 ¢
3424 4271 3556 4327 quin
3610 4257 3789 4328 magis

2099 4347 2279 4403 Deum
2343 4354 2498 4401 certa
2561 4352 2643 4400 est
2711 4343 2818 4399 fide
2883 4342 3131 4398 doluisse
3194 4342 3565 4407 credendum,
3614 4358 3785 4414 quam

294 4430 516 4500 absque
545 4435 962 4502 retractatione,
996 4436 1215 4504 ﬁerent,
1275 4458 1296 4485 ι
1343 4437 1751 4509 cujuscunque
1791 4439 1988 4495 condi-
2027 4419 2071 4472 θ
2098 4449 2277 4491 manu
2308 4434 2548 4505 profana
2569 4434 2915 4502 captivatam
2946 4444 3175 4487 crucem
3200 4440 3376 4502 atque
3404 4432 3782 4501 sepulcrum.»

296 4516 464 4574 tionis
490 4518 803 4587 videretur,
832 4521 927 4577 cui
959 4522 1029 4578 ad
1062 4537 1299 4581 manum
1340 4526 1526 4594 primo
1558 4526 1866 4583 venissent.
1916 4528 1989 4583 Et

292 4619 442 4674 ecce,
477 4605 565 4663 his
614 4608 855 4676 omissis,
888 4610 959 4666 ad
994 4611 1136 4667 illud
1169 4613 1322 4682 quod
1368 4614 1542 4670 tantis
1574 4614 1986 4673 desideriorum

293 4693 528 4751 aestibus
555 4695 874 4765 sitiverant,
920 4698 1100 4755 mistis
1151 4700 1364 4769 pariter
1400 4702 1613 4772 gaudio
1654 4710 1707 4760 et
1747 4717 1987 4760 maerore

293 4792 669 4841 concurrunt.

366 4871 512 4943 [XL]
545 4873 639 4928 Ad
668 4874 999 4944 sepulcrum
1053 4875 1416 4932 Dominicum
1444 4878 1739 4948 advolant,
1777 4896 1848 4935 ac
1867 4897 1988 4951 prae

289 4959 502 5029 gaudio
524 4978 596 5015 ac
608 4962 901 5020 devotione
918 4964 1387 5038 illacrymantur.
1412 4997 1481 5006 —
1494 4967 1835 5038 Sepulcrum
1851 4983 1988 5041 ergo

294 5046 659 5105 Dominicum
714 5051 952 5120 adeunt,
1001 5062 1056 5109 et
1087 5054 1158 5110 de
1187 5055 1432 5123 quaesita
1486 5055 1783 5112 beatorum
1834 5057 1987 5112 Ioco-

294 5148 425 5190 rum
460 5135 734 5204 libertate,
767 5139 846 5194 illi
879 5154 1242 5212 summopere
1267 5143 1657 5214 gratulantur,
1693 5145 1793 5215 qui
1827 5152 1990 5201 tanta

295 5235 398 5291 per
424 5236 520 5280 eos
570 5236 931 5293 exercuerat,
988 5239 1227 5300 quanta,
1276 5245 1383 5287 nec
1416 5231 1491 5288 ab
1544 5232 1681 5302 ipsis
1710 5246 1813 5303 per
1843 5248 1991 5304 quos

294 5317 426 5370 acta
461 5319 617 5380 sunt,
660 5327 849 5384 neque
892 5315 966 5371 ab
1034 5316 1149 5372 ullo
1196 5316 1494 5374 hominum
1541 5326 1804 5388 poterant
1844 5320 1991 5377 aesti-

294 5396 461 5453 mari.
496 5398 972 5458 Recordabantur
992 5416 1192 5460 earum
1226 5419 1374 5474 quas
1401 5405 1473 5461 ob
1506 5406 1627 5462 haec
1684 5406 1805 5477 ipsa
1835 5408 1988 5478 passi

294 5485 523 5542 fuerant
589 5487 969 5555 anxietatum,
1020 5490 1239 5561 hasque
1288 5493 1361 5549 ad
1430 5494 1804 5564 insperabiles
1846 5495 1987 5553 dum

293 5575 754 5644 contemplantur
804 5579 1128 5646 pervenisse
1173 5581 1518 5650 triumphos,
1581 5582 1841 5653 dumque
1878 5597 1987 5637 sae-

292 5660 436 5717 culis
462 5663 751 5735 incognita
786 5664 933 5721 facta
981 5666 1346 5723 considerant
1394 5682 1497 5739 per
1545 5682 1604 5725 se
1647 5669 1797 5740 ipsos
1837 5684 1986 5726 com-

2172 4522 2471 4594 Templum
2491 4519 2819 4575 Salmonis
2848 4519 3299 4592 haudquaquam
3330 4523 3464 4574 tunc
3498 4521 3784 4591 temporis.

2095 4609 2296 4666 -—Sed
2334 4617 2645 4679 antequam
2686 4608 2759 4664 ad
2811 4607 2924 4663 alia
2976 4607 3262 4664 calamum
3313 4606 3687 4675 divertamus,
3733 4609 3782 4664 id

2094 4699 2325 4755 videtur
2365 4697 2633 4768 primitus
2681 4696 3087 4765 intimandum,
3141 4695 3293 4767 quod
3358 4696 3672 4752 Salomonis
3730 4696 3789 4751 il-

2097 4787 2218 4852 iud,
2246 4786 2315 4843 de
2339 4801 2456 4856 quo
2486 4799 2664 4856 supra
2691 4785 2939 4857 egimus,
2986 4786 3286 4856 templum,
3324 4799 3437 4841 non
3464 4800 3595 4842 vere
3643 4785 3781 4842 idem

2097 4875 2252 4946 quod
2301 4874 2568 4932 Salomon
2613 4873 2825 4941 fecerit,
2876 4880 2962 4929 est
3006 4873 3310 4929 aediﬁcium
3372 4875 3525 4943 quod
3573 4880 3786 4930 constat

2095 4962 2356 5031 Domino,
2411 4962 2654 5033 lapidem
2693 4976 2869 5031 super
2920 4961 3162 5031 lapidem
3215 4976 3329 5017 non
3362 4976 3777 5027 remansurum,

2098 5052 2459 5121 praedicente,
2494 5052 2771 5106 dirutum.
2803 5050 3068 5120 Sedjejus
3093 5050 3342 5119 profecto
3385 5049 3776 5118 simulacrum,

2096 5154 2131 5196 a
2181 5140 2369 5195 nescio
2423 5139 2658 5210 quibus,
2714 5139 2786 5195 ob
2853 5138 3177 5194 testimonia
3218 5137 3528 5192 nobilitatis
3586 5138 3783 5195 domus

2095 5229 2370 5298 antiquae,
2422 5234 2838 5284 constructum.
2886 5226 3020 5280 Erat
3055 5225 3200 5280 idem
3246 5224 3413 5294 plane
3456 5225 3614 5281 locus
3654 5227 3779 5296 pul-

2097 5316 2446 5372 chritudinis
2496 5314 2752 5382 infinitae,
2812 5327 2956 5370 auro
3017 5321 3394 5383 argentoque,
3441 5314 3781 5384 incompara-

2097 5405 2199 5462 bili
2239 5405 2439 5475 pretio,
2487 5417 2591 5459 nec
2632 5403 2834 5459 minus
2868 5402 3190 5459 incredibili
3240 5402 3525 5470 varietate,
3573 5417 3781 5473 compo—

2096 5492 2257 5558 situs,
2291 5491 2607 5561 parietibus
2635 5505 2702 5546 ac
2732 5491 2917 5546 valvis
2942 5490 3290 5546 laminarum
3324 5491 3536 5547 metalli
3558 5491 3772 5561 pretiosi

2098 5582 2369 5638 aflixione
2422 5580 2732 5651 productis.
2783 5579 3147 5636 Raimundus
3194 5585 3345 5634 433
3411 5594 3542 5637 vero
3599 5593 3773 5636 comes

2098 5669 2432 5741 prafectum
2459 5668 2621 5725 illum
2660 5669 2762 5739 qui
2788 5667 2906 5726 arci
2941 5676 3201 5739 praeerat,
3230 5669 3442 5740 cuique
3484 5680 3592 5724 sua
3618 5668 3770 5738 signa
