3934 6432
10 442 148 492 ’ῖ97
1170 437 1390 494 GESTA
1427 438 1548 494 DEI
1589 438 1727 494 PER
1766 438 2314 495 FRANCOS.——LIB.
2359 441 2475 496 Vll.
3471 447 3574 500 798

8 572 454 639 commiserat,
484 578 657 627 noctu
700 571 768 626 de
814 584 943 627 arce
981 570 1277 637 emissum,
1330 571 1600 640 sospitem
1662 578 1757 626 tu-
1795 573 1838 623 A
1872 584 1905 625 a
1940 572 2149 642 vagina
2173 572 2230 626 in
2262 572 2532 627 verticem
2569 571 2772 628 belluae
2812 572 2967 628 illisit
3021 574 3284 644 protinus
3316 575 3573 646 gladium

8 668 313 730 tumque
344 660 680 716 Ascalonem
726 674 860 716 cum
891 661 1159 715 omnibus
1211 660 1312 730 qui
1371 660 1615 714 comitiaa
1650 673 1770 714 suae
1883 675 2014 728 quae
2063 659 2204 715 ossis
2257 661 2549 716 obnitente
2603 661 2833 727 duritie,
2895 663 3081 731 potius
3113 663 3336 717 irritata
3396 677 3574 732 quam

2 757 225 805 erant
257 750 590 816 ,ducifecit.
1883 747 2033 813 laesa,
2069 748 2126 803 in
2167 749 2371 805 ducem
2421 765 2478 805 se
2518 751 2780 806 contulit.
2835 754 2904 805 At
2955 750 3107 805 illius
3133 758 3345 817 tamen,
3389 751 3577 821 primo

758 837 988 894 CAPUT
1024 837 1092 893 V.
1880 833 2142 903 infelicis,
2205 853 2350 908 quos
2396 846 2531 894 trux
2575 839 2896 894 intruderat
2926 839 3123 893 demes
3155 852 3188 893 a
3212 852 3380 894 crure
3412 839 3577 894 remi-

116 925 286 996 [ΧΗ
325 925 568 997 Regiam
597 924 936 996 dignitatem
963 923 1546 997 Sanct.—/Egidianus
1583 940 1772 978 comes
1879 925 1980 994 sit;
2014 925 2117 995 qui
2139 925 2287 980 celer
2320 927 2621 995 excedens,
2660 936 2713 982 et
2745 927 2813 982 de
2864 927 3258 982 vicissitudine
3307 925 3440 982 duci
3491 939 3576 981 re-

6 1018 307 1085 res-puit.
369 1013 718 1079 Godefridus
775 1030 874 1070 rea:
897 1013 1227 1068 Jerusalem
1273 1012 1527 1083 eligitur.
1575 1011 1772 1082 Ipsius
1882 1013 2284 1082 ferenda,|sui
2365 1023 2558 1085 utpote
2627 1015 2911 1082 curiosus,
2957 1015 3076 1085 jam
3135 1015 3452 1086 negligens,
3513 1013 3574 1068 in

4 1103 353 1174 praeclara
377 1103 662 1166 facinora.
695 1134 761 1142 —
793 1103 1072 1158 Przeterea
1106 1102 1268 1167 urbe,
1300 1103 1592 1172 sacrisque
1633 1102 1770 1157 locis
1879 1111 2064 1171 empto
2112 1103 2328 1159 dimisit
2388 1112 2704 1175 utrumque
2759 1103 3051 1160 conﬂictu.
3103 1103 3287 1174 Igitur
3341 1103 3476 1170 fera,
3508 1116 3574 1157 eo

19 1192 324 1248 libertati
359 1193 638 1258 restituta,
670 1207 804 1247 mox
856 1206 955 1262 per
1004 1192 1336 1247 universam
1378 1191 1587 1246 Christi
1655 1190 1766 1245 mi-
1877 1190 1993 1246 ictu
2017 1190 2251 1247 efferata

16 1279 250 1335 litiam
281 1278 653 1347 eleemosynze
687 1279 804 1332 ﬁeri
843 1278 1242 1346 orationesque
1266 1276 1566 1346 jubentur,
1614 1290 1766 1345 qua-
2019 1286 2225 1353 Insilit,
2254 1300 2320 1342 ac
2353 1301 2500 1341 unco
2531 1287 2767 1356 corripi;
2796 1302 2992 1358 ungue
3024 1287 3259 1347 ducem;

24 1377 237 1423 tenus
261 1381 463 1422 eorum
494 1365 700 1421 animis
739 1367 1008 1436 dignetur
1039 1365 1231 1421 unctio
1257 1379 1509 1434 superna
1547 1379 1762 1435 sugge-
1950 1371 2168 1441 Dejicit,
2201 1387 2267 1427 ac
2297 1373 2407 1428 sub
2437 1389 2494 1428 se
2523 1373 2744 1429 cohibet
2774 1373 3107 1430 crudelibus
3137 1373 3318 1441 ulnis;

23 1469 210 1519 rere,
276 1467 450 1523 quem
497 1454 604 1508 sub
677 1453 951 1523 dignitate
1008 1453 1164 1522 regia
1220 1453 1291 1508 ad
1335 1454 1469 1523 jura
1522 1453 1765 1508 debeant
2018 1462 2084 1516 El
2112 1461 2313 1516 rabido
2345 1462 2540 1531 [apuit
2572 1462 2861 1518 mordicus
2893 1477 2989 1517 ore
3021 1462 3249 1516 femur;

23 1542 323 1613 regenda
353 1550 566 1597 sanctae
608 1541 856 1596 civitatis
893 1541 1120 1609 eligere.
1154 1540 1368 1596 Octavo
1417 1541 1610 1610 itaque
1641 1548 1765 1610 post
1946 1549 2126 1619 Cujus
2155 1549 2313 1619 regia
2346 1565 2506 1605 mens
2535 1563 2909 1620 nequaquam
2942 1549 3131 1605 subita
3163 1550 3393 1605 turbam

0 1631 190 1700 'ejus
231 1630 611 1698 receptionem
647 1629 754 1695 die,
803 1643 936 1684 cum
1001 1629 1534 1697 Sanct.-1Egidiano
1570 1629 1762 1684 comiti
2231 1639 2503 1706 perpessa
2536 1638 2727 1704 ruina,

25 1733 159 1789 pro
200 1718 291 1772 sui
325 1719 752 1788 magnificentia
783 1718 839 1772 id
871 1719 1128 1773 muneris
1169 1718 1530 1779 obtulissent,
1563 1726 1617 1773 et
1668 1718 1762 1774 ille
1945 1725 2302 1780 Protractum
2337 1725 2582 1780 retinere
2618 1739 2793 1780 manu
2826 1739 2939 1779 non
2967 1723 3178 1778 destitit
3211 1738 3425 1779 ensem.

27 1808 291 1864 usitatae
349 1805 748 1875 amplitudinis
806 1820 920 1861 non
969 1806 1285 1872 immemor,
1354 1815 1466 1860 tam
1524 1821 1761 1862 oneroso
1803 1846 1844 1900 Β
1943 1813 2087 1869 Cum
2119 1815 2490 1884 ergojaceret
2535 1813 2732 1879 elisus,
2764 1821 2818 1869 et
2849 1827 3026 1883 quam
3076 1826 3279 1881 capere
3317 1818 3566 1882 cmperat

27 1895 294 1964 negotio
339 1907 397 1948 se
444 1894 794 1960 submittere,
850 1892 1085 1948 consilio
1156 1893 1365 1955 altiori,
1438 1893 1758 1964 refugisset,

27 1985 144 2037 vir
185 1982 404 2052 quippe
435 1983 630 2052 gravis
670 1996 794 2037 aevo
823 1988 878 2036 et
919 1980 1258 2036 monoculus
1287 1989 1429 2047 erat,
1474 1981 1649 2036 armis
1679 1989 1762 2036 ta-

34 2085 198 2126 men
246 2069 589 2125 mirabiliter
610 2069 1012 2138 industriaque
1049 2069 1356 2124 claruerat.
1391 2068 1759 2124 Godefridum

34 2159 301 2215 demum
348 2159 553 2214 ducem
600 2157 1044 2227 aggrediuntur,
1091 2165 1146 2212 et
1176 2158 1226 2212 ei
1257 2158 1515 2212 omnium
1551 2158 1764 2227 pariter

0 2229 14 2246 ’
43 2246 412 2302 instantium
447 2261 630 2316 prece,
679 2246 922 2316 hujusce
968 2246 1180 2302 laboris
1214 2248 1402 2316 potius
1434 2261 1610 2316 quam
1670 2248 1765 2302 ho-

0 2336 223 2414 ‘noris
265 2336 429 2391 fascis
468 2337 800 2405 imponitur,
850 2335 1140 2403 habituro,
1203 2345 1404 2392 contra
1461 2338 1762 2407 gentilium

42 2424 489 2494 copiosissimas
546 2425 713 2491 vires,
772 2425 1077 2481 duellionis
1128 2426 1430 2482 irremissae
1487 2429 1759 2498 rigorem,

40 2523 101 2569 et
173 2522 524 2583 perpetuum
557 2512 697 2569 'cum
731 2514 839 2570 sibi
870 2514 1156 2584 adjacenti
1208 2516 1636 2572 Christianitate
1692 2517 1766 2572 fa-

46 2618 283 2658 vorem.
349 2605 403 2658 is
459 2611 674 2669 autem,
723 2617 855 2659 cum
913 2605 1184 2660 membris
1229 2605 1480 2662 exilibus
1509 2613 1672 2671 esset,
1706 2614 1764 2661 at

45 2692 311 2746 nimium
343 2691 699 2760 proceritatis
733 2692 967 2758 idoneae,
1014 2692 1244 2762 eloquio
1275 2694 1506 2762 quidem
1542 2694 1764 2763 lepidus

0 2835 18 2850 ,
47 2780 390 2835 serenitatis
432 2780 772 2845 immodicae,
822 2794 1118 2837 armorum
1167 2783 1223 2836 iu
1272 2782 1370 2837 illa
1402 2784 1763 2852 expeditione

5 2869 385 2935 'Dominica,
419 2883 477 2923 se
521 2869 766 2938 prmbuit
797 2870 1134 2926 strenuitate
1169 2872 1556 2940 spectabilem.
1593 2873 1662 2928 ita
1697 2881 1763 2930 ut

0 3001 8 3022 ,
40 2955 388 3012 testimonio
443 2956 630 3012 veraci
682 2957 972 3026 probabile
1007 2958 1060 3014 id
1115 2958 1184 3014 de
1217 2958 1338 3028 ipso
1373 2961 1631 3029 praeclari
1673 2961 1762 3016 fa-

38 3045 274 3100 cinoris
332 3044 660 3112 cantitetur,
711 3046 952 3102 Turcem
994 3060 1124 3102 eum
1177 3047 1544 3113 illoricatum,
1611 3063 1762 3118 equo

1873 1917 2074 1957 coxam
2117 1902 2231 1957 fera
2263 1910 2572 1973 torqueret,
2606 1903 2726 1957 dux
2772 1902 2862 1957 sui
2892 1901 3241 1972 [necessitate
3289 1915 3405 1956 non
3461 1901 3566 1955 im-

1874 2004 2094 2045 memor
2153 1992 2208 2045 in
2251 1991 2369 2060 ipso
2403 1991 2651 2046 confinio
2703 1991 2943 2046 cervicis
2985 1999 3040 2046 et
3096 1990 3241 2044 armi
3309 1989 3568 2060 gladium

1872 2077 2064 2133 bestize
2093 2079 2360 2149 applicat,
2420 2081 2718 2150 aciemque
2772 2079 3086 2144 mucronis,
3140 2079 3413 2133 universa
3451 2077 3565 2132 col-

1872 2165 2083 2222 latione
2129 2167 2310 2222 eidem
2339 2167 2572 2223 virtutis
2617 2167 2944 2223 inviscerat.
2971 2167 3110 2230 Quze
3152 2175 3566 2236 persentiscens

1873 2253 2088 2310 ferrum
2119 2255 2189 2309 ad
2222 2255 2655 2311 interaneorum
2701 2255 2815 2310 ima
2863 2254 3108 2324 prolabi,
3152 2255 3382 2309 tandem
3421 2267 3566 2323 quos

1874 2342 1932 2396 in
1967 2343 2199 2398 femoris
2242 2343 2419 2413 pulpa
2447 2344 2867 2398 constrinxerat
2903 2343 3102 2408 rictus,
3130 2343 3358 2397 extulit.
3387 2343 3565 2396 Dum-

1871 2431 2236 2500 queaferali
2293 2446 2352 2487 se
2397 2445 2495 2486 ore
2544 2431 2796 2487 solutum
2849 2431 2972 2486 dux
3021 2431 3265 2499 inspicit,
3316 2430 3413 2484 sed
3445 2429 3567 2484 loco

1871 2533 1994 2574 eam
2033 2534 2142 2574 non
2178 2521 2393 2575 moveri
2431 2520 2692 2587 attendit,
2722 2519 2942 2589 junctis
2987 2532 3022 2574 a
3064 2533 3122 2574 se
3158 2519 3396 2587 pedibus
3434 2531 3568 2585 pro-

1875 2608 2020 2677 pulit
2053 2625 2066 2661 :
2102 2608 2197 2663 sed
2233 2608 2291 2663 in
2314 2608 2435 2678 ipso
2467 2609 2725 2677 repulsu,
2755 2621 2853 2676 per
2886 2607 3280 2676 prominentis,
3307 2620 3341 2661 a
3365 2606 3568 2662 belluaa

1875 2705 2121 2765 pectore,
2158 2697 2330 2766 gladii
2373 2696 2577 2762 aciem,
2617 2711 2786 2752 suras
2829 2695 2939 2751 sibi
2984 2695 3258 2751 tibiarum
3310 2693 3568 2750 lzetaliter

1873 2799 2013 2853 pene
2057 2785 2322 2839 concidit.
2372 2785 2507 2841 Ruit
2572 2785 2770 2854 itaque
2814 2784 2998 2839 multo
3045 2783 3316 2848 deterius,
3384 2796 3562 2852 quam

1872 2888 2004 2928 cum
2051 2880 2410 2942 premeretur
2443 2886 2478 2927 a
2508 2872 2708 2938 bestia,
2739 2879 2794 2928 et
2825 2880 2940 2928 toto
2965 2872 3086 2942 jam
3137 2885 3371 2940 corpore
3403 2871 3567 2925 inva-

1872 2961 1986 3015 lido
2037 2975 2105 3015 ac
2151 2959 2458 3030 exsangui,
2507 2960 2609 3014 vix
2660 2960 2976 3029 aliquando
3021 2959 3308 3028 reperitur
3351 2973 3385 3013 a
3423 2959 3564 3013 suis.

1873 3047 2254 3103 Solitudinum
2279 3061 2522 3103 suarum
2553 3048 2820 3115 pmnituit
2844 3057 2982 3102 tunc
3007 3061 3134 3102 sero
3159 3047 3385 3112 ducem,
3417 3047 3557 3101 dum

44 3143 254 3188 tamen
314 3139 563 3199 vectum,
623 3133 779 3202 apud
857 3134 1220 3190 Antiochiam
1299 3150 1474 3206 super
1533 3146 1759 3206 pontem
1799 3139 1972 3206 Cper
2037 3136 2113 3202 id,
2160 3136 2487 3205 appendicis
2542 3135 2650 3190 sibi
2709 3136 3019 3203 exercitus,
3066 3143 3120 3191 et
3169 3134 3344 3190 totius
3389 3148 3568 3190 sacrae

46 3220 416 3290 Pharpharis
446 3220 682 3276 obvium
716 3220 1002 3288 habuisse,
1029 3221 1280 3292 huicque
1303 3223 1398 3278 illa
1429 3231 1543 3278 tam
1575 3223 1760 3278 valide

46 3309 254 3379 gladio
301 3307 609 3377 trajecisse,
646 3316 707 3364 ut
737 3309 990 3378 corporis
1023 3317 1263 3366 truncus
1303 3310 1568 3367 decidens
1595 3319 1758 3367 terra:

51 3396 491 3466 procumberet,
541 3403 596 3452 et
625 3411 798 3452 crura
848 3397 1104 3469 sedentia
1135 3399 1521 3468 pertransiens
1572 3414 1760 3468 equus

47 3485 310 3540 efferret.
369 3484 560 3540 Solent
609 3485 762 3541 enim
832 3486 1159 3557 Lotharingi
1209 3502 1342 3544 cum
1403 3488 1761 3559 longitudine

2 3571 18 3608 ι
52 3580 180 3627 tum
215 3573 343 3628 acie
372 3581 568 3642 spatas
599 3573 810 3630 habere
846 3574 1158 3631 mirabiles.

131 3657 321 3733 [XlL]
353 3660 534 3731 Cujus
586 3662 745 3717 aliud
797 3677 910 3718 non
960 3664 1244 3720 inferioris
1275 3664 1488 3720 factum
1538 3665 1756 3736 gloriae,

5 3763 8 3766 ·
50 3749 304 3820 dignum
338 3764 571 3819 quoque
601 3751 785 3806 relatu
815 3766 882 3806 ac
906 3753 1235 3808 omnimoda
1271 3753 1598 3810 celebritate
1628 3755 1763 3810 sub-

51 3839 409 3894 nectcndum
433 3840 786 3895 censuimus.
810 3840 1059 3896 Nicaeam
1107 3851 1396 3911 ceperant,
1432 3851 1486 3898 et
1533 3843 1604 3897 ad
1638 3845 1759 3899 An-

53 3926 333 3980 tiochiam
387 3926 784 3994 obsidendam,
866 3931 1141 3998 quoniam
1201 3944 1376 3998 super
1427 3930 1618 3985 Nicaea
1668 3946 1759 3986 res

54 4014 378 4070 fortuniose
447 4025 815 4083 processerat,
891 4018 1330 4086 contendebant,
1415 4033 1547 4074 cum
1609 4024 1760 4076 inter

55 4103 340 4166 eundum,
375 4102 698 4172 aliquoties,
751 4105 889 4159 dum
921 4119 955 4159 a
986 4105 1284 4174 procinctu
1335 4106 1497 4162 solito
1551 4122 1754 4177 oppor-

1 4181 25 4200 ‘
59 4193 282 4247 tunitas
322 4193 646 4248 securitatis
675 4192 895 4248 adesset
954 4195 1380 4264 progredientes
1406 4211 1436 4251 e
1493 4197 1758 4253 viburnis

3 4349 17 4363 η
59 4281 349 4350 contiguis
398 4281 607 4336 bestias
670 4291 1066 4338 venarentur:
1103 4283 1285 4338 saltus
1333 4298 1586 4354 namque
1631 4286 1758 4356 ejus

62 4369 333 4434 regionis,
368 4383 481 4423 non
512 4382 579 4423 ea
603 4382 722 4438 qua
766 4369 944 4424 nostri
997 4370 1258 4440 grossitie
1287 4380 1388 4426 aut
1421 4373 1757 4440 proceritate

1870 3225 2086 3279 militiae
2120 3224 2460 3279 detrimenta
2481 3223 2842 3294 contingunt.
2879 3223 3070 3292 Usque
3097 3223 3168 3278 ad
3197 3223 3365 3278 linem
3400 3223 3570 3292 plane

1867 3313 2240 3369 Antiochenae
2301 3311 2615 3368 obsidionis
2677 3327 2830 3383 zegre
2887 3326 3122 3381 prorsus
3192 3311 3298 3366 nisi
3367 3309 3565 3366 lectica

1868 3402 2070 3456 devehi
2106 3401 2326 3470 potuit:
2355 3409 2410 3458 et
2452 3401 2594 3468 ideo,
2641 3401 2781 3471 quia
2812 3415 2915 3456 nec
2944 3400 3052 3456 sibi
3084 3415 3188 3454 nec
3235 3398 3333 3455 ulli
3370 3399 3566 3468 provi-

1869 3491 2002 3546 dere
2030 3491 2282 3560 poterat,
2338 3491 2667 3559 quindecim
2719 3490 2894 3545 ferme
2941 3490 3243 3544 hominum
3290 3487 3563 3553 millibus,

1869 3577 1968 3647 qui
2011 3577 2116 3632 sibi
2159 3578 2534 3642 cohaaserant,
2567 3584 2622 3633 et
2653 3576 2727 3632 ab
2755 3591 2821 3632 eo
2857 3590 2956 3646 pro
3001 3575 3335 3632 infirmitate
3377 3575 3565 3631 desci-

1867 3672 2088 3732 verant,
2123 3666 2279 3721 brevi
2309 3666 2516 3721 caruit.

1944 3754 2140 3826 [XIIL]
2173 3753 2562 3810 Christianum
2601 3753 2882 3808 Baldm'm'
2909 3751 3063 3825 regis
3074 3753 3332 3822 factum.
3377 3783 3446 3793 —
3495 3754 3566 3809 At

1868 3845 2010 3914 quia
2059 3857 2264 3900 ursum
2315 3843 2486 3898 semel
2532 3842 2724 3898 adorsi
2789 3857 3014 3909 sumus,
3061 3843 3204 3912 quid
3248 3842 3568 3898 Balduinus

1865 3931 2036 3986 etiam
2059 3930 2186 4001 ejus
2211 3929 2410 3998 frater,
2433 3931 2534 4000 qui
2562 3945 2719 3986 nunc
2742 3944 2928 4000 usque
2954 3930 3320 3998 Jerosolymae
3340 3937 3562 3999 regnat,

1865 4020 2066 4090 egerit,
2101 4033 2508 4089 praeoccupare
2557 4019 2871 4084 voluimus,
2919 4017 3058 4088 quia
3104 4017 3301 4073 nullus
3332 4017 3385 4071 id
3419 4017 3564 4072 refe-

1865 4107 2028 4162 rendi
2078 4107 2319 4162 forsitan
2366 4122 2487 4163 sese
2534 4107 2679 4162 alias
2725 4107 2912 4175 aptior
2959 4105 3177 4176 aperiet
3227 4104 3405 4161 locus.
3458 4106 3566 4161 Pro

1865 4197 2156 4265 ereptione
2178 4197 2484 4266 cujusdam
2515 4196 2602 4250 sui
2633 4194 2854 4264 peditis,
2893 4195 3064 4264 cujus
3101 4193 3416 4249 admodum
3447 4208 3566 4249 sese

1861 4283 2095 4354 juvaret
2123 4284 2386 4349 audacia,
2421 4283 2828 4354 gravissimum
2855 4283 3118 4339 similiter
3139 4283 3194 4336 in
3228 4281 3423 4351 praelio
3448 4281 3568 4336 vul-

1871 4373 2649 4442 nusexceperat.Verebatur
2662 4372 3023 4441 providentia
3036 4377 3185 4425 434
3203 4371 3374 4437 illius,
3392 4384 3565 4440 quem

60 4457 355 4522 eminent;
383 4457 555 4511 semel
587 4437 792 4513 accidit
815 4465 876 4512 ut
899 4437 1166 4514 immanis
1194 4437 1503 4516 admodum
1543 4475 1756 4530 corpu-
1794 4437 1839 4490 D
1871 4459 1976 4515 sibi
2007 4437 2375 4530 adhibuerat,
2415 4460 2636 4525 medici,
2662 4437 2867 4516 inditis
2914 4437 3428 4529 cataplasmatibus
3451 4473 3565 4526 ,ex-

65 4542 252 4600 lentiae
311 4558 483 4600 ursus
535 4560 564 4600 e
611 4545 834 4601 frutetis
887 4545 1090 4614 exiret,
1178 4561 1350 4617 quem
1409 4550 1763 4617 comperiens

63 4642 352 4688 exercitus
407 4634 866 4704 circumquaque
916 4636 1280 4706 disquireret.
1346 4637 1526 4693 Ursus
1557 4653 1760 4708 nempe

7 4780 22 4796 _
67 4717 264 4788 isdem,
311 4735 581 4791 persensa
620 4723 944 4791 frequentia
965 4723 1452 4789 conclamantum,
1482 4741 1512 4780 e
1543 4727 1758 4794 quibus

63 4819 372 4866 emerserat
427 4810 604 4866 silvas
647 4811 930 4880 extemplo
988 4813 1225 4881 repetiit.
1261 4813 1454 4868 Multis
1481 4828 1618 4884 ergo
1648 4829 1756 4870 un-

4 4939 18 4960 ,
65 4894 365 4968 decunque
408 4899 769 4968 gyrantibus,
824 4914 956 4955 cum
1011 4899 1090 4954 nil
1159 4907 1505 4966 occurreret,
1553 4902 1757 4957 misero

64 4986 290 5042 cuidam
323 4987 561 5057 contigit
597 4989 670 5042 ad
703 4988 893 5043 bestiae
928 4989 1110 5043 lustra
1172 4989 1514 5058 pertingere.
1578 4993 1754 5052 Quem

69 5072 162 5126 ubi
194 5073 494 5130 incautum
543 5090 717 5131 ursus
769 5075 1050 5142 adoritur,
1086 5076 1334 5132 brachiis
1379 5075 1614 5144 subigit,
1662 5078 1758 5132 ho-

66 5162 348 5232 minisque
401 5163 644 5233 jacentis
703 5163 982 5234 corripuit
1038 5180 1168 5220 mox
1223 5165 1390 5220 dente
1446 5165 1653 5220 femur.
1684 5165 1755 5220 Et

66 5260 187 5304 ecce
210 5251 349 5319 dux,
405 5252 545 5307 dum
575 5266 609 5307 a
636 5253 756 5308 suis
795 5261 1077 5323 evagatus
1101 5253 1350 5320 oberrat,
1384 5253 1540 5309 solus
1572 5253 1750 5309 inter-

7 5379 28 5402 ,
67 5339 248 5393 venit:
298 5355 474 5410 quem
529 5341 700 5396 miser
755 5341 1021 5407 intuitus,
1074 5350 1130 5397 et
1183 5355 1255 5397 ex
1315 5341 1754 5398 circumstantia

67 5423 268 5482 doloris
295 5443 363 5484 ac
409 5429 631 5485 timoris
661 5429 1046 5500 illacrymans.
1086 5429 1374 5500 ingenitas
1429 5430 1555 5485 viro
1607 5429 1753 5485 libe—

4 5549 28 5570 ι
69 5513 310 5572 ralitates
333 5517 650 5588 objectans,
681 5532 854 5587 super
886 5517 1009 5586 opis
1045 5518 1253 5574 latione
1293 5518 1612 5587 compellat.
1641 5519 1754 5576 Nec

71 5600 172 5666 ille,
227 5609 318 5661 cui
379 5621 525 5676 pene
579 5607 764 5661 omnis
811 5607 1109 5661 constabat
1163 5621 1235 5661 ex
1271 5608 1482 5662 virtute
1519 5615 1748 5675 natura,

71 5696 366 5751 cunctatur
395 5693 708 5761 auxilium,
734 5695 839 5749 sed
870 5694 1079 5750 adnisu
1109 5709 1226 5764 quo
1259 5695 1440 5750 valuit
1479 5703 1751 5752 exactum

1871 4549 2046 4605 terius
2116 4550 2438 4605 cicatricem
2502 4548 2833 4604 obducere:
2889 4557 3125 4604 noverat
3192 4550 3346 4604 enim
3417 4548 3566 4602 idem

1869 4636 2086 4691 vulnus
2137 4637 2407 4692 interiora
2469 4639 2727 4705 corporis
2782 4636 3128 4705 profundius
3178 4635 3451 4706 attigisse,
3495 4649 3566 4689 ne

1867 4724 2006 4779 dum
2037 4725 2186 4780 cutis
2223 4723 2555 4794 superficies
2585 4731 2940 4794 aequaretur,
2995 4724 3342 4779 intrinsecus
3388 4720 3568 4776 saniei

1865 4813 2159 4881 congeries
2188 4812 2498 4867 foveretur.
2531 4811 2689 4878 Quod
2729 4811 2806 4866 ita
2837 4811 2982 4878 fieri,
3031 4812 3176 4866 miro
3209 4811 3396 4876 modo,
3431 4810 3564 4864 lau-

1866 4900 2041 4955 dabili
2073 4901 2430 4971 conjectura,
2470 4901 2945 4971 experientiaque
3003 4899 3316 4969 proposuit.
3355 4898 3563 4967 Regem

1867 4991 2111 5060 petierat
2153 4999 2217 5046 ut
2246 4989 2528 5060 aliquam,
2573 5005 2645 5046 ex
2681 4991 2768 5046 his
2797 5003 2944 5059 quos
2989 4988 3251 5044 custodia
3279 4987 3568 5043 detinebat

1863 5079 2212 5145 Sarracenis,
2269 5093 2594 5148 personam,
2655 5094 2720 5133 eo
2777 5085 2948 5139 statu.
3011 5077 3108 5132 tali
3175 5079 3231 5132 in
3289 5077 3408 5132 loco
3450 5090 3568 5146 quo

1862 5168 1980 5238 ipse
2009 5168 2302 5223 sauciatus
2336 5167 2540 5233 fuerat,
2575 5167 2872 5223 vulnerari
2911 5167 3243 5236 praeciperet
3269 5165 3566 5233 (Christia-

1862 5270 1996 5312 nam
2029 5257 2181 5312 enim
2218 5256 2374 5311 nefas
2407 5264 2595 5325 petere
2628 5257 2772 5325 erat)
2815 5264 2869 5311 et
2904 5263 3026 5326 post
3081 5255 3390 5310 illationem
3427 5252 3566 5308 vul-

1863 5345 2018 5400 neris
2041 5345 2219 5400 occidi
2265 5344 2541 5414 juberet:
2581 5353 2872 5414 quatenus
2902 5345 2959 5400 in
3006 5343 3282 5400 interfecti
3326 5355 3565 5412 corpore

1860 5433 2128 5489 licentius
2157 5433 2520 5502 disquireret.
2571 5433 2684 5488 imo
2730 5447 2803 5489 ex
2853 5433 2980 5503 ejus
3021 5431 3384 5500 despectione
3435 5443 3564 5500 per-

1865 5522 2136 5590 penderet
2168 5521 2419 5592 qualiter
2451 5537 2510 5576 se
2539 5521 2594 5576 in
2628 5521 2750 5576 suis
2792 5524 2963 5591 plaga
2996 5521 3153 5591 regia
3186 5519 3427 5575 interius
3456 5517 3561 5572 ba-

1864 5611 2039 5664 beret.
2103 5611 2339 5666 Horruit
2398 5610 2470 5665 ad
2523 5610 2642 5665 haec
2709 5609 2949 5665 nimium
3007 5610 3183 5678 pietas
3233 5605 3565 5678 principalis

1861 5699 2215 5754 Constantini
2251 5699 2456 5754 veteris
2480 5697 2743 5768 exempla
2798 5697 3167 5767 resculpens:
3209 5719 3229 5742 ε
3283 5694 3464 5766 Negat
3501 5709 3562 5751 se
