3934 6446
366 387 471 440 799

1257 380 1314 432 V.
1357 377 1684 436 GUIBERTI
1724 378 2012 435 ABBATIS
2048 376 2104 432 S.
2149 377 2389 434 MARIE
2430 378 2520 434 DE
2562 377 2965 435 NOVIGENTO

3790 379 3904 432 800

367 517 694 590 cuiuspiam
725 515 1048 582 hominum,
1080 514 1251 572 etiam
1283 513 1602 570 deterrimae
1631 513 1890 569 omnium
1921 527 2056 568 con-
2095 521 2139 572 Α
2171 514 2524 582 processerit,
2558 522 2842 584 quantum
2876 529 3110 584 quoque
3149 513 3301 570 laesio
3330 521 3450 571 tua.
3490 537 3511 564 ι
3549 515 3666 572 Cui
3732 530 3854 571 rex
3892 530 3904 569 :

369 606 622 673 ditionis,
659 619 892 660 causam
937 603 1136 660 mortis
1175 603 1482 670 ullatenus,
1515 616 1615 671 pro
1647 601 1888 668 tantilla,
1921 615 2054 656 cum

367 693 539 751 etiam
581 695 654 750 sit
682 693 880 760 dubia,
923 693 1107 748 salute
1145 693 1428 747 futurum.
1479 713 1506 739 »
1561 691 1703 746 Tum
1754 691 2054 746 medicus:

373 805 394 832 ι
435 781 493 839 Si
526 781 734 852 inquit,
766 781 1102 851 reparanda:
1133 780 1233 836 tibi
1267 780 1452 850 gratia
1494 779 1784 848 sospitatis
1842 775 2059 833 nemini

369 873 549 926 vitam
581 869 831 925 adimere
861 868 1128 934 deﬁnisti,
1161 868 1361 923 saltem
1395 882 1594 924 ursum
1632 867 1889 922 inutilem
1921 869 2062 922 satis

369 958 481 1014 nisi
509 957 830 1028 spectaculo
860 957 1098 1012 bestiam
1125 957 1421 1012 admoveri
1453 956 1664 1011 manda
1696 970 1708 1010 :
1772 955 2062 1026 prioribus

369 1047 608 1116 pedibus
657 1045 715 1101 in
767 1045 1008 1102 sublime
1051 1044 1324 1115 porrectis
1369 1053 1637 1109 erectam,
1705 1042 1854 1098 ferro
1906 1041 2061 1097 feriri

371 1137 607 1204 impera,
639 1135 808 1204 cujus
837 1142 1142 1204 peremptze
1173 1134 1529 1204 postmodum
1563 1147 1694 1188 cum
1759 1130 2061 1202 pervidero

370 1222 608 1289 viscera,
641 1222 827 1278 metiri
857 1236 996 1278 sane
1027 1230 1325 1292 utcunque
1356 1231 1569 1291 potero,
1598 1234 1880 1291 quorsum
1913 1219 2063 1274 intro

2171 623 2192 650 ε
2251 601 2454 668 Bestia,
2506 603 2605 669 ait,
2656 618 2771 658 non
2818 604 2877 658 in
2912 617 3092 665 mora.
3144 619 3276 659 cum
3306 619 3451 674 opus
3482 604 3683 666 fuerit.
3721 612 3851 659 erit
3890 617 3903 656 :

2170 689 2382 746 factum
2414 699 2552 760 puta
2608 711 2636 742 ι)
2669 692 2839 746 Facto
2869 691 3046 762 igitur
3061 692 3131 746 ad
3166 691 3390 748 libitum
3422 693 3628 748 medici
3661 707 3745 748 ex
3777 692 3904 747 fera

2168 779 2444 848 periculo,
2493 779 2774 849 comperit
2842 779 3266 836 incommodum
3317 789 3378 835 ut
3430 781 3904 850 prmlibavimus

2170 867 2312 936 regi,
2358 867 2402 922 si
2449 867 2718 922 obductio
2771 866 3012 923 celerius
3060 869 3284 924 vulneri
3345 871 3702 938 proveniret,
3785 870 3904 924 nisi

2172 955 2334 1024 prius
2385 955 2669 1011 exhausta
2743 955 3074 1025 purulentis
3127 971 3257 1026 pars
3307 957 3659 1012 intrinsecus
3708 959 3904 1013 scissa

2169 1042 2363 1098 coiret.
2399 1043 2532 1098 Haec
2561 1057 2734 1113 super
2781 1058 3028 1114 regnum
3076 1045 3278 1114 pietate
3318 1045 3530 1101 dixisse
3567 1045 3855 1102 sufﬁciat
3896 1061 3904 1100 :

2172 1145 2423 1200 quorum
2459 1131 2636 1201 gloria
2671 1146 2856 1201 aeque,
2892 1133 3084 1196 fateor,
3122 1133 3460 1201 incessisset,
3497 1134 3542 1190 si
3577 1149 3703 1190 non
3743 1149 3904 1204 pon-

2174 1218 2334 1275 tiﬁcii
2366 1217 2582 1285 electio,
2619 1219 2730 1274 imo
2762 1227 2818 1275 et
2845 1221 3033 1290 ipsum
3081 1221 3438 1291 pontiiicium
3469 1221 3904 1278 claudicasset.

1653 1555 1998 1642 LIBER
2054 1553 2590 1642 OCTAVUS.

927 1885 1158 1944 CAPUT
1198 1885 1498 1942 PRIMUM.

513 1978 831 2047 Hucusque
859 1976 1042 2043 Musa,
1079 1989 1179 2045 per
1208 1975 1420 2030 fruteta
1447 1973 1708 2044 veprium

513 2065 750 2122 Incessit
775 2073 934 2120 arcto
958 2063 1299 2133 scrupulosa
1332 2063 1556 2118 tramite

509 2153 692 2211 Calles
719 2153 910 2208 euntis
939 2159 1255 2222 occupante
1283 2151 1513 2217 nubilo;

511 2245 738 2298 Aurora
768 2240 879 2296 seri
909 2241 1010 2296 vix
1041 2241 1228 2296 fovere
1257 2239 1478 2295 sideris.

511 2330 658 2386 Lues
686 2330 910 2386 cruoris
941 2329 1220 2384 hactenus
1248 2327 1592 2389 cucurrerit.

512 2417 699 2488 Stragi
732 2415 988 2486 fatnique
1017 2417 1097 2470 nil
1135 2429 1350 2472 vacans
1378 2414 1668 2471 resederit.

512 2505 768 2561 Fortuna
799 2507 845 2560 si
877 2519 996 2575 qua
1030 2505 1202 2561 rebus
1231 2505 1516 2560 interdum
1545 2503 1667 2560 suis

514 2592 742 2654 Arrisit.
777 2606 924 2648 aura
951 2593 1200 2648 cladium
1234 2605 1417 2662 rapax
1445 2591 1595 2648 tulit.

517 2679 628 2743 Qui
658 2681 795 2736 dum
829 2681 1060 2737 Niczena
1088 2681 1370 2738 subruere
1399 2680 1630 2747 moenia,

515 2769 654 2834 Quis
684 2769 826 2825 urbe
854 2778 1020 2840 capta
1051 2770 1274 2825 fructus
1300 2777 1382 2826 est
1407 2767 1714 2824 Antiochi?

515 2856 568 2910 is
595 2865 678 2912 est
710 2857 958 2926 profecto
987 2857 1089 2928 qui
1120 2858 1182 2912 ﬁt
1209 2871 1282 2914 ex
1309 2855 1626 2927 suppliciis,

515 2943 860 3016 Cuicunque
884 2955 1084 3002 sancto
1108 2954 1292 3002 morte
1314 2947 1466 3002 victa
1497 2943 1754 3014 martyri.

514 3033 768 3089 Dolenda
796 3048 1050 3105 namque
1078 3035 1124 3090 si
1157 3049 1276 3105 qua
1304 3033 1542 3104 contigit
1571 3032 1709 3103 pati,

512 3120 808 3192 Mistisque.
839 3121 983 3178 ferre
1009 3123 1264 3179 cmdibus
1293 3121 1588 3192 peuurias,

511 3209 716 3265 Maeror
745 3209 942 3266 futura
973 3210 1263 3281 parturire
1289 3210 1524 3282 gaudia.

513 3297 638 3364 Quo
670 3306 802 3354 utar
826 3313 963 3369 ergo
994 3299 1234 3354 vocibus
1265 3295 1737 3366 Psalmographi?
1819 3287 1838 3299 “

511 3386 762 3442 Laetatus
783 3400 915 3442 sum
943 3400 1018 3441 ex
1050 3386 1140 3441 his
1172 3399 1305 3455 quas
1335 3385 1513 3440 relata
1539 3393 1677 3440 sunt
1708 3383 1846 3440 mihi
1871 3399 1884 3437 :

513 3475 662 3530 Licet
691 3475 888 3530 subire
919 3481 1107 3543 presto
1132 3474 1253 3544 jam
1282 3473 1521 3528 domum
1553 3473 1674 3528 Dei.

511 3563 616 3618 Pes
643 3576 774 3618 ecce
799 3568 992 3618 noster
1020 3561 1302 3617 atriorum
1331 3559 1577 3626 Solimaa,

513 3649 776 3706 Calcator
805 3656 1012 3716 exstat,
1050 3663 1118 3704 ac
1146 3663 1328 3704 ovans
1357 3649 1706 3705 obambulat.

515 3737 723 3793 Franci
754 3737 970 3794 laboris
995 3737 1120 3793 haec
1151 3737 1354 3794 habete
1384 3737 1620 3808 praemia
1649 3753 1662 3793 :

509 3825 626 3882 Nec
655 3839 756 3880 vos
779 3825 961 3882 dolete
993 3825 1294 3897 pertulisse
1326 3825 1530 3882 tristia.

511 3914 720 3986 Optata
749 3915 978 3971 tandem
1011 3929 1114 3971 vos
1141 3915 1387 3985 sepulcri
1417 3915 1580 3982 visio,

511 4002 838 4074 Crucisqua
869 4011 1020 4059 tacta
1049 4002 1278 4060 ﬂetibus
1306 4003 1623 4073 redemptio

511 4093 708 4160 Juvat,
741 4092 1008 4164 fugitque
1035 4100 1233 4162 pectus
1261 4105 1430 4148 omne
1460 4091 1663 4162 passio.

515 4179 662 4235 Urbs
689 4179 800 4236 ista
826 4193 977 4248 saepe
1009 4179 1205 4249 praeda
1235 4178 1386 4236 facta
1413 4179 1666 4251 regibus,

515 4267 1006 4324 Pessumdabatur
1032 4267 1331 4324 obruenda
1360 4266 1641 4324 funditus.

517 4355 656 4422 Hac,
687 4371 720 4411 ο
750 4355 918 4412 beata
944 4355 1208 4426 captione
1233 4356 1456 4424 civitas,

515 4443 662 4499 Hinc
692 4457 1042 4514 promerens,
1077 4453 1141 4502 ut
1171 4445 1456 4516 imperare
1479 4445 1706 4512 debeas,

513 4531 599 4588 Ad
629 4539 800 4602 teque
831 4547 1009 4604 regna
1037 4533 1368 4590 Christiana
1391 4531 1728 4590 contrahas!

519 4619 748 4676 Videbit
769 4620 927 4676 orbis
953 4621 1068 4678 huc
1099 4621 1295 4678 venire
1319 4619 1554 4690 glorias,

511 4708 756 4778 Tihique
785 4709 988 4766 matris
1015 4709 1291 4765 exhibere
1320 4705 1554 4778 gratias,

510 4795 638 4852 Non
664 4797 833 4852 Ezras
863 4797 1020 4866 olim,
1063 4797 1154 4852 vel
1191 4793 1552 4851 Machameus
1575 4793 1773 4858 ludas,

511 4885 644 4942 Post
675 4884 908 4952 damna,
943 4893 1105 4942 tanto
1133 4881 1463 4952 provehunt
1494 4897 1628 4952 opes
1659 4889 1791 4938 tuas
1820 4895 1835 4936 :

508 4969 634 5028 Non
665 4973 976 5039 Adrianus,
1012 4971 1164 5026 unde
1195 4982 1405 5024 nomen
1437 4969 1616 5039 Helia,

511 5060 588 5116 Te
613 5061 946 5118 suscitando
977 5058 1104 5128 quit
1131 5057 1354 5114 dedisse
1385 5058 1539 5127 talia,

512 5147 622 5204 Pro
657 5157 708 5206 te
733 5149 968 5220 tuisque
995 5146 1253 5203 mundus
1279 5147 1384 5204 iste
1413 5147 1622 5205 militat
1650 5163 1664 5203 :

511 5239 641 5294 Haec
663 5251 809 5308 pene
837 5248 982 5292 cura
1013 5234 1292 5292 saeculum
1317 5236 1604 5294 sollicitat.

509 5325 816 5390 Quondam
842 5323 1043 5380 Iudaea
1070 5323 1210 5380 dum
1241 5325 1462 5396 vigeret
1489 5327 1724 5397 optime,

509 5413 769 5468 Praebere
798 5411 1003 5482 quibat
1033 5412 1170 5470 huic
1192 5413 1369 5470 decus
1397 5414 1674 5484 parabile,

509 5499 657 5569 Quid
687 5498 1088 5558 carminantur
1115 5501 1177 5558 in
1207 5501 1402 5558 duella
1429 5501 1681 5560 milites?

2313 1884 2521 1953 Estote,
2555 1899 2771 1956 quaeso,
2807 1885 3049 1942 Persidis
3077 1884 3374 1955 pernicies,

2320 1973 2444 2029 Non
2477 1981 2668 2029 vestra
2700 1989 2714 2028 :
2743 1973 3030 2044 quidquid
3057 1973 3230 2029 ofﬁcit
3263 1973 3603 2044 Jerusalem,

2315 2062 2385 2116 Et
2416 2061 2722 2132 Babylonis
2749 2062 3008 2118 obserate
3037 2061 3371 2132 principem.

2318 2149 2389 2206 Ut
2415 2149 2501 2205 fas
2531 2150 2690 2205 adire
2714 2151 2786 2205 sit
2818 2149 2983 2205 bonis
3007 2151 3142 2205 .lesu
3173 2163 3429 2220 crucem,

2319 2238 2484 2293 Pium
2517 2238 2779 2308 sepulcro
2811 2238 3130 2309 subjugare
3161 2239 3452 2295 verticem.

2319 2324 2592 2381 Ciamabo
2624 2333 2819 2382 nostra
2849 2327 3192 2396 comperisse
3222 2334 3505 2398 tempora,
3608 2320 3611 2323 ’

2317 2413 2474 2481 Quod
2507 2429 2618 2470 non
2652 2415 2874 2471 docebit
2904 2415 3024 2471 ulla
3048 2415 3324 2472 fastorum
3353 2417 3526 2472 scola.

2247 2503 2400 2574 [XIV
2425 2500 2452 2574 ]
2491 2503 2836 2574 Arnulphu:
2858 2503 3094 2575 quidam
3109 2504 3572 2570 patriarchatum
3581 2507 3892 2579 Jerosoly-

2173 2591 2456 2644 milanum
2475 2590 2656 2645 ambit
2669 2594 2841 2662 atque
2859 2591 3090 2647 obtinet.
3111 2621 3176 2634 —
3195 2597 3261 2648 At
3274 2593 3548 2664 quoniam
3581 2595 3722 2651 dum
3746 2603 3889 2650 tem-

2177 2679 2396 2748 poralia
2430 2688 2836 2748 procurantur,
2865 2682 3026 2751 regia
3055 2681 3553 2738 administratione
3569 2684 3885 2739 tractanda

2179 2774 2490 2837 putantur;
2525 2767 2798 2824 interiora
2821 2769 3034 2841 negligi
3055 2784 3170 2825 non
3201 2771 3576 2841 debent,quaa
3607 2773 3884 2827 sacerdo-

2176 2854 2275 2910 tali
2308 2855 2493 2911 ofﬁcio
2521 2857 2822 2925 pertinent.
2861 2857 3013 2928 Rege
3060 2865 3226 2926 prout
3269 2867 3504 2928 potuere
3546 2866 3758 2926 creato,
3805 2857 3904 2916 de‘

2178 2941 2525 3012 patriarchae
2573 2952 2991 3014 consequenter
3039 2945 3447 3002 substitutione
3497 2954 3881 3016 pertractant.

2177 3032 2318 3087 Erat
2353 3032 2431 3088 ibi
2473 3040 2612 3088 tunc
2645 3033 2916 3102 temporis
2937 3033 3172 3104 quidam
3209 3034 3318 3090 sub
3343 3048 3590 3090 censura
3619 3033 3881 3091 clericali

2179 3135 2374 3191 agens,
2407 3120 2517 3176 sub
2547 3135 2664 3190 quo
2709 3129 2901 3177 autem
2935 3121 3123 3192 gradu
3167 3123 3374 3190 nescio,
3421 3122 3522 3192 qui
3571 3131 3883 3180 vocaretur

2175 3209 2472 3264 Arnulfus.
2505 3210 2561 3265 Is
2589 3209 2650 3264 in
2681 3209 2990 3266 dialecticae
3017 3209 3339 3267 eruditione
3368 3225 3484 3268 non
3515 3211 3716 3280 hebes;
3735 3226 3879 3268 cum

2177 3298 2412 3354 minime
2443 3298 2754 3354 haberetur
2782 3299 2852 3354 ad
2893 3303 3284 3370 grammaticae
3308 3299 3650 3356 documenta
3681 3301 3874 3367 rudis,

2173 3387 2324 3458 regis
2357 3387 2668 3458 Anglorum
2701 3387 2874 3443 ﬁliam
2915 3388 3278 3455 monacham,
3310 3393 3462 3442 436
3519 3402 3644 3444 eam
3687 3402 3874 3458 quam

2177 3475 2580 3545 praemisimus,
2654 3477 2756 3532 diu
2814 3473 3118 3544 disciplina
3181 3475 3492 3531 docuerat:
3556 3477 3650 3533 cui
3718 3477 3872 3533 Nor-

2175 3565 2588 3620 thmannorum
2621 3579 2839 3632 comes,
2881 3565 3169 3620 mediante
3201 3578 3425 3632 sorore,
3464 3565 3864 3634 spoponderat,

2173 3653 2330 3725 quod
2385 3653 2558 3709 etiam
2587 3651 2964 3723 episcopalem
3025 3653 3300 3708 honorem
3354 3653 3460 3723 ipsi
3504 3653 3762 3722 deferret,
3812 3655 3868 3710 si

2174 3737 2505 3809 quempiam
2549 3737 2948 3807 episcoporum
2990 3751 3228 3792 suorum
3273 3737 3457 3793 obisse
3489 3738 3862 3808 contingeret.

2178 3828 2411 3884 Interim
2443 3825 2938 3895 Hierosolymitani
2969 3824 3190 3881 itineris
3217 3839 3350 3881 cum
3381 3826 3622 3882 suborta
3667 3826 3870 3883 fuisset

2173 3915 2415 3980 occasio,
2490 3912 2795 3983 episcopus
2851 3912 3196 3982 Bajocensis,
3257 3913 3377 3970 Odo
3449 3913 3698 3980 nomine,
3769 3915 3864 3970 vir

2174 4014 2521 4073 magnarum
2553 4013 2752 4070 opum,
2786 3999 2877 4056 hic
2917 3999 3107 4071 ipsum
3153 4001 3385 4057 devovit
3417 4001 3540 4057 iter.
3589 4001 3690 4066 Qui
3725 4015 3858 4057 cum

2173 4089 2414 4146 senioris
2463 4089 2786 4159 Anglorum
2837 4089 2990 4159 regis
3041 4087 3328 4144 Guillelmi
3379 4089 3556 4145 frater
3595 4097 3750 4156 esset,
3801 4099 3860 4146 et

2173 4184 2380 4248 praeter
2407 4175 2676 4246 pontiﬁcii
2719 4175 3056 4247 dignitatem
3099 4177 3252 4246 apud
3282 4177 3497 4248 Anglos
3517 4177 3855 4243 lcomitatum

2174 4266 2389 4322 Cantiae
2429 4265 2734 4333 obtineret,
2801 4278 2898 4334 spe
2935 4264 3524 4334 incomparandorum
3573 4262 3862 4321 thesauroi

2175 4367 2328 4420 rum,
2363 4353 2421 4408 in
2453 4361 2677 4409 tantum
2711 4367 2800 4409 res
2825 4354 2987 4410 visus
3010 4361 3096 4409 est
3133 4355 3346 4411 audere
3377 4367 3574 4422 novas,
3604 4361 3664 4410 ut
3690 4353 3855 4411 etiam

2103 4454 2148 4509 ι)
2177 4443 2246 4499 de
2303 4441 2464 4513 regni
2520 4450 2722 4498 contra
2771 4440 3009 4498 fratrem
3061 4443 3360 4512 proprium
3427 4441 3856 4512 praesumptione

2178 4537 2451 4587 tractaret
2475 4531 2614 4600 (34).
2647 4529 2825 4597 Quem
2869 4545 2973 4587 rex
3005 4531 3364 4601 praaveniens
3401 4529 3669 4586 carcerali
3693 4543 3854 4585 man-

2177 4619 2392 4689 cipavit
2432 4619 2726 4687 custodiae,
2777 4619 3141 4690 detinuitque
3187 4619 3383 4675 virum
3439 4632 3622 4689 usque
3672 4617 3738 4674 ad
3763 4619 3851 4674 sui

2177 4707 2360 4778 ipsius
2415 4708 2637 4764 exitum
2699 4707 2855 4764 vitai.
2917 4707 3040 4775 Quo
3101 4715 3306 4763 exacto
3359 4707 3657 4778 episcopus
3711 4705 3847 4762 idem
3891 4757 3904 4774 ,

2177 4797 2428 4854 libertati
2449 4810 2518 4853 ac
2561 4797 2762 4854 honori
2791 4797 2990 4866 rediit;
3021 4803 3077 4852 et
3108 4795 3190 4850 uti
3233 4795 3590 4866 prtemissum
3622 4802 3715 4857 est.
3745 4794 3846 4851 viae

2177 4884 2357 4956 hujus
2397 4885 2696 4941 intonante
2747 4885 3054 4954 prmoonio,
3102 4883 3224 4953 ipse
3275 4897 3396 4939 suae
3451 4883 3634 4954 gentis
3680 4882 3848 4938 fretus

2176 4974 2519 5044 frequentia,
2551 4987 2686 5030 cum
2719 4973 2929 5042 opibus
2957 4971 3282 5026 innumeris
3312 4971 3393 5026 ire
3425 4971 3684 5040 perrexit.
3733 4970 3844 5027 Cu-

2167 5063 2266 5133 jus
2306 5063 2644 5132 Arnulphus
2691 5061 2837 5116 idem
2879 5059 3175 5114 comitatui
3224 5073 3346 5114 sese
3377 5057 3580 5112 indidit
3607 5072 3619 5111 :
3644 5066 3694 5114 et
3721 5073 3842 5116 cum

2175 5151 2313 5208 huic
2354 5150 2460 5221 ipsi
2508 5150 2772 5220 episcopo
2813 5147 2978 5211 citra,
3024 5146 3137 5201 nisi
3167 5143 3352 5212 fallor,
3385 5144 3668 5200 Romaniae
3696 5145 3836 5214 ﬁnes,

2175 5241 2308 5296 ﬁnis
2344 5238 2658 5310 obtigisset,
2703 5249 2778 5292 ex
2829 5234 2921 5290 illo
2955 5234 3214 5290 maximo
3239 5247 3416 5289 censu
3438 5247 3610 5302 quem
3651 5242 3760 5304 post
3785 5250 3838 5292 se

2173 5327 2507 5397 reliquerat,
2564 5325 2724 5380 hunc
2760 5322 3103 5393 legatarium
3133 5335 3278 5392 pene
3320 5329 3453 5378 ante
3491 5334 3680 5379 omnes
3709 5337 3836 5394 sup-
3891 5353 3904 5382 ς

2174 5413 2473 5486 pellectilis
2525 5426 2645 5468 suae
2699 5411 2964 5481 pretiose
3013 5409 3217 5468 eﬁ‘eeit.
3277 5411 3418 5467 Cum
3445 5409 3599 5467 enim
3627 5411 3834 5468 scientia

2171 5501 2402 5559 litterali
2435 5499 2753 5572 plurimum
2781 5505 2986 5570 posset,
3021 5506 3078 5556 et
3109 5499 3338 5572 ingenio
3377 5499 3694 5570 eloquentia
3731 5514 3830 5557 non
3885 5512 3904 5582 ξ

443 5623 556 5695 (34)
613 5625 703 5678 Ita
749 5611 1054 5694 Scriptores
1099 5625 1328 5698 Anglici
1377 5627 1716 5684 Guillelmus
1745 5625 2062 5694 Malmesb.,
2095 5625 2400 5684 Matthaaus
2425 5623 2628 5689 West.,
2662 5623 2924 5694 Polydor.
2953 5623 3155 5695 Virgil.
