3934 6394
0 386 163 443 ι801

1148 379 1372 436 GESTA
1420 380 1535 434 DEI
1579 379 1713 436 PER
1754 380 2095 437 FRANCOS.
2128 411 2194 418 ——
2225 379 2357 435 LIB.
2402 381 2538 435 VIII.

3501 385 3605 439 802

29 512 338 578 deesset;
382 512 729 582 uberiorque
751 509 872 580 jam
906 509 1069 580 copia
1094 510 1478 581 cognitionem
1513 510 1792 577 redderet,
1833 514 1879 566 Α
1903 511 2084 567 sancti
2120 510 2265 567 Petri
2288 510 2359 566 ad
2412 510 2658 568 Vincula
2685 509 2899 581 erupit,
2926 512 3023 568 sed
3055 526 3189 567 cum
3218 511 3271 567 ei
3304 513 3465 569 nulla
3496 514 3604 584 pia

25 608 341 669 cueperat
394 608 618 656 nostros
674 599 890 655 crebris
947 598 1206 654 animare
1263 598 1646 666 sermonibus,
1705 598 1795 654 fa-

31 701 367 759 mamque
387 702 552 745 suam
580 700 897 758 propagare
939 686 997 741 in
1030 687 1263 743 talibus.
1306 687 1506 757 Inopia
1543 700 1797 757 namque

28 775 495 843 litteratorum,
542 776 736 831 virum
780 775 987 830 fecerat
1016 772 1316 830 clario’rem
1353 789 1365 828 :
1398 783 1472 841 et,
1506 774 1645 830 dum
1681 788 1795 830 vox

32 865 281 936 magis
311 878 490 935 quam
536 863 654 918 vita
696 869 958 930 curatur,
996 861 1067 916 ad
1099 861 1207 917 hoc
1238 872 1301 917 ut
1328 861 1792 932 Hierosolymita-

0 967 194 1023 Vnus
262 952 420 1008 ﬁeret
459 951 786 1022 patriarcha
842 956 1102 1006 vocatur.
1164 948 1519 1021 Aliquandiu
1577 951 1792 1021 itaque,

8 1036 203 1096 solo
262 1041 512 1109 nomine,
558 1040 884 1111 pontiﬁcale
930 1046 1217 1095 ostentum
1271 1039 1555 1109 prabuit;
1600 1039 1796 1095 decla-

0 1127 447 1188 .mationibus
466 1128 585 1185 suis
610 1137 800 1183 tamen
833 1126 1075 1183 novitati
1106 1125 1183 1182 illi
1213 1128 1445 1197 profuit.

0 1252 13 1292 ,ε
136 1216 338 1289 [ΧΗ
365 1216 658 1288 Amulpho
682 1215 1028 1271 adversatur
1058 1232 1237 1287 papa,
1264 1218 1459 1286 utpote
1479 1214 1798 1270 sacerdotia

23 1307 235 1378 ﬁlio.
292 1306 593 1360 Daibertus
632 1304 694 1359 in
740 1305 864 1375 ejus
911 1305 1097 1360 locum
1125 1304 1488 1376 subrogatur.
1520 1305 1632 1358 Sed
1659 1321 1792 1359 con-

0 1394 385 1465 'juratione
433 1394 603 1460 facta
656 1391 718 1446 in
767 1409 985 1466 regem,
1041 1391 1374 1465 expellitur.
1420 1425 1488 1433 -—
1539 1394 1793 1451 Tandem

38 1493 213 1554 post
273 1482 707 1553 aliquantulum
764 1482 1058 1553 temporis,
1117 1497 1250 1539 cum
1304 1482 1454 1538 facta
1504 1483 1794 1552 usquead

22 1571 469 1647 ‘apostolicam
580 1572 771 1628 sedem
839 1571 1256 1641 percrebuisset
1338 1571 1555 1638 electio,
1648 1586 1795 1642 papa

48 1660 408 1727 Paschalis,
490 1667 615 1730 post
672 1660 891 1716 obitum
953 1659 1245 1715 Podiensis
1308 1659 1576 1729 episcOpi,
1644 1661 1796 1716 vices

46 1763 274 1819 super
331 1748 609 1804 Dominici
648 1748 937 1804 exercitus
983 1762 1145 1815 cura,
1195 1761 1331 1804 suas
1375 1747 1795 1818 archiepiscopo

52 1837 362 1894 Daiberto
406 1837 608 1893 Pisano
660 1836 979 1893 mandavit.
1028 1836 1136 1904 Qui
1177 1837 1297 1907 jam
1346 1845 1513 1906 capta
1562 1838 1800 1892 Jerusa-

50 1928 222 1994 lem,
286 1940 421 1997 rege
476 1933 731 1995 promoto
820 1940 952 1981 cum
1010 1925 1263 1996 plurima
1315 1925 1494 1981 classe
1542 1926 1796 1995 advenit;

58 2031 188 2072 nec
246 2015 431 2070 multo
454 2022 577 2084 post
605 2014 938 2071 electionem
981 2028 1112 2084 qua
1147 2014 1217 2070 de
1264 2014 1565 2084 Arnulpho
1612 2013 1799 2070 fuerat

58 2107 246 2162 facta
273 2104 615 2169 eventilans,
670 2103 991 2159 secundum
1035 2118 1323 2159 canonum
1368 2103 1507 2175 jura
1536 2102 1800 2160 refutan-

26 2195 220 2250 .dam
262 2192 451 2249 duxit.
505 2193 772 2249 Discusso
811 2192 1085 2248 nimirum
1126 2191 1376 2248 hominis
1421 2206 1649 2264 genere,
1700 2206 1799 2249 sa-

68 2282 349 2339 cerdotis
381 2282 534 2337 filius
568 2280 869 2351 reperitur,
897 2280 1000 2351 qui
1026 2295 1140 2336 non
1201 2280 1387 2336 solum
1426 2295 1455 2336 a
1502 2282 1681 2336 sacris
1706 2295 1800 2337 ar-

28 2389 42 2416 ι
70 2372 202 2430 ceri
274 2371 609 2442 pracipitur
652 2369 950 2441 gradibus,
1004 2369 1101 2424 sed
1150 2370 1469 2425 secundum
1514 2370 1799 2426 Toletana

67 2458 300 2532 synodi
352 2460 453 2531 (IX,
504 2472 632 2528 cap.
696 2459 762 2512 10
808 2466 863 2513 et
913 2457 1000 2527 l5)
1043 2457 1204 2523 scita,
1244 2458 1370 2527 ejus
1416 2457 1684 2523 ecclesia,
1726 2459 1799 2513 ad

0 2552 19 2603 Γ
67 2550 267 2619 cujus
297 2547 573 2617 injuriam
606 2553 827 2601 constat
851 2558 973 2600 esse
1007 2544 1357 2616 progenitus,
1393 2559 1596 2601 servus
1622 2544 1799 2615 jube-

0 2638 22 2677 Ψ
72 2647 176 2694 tur
212 2635 347 2692 fieri
368 2634 770 2704 sempiternus.
806 2632 925 2689 Hac
951 2633 1245 2693 exclusus.
1280 2648 1412 2689 cum
1441 2648 1499 2690 se
1551 2648 1801 2689 summo-

0 2725 16 2765 ³
72 2740 221 2796 pere
259 2724 552 2794 ingereret
595 2729 649 2778 et
679 2721 1020 2785 defensaret,
1072 2721 1375 2787 sententia,
1415 2735 1548 2777 cum
1585 2735 1799 2791 proce-

0 2816 172 2884 l'fres
224 2813 367 2884 ejus
416 2811 641 2883 pudori,
697 2811 837 2881 quia
890 2809 1159 2879 repulsus
1215 2808 1420 2877 fuerat,
1480 2809 1695 2865 mederi
1743 2810 1798 2865 in

0 2882 293 2973 1talique
315 2900 653 2967 voluissent,
699 2898 1066 2955 sciscitantur
1094 2896 1168 2953 ab
1198 2895 1318 2967 ipso
1357 2912 1532 2968 quem
1579 2896 1801 2968 eligen-

0 2986 47 3031 η’
71 2992 226 3048 dum
263 2990 528 3045 duceret.
559 2986 673 3055 Ille,
706 2986 1101 3057 coaqualibus
1124 2985 1598 3056 junioribusque,
1631 2993 1692 3041 ut
1716 2993 1802 3041 est

0 3066 32 3119 Ili
69 3078 357 3149 pravitas
388 3084 634 3144 natura,
669 3088 804 3129 mox
856 3072 1121 3129 invidens
1154 3087 1166 3126 :
1202 3097 1231 3121 ιι
1269 3073 1434 3128 Hunc
1467 3074 1676 3143 ipsum.
1705 3074 1799 3128 in-

3 3168 35 3209 υτ
76 3169 235 3238 quit,
302 3165 601 3231 Pisanum,
655 3162 755 3233 qui
795 3161 1079 3234 legatione
1135 3161 1401 3233 fungitur
1457 3161 1715 3231 accipite.
1776 3182 1797 3209 ι

0 3258 31 3297 ὶιέ
76 3257 269 3312 Dictis
314 3253 446 3324 ejus
499 3251 786 3322 principes
833 3262 1145 3315 assensere,
1208 3256 1557 3318 raptumque
1612 3248 1802 3304 archi-

0 3335 34 3391 ἰὰ
77 3347 456 3414 episcopum,
494 3341 591 3395 vix
619 3339 746 3409 ejus
801 3338 1172 3394 conniventia
1220 3337 1519 3407 requisita,
1579 3338 1635 3391 in
1683 3337 1807 3406 ipsa

4 3434 32 3475 ω
76 3433 178 3489 cui
212 3430 460 3487 sedebat
502 3427 793 3493 cathedra,
830 3440 930 3497 per
959 3426 1171 3495 seipsos
1207 3425 1352 3481 idem
1400 3424 1688 3495 principes
1747 3425 1803 3479 in

1 3521 398 3584 l“.ecclesiam
429 3530 690 3573 evexere.
744 3516 857 3571 Nec
914 3529 1095 3581 mora,
1129 3515 1285 3570 hunc
1338 3513 1625 3581 eumdem,
1682 3520 1805 3583 post

0 3593 243 3680 ll'regis
309 3605 543 3677 gloriosi
598 3603 884 3660 Godefridi
945 3603 1295 3671 oceubitum,
1348 3617 1480 3657 cum
1534 3610 1805 3673 regnaret

5 3702 27 3740 ει
83 3696 425 3752 Balduinus
484 3692 662 3749 frater
702 3693 849 3764 ejus,
906 3691 1005 3763 qui
1056 3692 1278 3747 Edessa
1310 3690 1633 3761 prafuerat,
1670 3705 1803 3761 pro-

0 3780 28 3828 λ
83 3784 333 3840 ditionis
394 3781 772 3851 insimulant;
822 3781 1019 3850 sicque
1070 3789 1222 3835 certo
1273 3779 1611 3835 damnatum
1683 3780 1802 3835 cri-

0 3867 30 3915 εί
86 3887 272 3940 mine,
332 3886 469 3928 eum
524 3870 626 3943 qui
680 3870 1154 3941 metropolitanus
1213 3868 1329 3924 fore
1385 3869 1675 3925 destiterat
1701 3883 1802 3940 pa-

0 3949 30 4001 π
91 3960 424 4015 triarchatu
458 3956 707 4027 privant.

0 4049 23 4090 ω
164 4049 440 4119 Cumque
481 4047 552 4103 de
604 4046 950 4103 instituendo
984 4046 1247 4116 pontifice
1296 4045 1498 4101 iterata
1536 4053 1805 4102 tractaret

0 4132 323 4209 E‘..electio,
380 4143 685 4215 providens
739 4142 1079 4212 Arnulphus
1146 4150 1208 4198 ut
1272 4141 1401 4197 talis
1464 4140 1640 4209 fieret,
1701 4142 1803 4211 qui

0 4224 22 4267 ω
94 4232 442 4289 nullatenus
489 4246 522 4287 a
552 4246 656 4287 suo
715 4230 956 4301 imperio
1001 4229 1346 4291 dissentiret.
1392 4227 1702 4299 quemdam
1734 4227 1804 4283 de

0 4315 26 4355 υ·
54 4317 216 4374 «suis
255 4316 794 4383 contubernalibus,
852 4331 1027 4387 quem
1076 4315 1246 4372 sciret
1298 4315 1406 4371 sibi
1467 4328 1568 4384 per
1609 4313 1804 4370 omnia

0 4401 26 4443 ω
90 4407 630 4478 obtemperaturum
658 4447 674 4474 ,

0 4490 31 4531 ιθ
94 4489 481 4559 illitteratum,
568 4490 847 4546 vocabulo
948 4489 1361 4556 Ebremarum,
1451 4490 1608 4545 omni
1709 4488 1800 4544 fa-

0 4581 30 4660 lj
93 4592 230 4636 vore
281 4579 584 4652 promovit.
611 4580 735 4647 Quo
767 4579 1128 4650 postmodum
1167 4593 1287 4635 sese
1319 4577 1582 4649 religiose
1614 4591 1796 4650 agen-

0 4666 30 4707 αι
94 4675 168 4735 te,
198 4677 255 4724 et
286 4670 360 4725 ad
392 4671 521 4740 ejus
560 4669 628 4724 ad
654 4668 968 4740 integrum,
1002 4680 1066 4723 ut
1099 4675 1392 4738 putamus,
1424 4681 1800 4737 nequaquam

0 4753 27 4795 ω
56 4766 230 4811 -vota
261 4765 516 4829 gerente,
550 4757 702 4826 apud
737 4756 1102 4827 apostolicam
1159 4757 1346 4812 sedem
1394 4770 1525 4811 eum
1581 4770 1800 4825 nuper-

0 4842 27 4883 κ
95 4843 240 4901 rime
297 4854 758 4915 accusaverunt;
815 4845 910 4901 sed
966 4845 1023 4900 in
1092 4845 1214 4915 ipsa
1266 4859 1373 4900 sua
1435 4845 1801 4901 accusatione

0 4928 408 4990 13‘fadissime
459 4934 808 4989 defecerunt.
850 4933 1005 4988 Unde
1036 4940 1260 4988 tantum
1307 4946 1436 4987 cum
1470 4931 1592 4987 suis
1639 4946 1801 4987 com-

0 5021 29 5061 l‘
98 5019 369 5089 plicibus,
402 5023 503 5092 qui
535 5021 643 5076 sibi
702 5022 760 5076 in
793 5021 1119 5077 accusando
1149 5020 1331 5076 adnisi
1366 5020 1610 5084 fuerant,
1645 5019 1801 5091 apud

0 5106 31 5148 ω
100 5121 291 5179 regem
322 5110 518 5166 odium
553 5109 816 5175 incurrit,
884 5116 948 5165 ut
1005 5124 1138 5165 eum
1199 5124 1231 5164 a
1260 5109 1507 5178 sepulcri
1541 5108 1802 5164 custodia

0 5195 26 5243 ει
102 5208 340 5267 arceret,
373 5200 517 5269 quin
546 5198 714 5254 etiam
758 5199 829 5254 ab
872 5198 996 5268 ipsa
1040 5198 1181 5254 urbe
1200 5197 1552 5253 extruderet.
1589 5196 1800 5267 Regra-

0 5281 28 5324 εί
105 5285 280 5341 tiatus
310 5297 504 5343 autem
547 5287 803 5356 pontifex
843 5287 1167 5356 apostolica
1219 5286 1369 5341 sedis
1420 5284 1696 5354 apicibus,
1729 5284 1803 5340 ad

0 5373 25 5413 θ’
52 5376 83 5401 ³
106 5374 420 5443 plurimum
473 5386 878 5432 exsecutorum
921 5390 1159 5432 suorum
1191 5375 1457 5441 dedecus,
1513 5373 1800 5444 Jerosoly-

0 5448 27 5501 ίι
106 5475 255 5519 mam
308 5466 473 5522 redit.
540 5465 667 5520 Hac
718 5467 788 5521 de
851 5465 1008 5521 illius
1067 5462 1390 5535 imaginarii
1457 5460 1801 5532 patriarcha

0 5547 25 5589 ll
59 5542 371 5609 "electione
422 5567 491 5608 ac
545 5550 857 5621 dejectione
887 5550 1098 5606 dixisse
1125 5547 1390 5605 sufliciat.
1425 5551 1561 5613 Qua
1603 5545 1802 5601 electio

107 5638 359 5697 omnium
417 5640 702 5695 bonorum
732 5637 1012 5695 cassanda
1058 5634 1314 5707 judiciis,
1346 5634 1437 5690 die
1477 5634 1802 5690 festmtatis

1902 601 2034 655 vita
2063 598 2397 670 adjumenta
2436 607 2825 669 suppeterent,
2868 600 3116 656 effluxit.
3165 601 3379 658 Civitas
3409 610 3604 658 autem

1901 688 2097 744 eadem
2150 696 2318 759 capta
2372 697 2455 744 est
2485 702 2519 743 a
2577 688 2831 755 Francis,
2861 689 3064 759 quinto
3097 690 3317 746 decimo
3350 692 3603 760 provecti

1900 776 2035 832 Julii
2084 776 2194 844 die,
2255 792 2389 833 cum
2448 784 2614 833 sexta
2658 784 2804 833 esset
2861 777 3040 835 feria:
3092 778 3214 848 ipsa
3290 780 3424 846 fere,
3481 794 3605 851 qua

1902 864 2167 922 Christus
2194 866 2252 921 in
2275 879 2502 922 crucem
2530 865 2797 922 sublatus
2825 874 2929 934 est,
2965 867 3128 923 hora.

2578 953 2810 1010 CAPUT
2848 954 2921 1009 II.

1974 1041 2167 1116 [XVL]
2198 1044 2527 1113 Imperator
2550 1041 2883 1112 Babylonia
2926 1043 3137 1098 bellum
3179 1044 3304 1117 regi
3353 1047 3604 1103 Jeroso-

1901 1130 2185 1202 lymz’tano
2207 1130 2527 1185 denuntiat.
2559 1162 2627 1170 —
2658 1130 2783 1186 Non
2818 1132 2998 1187 multo
3024 1140 3148 1202 post
3182 1141 3452 1205 tempore,
3491 1135 3605 1192 imo

1903 1220 2264 1291 paucissimis
2288 1228 2413 1289 post
2438 1219 2659 1287 diebus,
2693 1220 2904 1276 adsunt
2928 1221 3320 1292 Neapolitana
3358 1224 3608 1281 civitatis

1902 1307 2092 1380 legati,
2116 1321 2247 1377 qua
2274 1306 2495 1363 Sichem
2520 1308 2865 1378 antiquitus,
2891 1309 2979 1365 vel
3008 1309 3267 1367 Samaria
3288 1312 3609 1369 vocabatur

1904 1396 2028 1469 [al.,
2088 1409 2240 1466 qua,
2299 1395 2404 1452 nisi
2466 1395 2650 1459 fallor.
2714 1397 2932 1453 Emaiis
2979 1398 3307 1470 antiquitus
3358 1401 3606 1457 vocaba-

1904 1484 2042 1555 tur],
2104 1483 2399 1539 Tancredo
2442 1492 2496 1539 et
2536 1483 2851 1540 Eustachio
2907 1486 3122 1551 comiti,
3170 1486 3334 1544 ducis
3384 1488 3607 1558 pridem

1905 1573 2074 1644 regis,
2108 1572 2274 1627 modo
2328 1572 2512 1639 fratri,
2552 1572 2694 1627 viris
2736 1573 3142 1642 spectabilibus
3189 1590 3258 1631 ac
3289 1576 3607 1633 fortissimis

1902 1667 2295 1731 suggerentes,
2355 1666 2417 1715 ut
2479 1658 2732 1729 plurima
2788 1661 3201 1717 succenturiati
3247 1662 3471 1732 militia,
3534 1665 3609 1721 ad

1904 1747 2199 1820 prafatam
2232 1748 2735 1818 proﬁciscerentur
2766 1748 2991 1816 urbem,
3042 1764 3166 1806 eam
3203 1751 3400 1820 procul
3430 1752 3607 1810 dubio

1907 1838 1967 1893 in
1988 1837 2087 1909 jus
2106 1836 2403 1907 proprium
2445 1836 2747 1907 recepturi.
2792 1837 3115 1894 Procedunt
3156 1838 3257 1902 illi,
3302 1839 3609 1912 ductisque

1908 1941 2101 1982 secum
2134 1926 2351 1993 multis,
2396 1941 2509 1982 non
2539 1926 2661 1982 sine
2693 1926 2949 1997 peditum
2981 1927 3410 1995 numerositate,
3447 1928 3610 1998 equi-

1908 2012 2079 2076 tibus,
2119 2012 2370 2069 civitatis
2415 2014 2685 2083 appulere
2727 2014 3026 2070 suburbio.
3064 2016 3286 2080 Quibus
3313 2015 3605 2086 oppidani,

1908 2110 2159 2158 reserato
2211 2103 2496 2172 prasidio,
2551 2112 2866 2172 spontanea
2926 2102 3074 2159 fiunt
3125 2104 3413 2161 deditione
3462 2106 3608 2162 sub-

1903 2190 2057 2261 jecti.
2100 2190 2319 2247 Adsunt
2356 2200 2630 2261 praterea
2661 2201 2715 2247 et
2760 2192 2879 2256 alii,
2913 2194 3011 2263 qui
3058 2193 3128 2247 ad
3168 2208 3362 2264 regem
3414 2193 3605 2251 Gude-

1909 2278 2123 2335 fridum
2182 2280 2479 2349 perferunt
2533 2279 2932 2350 imperatorem
3002 2281 3413 2351 Babylonicum
3479 2296 3609 2338 ma-

1908 2381 2073 2439 gnas,
2123 2367 2269 2423 bello
2315 2375 2515 2423 contra
2555 2382 2614 2424 se
2664 2368 2933 2439 gerendo,
2980 2373 3130 2422 436
3179 2383 3459 2439 apparare
3505 2385 3609 2427 co-

1909 2455 2053 2526 pias.
2087 2457 2207 2511 Bex
2251 2455 2421 2523 illico,
2468 2456 2540 2511 ad
2579 2470 2645 2511 ea
2702 2471 2834 2527 qua
2892 2457 3318 2513 nuntiabantur
3352 2459 3612 2517 redditus

1908 2544 2114 2610 acrior,
2167 2543 2330 2599 fratri
2383 2545 2690 2599 Eustachio
2741 2553 2796 2600 et
2838 2544 3129 2600 Tancredo
3181 2546 3287 2601 sibi
3346 2549 3613 2604 nuntiata

1908 2630 2233 2698 denuntiat,
2294 2639 2350 2687 et
2408 2640 2470 2687 ut
2526 2632 2873 2702 quantocius
2936 2632 3346 2702 Jerosolymam
3387 2636 3609 2705 regredi

1910 2726 2356 2789 praproperent,
2417 2719 2590 2775 missa
2640 2719 2921 2790 legatione
2970 2723 3226 2790 pracipit
3265 2736 3333 2777 ac
3387 2731 3606 2779 exorat.

1909 2807 2118 2862 Locum
2152 2815 2341 2862 autem
2373 2808 2575 2876 pralii,
2609 2807 2765 2876 apud
2818 2809 3154 2864 Ascalonem
3190 2809 3468 2866 indictum
3502 2824 3604 2881 pa-

1910 2897 2049 2951 riter
2102 2893 2378 2950 insinuat.
2450 2894 2572 2961 Quo
2652 2896 3014 2950 invictissimi
3073 2895 3223 2951 idem
3293 2905 3604 2967 comperto,

1909 2983 2058 3039 dicto
2114 2982 2353 3038 celerius
2396 2991 2669 3038 montana
2696 2983 2969 3038 subeunt.
3035 2983 3400 3051 Sarracenos,
3463 2987 3613 3042 inter

1843 3108 1883 3162 Ο
1912 3071 2169 3127 eundum
2230 3071 2377 3126 bella
2433 3078 2690 3126 moturos
2736 3071 3108 3139 astimantes,
3160 3073 3396 3129 minime
3443 3087 3611 3144 repe-

1913 3161 2093 3226 riunt,
2128 3159 2564 3229 Casareamque
2592 3158 2890 3214 Palestina
2923 3161 3287 3229 perveniunt.

1982 3247 2270 3318 Progressi
2326 3247 2457 3302 inde
2505 3247 2575 3302 ad
2621 3247 2843 3314 urbem,
2891 3260 3069 3317 quam
3126 3262 3303 3318 supra
3332 3249 3609 3317 diximus,

1910 3336 2349 3402 Ramothenam,
2424 3336 2573 3391 beati
2653 3334 2878 3408 Georgii
2961 3338 3237 3392 memoria
3307 3338 3608 3408 celebrem,

1911 3424 2062 3480 circa
2122 3424 2411 3479 maritima
2469 3424 2863 3491 constitutam,
2927 3427 3168 3496 vestigia
3217 3434 3471 3493 vertunt,
3504 3428 3606 3483 ubi

1909 3511 2163 3566 Arabum
2218 3524 2334 3566 non
2389 3523 2602 3580 paucos
2628 3510 2949 3578 offendunt,
3001 3528 3099 3582 qui
3134 3514 3388 3583 pradicti
3427 3514 3609 3585 pralii

1910 3613 2292 3669 pracensores
2349 3596 2474 3673 [at.,
2546 3599 2945 3671 prasensores]
2996 3601 3276 3657 existunt.
3345 3604 3407 3658 In
3467 3616 3613 3674 quos

1912 3689 2123 3744 nostris
2152 3688 2398 3757 sociatis,
2434 3688 2533 3745 ubi
2573 3703 2668 3745 eos
2702 3688 3180 3757 animadvertere,
3212 3690 3435 3747 nisibus
3474 3705 3614 3747 una-

1910 3777 2146 3833 nimiter
2207 3777 2586 3844 invehuntur,
2651 3777 2839 3832 hostes
2898 3776 3181 3848 fugaciter
3239 3779 3436 3835 cedere
3457 3794 3612 3836 com-

1912 3864 2508 3938 pelluntur,lplurimi
2548 3865 2665 3920 vivi
2712 3866 3042 3934 capiuntur,
3094 3879 3128 3921 a
3179 3867 3413 3936 quibus,
3451 3882 3610 3939 qua-

1910 3968 2145 4024 cunque
2187 3953 2257 4010 de
2311 3953 2547 4009 instanti
2620 3952 2768 4009 bello
2830 3967 3000 4023 agere
3045 3962 3420 4023 proposuerat
3480 3969 3613 4025 pars

1910 4042 2163 4109 inimica,
2215 4043 2557 4098 discuntur:
2588 4041 2688 4097 ubi
2751 4042 3012 4097 videlicet
3043 4055 3243 4098 eorum
3291 4043 3411 4113 jam
3472 4058 3606 4099 con-

1910 4131 2156 4186 venisset
2184 4130 2495 4194 exercitus,
2518 4138 2733 4200 quotus
2771 4129 3024 4200 ipsorum
3059 4129 3371 4186 haberetur
3400 4146 3612 4188 nume-

1910 4234 2030 4287 rus,
2081 4220 2213 4290 quis
2256 4230 2467 4290 pugna
2498 4219 2679 4274 eidem
2743 4219 3212 4289 prascriberetur
3272 4219 3449 4276 locus.
3512 4221 3612 4278 His

1909 4308 2241 4364 Tancredus
2298 4307 2511 4379 agnitis
2566 4308 3052 4378 Jerosolymorum
3106 4308 3228 4379 regi
3285 4308 3607 4379 Godefrido,

785 4413 981 4476 utpote
1081 4406 1271 4460 virum
1357 4404 1669 4473 simplicem
1745 4407 2047 4466 ethua
2105 4396 2303 4451 didicit
2376 4396 2597 4451 nuntiis
2666 4395 2893 4451 directis
2965 4397 3239 4453 insinuat.
3310 4398 3611 4468 Arnulpho

1906 4486 2103 4550 etiam,
2137 4483 2480 4555 patriarcha
2524 4483 2757 4540 nomine
2792 4484 3083 4555 insignito,
3126 4485 3369 4556 aliisque
3407 4501 3612 4557 proce-

1908 4572 2071 4628 ribus
2103 4572 2338 4627 mandat
2372 4587 2383 4626 :
2418 4594 2440 4620 ι
2470 4571 2712 4639 Bellum,
2764 4570 2975 4642 inquit,
3010 4572 3215 4643 ingens
3253 4587 3357 4629 vos
3378 4588 3610 4631 manere

1909 4662 2229 4716 noveritis:
2271 4660 2425 4731 quod
2486 4659 2628 4730 quia
2672 4661 2794 4731 jam
2865 4660 3226 4731 dignoscitur
3289 4662 3606 4730 imminere,

1908 4749 2238 4805 Ascalonem
2298 4756 2597 4818 properate
2654 4748 2869 4816 venire,
2950 4748 3077 4804 freti
3159 4747 3386 4805 viribus
3462 4764 3611 4820 quas

1908 4837 2115 4909 poterit
2187 4835 2418 4892 solertia
2485 4843 2677 4892 vestra
2748 4836 2994 4906 potiores
3060 4835 3331 4892 conflare.
3398 4858 3420 4886 ι
3487 4839 3609 4894 Rex

1912 4925 2111 4996 igitur,
2169 4938 2285 4995 quo
2328 4932 2447 4994 post
2492 4923 2591 4981 Dei
2647 4924 2814 4980 ﬁdem
2873 4939 3039 4981 nemo
3079 4925 3360 4996 sagacior,
3393 4940 3612 4998 magna

1909 5015 1979 5070 ad
2011 5014 2062 5070 id
2096 5014 2587 5085 negotiiomnium
2618 5013 2717 5069 Dei
2756 5013 3019 5069 militiam
3064 5014 3404 5072 auctoritate
3447 5016 3610 5072 solli-

1908 5104 2063 5171 citat,
2119 5101 2594 5172 Ascalonemque,
2656 5101 2751 5158 ubi
2800 5111 3002 5158 contra
3042 5103 3295 5159 hostium
3354 5118 3609 5175 appara-

1909 5200 2034 5248 tum
2056 5192 2358 5261 procedere
2388 5190 2650 5257 debeant,
2704 5190 2988 5262 designat.
3030 5191 3157 5263 Ipse
3190 5206 3322 5248 vero
3354 5193 3609 5263 patriar-

1908 5281 2018 5336 cha
2078 5286 2300 5345 vocato,
2375 5279 2833 5350 Flandrensique
2880 5280 3084 5337 comite
3150 5282 3417 5346 Boberto,
3476 5296 3610 5339 cum

1906 5376 2054 5426 esset
2083 5370 2249 5423 tertia
2277 5368 2439 5434 feria,
2458 5367 2530 5423 ab
2562 5368 2705 5423 urbe
2735 5368 3001 5438 prodivit.

1983 5455 2212 5530 [XVIL]
2246 5457 2364 5510 Rea:
2392 5456 2469 5510 ad
2501 5456 2713 5510 bellum
2742 5474 2804 5511 se
2818 5456 3088 5529 accingit,
3119 5457 3508 5529 procedi/que.
3541 5489 3610 5500 —-

1909 5546 1981 5601 At
2057 5543 2594 5604 Sanct-IEgidianus
2643 5558 2848 5610 comes,
2905 5559 3211 5617 comesque
3255 5546 3610 5603 Northman-

1910 5634 2095 5701 uicus,
2128 5632 2456 5690 intulerunt
2511 5632 2631 5705 regi
2688 5647 2747 5690 se
2796 5633 3041 5691 necdum
3092 5636 3239 5692 velle
3282 5636 3608 5706 procedere,
