3934 6426
436 336 538 391 803
928 342 935 347 '
1356 332 1418 386 ν.
1454 333 1774 388 GUIBEHTI
1807 332 2105 388 ABBATIS
2138 332 2190 388 S.
2234 292 2472 391 MAerE
2512 336 2602 389 DE
2655 336 3045 393 NOVIGENTO
3848 348 3914 396 80

434 464 616 521 donec
672 464 882 520 scirent
928 476 1003 517 an
1057 462 1206 517 idem
1237 461 1449 518 bellum
1491 476 1592 532 pro
1647 469 1799 517 certo
1829 462 2126 518 videretur
2160 462 2327 527 Arii,
2386 464 2781 535 lanceariique
2830 465 2929 535 qui
2986 468 3305 534 praecedere
3370 469 3616 525 debeant
3683 471 3913 526 militia

434 552 647 609 instare
679 567 690 606 :
721 565 843 606 sese
906 565 1045 621 ergo
1109 551 1426 606 Jerusalem
1497 551 1724 607 interim
1798 564 2132 606 reversuros
2240 552 2602 620 ordinantur,
2638 567 2771 609 cum
2805 567 2905 609 rex
2936 552 3275 613 Godefridus
3310 572 3443 613 cum
3474 571 3581 614 sua
3614 558 3914 630 frequenti

434 639 757 711 perhibent,
814 646 1131 694 asserentes
1161 638 1330 693 etiam
1357 637 1496 708 quia
1525 652 1639 693 non
1674 639 1729 693 in
1771 652 1949 707 mora,
1998 653 2127 695 cum
2242 642 2388 712 parti
2454 642 2698 698 sinistrae
2760 644 3144 715 przeponitur;
3203 661 3507 719 comesque
3576 648 3913 719 Sancta/Eg:

433 742 581 798 opus
638 726 830 793 fuerit,
899 725 1103 782 forent.
1152 726 1273 781 Rex
1334 725 1490 792 abiit,
1556 734 1611 781 et
1665 727 1804 781 dum
1857 728 2129 796 conspicit
2241 728 2452 786 dianus
2471 730 2644 800 juxta
2700 732 2989 788 maritima
3035 734 3287 803 sistitur;
3345 737 3713 792 Flandrensis
3768 744 3914 805 atqu

434 816 663 872 eminus
703 816 908 883 hostes,
940 814 1100 870 ocius
1144 813 1233 869 his
1262 813 1363 883 qui
1392 814 1755 883 Jerosolymzc.
1799 815 2131 870 desederant
2240 816 2731 875 Northmannicus
2809 821 3182 892 adequitabat
3244 825 3535 894 dexterae;
3604 825 3914 880 Tancredu

436 903 559 959 haec
611 903 843 959 scienda
874 901 1189 957 mandavit.
1239 901 1523 958 Continuo
1572 903 1883 972 quemdam
1925 904 2133 959 accivit
2240 911 2294 959 et
2323 905 2511 961 caeteri
2542 915 2928 978 utrarumque
2950 911 3201 978 partium
3234 913 3405 968 medii
3432 912 3797 969 incedebant.

435 990 788 1060 episcopum,
822 1004 993 1060 quem
1025 989 1331 1045 destinavit
1356 989 1427 1045 ad
1461 990 1684 1054 urbem,
1726 990 2132 1047 universaliter
2312 985 2587 1039 Pravlium
2633 986 3027 1045 commilh'lur.
3084 990 3249 1047 Fuci:
3301 995 3570 1063 caesisque
3620 992 3914 1063 gentilibu

434 1092 568 1134 suos
594 1079 884 1135 obtestans
936 1086 998 1133 ut
1031 1077 1292 1148 praesenti
1342 1078 1654 1134 necessitati
1699 1078 1966 1134 submota
2006 1093 2134 1149 pro-
2238 1072 2425 1127 nostri
2468 1090 2696 1128 evasere
2740 1075 2999 1131 victores.
3031 1080 3312 1135 —Nostri
3363 1080 3542 1151 igitur
3588 1081 3913 1150 pedetentii

434 1168 837 1223 crastinatione
919 1174 1348 1222 concurrerent.
1406 1167 1621 1233 Quarta
1704 1167 1897 1236 itaque
1967 1167 2127 1234 feria,
2241 1161 2299 1215 in
2350 1162 2608 1218 hostilem
2655 1178 2903 1220 cuneum
2959 1170 3301 1236 promoveri,
3350 1170 3586 1239 gentiles
3632 1170 3704 1224 ad
3739 1171 3909 1238 praeit

434 1255 654 1326 quique
724 1254 1013 1324 principes
1085 1260 1280 1309 coacta
1357 1254 1702 1324 generaliter
1770 1256 2131 1325 expeditione
2239 1262 2362 1304 sese
2425 1259 2711 1319 parantes.
2774 1266 3146 1325 nequaquam
3208 1257 3327 1311 loco
3390 1258 3625 1312 moveri.
3696 1257 3914 1312 Videre

434 1342 748 1410 Dominica,
801 1350 989 1398 castra
1052 1356 1086 1397 a
1132 1342 1363 1398 civitate
1414 1350 1840 1412 promoverant,
1904 1350 1959 1398 et
2012 1343 2131 1414 ipse
2239 1341 2386 1390 «I37
2430 1352 2503 1393 ex
2545 1338 2800 1394 humeris
2848 1354 2987 1396 vasa
3037 1342 3364 1412 pendentia.
3406 1346 3546 1401 dum
3586 1358 3657 1399 ex
3699 1345 3914 1400 medici

430 1432 752 1500 episcopus,
776 1429 877 1501 qui
899 1431 1211 1486 Jerusalem
1248 1432 1741 1488 commanentibus
1772 1432 1931 1503 regia
1952 1432 2127 1487 verba
2240 1424 2458 1495 gelidas
2509 1426 2851 1484 cohibebant
2900 1430 3125 1485 utribus
3168 1433 3353 1487 undas
3389 1448 3401 1486 :
3435 1447 3465 1487 e
3496 1432 3713 1503 quibus
3739 1446 3803 1487 se
3838 1448 3912 1502 po

431 1521 733 1587 detulerat,
787 1534 919 1577 cum
950 1520 1247 1591 repedaret
1305 1519 1376 1576 ad
1425 1536 1639 1591 regem,
1692 1522 2131 1578 occurrentibus
2240 1522 2459 1570 taturos
2486 1516 2803 1584 crederent,
2836 1532 2969 1573 cum
2999 1527 3223 1575 nostros
3252 1523 3612 1591 prosecuturi
3641 1521 3701 1576 in
3732 1520 3914 1591 fugai

430 1608 759 1665 Sarracenis
808 1608 1134 1678 excipitur;
1190 1623 1294 1664 nec
1358 1617 1510 1679 patet
1541 1618 1738 1665 utrum
1771 1610 2127 1671 occubuerit.
2238 1610 2524 1673 cogerem.
2582 1602 2686 1659 Sed
2729 1606 2881 1661 Deus
2927 1605 3094 1678 longe
3133 1609 3299 1664 aliter
3348 1610 3693 1678 providerat,
3754 1624 3914 1680 quan

430 1712 506 1753 an
529 1697 797 1767 captivus
819 1696 1106 1752 abductus
1126 1696 1217 1751 sit.
2171 1760 2207 1767 _
2240 1704 2380 1760 gens
2413 1691 2644 1746 inimica
2691 1694 2977 1750 volvebat.
3039 1696 3260 1751 Interea
3306 1696 3686 1753 Northmanni
3720 1710 3791 1752 ac
3825 1698 3908 1752 Ro

503 1760 717 1840 Ρεὶνιιε
744 1785 1007 1841 Eremila
1032 1784 1305 1856 publica:
1330 1785 1784 1857 ευρριὶεαιίοηεε
1812 1786 2045 1842 ordinat
2067 1788 2132 1843 in
2171 1760 2212 1814 Β
2244 1778 2441 1834 bertus
2482 1793 2671 1835 comes
2722 1780 2849 1851 [al.,
2894 1781 3328 1840 Northmanniae
3372 1785 3654 1842 Robertus
3695 1786 3913 1857 comes]

429 1873 574 1930 urbe
600 1873 1124 1946 Jerosolymilana.
1163 1905 1231 1913 —
1268 1876 1339 1930 At
1371 1874 1571 1930 Petrus
1591 1875 1861 1943 Eremita,
1904 1875 1976 1945 pii
2002 1876 2134 1932 huc-
2243 1875 2543 1937 Ρΐοεβθυῑο
2596 1869 2823 1925 eminus
2892 1873 3168 1942 βτίηοίρίε
3226 1874 3517 1929 exereilus
3584 1874 3716 1940 ῑθΙο,
3776 1888 3914 1944 (111οι

430 1976 620 2033 usque
677 1961 867 2031 operis
921 1968 1246 2029 exsecutor,
1325 1977 1457 2018 eum
1508 1963 1729 2019 clericis
1788 1963 1998 2020 Graecis
2064 1979 2131 2021 ac
2238 1963 2500 2025 opertum
2546 1957 2727 2012 multo
2776 1958 3084 2015 videbatur
3114 1960 3333 2031 fulgere
3364 1970 3621 2031 argento,
3669 1962 3814 2018 etin
3849 1978 3914 2017 su

432 2050 649 2107 Latinis
697 2049 756 2105 in
788 2049 1020 2107 civitate
1078 2051 1374 2119 remansit,
1437 2052 1758 2107 ordinando
1813 2053 2130 2122 processio-
2238 2045 2569 2100 summitate
2592 2046 2753 2101 tereti
2782 2047 3102 2103 ornabatur
3131 2050 3256 2103 auri
3292 2050 3500 2118 pondo.
3533 2063 3751 2120 equum
3796 2065 3910 2105 con

430 2153 551 2204 nes,
608 2138 879 2195 dictando
936 2138 1190 2207 litanias,
1247 2139 1599 2195 instituendo
1633 2141 1941 2208 orationes,
1991 2142 2127 2199 suh—
2241 2133 2417 2189 tinnis
2455 2133 2690 2189 celerem
2723 2135 3045 2191 calcaribus
3074 2150 3308 2206 urgens.
3335 2137 3673 2207 principem,
3706 2138 3802 2193 cui
3835 2153 3914 2207 pr.

428 2228 713 2284 monendo
738 2226 1145 2297 eleemosynas,
1184 2235 1248 2283 ut
1282 2228 1431 2283 Deus
1461 2229 1586 2295 hac,
1620 2228 1787 2298 quasi
1834 2244 2125 2299 suprema,
2237 2221 2403 2292 signo
2452 2236 2628 2291 quam
2678 2223 2936 2279 diximus
2983 2224 3161 2280 astitit
3216 2225 3399 2293 hasta,
3451 2226 3652 2295 rapido
3711 2227 3911 2296 impeti

430 2315 706 2387 dignetur
740 2314 935 2385 populi
966 2315 1058 2370 sui
1087 2315 1390 2371 cumulare
1424 2315 1710 2371 victorias.
1748 2316 1921 2373 Porro
1946 2319 2130 2375 eccle-
2236 2309 2482 2380 ἰωβθῐοὲ
2523 2319 2577 2366 cl
2606 2312 2785 2367 διτοοί
2814 2312 3055 2369 νυιῐιθΐθ
3080 2313 3319 2369 salluii“-
3371 2313 3726 2371 Allrinsecus
3755 2314 3914 2370 Flan-

429 2404 640 2459 siastici
698 2403 797 2473 qui
851 2403 1047 2458 adesse
1095 2411 1358 2472 poterant
1413 2403 1544 2471 viri,
1605 2404 1802 2470 sacris,
1851 2419 1917 2461 ac
1959 2406 2005 2460 si
2054 2406 2129 2462 ad
2237 2398 2531 2454 drensium
2576 2413 2764 2455 comes
2810 2400 2931 2456 loro
2976 2402 3236 2467 remisso,
3284 2402 3525 2459 densum
3582 2417 3641 2459 se
3690 2403 3841 2459 fudit
3877 2405 3914 2459 it

430 2505 594 2548 sacra
662 2490 951 2561 mysteria,
1014 2490 1201 2546 induti
1276 2491 1553 2557 vestibus,
1624 2494 1990 2562 procedentes
2056 2496 2126 2551 ad
2235 2485 2474 2541 hostem.
2506 2487 2838 2544 Tancredus
2866 2489 3115 2559 denique
3144 2504 3432 2545 concursu
3474 2491 3591 2546 ruit
3634 2491 3707 2545 ad
3738 2498 3914 2546 tento.

433 2580 710 2651 templum
768 2593 955 2649 usque
1019 2579 1399 2646 Dominicum,
1475 2580 1677 2635 missas
1724 2583 2128 2655 orationesque
2235 2575 2322 2630 ria
2353 2588 2578 2645 magno.
2612 2576 2859 2647 Agmina
2911 2591 3043 2632 cum
3078 2577 3324 2647 propriis
3373 2577 3620 2633 ducibus
3649 2576 3913 2632 bacchan

430 2668 562 2726 totis
587 2666 889 2724 alfcctibus
940 2667 1161 2737 agendo
1216 2680 1403 2722 mares
1430 2680 1497 2722 ac
1552 2666 1796 2723 feminas
1838 2669 2127 2725 conduce-
2235 2670 2335 2718 tur
2358 2663 2575 2733 ubique
2616 2678 2629 2718 :
2674 2664 2820 2720 ﬁunt
2852 2672 3094 2720 cruenta
3146 2665 3403 2722 caedibus
3456 2679 3692 2736 aequora
3732 2665 3914 2735 plani-

426 2758 585 2826 bant,
616 2771 719 2828 pro
758 2756 857 2811 Dei
895 2755 1163 2812 exsulum
1198 2755 1487 2825 ereptione
1540 2763 1855 2825 poscentes.
1889 2758 1960 2812 At
2013 2772 2124 2813 no-
2232 2750 2455 2821 tiesque
2495 2749 2639 2820 loci;
2696 2751 2961 2822 protinus
3009 2753 3130 2809 hinc
3175 2768 3283 2810 sua
3341 2754 3619 2825 pernicies
3665 2754 3914 2809 hostibu:

428 2846 581 2902 mine
631 2845 984 2917 patriarcha,
1036 2843 1080 2899 si
1138 2845 1240 2915 qui
1290 2844 1460 2899 etiam
1520 2844 1812 2914 pontiﬁces
1867 2845 2121 2912 adfuere,
2235 2838 2595 2895 intoleranda
2624 2840 2768 2909 fuit;
2799 2842 2879 2896 sic
2907 2840 3273 2911 desperantes
3321 2856 3455 2898 mox
3496 2842 3669 2898 iniere
3698 2842 3913 2912 fugam

427 2949 558 2991 cum
586 2933 918 3005 quibusque
948 2931 1456 3005 conglomerantur
1487 2932 1849 3003 principibus
1899 2934 1968 2989 ad
2011 2932 2119 2988 ﬂu-
2232 2925 2302 2981 Et
2346 2927 2493 2982 sicut
2534 2935 2656 2982 erat
2728 2927 3029 2998 gentilium
3086 2930 3468 2987 numerositas
3526 2931 3796 2995 enormis,
3853 2933 3914 2985 it:

426 3037 557 3079 men
621 3021 777 3093 quod
831 3021 914 3078 eis
978 3021 1313 3077 Ascalonem
1387 3035 1510 3077 esse
1572 3020 1949 3092 dignoscitur.
2003 3022 2122 3077 Illic
2160 3039 2199 3094 ρ
2230 3023 2648 3085 consequenter
2676 3024 2732 3072 et
2783 3016 2932 3073 facta
2972 3025 3054 3073 est
3091 3020 3403 3075 enormitas
3429 3019 3616 3075 caedis.
3665 3018 3721 3074 Si
3768 3019 3913 3074 enin

427 3110 629 3167 fraude
683 3108 983 3180 gentilium
1054 3108 1236 3164 multa
1283 3116 1422 3165 sunt
1465 3108 1802 3165 animalium
1859 3110 2121 3180 exposita
2231 3116 2454 3175 magnae
2512 3103 2741 3159 fuerant
2795 3105 3069 3162 elationes
3106 3109 3303 3171 maris,
3356 3122 3477 3164 sese
3516 3116 3706 3164 tamen
3742 3108 3914 3164 multi

424 3198 625 3264 millia,
677 3198 870 3266 boum,
905 3197 1255 3253 camelorum
1313 3197 1631 3267 oviumque
1684 3197 1959 3265 examini,
1988 3212 2119 3269 qua;
2230 3192 2637 3248 mirabiliorem
2693 3194 2938 3250 ostendit
2995 3194 3273 3252 Dominus
3333 3200 3389 3251 in
3449 3196 3596 3253 altis.
3650 3196 3811 3253 Unde
3867 3211 3909 3253 u

423 3302 556 3344 cum
614 3288 865 3343 seniores
920 3285 1270 3353 didicissent,
1322 3286 1394 3340 ad
1448 3286 1758 3342 illiciendos
1791 3287 2120 3356 praedarum
2228 3284 2465 3341 evidens
2523 3284 2681 3340 fieret
2714 3286 2909 3356 praelia
2949 3294 3109 3342 tanta
3152 3287 3355 3355 Deum,
3412 3302 3527 3343 non
3558 3286 3804 3341 hominis
3839 3286 3912 3343 fc-

423 3374 601 3445 copiis
646 3382 870 3430 nostros
901 3372 1129 3440 emissa,
1183 3373 1465 3429 celebrato
1504 3388 1604 3443 per
1660 3381 1849 3429 castra
1902 3389 2117 3443 praeco-
2227 3373 2367 3428 cisse
2417 3386 2676 3439 manum,
2719 3374 3047 3443 patentibus
3075 3374 3254 3431 oculis
3282 3390 3459 3431 caecos
3490 3374 3739 3446 fugitare
3769 3374 3909 3431 vide

423 3463 541 3530 nio,
595 3463 877 3519 mandant
908 3476 978 3517 ne
1008 3461 1067 3516 in
1124 3461 1451 3530 cujuspiam
1507 3463 1749 3517 tentorio
1795 3462 2115 3533 quidquam
2230 3476 2339 3525 res,
2387 3469 2442 3516 et
2490 3460 2629 3516 dum
2671 3463 2953 3517 vitaturos
3006 3477 3168 3518 arma
3208 3477 3267 3519 se
3306 3464 3611 3529 aestimant,
3659 3477 3779 3519 sese
3834 3478 3911 3520 ar

422 3551 632 3623 praedae
686 3550 940 3620 ejusdem
999 3549 1337 3617 reperiatur,
1375 3549 1483 3604 nisi
1516 3556 1800 3619 quantum
1832 3550 1995 3606 dicte
2024 3551 2120 3607 in-
2229 3549 2398 3605 matis
2424 3548 2724 3619 objiciunt.
2758 3550 2828 3606 Et
2858 3550 2995 3607 dum
3047 3566 3163 3607 non
3194 3559 3347 3622 patet
3375 3550 3572 3623 effugii
3606 3552 3762 3608 locus
3793 3552 3906 3608 ulli

420 3640 593 3699 stanti
629 3636 1016 3693 necessarium
1063 3634 1186 3692 fore
1233 3635 1593 3705 probaretur.
1630 3636 1856 3692 Interea
1883 3640 2116 3694 trecenti
2227 3638 2414 3693 ardua
2456 3652 2571 3694 non
2611 3645 2798 3694 tutum
2849 3639 3136 3711 plerisque
3177 3642 3415 3712 parabat
3454 3640 3677 3711 asylum
3726 3642 3907 3699 arbor

419 3727 635 3783 Arabes
665 3732 989 3782 nostrorum
1040 3738 1160 3780 sese
1185 3723 1584 3793 conspectibus
1634 3725 1926 3795 ingerunt,
1972 3742 2118 3797 quos
2228 3741 2331 3782 nec
2359 3733 2585 3782 nostras
2634 3735 2867 3797 potuere
2912 3728 3086 3785 latere
3133 3730 3402 3801 sagittas;
3445 3730 3761 3800 praecipites
3803 3744 3907 3787 ma

424 3814 573 3871 illico
613 3814 791 3871 nostri
841 3821 999 3869 tanta
1050 3811 1320 3868 facilitate
1368 3819 1699 3882 presserunt
1739 3820 1799 3868 ut
1846 3813 1992 3870 duos
2042 3830 2115 3871 ex
2227 3828 2371 3886 gnas
2398 3813 2491 3870 icti
2525 3815 2704 3871 fecere
2749 3817 2970 3883 ruinas,
3022 3825 3123 3874 aut
3169 3819 3378 3874 mortui
3427 3826 3527 3874 aut
3572 3818 3721 3875 flunt
3762 3822 3909 3877 semi

422 3904 503 3961 eis
552 3903 832 3973 fugaciter
878 3900 1019 3957 actis
1078 3901 1453 3970 corriperent,
1518 3909 1753 3957 caeteros
1803 3916 1987 3973 usque
2042 3902 2114 3959 ad
2225 3915 2391 3957 neces
2412 3902 2623 3972 jaculis
2652 3909 2754 3957 aut
2781 3903 3019 3959 ensibus
3043 3918 3241 3960 omnes
3274 3919 3421 3975 quos
3453 3905 3590 3976 fuga
3615 3920 3726 3961 non
3754 3909 3903 3963 texit

420 4000 611 4048 castra
641 4005 748 4047 sua
779 3989 1178 4061 persequendo
1207 3989 1516 4045 minarent.
2223 3990 2482 4045 exercuit
2539 3989 2759 4061 gladios
2807 3999 3156 4053 nostrorum,
3218 3992 3377 4048 velut
3420 3994 3569 4049 inter
3623 3996 3910 4066 pecuaria,

497 4077 748 4154 [XVIIL]
811 4078 947 4135 Sero
996 4078 1192 4147 itaque
1247 4076 1402 4133 illius
1456 4077 1760 4149 ingruente
1810 4079 1941 4147 diei,
1985 4078 2114 4135 fecit
2222 4078 2422 4134 caedes.
2464 4079 2537 4134 At
2581 4077 2982 4149 Sanct-JEgidii
3026 4094 3231 4147 comes,
3285 4080 3456 4151 juxta
3496 4083 3750 4154 contigui
3798 4098 3908 4141 ma-

417 4184 516 4241 per
552 4169 893 4224 universum
923 4166 1249 4223 exercitum
1282 4165 1705 4235 perfunctorius
1737 4166 1827 4222 ille
1868 4166 2109 4238 patriar-
2221 4165 2302 4221 ris
2333 4179 2557 4233 arenas,
2593 4166 2690 4222 ubi
2736 4167 2794 4221 in
2854 4167 3041 4223 hostes
3098 4169 3398 4239 proprium
3454 4170 3775 4227 absolverat
3822 4186 3908 4244 ag.

420 4258 529 4314 cha
553 4256 796 4323 cantari,
848 4262 916 4311 ut
941 4254 1226 4310 diescente
1274 4255 1736 4312 crastinoomnes
1780 4256 2113 4326 expediren-
2153 4334 2182 4337 _
2220 4273 2372 4326 men,
2428 4267 2590 4316 tanta
2634 4276 2730 4317 eos
2776 4262 3138 4321 vehementia
3184 4265 3240 4321 in
3294 4281 3508 4323 morem
3569 4270 3908 4337 tempestatis

419 4353 517 4403 tur
566 4346 635 4401 ad
682 4343 943 4414 praelium
983 4358 996 4397 :
1032 4342 1089 4398 id
1128 4344 1381 4413 opposito
1435 4344 1799 4401 anathemate
1846 4344 2115 4400 inhibens
2150 4334 2196 4389 Ι)
2226 4348 2582 4419 aggreditur,
2640 4358 2704 4407 ut
2758 4350 3010 4421 ipsorum
3074 4368 3190 4410 non
3253 4369 3434 4426 parva
3493 4334 3718 4424 manus,
3770 4356 3908 4414 dum

418 4456 447 4483 ‹‹
480 4448 552 4492 ne
590 4432 723 4504 quis
792 4433 940 4489 inter
995 4431 1385 4489 dimicandum
1450 4433 1647 4503 spoliis
1698 4432 2000 4502 diripiendi
2032 4433 2114 4489 in-
2220 4436 2354 4493 ferri
2395 4437 2638 4495 exitium
2671 4449 2972 4510 praecavet,
3006 4442 3268 4500 ultronea
3306 4445 3506 4517 pelago
3535 4453 3908 4517 mergeretur.

415 4523 657 4589 sisteret,
713 4543 734 4571 ι
771 4521 867 4578 sed
933 4519 1064 4578 belli
1110 4520 1181 4577 ad
1249 4521 1420 4578 finem
1493 4520 1797 4591 colligendi
1851 4521 2109 4578 studium
2886 4530 3113 4589 CAPUT
3152 4532 3249 4588 In.

415 4611 666 4683 quisque
728 4608 1001 4666 differret.
1043 4608 1343 4667 Cadendis
1404 4615 1598 4664 autem
1662 4607 1924 4664 hostibus
1970 4609 2109 4667 adeo
2290 4612 2496 4686 [XIX.]
2538 4615 2728 4681 Quare
2775 4616 2895 4673 Deo
2939 4618 3282 4675 ascribenda
3319 4618 3579 4675 victoria.
3608 4652 3676 4660 —
3711 4621 3906 4691 Expli-

413 4708 580 4772 rogat
607 4699 886 4765 insistere,
918 4704 982 4754 ut
1020 4697 1130 4753 hac
1159 4696 1288 4753 illac
1322 4710 1693 4768 nequaquam
1763 4704 1985 4769 curent,
2038 4699 2109 4756 ob
2217 4699 2330 4757 cita
2382 4701 2578 4773 itaque
2616 4704 2729 4760 Deo
2786 4714 3019 4763 auctore
3072 4707 3329 4776 victoria,
3382 4708 3705 4779 Babyloniae
3754 4710 3906 4779 prin-

412 4789 551 4846 vilia
594 4786 984 4844 emolumenta
1031 4785 1334 4850 divertere,
1381 4798 1453 4839 ne
1500 4784 1750 4855 alicujus
1795 4799 1971 4842 causa
2013 4802 2112 4844 cu-
2214 4800 2345 4858 ceps
2384 4789 2622 4857 militiae,
2656 4806 2831 4862 quem
2852 4794 3041 4864 patria
3080 4793 3282 4866 lingua
3324 4796 3749 4852 Admiravisum
3796 4812 3906 4853 vo-

412 4876 669 4948 piditatis
755 4876 1060 4932 incurrant
1146 4876 1344 4943 coepta;
1417 4873 1761 4929 detrimenta
1829 4873 2105 4933 victoriae.
2215 4876 2414 4943 citant,
2444 4877 2740 4946 confusus,
2776 4888 2832 4937 et
2870 4881 3251 4938 infortunium
3291 4884 3446 4952 quod
3477 4884 3583 4939 sibi
3626 4884 3906 4945 acciderat

413 4964 587 5021 Sexta
651 4963 922 5021 illuxerat
976 4962 1139 5025 feria,
1181 4970 1237 5018 et
1282 4976 1411 5018 ecce
1454 4962 1841 5034 progredienti
1889 4963 2107 5022 militiae.
2216 4966 2353 5021 satis
2394 4966 2671 5023 admirari
2709 4982 2822 5024 non
2874 4969 3213 5039 praevalens,
3271 4971 3453 5026 multa
3511 4974 3903 5042 conqueritur.

412 5061 621 5109 nostrae
659 5052 1050 5123 pulcherrima
1097 5050 1265 5107 vallis
1311 5051 1561 5107 occurrit
1596 5066 1609 5106 :
1640 5051 1857 5123 ibique,
1897 5052 1954 5109 in
1986 5053 2107 5124 ipsa
2214 5052 2624 5111 Considerabat
2694 5056 2972 5112 nimirum
3056 5057 3308 5112 infinitas
3368 5072 3515 5127 quas
3588 5060 3904 5120 adduxerat

411 5141 668 5211 contigui
718 5139 970 5212 aequoris
1020 5138 1275 5208 planitie,
1329 5139 1581 5195 acierum
1638 5154 1879 5197 suarum
1928 5140 2106 5199 fecere
2214 5141 2425 5211 copias,
2479 5142 2827 5198 laetissimam
2869 5144 3276 5212 juventutem;
3313 5143 3642 5202 fortitudine
3680 5161 3742 5204 ac
3775 5165 3899 5221 spe-

410 5228 763 5285 discrimina.
826 5228 961 5284 Dux
1011 5227 1133 5298 jam
1187 5234 1446 5284 mutatus
1514 5227 1572 5283 in
1641 5243 1854 5300 regem,
1918 5245 2106 5286 comes
2214 5229 2297 5284 cie
2345 5243 2508 5285 arma
2559 5229 2792 5297 nobilia,
2848 5231 3300 5288 commilitonum
3351 5247 3503 5302 opes,
3573 5243 3646 5303 et,
3702 5244 3763 5293 ut
3818 5240 3900 5295 sic

411 5316 797 5385 Flandrensis,
904 5314 1214 5385 itidemque
1301 5315 1808 5386 Northmannicus,
1913 5317 2106 5374 Sanct-
2213 5317 2483 5385 dixerim,
2534 5324 2743 5372 cuncta
2790 5319 3125 5389 equestria;
3176 5327 3231 5376 et
3278 5322 3432 5391 quod
3470 5323 3675 5380 animis
3723 5329 3897 5382 maxi-

407 5405 773 5477 JEgydiensis
837 5416 1045 5469 comes,
1112 5403 1464 5459 Boloniensis
1527 5404 1897 5471 Eustachius,
1987 5418 2106 5460 una
2214 5418 2365 5459 mam
2396 5418 2766 5475 quorumque
2796 5406 3066 5463 inertium
3107 5423 3307 5479 parere
3337 5412 3695 5470 securitatem
3737 5415 3892 5483 solet,

407 5493 740 5550 Tancredus
763 5499 818 5548 et
846 5490 1080 5558 Gaston,
1115 5489 1297 5561 aliqui
1330 5490 1673 5561 singulares,
1706 5506 1870 5563 pares
1898 5492 2101 5562 aliqui,
2214 5504 2316 5561 pro
2364 5490 2589 5548 foribus
2631 5492 2795 5548 urbis
2832 5507 2973 5563 suae,
3025 5496 3099 5553 ad
3142 5512 3320 5569 quam
3365 5508 3521 5557 certa
3566 5502 3797 5573 refugia,
3830 5502 3890 5560 in

406 5579 735 5653 compositis
785 5577 1119 5649 agminibus
1162 5577 1538 5648 przefuerunt.
1573 5579 1835 5636 Peditum
1866 5579 2102 5650 sagitta-
2212 5579 2445 5648 propria
2478 5580 2829 5650 pugnavisse
2876 5584 3193 5654 provincia.
3246 5588 3320 5644 At
3363 5588 3611 5647 Francos
3637 5588 3889 5648 intueba-
