3934 6398
1183 322 1401 378 GESTA
1446 324 1554 378 DEI
1600 325 1731 378 PER
1779 324 2120 378 FRANCOS.
2150 353 2215 363 —
2246 326 2368 381 LIB.
2415 324 2557 379 VIII.

99 329 208 379 805
1183 329 1401 378 GESTA
1446 329 1554 378 DEI
1600 329 1731 378 PER
1779 329 2120 378 FRANCOS.
2150 353 2215 363 —
2246 329 2368 381 LIB.
2415 329 2557 379 VIII.
3525 333 3624 383 806

105 465 208 512 tur
257 457 443 512 modis
505 455 776 511 omnibus
843 453 1106 509 inferiore
1168 453 1388 520 militia,
1452 453 1817 523 proﬂigatam
1857 456 1900 506 A
2591 455 2823 511 CAPUT
2863 456 2956 511 IV.

107 546 343 600 diutina
373 546 874 613 famejuventam,
922 541 1278 612 rubiginosis
1322 542 1579 606 ensibus,
1614 541 1827 596 lanceis
2010 542 2191 614 lXXl.)
2268 544 2504 597 Diversa
2568 543 2982 613 praphelarum
3045 544 3304 598 oracula.
3371 577 3437 584 —
3520 544 3626 601 Sed

107 633 511 703 nigrantibus,
571 632 778 686 exilem
829 630 1121 686 destitutis
1164 629 1410 684 militum
1458 630 1684 684 viribus
1730 642 1821 684 ar-

109 729 449 790 maturam;
499 720 723 776 cunctis
761 719 863 790 qui
919 733 1035 788 pra
1077 717 1296 773 cateris
1341 718 1689 772 videbantur
1737 717 1823 770 in—

109 810 330 887 signes,
383 810 500 864 acri
553 816 801 880 egestate
845 807 1222 877 torpentibus,
1284 806 1451 876 equis
1499 805 1825 860 omnimodo

110 899 388 968 squalore
431 897 870 954 fatiscentibus:
915 905 991 962 et,
1061 904 1124 950 ut
1177 895 1333 950 brevi
1392 894 1654 949 clausula
1709 893 1821 948 sol-

112 1001 278 1052 vam,
312 988 706 1056 pauperrimos
746 985 1028 1047 omnium.
1078 983 1336 1038 exsulem
1375 982 1611 1052 globum
1646 983 1825 1036 innu-

116 1076 426 1131 merabiles
506 1088 805 1144 superasse
889 1072 1212 1127 mirabatur
1283 1072 1599 1140 indigenas,
1681 1070 1825 1140 quin

117 1162 336 1231 potius.
399 1177 500 1233 per
543 1161 954 1232 abjectissimos
1009 1161 1310 1215 hominum
1361 1161 1536 1215 totius
1580 1158 1826 1214 Orientis

120 1247 372 1318 gloriam
422 1249 749 1305 concidisse.
794 1250 952 1305 Juvit
983 1263 1217 1318 quoque
1266 1255 1592 1303 nostrorum
1650 1247 1828 1300 victo-

118 1338 272 1392 riam
299 1339 638 1408 plurimum,
678 1339 830 1408 quod
862 1339 1222 1394 conclamata
1263 1337 1317 1391 in
1352 1335 1538 1392 hostili
1567 1339 1825 1390 exercitu

114 1426 301 1496 fuga;
351 1427 746 1483 Admiravisus
785 1427 878 1482 ille
925 1427 1026 1497 qui
1084 1433 1325 1495 praerat
1372 1424 1662 1487 Ascaloni,
1722 1423 1823 1478 ubi

113 1515 421 1583 conspexit
463 1514 870 1585 Babylonicum
919 1521 1140 1568 vertere
1191 1521 1352 1583 terga
1390 1511 1616 1577 ducem,
1674 1509 1824 1579 fugi-

119 1604 272 1657 tivos
335 1617 532 1658 omnes
588 1616 622 1656 a
689 1605 932 1672 propria
986 1602 1146 1657 urbis
1225 1601 1491 1670 ingressu
1587 1599 1824 1654 mandat

115 1691 327 1745 arceri.
379 1691 742 1745 Mirabantnr
792 1689 956 1759 plane
1011 1691 1180 1745 etiam
1230 1689 1400 1744 iidem
1453 1689 1582 1756 plus
1643 1687 1821 1741 nimio

115 1779 334 1846 hostes,
386 1779 540 1848 quod
592 1780 827 1833 minime
877 1779 1078 1833 Franci
1130 1791 1231 1848 pro
1282 1777 1569 1833 manibus
1595 1776 1822 1831 Jeroso-

117 1868 314 1937 lyma,
349 1867 517 1937 quasi
561 1867 819 1938 contigui
866 1881 1043 1923 causa
1093 1865 1339 1936 prasidii
1386 1878 1646 1935 pugnare
1678 1863 1827 1917 dele-

117 1963 347 2026 gerant,
375 1957 470 2010 sed
503 1955 610 2011 sibi
642 1955 872 2010 obviam
902 1955 1152 2011 duorum
1185 1954 1384 2010 itinere
1411 1954 1635 2008 dierum
1677 1965 1821 2022 pene

121 2051 546 2115 processerant.

203 2132 377 2203 [XX.]
434 2137 501 2188 At
568 2133 804 2189 Francis
855 2147 956 2203 pro
1003 2140 1162 2188 tanta
1219 2133 1353 2197 Deo,
1402 2137 1465 2186 ut
1524 2143 1630 2199 par
1683 2134 1826 2195 erat,

24 2239 28 2248 τ
123 2223 376 2277 nimium
449 2221 897 2292 gratulabuudis
968 2221 1230 2287 victoria,
1291 2219 1573 2275 Robertus
1621 2216 1830 2273 North-

123 2311 381 2366 mannia
405 2324 611 2377 comes,
655 2310 745 2364 vir
783 2323 1088 2380 nunquam
1121 2322 1242 2364 sua
1277 2306 1558 2363 mirabilis
1597 2305 1830 2361 muniﬁ-

124 2401 353 2464 centia,
387 2399 560 2454 etiam
595 2400 651 2453 in
692 2399 847 2454 illius
876 2398 1061 2454 exsilii
1100 2396 1559 2467 paupertatibus,
1602 2407 1828 2462 expers,

123 2488 359 2543 hastam
407 2486 587 2550 illam,
637 2501 814 2558 quam
870 2495 1110 2557 argento
1157 2486 1496 2541 dixeramus
1546 2489 1829 2547 ornatam,

124 2591 265 2647 qua
331 2574 678 2644 Babylonico
731 2575 996 2645 principi,
1055 2573 1232 2630 veluti
1281 2573 1535 2644 signum,
1595 2570 1835 2641 praﬁxa

123 2667 482 2733 constiterat,
553 2679 586 2719 a
641 2665 894 2735 quodam
941 2663 1043 2733 qui
1094 2670 1363 2731 rapuerat
1420 2674 1566 2726 eam,
1628 2657 1833 2729 viginti

123 2754 357 2824 argenti
381 2749 643 2809 marchas
673 2755 809 2808 emit
836 2754 1135 2822 ipsamque
1159 2753 1213 2806 in
1240 2758 1410 2806 tanta
1443 2748 1833 2804 testimonium

23 2839 36 2910 ζ
121 2844 387 2898 victoria
442 2843 512 2898 ad
567 2842 897 2912 sepulcrum
941 2840 1168 2896 Domini
1207 2839 1569 2894 statuendam
1631 2833 1836 2891 Arnul-

121 2933 265 3002 pho,
331 2931 672 3002 patriarcha
719 2938 942 2992 vocato,
999 2928 1283 2985 attribuit.
1338 2928 1409 2982 At
1475 2939 1670 2981 ensem
1733 2922 1834 2993 qui

118 3021 389 3092 ejusdem
471 3020 748 3090 principis
817 3019 1135 3084 exstiterat,

119 3110 499 3180 septuaginta
560 3107 854 3178 Byzauteis
927 3115 1205 3175 emptum.
1276 3106 1578 3169 Praterea,
1645 3099 1835 3170 portui

121 3199 468 3255 Ascalonico
520 3204 817 3267 prosecuta
854 3197 1172 3251 exercitum
1207 3193 1464 3248 maxima
1493 3191 1690 3245 classis
1729 3201 1832 3258 ap-

124 3290 363 3358 pulerat
397 3302 409 3341 :
445 3300 512 3341 ea
564 3287 820 3343 videlicet
864 3284 1002 3339 illuc
1041 3284 1337 3338 occasione
1374 3277 1722 3334 conveniens
1772 3285 1838 3332 ut

128 3375 376 3431 Francis
412 3376 631 3441 evictis,
675 3382 731 3429 et
772 3373 881 3428 sub
925 3370 1273 3441 captivitatis
1312 3368 1502 3424 vincla
1544 3365 1834 3436 conjectis,

127 3481 162 3521 a
217 3465 537 3520 victoribus
565 3478 660 3518 eos
695 3470 969 3528 emerent,
1018 3476 1085 3516 ac
1133 3475 1166 3530 p
1204 3474 1233 3516 r
1272 3456 1546 3514 ulteriora
1589 3453 1838 3510 Orientis

131 3568 318 3625 regna
363 3553 751 3608 venundando
795 3551 1198 3606 distraherent.
1247 3548 1317 3602 Hi
1366 3548 1561 3615 itaque
1609 3542 1707 3598 ubi
1745 3541 1837 3596 vi-

131 3645 349 3700 derunt
402 3642 545 3698 Iade
598 3641 882 3710 fugientes
934 3638 1252 3709 IEgyptios,
1301 3643 1518 3692 remota
1565 3632 1838 3688 continuo

132 3733 422 3788 delatione
469 3730 776 3796 veliﬁcant,
823 3736 877 3785 et
929 3729 999 3783 ad
1067 3727 1246 3796 ipsius
1303 3725 1407 3780 sali
1463 3721 1736 3778 interiora
1781 3733 1839 3775 se

133 3828 498 3891 promovent.

208 3909 472 3978 Denique
537 3907 741 3962 Franci
805 3906 952 3962 facto
1023 3920 1094 3961 ex
1162 3903 1491 3961 Sarracenis
1553 3904 1834 3974 horribili,

133 3999 427 4067 pracipue
475 4010 546 4051 ex
593 3995 958 4065 Etliiopibus
997 3993 1309 4058 carniﬁcio,
1355 3993 1424 4047 ad
1478 4007 1676 4048 eorum
1710 4002 1840 4050 ten-

136 4087 426 4156 toriajam
462 4085 716 4140 solitaria
751 4091 1142 4148 revertuntur,
1187 4096 1252 4137 ac
1291 4081 1674 4138 inaestimabili
1704 4097 1840 4152 spo—

28 4192 44 4206 ·
139 4174 352 4230 liorum
397 4173 557 4243 copia
641 4173 1004 4228 reﬁciuntur.
1070 4170 1311 4240 Argenti
1373 4171 1532 4225 dives
1594 4178 1649 4226 et
1713 4169 1840 4226 auri

138 4264 354 4319 exinde
408 4262 555 4317 Gaza
604 4261 963 4331 producitur,
1011 4261 1258 4329 Assyria
1311 4257 1627 4314 nobilitatis
1682 4273 1835 4328 opes,

141 4367 207 4407 ac
239 4352 512 4422 qualibet
557 4351 804 4420 pretiosa
845 4349 1141 4418 suppellex
1188 4347 1433 4402 habetur
1465 4362 1476 4400 :
1508 4347 1838 4402 omnimoda
1875 4331 1919 4385 Ῑ)

143 4441 485 4496 animalium
553 4452 781 4510 genera,
850 4437 1145 4493 variorum
1206 4450 1500 4491 armorum
1574 4435 1845 4492 utensilia

145 4537 581 4601 congeruntur:
614 4530 658 4584 si
691 4541 810 4598 qua
847 4526 1004 4583 fuere
1050 4525 1254 4581 usibus
1301 4533 1453 4594 apta,
1503 4531 1840 4594 servarunt;

145 4632 277 4688 qua
304 4627 523 4684 extera,
569 4618 699 4687 igne
737 4622 1086 4672 cremarnnt.
1136 4614 1565 4684 Regrediuntur
1621 4613 1844 4668 incom-

145 4707 514 4774 prehensibili
603 4705 1024 4774 triumphantes
1109 4702 1316 4772 jubilo,
1409 4701 1842 4772 Jerosolymam,

146 4794 386 4851 inﬁnitis
433 4794 750 4866 gratiarum
783 4794 1290 4862 lacrymarumque
1331 4790 1587 4846 millibus
1632 4805 1845 4846 cumu-

147 4881 333 4939 lantes
363 4883 668 4939 Dominica
717 4881 994 4951 passionis
1035 4894 1102 4936 ac
1141 4878 1454 4949 sepultura
1485 4879 1840 4934 memoriam.

147 4970 332 5028 Tanta
385 4979 576 5028 autem
633 4970 891 5034 Francis,
941 4983 1012 5025 ex
1070 4967 1245 5038 hujus
1302 4967 1548 5023 fortuna
1606 4965 1847 5022 caelestis

148 5062 450 5118 eventibus
477 5061 670 5117 arrisit
701 5062 954 5121 ubertas.
983 5067 1048 5114 ut
1079 5059 1178 5124 hii,
1236 5057 1338 5126 qui
1378 5070 1611 5125 prorsus
1653 5056 1848 5125 inopes

149 5153 297 5202 438
339 5159 393 5205 et
428 5150 619 5205 viatici
669 5149 849 5218 ipsius
895 5155 1146 5218 egentes,
1199 5146 1305 5201 hoc
1352 5145 1536 5214 ipsum
1571 5145 1704 5200 olim
1739 5143 1848 5200 iter

150 5235 416 5307 inierant,
491 5253 622 5294 cum
689 5237 874 5293 multa
936 5236 1066 5292 auri
1135 5234 1477 5305 argentique
1527 5232 1842 5303 opulentia,

152 5337 217 5380 ac
247 5326 538 5396 spectabili
572 5341 854 5398 equorum
889 5324 1298 5393 mulorumque
1341 5322 1634 5378 evectione
1689 5321 1844 5375 redi-

153 5423 278 5469 rent
310 5431 323 5469 Ζ

222 5503 347 5559 Lua:
375 5520 448 5561 ea
471 5503 703 5561 Sextilis
724 5518 846 5574 qua
867 5501 1132 5572 proxima
1163 5498 1434 5571 praevenit
1463 5498 1627 5565 Idus,

221 5593 479 5649 Oblinuil
508 5592 644 5648 belli
668 5594 782 5647 (ale
807 5590 998 5646 videre
1023 5589 1213 5645 decus.

1934 631 2204 700 quoniam
2245 631 2299 686 in
2331 632 2507 700 hujus
2538 631 2850 686 voluminis
2871 633 3126 698 exordio,
3153 633 3417 702 quadam
3446 647 3630 689 exem-

1935 719 2028 787 pla
2057 720 2409 788 prabuimus
2440 720 2892 789 Scripturarum,
2928 736 3059 790 qua
3111 721 3246 777 huic
3287 731 3444 778 tanto
3471 725 3627 792 quod

1932 807 2322 876 explicuimus
2385 809 2611 879 negotio
2668 809 2975 865 convenire
3034 811 3389 879 putavimus.
3444 819 3625 867 atten-

1933 896 2185 951 dendum
2229 911 2386 951 nunc
2427 898 2600 952 etiam
2648 911 2722 952 an
2772 898 3297 968 Hierosolymitana
3348 899 3629 955 obsidioni

1934 984 2151 1054 aliquid
2201 998 2520 1040 consonum
2565 985 2718 1054 apud
2764 986 3099 1041 Zachariam
3154 987 3490 1057 prophetam
3537 1003 3632 1044 re-

1936 1073 2120 1141 perire
2149 1072 2446 1142 possimus.
2489 1094 2508 1120 ι
2557 1072 2718 1138 Dicit,
2755 1073 2966 1143 inquit,
3004 1074 3278 1130 Dominus
3314 1076 3630 1131 extendens

1933 1159 2159 1227 calum,
2207 1169 2261 1215 et
2290 1161 2541 1216 fundans
2573 1169 2823 1229 terram;
2872 1162 3094 1232 ﬁngens
3135 1162 3401 1231 spiritum
3448 1163 3629 1219 homi-

1933 1249 2024 1303 nis
2079 1248 2134 1302 in
2191 1263 2256 1304 eo
2309 1249 2510 1319 (Zach.
2556 1265 2654 1314 xu,
2714 1251 2784 1317 l).
2848 1271 2869 1296 ι
2928 1250 3202 1305 Extendit
3251 1251 3481 1316 calum,
3529 1251 3629 1322 qui

1933 1337 2133 1392 dilatat
2155 1337 2479 1404 Ecclesiam,
2508 1345 2570 1393 ut
2613 1339 2780 1400 sicut,
2808 1338 2979 1408 juxta
3010 1337 3240 1405 Isaiam,
3293 1338 3366 1394 ab
3402 1338 3630 1395 Oriente

1934 1426 2180 1481 adduxit
2210 1441 2404 1482 semen
2444 1427 2573 1496 ejus
2604 1440 2704 1495 per
2747 1427 3048 1494 apostolos,
3087 1427 3166 1482 sic
3213 1427 3287 1482 ab
3332 1426 3632 1484 Occidente

1933 1529 2058 1570 eam
2115 1515 2317 1570 debeat
2361 1528 2715 1585 congregare
2773 1528 2874 1583 per
2940 1517 3074 1570 istos
3136 1516 3276 1584 (1.9a.
3336 1530 3492 1582 xuu,
3554 1518 3625 1583 5).

1936 1603 2162 1658 Fundat
2221 1613 2452 1670 terram,
2529 1618 2660 1658 cum
2746 1603 3022 1672 permittit
3097 1603 3398 1673 gentilium
3479 1619 3630 1674 pra-

1935 1691 2260 1747 cordialiter
2333 1691 2612 1746 obdurari
2679 1691 3000 1760 perﬁdiam.
3101 1693 3291 1762 Fingit
3365 1691 3632 1762 spiritum

1938 1781 2188 1835 hominis
2228 1780 2286 1834 in
2329 1795 2414 1846 eo,
2454 1795 2584 1835 cum
2633 1780 2918 1850 cujusque
2971 1780 3149 1836 ﬁdelis
3188 1781 3448 1837 animum
3512 1781 3632 1836 for-

1937 1875 2073 1935 mat,
2100 1869 2338 1924 rationis
2377 1868 2571 1924 indita
2631 1869 2798 1923 dono.
2834 1891 2860 1918 «
2912 1869 3052 1924 Ecce
3082 1884 3188 1939 ego
3220 1884 3430 1938 ponam
3461 1871 3632 1926 Jeru-

1937 1957 2109 2012 salem
2155 1956 2596 2026 superliminare
2647 1957 2919 2026 crapula,
2970 1958 3240 2013 omnibus
3289 1958 3516 2028 populis
3578 1959 3633 2014 in

1936 2045 2185 2100 circuitu
2227 2044 2431 2114 (Zach.
2481 2059 2580 2109 xn,
2632 2045 2706 2113 2).
2766 2067 2794 2094 η
2851 2045 3315 2114 Superliminare,
3367 2049 3634 2116 praemi—

1939 2142 2033 2190 net
2066 2133 2206 2189 ostio
2236 2149 2248 2186 :
2285 2147 2385 2203 per
2421 2135 2631 2188 ostium
2676 2134 2943 2190 introitur
2998 2136 3052 2189 in
3100 2135 3635 2205 domum;crapula

1936 2221 2112 2278 ofﬁcit
2180 2222 2490 2277 stomacho.
2562 2221 2615 2276 Si
2683 2224 2914 2287 ostium,
2974 2223 3138 2278 ﬁdem
3212 2224 3435 2278 Domini
3500 2226 3634 2280 Jesu

1939 2311 2204 2376 dicimus,
2258 2323 2358 2379 per
2406 2323 2581 2379 quam
2641 2311 2710 2364 ad
2763 2310 2984 2365 Patrem
3025 2310 3309 2377 venimus,
3349 2313 3634 2383 Jerosoly-

1940 2398 2214 2454 mitanam
2255 2397 2572 2463 ecclesiam,
2607 2399 2747 2468 quia
2787 2399 2855 2453 de
2902 2399 3024 2468 ipsa
3062 2409 3117 2454 et
3153 2400 3244 2454 lex
3291 2409 3345 2455 et
3391 2400 3633 2457 verbum

1943 2485 2167 2540 Domini
2221 2485 2444 2551 exierit,
2487 2498 2603 2538 non
2654 2483 2938 2538 immerito
2977 2484 3436 2554 superliminare,
3469 2485 3542 2541 ob
3572 2499 3639 2541 ea

1941 2573 2158 2644 quibus
2203 2572 2449 2642 prabuit
2479 2572 2782 2627 exordium
2822 2572 3187 2638 documenta,
3219 2587 3489 2628 vocemus
3519 2587 3533 2627 :
3565 2575 3637 2630 ad

1943 2663 2124 2733 ipsam
2146 2663 2298 2718 enim
2331 2662 2578 2718 recurrit
2634 2669 2758 2730 post
2787 2675 2972 2716 annos
3005 2661 3441 2730 quatuordecim
3481 2663 3636 2717 Pau-

1943 2753 2053 2820 lus,
2087 2760 2150 2806 ut
2193 2751 2571 2820 Evangelium
2621 2764 2752 2805 cum
2789 2750 2954 2805 Petro
2981 2759 3035 2805 et
3087 2750 3214 2805 aliis
3255 2750 3526 2818 conferat,
3567 2766 3638 2807 ne

1943 2843 2086 2898 forte
2113 2842 2168 2895 in
2194 2854 2443 2896 vacuum
2490 2839 2839 2894 cucurrisset
2889 2847 2989 2894 aut
3027 2847 3226 2894 currat
3274 2840 3426 2908 (Gal.
3467 2855 3526 2906 ιι,
3559 2840 3633 2911 2).

1944 2930 2047 2985 Sed
2116 2929 2222 2983 hoc
2291 2927 2755 2996 superliminare,
2813 2926 3038 2996 populis
3089 2927 3358 2982 omnibus
3421 2928 3477 2982 in
3533 2929 3640 2983 cir-

1212 3017 1404 3072 ferunt
1479 3028 1512 3069 a
1581 3013 1832 3083 quodam
1873 3031 1914 3086 (ς
1943 3019 2103 3074 cuitu
2135 3025 2217 3072 est
2263 3015 2548 3084 crapula:
2593 3015 2732 3084 quia
2779 3022 2999 3068 constat
3046 3029 3243 3069 omnes
3293 3030 3418 3071 eam
3467 3017 3641 3072 natio-

1949 3121 2048 3162 nes
2095 3115 2328 3176 propter
2371 3118 2456 3170 ea,
2522 3117 2653 3172 qua
2709 3103 2786 3157 ibi
2853 3103 3209 3167 resederunt,
3259 3113 3468 3159 nostra
3523 3119 3640 3160 cre-

1945 3194 2203 3249 dulitatis
2250 3191 2488 3261 vestigia
2542 3188 2800 3245 fastidire
2841 3197 2896 3244 et
2949 3191 3231 3245 exsecrari
3299 3192 3358 3246 in
3423 3206 3638 3248 morem

1945 3296 2193 3338 nausea.

2017 3372 2122 3426 Sed
2155 3379 2258 3425 eta
2289 3369 2438 3424 Juda
2482 3369 2590 3423 erit
2623 3367 2678 3422 in
2727 3367 3019 3423 obsidione
3075 3376 3276 3423 contra
3320 3369 3638 3425 Jerusalem

1947 3460 2148 3530 (Zach.
2177 3474 2276 3526 xu,
2311 3461 2395 3527 2).
2439 3480 2458 3505 ι
2485 3457 2607 3512 Non
2642 3457 2849 3521 solum,
2895 3456 3106 3525 inquit,
3161 3458 3381 3512 horrori
3431 3459 3642 3514 exteris

1944 3557 2046 3615 est,
2079 3548 2175 3604 sed
2198 3556 2251 3603 et
2287 3547 2314 3602 J
2325 3547 2483 3612 udas,
2537 3545 2718 3600 ﬁdelis
2751 3544 2964 3600 scilicet
3018 3543 3284 3615 populus,
3339 3560 3468 3601 vere
3502 3561 3636 3601 con-

1949 3639 2114 3693 ﬁtens
2175 3649 2302 3692 eam
2361 3649 2492 3705 qua
2547 3634 2803 3690 calcatur
2865 3647 2898 3688 a
2947 3635 3215 3704 gentibus
3264 3649 3275 3688 :
3326 3635 3643 3691 Jerusalem

1946 3727 2286 3782 obsessurus
2331 3731 2462 3778 est:
2503 3744 2523 3770 ι
2560 3723 2622 3777 In
2665 3722 2754 3776 die
2808 3721 2906 3776 illa
2951 3736 3159 3791 ponam
3211 3723 3524 3779 Jerusalem
3558 3724 3647 3779 la-

1951 3816 2138 3885 pidem
2186 3812 2374 3868 oneris
2436 3810 2658 3866 cunctis
2712 3810 2938 3878 populis
2983 3810 3186 3878 (Zach.
3240 3827 3338 3879 xu,
3391 3812 3468 3881 3).
3518 3835 3544 3861 ››
3592 3812 3644 3868 Si

1948 3911 2167 3974 partem
2203 3915 2304 3971 pro
2336 3908 2448 3956 toto
2470 3898 2788 3954 secundum
2826 3898 3134 3968 Scriptura
3181 3914 3352 3954 usum
3391 3900 3520 3956 licet
3548 3916 3644 3970 po-

1951 3991 2029 4057 ni,
2065 3990 2206 4059 lapis
2231 3989 2421 4044 oneris
2460 3992 2684 4043 cunctis
2730 3987 3040 4042 Jerusalem
3073 3989 3153 4052 ﬁt,
3188 3989 3326 4057 quia
3362 3989 3648 4044 universis

1951 4077 2254 4135 Christiani
2291 4075 2541 4132 nominis
2575 4075 2841 4146 gentibus
2872 4077 3107 4129 maximi
3136 4075 3348 4130 laboris
3397 4077 3642 4147 pondus,

1950 4168 2008 4223 in
2045 4167 2135 4223 sui
2184 4165 2537 4231 liberatione,
2591 4177 2776 4234 nuper
2819 4163 3113 4218 indixitn
3160 4165 3371 4219 Omnes
3419 4166 3520 4235 qui
3564 4167 3637 4221 le-

1949 4257 2174 4311 vabunt
2205 4269 2354 4318 eam,
2387 4253 2708 4308 concisione
2739 4251 3170 4315 lacerabuntur,
3213 4253 3650 4325 et'colligentur

1953 4346 2231 4401 adversus
2259 4357 2383 4398 eam
2414 4342 2608 4396 omnia
2639 4355 2817 4412 regna
2849 4349 3013 4396 terra
3048 4340 3262 4412 (Ibid)
3303 4362 3323 4389 ι
3353 4341 3459 4408 Qui
3488 4351 3642 4409 sunt,

1953 4435 2054 4505 qui
2101 4432 2416 4489 Jerusalem
2470 4431 2680 4496 levant,
2753 4429 2859 4484 nisi
2910 4431 3010 4499 qui
3064 4439 3368 4500 postquam
3416 4433 3649 4501 impleta

1953 4521 2165 4577 fuerint
2197 4527 2453 4589 tempora
2484 4519 2810 4586 nationum,
2851 4532 2976 4573 eam
3010 4532 3042 4572 a
3072 4533 3176 4574 sua
3219 4521 3648 4577 conculcatione

1951 4607 2303 4667 sublevant?
2344 4627 2372 4656 ‹‹
2394 4606 2730 4673 Jerusalem,
2764 4606 2954 4676 inquit
2985 4606 3282 4671 Dominus.
3329 4607 3648 4666 calcabitur

1953 4715 1987 4756 a
2044 4697 2331 4771 gentibus,
2386 4696 2565 4752 donec
2622 4695 2975 4766 impleantur
3032 4703 3290 4764 tempora
3345 4697 3648 4754 nationum

1954 4790 2108 4860 (Luc.
2131 4802 2255 4851 xxi,
2289 4788 2402 4853 24).
2431 4806 2459 4837 ι)
2493 4786 2563 4840 Ili
2603 4784 2923 4841 concisione
2957 4784 3303 4850 lacerantur,
3335 4785 3475 4854 quia
3513 4785 3645 4853 dici,

1954 4881 2066 4935 imo
2091 4879 2329 4949 cogitari
2361 4874 2695 4932 nullatenus
2725 4881 2924 4944 potest,
2959 4881 3182 4943 quanta
3211 4872 3376 4928 famis
3407 4873 3650 4944 sitisque

1953 4969 2203 5034 miseria,
2265 4966 2500 5037 quantis
2537 4964 2802 5019 laborum
2865 4962 3295 5032 vulnerumque
3354 4961 3650 5019 doloribus

1953 5068 2048 5108 eos
2097 5052 2154 5106 in
2198 5050 2510 5107 obsidendo
2563 5047 2810 5104 cruciari
2862 5047 3194 5102 constiterit.
3240 5047 3324 5113 Et,
3373 5055 3437 5103 ut
3479 5048 3651 5118 juxta

1955 5140 2306 5196 Ezechieleui
2342 5139 2553 5208 loquar
2589 5152 2600 5190 ε
2635 5159 2663 5184 ‹‹
2713 5137 2894 5191 Omne
2943 5142 3117 5204 caput
3146 5135 3509 5192 decalvatum
3543 5145 3648 5202 est,

1954 5238 2008 5286 et
2055 5229 2242 5285 omnis
2291 5229 2570 5283 humerus
2619 5226 2904 5295 depilatus
2954 5225 3189 5292 (Ezech.
3241 5239 3402 5290 xxnx,
3456 5225 3584 5296 18);
3625 5248 3644 5275 ι

1955 5318 2044 5374 sin
2076 5316 2236 5382 alias,
2287 5315 2374 5371 vel
2419 5314 2636 5370 crebris
2681 5313 3084 5368 machinarum
3131 5312 3496 5382 impulsibus,
3549 5327 3652 5370 seu

1957 5405 2342 5462 convehendis
2387 5403 2678 5458 oneribus.
2715 5402 2840 5466 Sed,
2883 5401 3068 5457 levata
3101 5401 3434 5468 Jerusalem,
3466 5423 3493 5449 ‹‹
3523 5417 3652 5458 om-

1957 5495 2054 5550 nia
2100 5507 2278 5565 regna
2327 5501 2489 5548 terra
2540 5491 2820 5546 adversus
2873 5504 2999 5545 eam
3056 5489 3401 5560 colligentur
3440 5490 3649 5559 (Zach.

1955 5599 2055 5650 xu,
2081 5584 2132 5655 3)
2166 5599 2182 5652 ;
2232 5601 2261 5634 io
2295 5581 2450 5653 quod
2490 5595 2605 5636 non
2654 5587 2719 5637 ut
2754 5578 3028 5649 allegoria
3077 5577 3654 5649 subintelligendum,
