3934 6398
341 385 445 436 807

1239 379 1298 433 V.
1339 377 1671 434 GUIBERTI
1711 378 2006 433 ABBATIS
2043 380 2100 434 S.
2142 379 2383 435 MARIAS
2424 381 2510 435 DE
2551 379 2946 436 NOVIGENTO

3754 385 3865 437 808

339 516 438 573 sed
464 523 530 572 ut
561 515 800 571 historia
859 514 1084 571 noviter
1143 513 1341 581 relata,
1393 513 1660 584 supernis
1711 512 1895 569 oculis
1951 513 2035 568 iu-
2073 521 2202 578 Aet
2231 521 2433 571 utnon
2479 515 2736 586 quolibet
2787 524 3022 572 auctore
3069 515 3185 572 Deo
3232 516 3336 572 niti
3393 526 3718 588 putentur;
3763 518 3866 574 sed

340 605 623 661 tuendum
671 603 1036 674 proponitur.
1087 601 1250 670 Quod
1298 601 1452 657 enim
1500 603 1610 657 fuit
1657 601 1905 658 Orientis
1945 616 2034 658 re-

341 705 545 760 gnum,
597 691 665 747 de
709 690 880 760 cujus
934 689 1262 746 hominibus
1308 689 1380 745 ad
1431 689 1574 744 idem
1626 703 1740 745 non
1773 691 2036 746 venerint

343 778 605 834 bellum?
636 776 742 845 Qui
773 778 924 833 enim
955 777 1356 833 machinarum
1383 777 1579 832 omnia
1618 791 1853 847 genera,
1883 778 2035 847 quod

341 880 519 938 supra
563 867 886 930 omiseram,
945 865 1270 921 obsidenda
1318 865 1446 920 urbi
1493 866 1814 921 necessaria
1842 880 2035 922 secum

343 954 702 1011 detulerant:
735 953 838 1024 qui
877 953 1049 1009 etiam
1097 960 1304 1023 prater
1352 952 1583 1009 bellicos
1635 953 1808 1021 viros,
1871 969 2041 1024 nego-

346 1043 576 1099 tiatores
627 1041 698 1097 ad
753 1041 1166 1117 coemptionem
1237 1041 1591 1096 Francorum
1649 1040 2036 1108 adduxerant,

346 1129 596 1200 profecto
638 1144 712 1186 ex
756 1129 1047 1185 nimietate
1103 1127 1496 1184 multitudinis
1542 1128 1841 1184 victoriam
1889 1143 2036 1199 pra-

344 1217 688 1284 sumebant,
783 1215 1016 1272 fortasse
1105 1217 1308 1286 majori
1413 1229 1648 1286 prorsus
1742 1216 2039 1287 majestate

344 1304 593 1371 numeri,
660 1317 838 1375 quam
903 1303 1204 1361 Curbaran
1264 1303 1428 1360 illum
1491 1304 1763 1361 habuisse
1833 1304 2040 1361 didice-

343 1400 448 1448 rat.

419 1503 439 1530 ι
478 1481 544 1536 In
595 1479 688 1537 illa
730 1480 839 1548 die,
881 1479 1016 1536 dicit
1085 1479 1384 1547 Dominus,
1439 1480 1758 1550 percutiam
1807 1495 2034 1536 omnem

341 1583 562 1642 equum
585 1568 642 1624 in
689 1577 940 1639 stupore,
998 1576 1052 1624 et
1100 1583 1456 1624 ascensorem
1489 1570 1616 1638 ejus
1676 1570 1731 1624 in
1787 1569 2040 1625 amentia

344 1657 544 1729 (Zach.
575 1671 674 1725 xu,
701 1658 777 1724 4).
823 1677 844 1704 ι
882 1655 938 1712 Si
966 1671 1155 1727 equus
1195 1656 1448 1728 dignitas
1503 1657 1830 1726 temporalis
1888 1659 2036 1713 acci-

2148 603 2263 659 Deo
2291 603 2383 659 sui
2417 603 2693 674 ipsorum,
2725 605 2941 661 scilicet
2970 603 3451 662 Christianorum.

2219 711 2247 740 «
2282 692 2345 746 In
2384 691 2476 748 die
2530 693 2646 756 illa,
2682 706 2889 762 ponam
2929 693 3104 749 duces
3145 692 3296 748 Juda
3347 694 3496 750 sicut
3549 695 3867 752 caminum

2144 777 2298 848 ignis
2358 779 2415 834 in
2473 779 2659 850 lignis,
2720 789 2776 837 et
2814 782 2964 838 sicut
3007 780 3186 836 facem
3244 781 3395 851 ignis
3453 781 3512 837 in
3553 781 3686 838 feno
3733 799 3748 836 :
3801 789 3860 838 et

2146 866 2508 924 devorabunt
2566 869 2638 924 ad
2710 868 3003 925 dexteram
3064 875 3120 923 et
3171 867 3244 923 ad
3305 869 3594 926 sinistram
3649 884 3868 926 omnes

2149 959 2390 1028 populos
2447 959 2506 1014 in
2557 955 2807 1014 circuitu
2861 957 3067 1027 (Zach.
3101 972 3203 1027 xu,
3252 959 3390 1026 6).»
3451 957 3518 1012 In
3574 956 3708 1023 hac,
3763 955 3864 1012 in-

2147 1059 2346 1115 quam,
2430 1045 2519 1102 vel
2593 1044 2742 1112 fidei,
2825 1059 2927 1101 seu
2989 1045 3202 1102 divina
3268 1045 3658 1115 prosperitatis
3739 1044 3860 1110 die,

2147 1131 2324 1188 duces
2381 1132 2484 1200 illi,
2533 1131 2634 1202 qui
2692 1131 2779 1187 vel
2850 1132 3028 1187 armis
3081 1133 3358 1198 exterius,
3417 1131 3505 1186 vel
3562 1130 3868 1200 spirituali

2148 1218 2411 1276 doctrina
2469 1219 2710 1275 interius
2765 1219 3159 1276 Christianum
3219 1219 3496 1288 populum
3548 1217 3868 1288 guberna-

2149 1307 2314 1375 bunt,
2371 1315 2546 1364 erunt
2590 1307 2858 1362 caminus
2893 1323 2906 1362 :
2941 1321 3212 1376 superno,
3267 1307 3526 1362 videlicet
3571 1304 3868 1359 intrinse—

2148 1409 2273 1457 cus,
2329 1409 2524 1452 amore
2581 1394 2886 1463 ferventes,
2949 1397 3050 1466 qui
3111 1404 3477 1466 peccatorum
3555 1393 3719 1464 ligna
3799 1390 3864 1446 in

2149 1484 2469 1554 gentilitate
2521 1493 2866 1540 consumant
2908 1499 2922 1539 :
2963 1492 3020 1540 et
3082 1492 3367 1554 quantum
3435 1483 3505 1538 ad
3561 1483 3866 1537 exteriora

2149 1573 2421 1642 reprobos
2477 1587 2762 1643 quosque,
2811 1586 2879 1628 ac
2915 1572 2964 1628 si
3006 1572 3222 1638 fenum,
3275 1572 3422 1628 bella
3469 1569 3858 1626 succendant.

2149 1660 2354 1716 Procul
2397 1661 2576 1718 dubio
2609 1662 2760 1716 enim
2822 1661 3037 1716 scimus
3089 1661 3270 1716 Deum
3321 1660 3430 1717 ista
3471 1671 3860 1728 nequaquam

343 1745 521 1817 pitur,
579 1758 848 1801 ascensor
893 1744 1028 1815 equi
1071 1743 1174 1814 qui
1215 1745 1494 1816 dignitate
1535 1745 1860 1814 praeminet
1903 1760 2040 1815 pro-
2080 1797 2121 1850 Β
2154 1763 2255 1819 pro
2309 1751 2485 1806 unius
2527 1749 2778 1805 civitatis
2822 1750 3154 1805 liberatione
3191 1749 3448 1818 coepisse,
3493 1749 3592 1804 sed
3647 1755 3864 1802 contra

343 1834 438 1890 cul
469 1833 648 1890 dubio
695 1832 1058 1904 intelligitur.
1113 1833 1376 1904 Dignitas
1423 1831 1610 1888 omnis
1638 1841 1869 1903 stupet:
1902 1833 2043 1904 quia

344 1921 632 1994 quidquid
664 1935 916 1992 usquam
962 1921 1211 1992 imperii,
1253 1920 1544 1992 quidquid
1591 1922 1879 1992 regniest,
1933 1921 2042 1976 ad—

342 2025 550 2068 versus
579 2011 732 2066 hanc
764 2023 928 2066 nova
976 2009 1196 2066 militia
1245 2009 1344 2066 Dei
1397 2023 1633 2066 manum
1687 2009 2038 2078 hebetatum,

344 2097 427 2154 nil
466 2099 660 2156 audet.
721 2097 992 2168 Princeps
1041 2097 1228 2154 omnis
1285 2097 1344 2153 in
1396 2099 1710 2154 amentiam
1776 2099 2039 2166 vertitur,

345 2187 486 2258 quia
513 2199 720 2256 expers
748 2193 833 2242 est
889 2185 1132 2250 consilii,
1178 2200 1283 2242 nec
1343 2186 1513 2242 habet
1555 2201 1672 2256 quo
1732 2200 1792 2242 se
1835 2194 2040 2254 vertat,

345 2281 542 2344 utpote
577 2275 737 2343 inops
766 2273 1002 2341 virium,
1035 2274 1305 2343 quisquis
1332 2273 1510 2344 hujus
1551 2273 1832 2329 Dominici
1881 2287 2045 2329 exer-

345 2361 496 2418 citus
553 2361 949 2417 fortitudinem
1011 2363 1326 2430 experitur.
1375 2383 1396 2409 ι
1441 2361 1512 2416 Ει
1577 2375 1750 2430 super
1807 2361 2044 2418 domum

345 2451 374 2506 J
383 2449 498 2506 uda
525 2449 782 2520 aperiam
811 2449 1009 2504 oculos
1037 2463 1214 2516 meos,
1259 2457 1316 2504 et
1343 2463 1571 2504 omnem
1603 2464 1819 2520 equum
1863 2464 2045 2520 popu-

347 2537 537 2594 lorum
597 2535 914 2607 percutiam
977 2537 1035 2591 in
1089 2536 1341 2592 cacitate
1397 2535 1615 2608 (Ibid.).
1679 2559 1708 2587 ››
1767 2538 1822 2592 Si
1873 2539 2043 2604 Juda,

347 2625 642 2692 confitens,
713 2638 808 2680 eos
859 2624 1222 2694 potissimum
1269 2625 1620 2682 confessores
1675 2625 1883 2694 dicam,
1942 2627 2046 2697 qui

347 2726 657 2784 nunquam
685 2727 719 2768 a
747 2725 866 2768 sua
891 2711 1249 2768 credulitatis
1281 2713 1441 2769 initio
1460 2713 1812 2770 exorbitasse
1851 2716 2048 2786 legun-

349 2809 449 2858 tur
492 2814 526 2856 a
572 2800 702 2868 fide,
774 2800 1022 2856 Francos
1081 2802 1302 2871 utique,
1357 2802 1573 2872 quibus
1632 2803 1818 2859 omnis
1884 2811 2048 2860 tenor

349 2892 529 2964 hujus
605 2891 832 2948 inuisus
895 2899 978 2948 est
1032 2881 1198 2948 via.’
1239 2892 1422 2962 Super
1487 2893 1592 2950 hos
1659 2896 1808 2950 Deus
1853 2895 2048 2952 oculos

347 2979 551 3050 aperit,
582 2994 716 3036 cum
743 2980 878 3050 ipsis
905 2978 1204 3037 effectibus
1242 2981 1488 3052 gratiam
1537 2983 1620 3038 eis
1677 2983 1920 3054 propria
1955 2983 2048 3040 be-

2153 1839 2382 1893 venturi
2417 1837 2633 1893 rabiem
2665 1837 3020 1905 Antichristi,
3066 1837 3191 1893 hac
3226 1838 3466 1904 semina,
3489 1836 3660 1906 longe
3710 1834 3865 1891 late—

2153 1940 2268 1996 que
2344 1925 2762 1982 fructificatura
2803 1925 3024 1996 jecisse.
3093 1925 3302 1982 Omnes
3357 1925 3551 1996 itaque
3609 1923 3862 1994 populos

2154 2013 2222 2069 ad
2287 2014 2550 2070 dextram
2603 2021 2660 2070 et
2731 2014 3020 2070 sinistram
3101 2015 3157 2068 in
3229 2014 3477 2069 circuitu
3545 2013 3856 2079 devorant,

2155 2102 2292 2157 dum
2339 2101 2472 2157 hinc
2501 2101 2724 2164 electos,
2784 2117 2931 2173 quos
2971 2102 3208 2158 dextera
3230 2101 3440 2167 innuit,
3477 2101 3549 2156 ad
3581 2101 3858 2171 pietatem

2153 2187 2600 2244 Christianitatis
2655 2189 3057 2259 incorporant;
3091 2190 3246 2245 illinc
3290 2189 3584 2260 reprobos,
3633 2189 3738 2258 qui
3768 2189 3852 2244 si-

2155 2277 2468 2333 nistrorum
2503 2278 2786 2347 pertinere
2845 2287 3183 2348 noscuntur,
3220 2278 3398 2350 digna
3426 2278 3596 2334 cadis
3628 2277 3856 2334 ultione

2153 2365 2472 2422 devastant.

2225 2475 2254 2504 «
2287 2455 2352 2510 Et
2382 2455 2742 2510 habitabitur
2765 2455 3080 2512 Jerusalem
3132 2469 3339 2512 rursus
3389 2455 3447 2511 in
3498 2454 3621 2510 loco
3651 2468 3759 2510 suo
3793 2453 3854 2508 in

2151 2542 2467 2598 Jerusalem
2538 2542 2761 2614 (Ibid).
2827 2567 2856 2593 ν
2919 2543 2974 2599 Si
3037 2544 3354 2600 Jerusalem
3421 2543 3672 2600 Ecclesia
3739 2549 3851 2608 est,

2156 2629 2314 2686 locus
2345 2630 2472 2700 ejus
2523 2631 2732 2689 Christi
2767 2631 2904 2688 fides
2948 2640 3030 2688 est
3061 2649 3078 2703 ;
3126 2632 3440 2689 Jerusalem
3474 2646 3610 2702 ergo
3652 2633 3712 2687 in
3750 2631 3851 2686 Je-

2155 2719 2406 2775 rusalem
2459 2719 2774 2787 habitatur,
2833 2735 2966 2776 cum
3014 2721 3216 2776 civitas
3257 2721 3353 2776 illa
3419 2719 3721 2785 terrestris,
3772 2717 3848 2772 ad

2154 2807 2282 2875 hoc,
2341 2815 2406 2863 ut
2459 2821 2727 2878 superna
2770 2808 2928 2878 pacis
2972 2807 3177 2866 visioni
3213 2809 3412 2876 inhiet,
3447 2808 3844 2875 instauratur;

2153 2896 2463 2968 locumque
2494 2897 2684 2963 habet,
2713 2898 2854 2968 quia
2899 2898 3122 2954 Christo
3171 2897 3608 2954 immutabiliter
3647 2895 3844 2951 haret.

2227 3007 2255 3035 «
2291 2986 2358 3040 Et
2385 2985 2630 3042 salvabit
2670 2986 2950 3042 Dominus
2978 2987 3354 3043 tabernacula
3387 2986 3554 3052 Juda,
3601 2985 3754 3042 sicut
3787 2983 3849 3038 in

347 3068 648 3140 nignitatis
695 3068 980 3137 ostendit;
1029 3083 1250 3140 equum
1304 3071 1651 3140 populorum
1695 3071 1753 3127 in
1799 3073 2050 3129 cacitate
2086 3071 2456 3143 Cprincipio,
2511 3081 2574 3130 ut
2625 3088 2742 3130 non
2796 3075 3098 3146 magniﬁce
3152 3075 3430 3146 glorietur
3484 3074 3692 3130 domus
3735 3072 3847 3128 Da-

349 3156 611 3228 percutit,
679 3157 818 3213 dum
877 3157 1210 3228 superbiam
1284 3158 1608 3229 gentilium,
1661 3168 2046 3230 consequente

343 3261 440 3303 eos
488 3247 730 3316 reprobo
790 3261 982 3314 sensu,
1039 3245 1226 3317 punit.
1271 3247 1335 3302 In
1385 3259 1552 3302 sacra
1583 3246 1755 3316 plane
1803 3245 2042 3316 pagina,

345 3346 536 3403 equus
600 3347 748 3403 sape
815 3347 919 3403 pro
993 3332 1264 3402 superbia
1341 3333 1594 3403 ponitur.
1669 3332 1818 3398 Quid
1891 3333 2045 3387 enim

349 3421 536 3491 magis
587 3435 824 3487 cacum,
867 3433 1046 3490 quam
1095 3421 1218 3476 sine
1278 3419 1378 3474 Dei
1433 3428 1714 3488 respectu,
1774 3419 1876 3475 Dei
1917 3419 2047 3473 filiis

349 3509 560 3564 inferre
615 3507 878 3564 bellum?
934 3507 1081 3574 Quid
1135 3515 1251 3564 tam
1301 3508 1631 3576 reprobum,
1665 3521 1843 3578 quam
1866 3509 2047 3562 Deum

347 3609 468 3651 non
497 3608 830 3666 agnoscere,
881 3601 936 3650 et
977 3607 1050 3649 ex
1098 3594 1222 3663 ipsa
1266 3593 1593 3665 ignorantia
1645 3594 1960 3664 superbire,
1993 3601 2050 3648 et

349 3691 553 3739 contra
587 3681 778 3738 fideles
808 3681 956 3738 bella
986 3681 1258 3738 movere?
1287 3681 1392 3738 Sed
1419 3697 1558 3753 quo,
1601 3697 1701 3753 per
1736 3684 2046 3740 verborum

350 3769 592 3824 lacinias
639 3769 924 3840 allegoria
960 3767 1192 3825 libertas
1235 3769 1510 3835 excurrit,
1564 3784 1698 3826 cum
1743 3769 2050 3825 bistorialis

351 3871 457 3912 nos
494 3858 731 3924 veritas,
766 3871 838 3913 ne
871 3871 972 3927 per
995 3857 1296 3926 opiniones
1325 3859 1536 3928 passim
1583 3858 1821 3929 evagari
1862 3857 2050 3914 videa-

350 3959 504 4012 mur,
550 3945 886 4017 astringat?
913 3945 1116 4002 Nonne
1147 3949 1417 4016 superius
1447 3947 1637 4002 hostes
1665 3947 1921 4002 diximus
1947 3960 2049 4003 ca-

349 4033 518 4090 citate
569 4047 888 4104 percussos,
967 4041 1024 4090 et
1069 4031 1276 4105 gladiis
1325 4033 1763 4091 imminentibus
1817 4041 2051 4104 stupore

349 4120 648 4178 suffusos?
692 4121 763 4176 Et
816 4121 992 4177 miror
1044 4121 1294 4192 qualiter
1320 4136 1510 4192 equus
1575 4123 1776 4180 videns
1821 4137 1880 4178 se
1925 4136 2052 4194 ege-

349 4209 446 4276 rit,
497 4224 630 4265 cum
684 4217 870 4265 rector
934 4209 1073 4280 equi
1121 4209 1444 4269 evidentem
1497 4211 1806 4267 amentiam
1860 4211 2051 4268 incur-

351 4299 511 4354 rerit.

421 4389 575 4441 439
609 4406 638 4434 «
673 4386 742 4441 Et
771 4385 960 4442 dicent
1011 4386 1186 4443 duces
1205 4387 1230 4443 J
1242 4387 1354 4443 uda
1381 4388 1438 4443 in
1462 4388 1632 4444 corde
1660 4402 1800 4444 suo:
1825 4386 2050 4446 Confor-

351 4480 550 4530 tentur
587 4473 726 4528 mihi
761 4473 1112 4530 habitatores
1161 4475 1478 4532 Jerusalem
1523 4475 1583 4532 in
1627 4475 1866 4532 Domino
1894 4489 2051 4532 exer-

351 4561 594 4621 cituum.
649 4563 760 4618 Deo
812 4576 1014 4618 eorum
1049 4561 1254 4634 (Zach.
1304 4579 1405 4633 xu,
1441 4567 1520 4636 5).
1565 4585 1592 4616 ιι
1620 4567 1772 4630 Quos
1800 4563 2047 4621 dixerim

349 4649 499 4706 Juda
553 4650 751 4717 duces,
809 4651 915 4706 nisi
976 4651 1170 4708 fideles
1213 4652 1366 4709 illius
1409 4653 1696 4710 exercitus
1727 4651 2050 4724 principes?

349 4737 458 4806 Qui
525 4739 826 4796 confortati
895 4740 1006 4796 sibi
1065 4741 1382 4798 Jerusalem
1441 4742 1794 4799 habitatores
1847 4742 2052 4812 impre-

350 4833 580 4894 cantur,
639 4825 782 4882 dum
845 4830 974 4884 totis
1049 4826 1366 4896 affectibus,
1440 4829 1778 4886 Christiana
1833 4829 2051 4886 militia

349 4924 609 4971 sanctam
672 4915 824 4970 illam
879 4916 1166 4973 civitatem
1224 4917 1559 4974 fortitudine
1616 4919 1944 4975 desiderant
1972 4919 2053 4974 in-

350 5003 634 5072 staurari;
687 5017 806 5073 qua
827 5011 882 5059 et
913 5004 1314 5061 Christianitas
1348 5014 1722 5077 propagetur,
1774 5006 2052 5063 memoria

351 5088 650 5144 Dominica
680 5090 1015 5158 honoretur,
1069 5092 1361 5162 gentilitas
1407 5093 1870 5165 circumquaque
1930 5109 2054 5164 pre-

352 5185 566 5233 matur.
633 5177 738 5234 Sed
801 5178 924 5234 hac
981 5179 1314 5236 earumdem
1370 5180 1643 5238 fortitudo
1701 5181 1758 5238 in
1807 5183 2053 5239 Domino

349 5269 712 5326 exercituum
768 5271 968 5327 futura
1020 5271 1249 5338 dicitur,
1323 5272 1478 5342 quod
1533 5271 1818 5344 hodieque
1861 5275 2054 5330 cerni-

355 5363 470 5426 tur,
535 5357 678 5414 dum
743 5373 955 5414 manus
1024 5359 1324 5415 hominum
1393 5360 1802 5418 incredibiliter
1851 5376 2052 5432 parva,

353 5445 660 5502 adversum
715 5447 990 5503 universa
1033 5448 1378 5518 paganitatis
1424 5463 1606 5520 regna
1659 5451 2050 5520 congreditur,

352 5533 508 5603 quod
537 5541 719 5590 totum
767 5547 840 5590 ex
893 5535 1023 5606 ejus
1053 5535 1158 5606 qui
1195 5536 1664 5594 melivirtuttbus
1693 5547 1916 5608 praest,
1935 5537 2056 5594 sola

351 5620 570 5678 virtute
618 5621 1011 5692 prasumitur.
1062 5623 1170 5680 Ubi
1218 5623 1363 5681 bene
1401 5624 1652 5694 additur,
1683 5626 1799 5682 Deo
1827 5639 2050 5694 eorum,

2155 3159 2292 3228 vid;
2323 3167 2377 3216 et
2420 3159 2602 3230 gloria
2649 3159 3034 3216 habitantium
3064 3161 3378 3218 Jerusalem
3401 3166 3599 3216 contra
3635 3159 3847 3215 Judam

2151 3247 2340 3318 (Ζαεὴ
2385 3263 2486 3314 xu,
2518 3249 2591 3319 7).
2631 3269 2654 3298 ι
2687 3249 3260 3313 TabernaculaJuda,
3281 3249 3431 3304 sicut
3453 3249 3510 3303 in
3543 3247 3844 3318 principio,

2157 3336 2432 3393 Dominus
2461 3337 2660 3398 salvat,
2695 3351 2828 3393 cum
2880 3337 3016 3406 ipse,
3053 3337 3154 3408 qui
3187 3351 3320 3392 cum
3349 3336 3611 3406 patribus
3640 3336 3851 3391 nostris

2154 3425 2444 3480 mirabilia
2497 3425 2706 3490 fecerit,
2787 3425 3000 3481 nostris
3053 3426 3224 3481 etiam
3285 3424 3642 3496 glorificatur
3706 3424 3848 3480 adeo

2155 3513 2529 3583 temporibus,
2561 3521 2624 3570 ut
2655 3514 2764 3570 sub
2793 3515 3071 3570 arumnis
3100 3522 3156 3570 et
3179 3513 3602 3569 calamitatibus
3630 3511 3850 3582 majora

2153 3601 2388 3658 omnino
2435 3603 2691 3658 moderni
2732 3602 2822 3658 isti
2871 3603 3180 3659 videantur
3206 3601 3413 3672 egisse,
3453 3615 3630 3672 quam
3662 3601 3846 3656 Judai

2155 3689 2480 3760 antiquitus
2509 3705 2642 3746 cum
2675 3691 2958 3748 uxoribus
3002 3705 3069 3747 ac
3117 3690 3267 3759 filiis,
3322 3698 3378 3746 et
3415 3691 3688 3746 continua
3716 3703 3850 3744 ven-

2158 3777 2332 3833 trium
2383 3777 2759 3848 plenitudine,
2817 3778 2927 3834 sub
2959 3778 3175 3834 ducatu
3229 3778 3633 3849 apparentium
3675 3790 3846 3847 ange-

2155 3865 2362 3930 lorum,
2403 3865 2920 3937 frequentibusque
2975 3865 3269 3922 miraculis
3321 3867 3680 3922 astimantur
3733 3865 3847 3920 im-

2159 3953 2355 4024 plesse.
2407 3953 2539 4016 Hos,
2585 3954 2848 4024 inquam,
2886 3955 3151 4011 veracius
3197 3954 3424 4010 salvat:
3459 3953 3600 4023 quia
3627 3967 3720 4009 eos
3749 3966 3844 4008 re-

2154 4055 2294 4098 vera
2323 4041 2403 4097 uti
2440 4040 2586 4097 lilios
2633 4041 2836 4112 recipit
2881 4057 3028 4112 quos
3070 4041 3442 4112 corporaliter
3481 4041 3660 4098 occidi
3720 4055 3842 4110 per-

2157 4129 2349 4198 mittit,
2414 4129 2917 4200 temporaliterque
2987 4130 3253 4201 ﬂagellat.
3311 4131 3382 4187 Ut
3446 4144 3560 4186 non
3617 4130 3841 4200 magni-

2157 4217 2280 4286 fice,
2331 4218 2541 4288 inquit,
2601 4219 2808 4275 domus
2863 4219 3048 4275 David
3108 4219 3422 4288 glorietur;
3480 4219 3536 4275 id
3592 4227 3691 4286 est,
3745 4233 3838 4274 ve-

2155 4313 2302 4363 teres
2355 4306 2457 4378 qui
2530 4307 2814 4364 bellorum
2881 4307 3132 4364 victoriis
3191 4309 3698 4379 praeminuerunt,
3753 4321 3843 4363 su-

2158 4396 2380 4465 perbire
2406 4395 2701 4464 desistant,
2747 4411 2881 4453 cum
2917 4411 3096 4453 novos
3128 4411 3392 4468 quosque
3448 4397 3666 4468 potiora
3689 4411 3843 4452 exer-

2156 4483 2342 4540 cuisse
2399 4482 2773 4555 perpendam.
2826 4485 3022 4542 Gloria
3068 4499 3302 4556 quoque
3341 4485 3720 4542 habitantium
3753 4484 3839 4540 Je-

2157 4572 2430 4638 rusalem,
2493 4581 2693 4629 contra
2733 4573 2943 4629 Judam
2999 4574 3260 4631 elevatur
3291 4589 3302 4629 :
3332 4574 3473 4630 dum
3513 4573 3690 4629 fastus
3743 4587 3842 4628 eo-

2159 4673 2290 4716 rum
2327 4660 2427 4732 qui
2475 4660 2686 4717 ibidem
2722 4676 3056 4734 regnavere,
3105 4671 3161 4718 et
3197 4662 3395 4733 aliqua
3447 4662 3603 4718 clara
3649 4661 3838 4727 fecere,

2159 4749 2451 4806 modernis
2506 4750 2844 4821 opponitur.
2895 4751 3002 4807 Per
3057 4751 3237 4806 David
3293 4765 3568 4821 namque,
3601 4749 3698 4820 qui
3747 4763 3840 4820 po-

2159 4836 2444 4895 tissimum
2507 4839 2713 4908 potuit,
2760 4839 3047 4910 quidquid
3107 4839 3166 4894 in
3215 4839 3486 4909 superbia
3532 4837 3712 4908 magis
3755 4835 3845 4891 ha-

2163 4925 2300 4982 bent
2343 4941 2532 4983 causa
2563 4927 2857 4997 exprimit.
2907 4929 2991 4982 Ac
3019 4927 3069 4982 si
3114 4927 3359 4982 diceret:
3394 4926 3514 4981 Etsi
3548 4925 3723 4981 David
3762 4939 3844 4980 cc-

2161 5013 2504 5072 leberrimus
2530 5016 2708 5072 armis
2747 5015 3048 5080 exstiterit,
3090 5022 3144 5070 et
3179 5015 3248 5070 de
3293 5013 3726 5070 succedentibus
3759 5028 3842 5071 re-

2163 5100 2335 5172 gibus
2355 5101 2570 5172 aliquis
2598 5101 2818 5172 aliquid
2841 5101 3036 5172 gloria
3067 5100 3376 5171 quasierit,
3408 5099 3550 5154 nihil
3576 5101 3843 5168 reperitur

2164 5201 2264 5257 per
2321 5189 2472 5258 quod
2533 5189 2621 5244 his
2672 5187 2882 5242 nostris
2932 5188 3229 5257 exaquari
3285 5187 3520 5256 possint.
3586 5186 3840 5244 Habitare

2164 5283 2354 5331 autem
2383 5275 2668 5331 dominari
2699 5275 2986 5330 dicimus:
3023 5275 3174 5331 unde
3205 5283 3260 5331 et
3279 5289 3313 5330 a
3344 5276 3534 5344 verbo,
3567 5276 3715 5346 quod
3740 5284 3834 5344 est,

2165 5363 2360 5429 habeo,
2393 5362 2582 5430 habes,
2618 5362 3036 5432 frequentativa
3066 5363 3283 5420 dictum
3319 5364 3604 5434 ponimus.
3637 5365 3837 5420 Dicitur

2165 5463 2320 5516 vero,
2353 5460 2408 5505 et
2443 5451 2621 5506 David
2666 5451 2972 5522 magnifice
3001 5452 3230 5524 gloriari
3271 5463 3472 5510 contra
3515 5455 3734 5521 Judam,
3785 5460 3836 5510 et

2165 5537 2351 5608 gloria
2385 5538 2768 5594 habitantium
2801 5539 3302 5613 Jerusalemzquia
3329 5543 3432 5614 ipsi
3468 5541 3836 5598 materiasunt

2166 5625 2558 5694 superbiendi,
2607 5634 2939 5684 nostrorum
2987 5629 3136 5687 facta
3166 5631 3473 5688 humiliare
3519 5629 3832 5688 volentium.
