3934 6424
123 363 252 414 809
1236 357 1461 415 GESTA
1501 360 1619 416 DEI
1662 354 1805 417 PER
1845 359 2176 417 FRANCOS.
2202 358 2419 415 —L|B.
2465 360 2605 416 Vlll.
3570 366 3679 416 sm

215 516 248 548 ‹‹
283 498 356 552 ln
384 496 476 551 die
510 496 623 562 illa,
655 503 911 567 proteget
953 496 1232 553 Dominus
1290 495 1638 553 habitatores
1689 497 1863 553 Jeru-
1902 501 1950 556 A
1982 498 2039 552 in
2068 499 2612 568 Opportunitatibus,
2659 499 2712 553 in
2770 497 3137 555 tribulatione
3183 497 3477 567 suspirare
3505 511 3673 567 coga-

124 585 338 641 salem
389 584 595 653 (Zach.
648 599 746 651 xu,
798 586 867 651 8).
929 607 953 632 η
1004 584 1075 640 Et
1104 584 1372 654 nunquid
1421 600 1536 640 non
1580 584 1865 655 hodieque
1978 594 2091 641 tur.
3441 585 3444 588 ’

127 672 433 742 protegit,
479 686 647 743 quos,
669 686 921 728 cuneum
970 672 1144 728 nimis
1190 673 1422 738 exilem,
1455 673 1513 729 in
1546 672 1864 729 meditullio
2046 675 2331 746 Eccejam
2370 674 2617 744 seposito
2669 672 2826 731 omni
2878 673 3167 743 mysterio,
3216 671 3526 727 materialis
3576 671 3671 728 illa

131 762 503 831 gentilitatis
552 760 790 816 infinita
860 760 1150 817 defendit?
1225 760 1560 816 Audacibus
1611 760 1865 830 quotidie
1974 761 2556 833 Jerusalem,quanta
2584 768 2857 831 putamus
2889 761 3194 830 aliquoties
3235 758 3345 815 sub
3380 760 3671 816 dubietate

132 857 366 919 gentes
406 849 708 920 contiguas
756 848 934 904 armis
980 847 1253 904 irritant:
1305 856 1359 904 et
1409 848 1547 919 ipsis
1591 848 1731 904 satis
1781 855 1867 904 est
1975 856 2029 904 et
2062 849 2263 905 timore
2307 864 2366 904 se
2417 848 2645 913 habeat,
2700 847 2862 914 dum,
2894 846 3069 917 juxta
3119 846 3467 903 Ezechielem
3521 848 3666 919 (cap.

136 938 439 1007 gentibus
517 938 565 992 si
611 951 671 992 se
717 937 791 993 ab
840 950 1041 995 eorum
1094 936 1424 993 incursione
1454 935 1862 1007 pramuniant,
1977 955 2030 1006 v,
2064 939 2138 1009 5),
2174 940 2230 995 in
2281 938 2466 995 medio
2515 939 2773 1009 gentium
2823 951 2883 1001 se
2940 936 3180 993 attendit
3220 935 3483 1008 positam,
3526 944 3581 992 et
3614 937 3672 991 in

138 1025 384 1082 nedum
414 1025 671 1082 obsidere
705 1030 1078 1096 prasumant.

229 1162 262 1190 (ι
288 1141 364 1196 Ει
388 1141 519 1208 erit,
548 1140 648 1210 qui
702 1137 1004 1194 offenderit
1056 1151 1130 1193 ex
1176 1136 1258 1192 eis
1313 1135 1373 1192 in
1398 1136 1489 1193 die
1541 1136 1658 1205 illa,
1700 1136 1867 1209 quasi

144 1228 383 1296 David;
423 1236 478 1283 et
522 1228 728 1283 domus
786 1226 988 1295 David,
1037 1225 1206 1296 quasi
1269 1225 1389 1294 Dei,
1447 1225 1597 1282 sicut
1627 1226 1869 1296 angelus

146 1316 424 1383 Domini,
465 1315 521 1370 in
575 1323 882 1384 conspectu
933 1315 1059 1384 ejus
1111 1312 1316 1385 (Ibid.)
1357 1336 1377 1361 ι
1428 1313 1541 1369 Vix
1575 1314 1870 1369 invenitur

150 1405 354 1460 David
396 1404 695 1475 quidpiam
749 1403 1004 1473 graviter
1053 1402 1382 1473 deliquisse,
1433 1402 1603 1472 cujus
1640 1415 1869 1472 pariam

150 1500 591 1563 consequenter
646 1506 762 1546 non
826 1491 1053 1561 legatur
1106 1490 1163 1544 in
1239 1490 1505 1559 praesenti
1570 1490 1862 1559 recepisse.

150 1580 518 1650 Quicunque
586 1581 765 1650 igitur
808 1593 881 1634 ex
935 1579 1147 1634 nostris
1203 1577 1524 1645 offenderit,
1595 1577 1643 1633 si
1702 1577 1871 1647 quasi

154 1668 378 1733 David,
401 1669 542 1723 dum
568 1681 685 1723 non
709 1681 909 1722 eorum
939 1674 1042 1722 aut
1082 1667 1352 1722 luxurias
1397 1666 1518 1721 sive
1547 1665 1896 1735 superbias,-

154 1757 325 1813 inter
351 1757 631 1823 eundum,
682 1757 833 1811 sicut
877 1756 1143 1825 superius
1175 1755 1471 1811 continent
1502 1763 1682 1825 gesta,
1720 1755 1873 1809 Deus

157 1848 294 1916 ipse
324 1845 607 1914 impunita
633 1844 891 1914 reliquit;
929 1844 1027 1900 sed
1054 1858 1210 1911 mox,
1249 1844 1399 1900 inter
1446 1842 1700 1899 ineuntis
1738 1856 1869 1912 pec-

155 1934 282 1990 cati
329 1947 652 1999 successus,
706 1947 838 2002 qua
895 1946 1172 1994 meruere.
1226 1932 1469 1987 celerius
1525 1937 1627 1987 aut
1683 1931 1871 1998 famis,

159 2030 276 2079 aut
325 2021 722 2093 quarumlibet
792 2020 1199 2077 difficultatum
1249 2027 1533 2075 tormenta
1591 2019 1868 2089 rependit.

160 2112 337 2167 Unde
392 2118 446 2167 et
497 2111 704 2166 domus
764 2109 947 2165 David
1018 2109 1185 2180 quasi
1243 2108 1342 2164 Dei
1400 2108 1670 2174 efficitur,
1733 2108 1876 2178 quia

158 2213 276 2271 per
331 2198 547 2255 divina
600 2198 975 2268 correptionis
1042 2196 1372 2252 instantiam
1427 2196 1500 2252 ad
1556 2195 1877 2266 spiritualis

160 2289 377 2361 gratia
423 2294 766 2357 conceptum
806 2286 1047 2343 reditur.
1098 2286 1321 2352 Quibus
1364 2287 1519 2341 enim
1572 2286 1743 2350 Deus,
1791 2283 1872 2340 uti

162 2376 471 2448 quondam
520 2375 724 2439 David,
788 2382 1021 2444 paterae
1071 2373 1435 2444 disciplinam
1495 2372 1732 2444 irrogat.
1773 2373 1877 2428 hos

161 2464 368 2521 statim
415 2477 449 2519 a
506 2476 627 2519 sua
675 2461 1074 2532 inspirationis
1119 2460 1428 2530 complexu
1478 2475 1593 2516 non
1623 2460 1872 2516 abdicat.

164 2554 265 2610 Fit
316 2566 555 2622 quoque
606 2550 666 2606 in
749 2549 849 2606 Dei
903 2556 1212 2619 conspectu
1267 2556 1331 2604 ut
1375 2548 1653 2619 angelus:
1737 2550 1878 2618 quia

161 2641 316 2697 dum
363 2654 466 2710 per
514 2637 873 2695 imminentia
915 2637 1144 2708 ﬂagella
1202 2636 1369 2692 homo
1417 2636 1694 2706 conspicit
1734 2651 1794 2692 se
1843 2649 1876 2691 a

162 2728 319 2794 suis,
355 2731 464 2784 Deo
501 2735 756 2793 auctore,
796 2725 973 2782 eximi
1020 2723 1340 2791 affectibus,
1392 2724 1575 2780 Deum
1606 2724 1756 2779 illico
1785 2724 1873 2779 di-

162 2817 355 2888 ligere
406 2815 649 2871 intendit
697 2814 1036 2870 ardentius:
1088 2812 1226 2868 dum
1278 2813 1432 2869 enim
1477 2814 1551 2868 'se
1602 2812 1876 2882 castigari

160 2905 469 2978 cognoscit
527 2912 590 2960 ut
639 2903 841 2970 tilium,
888 2910 1045 2959 amat
1086 2909 1150 2958 ut
1197 2902 1462 2972 angelus.
1517 2902 1614 2957 Dei
1681 2910 1875 2957 autem

161 3001 536 3065 conspectus,
571 2992 700 3063 pius
720 2999 804 3048 est
835 2991 1084 3048 hominis
1114 2990 1402 3046 interioris
1432 2989 1688 3046 affectus.

244 3132 275 3158 ‹‹
339 3110 407 3164 Ει
437 3108 546 3164 erit
578 3109 637 3163 in
685 3108 776 3163 die
830 3105 957 3173 illa;
1008 3119 1270 3175 quaram
1340 3111 1630 3161 conterere
1683 3118 1880 3160 omnes

164 3203 335 3254 440
367 3204 564 3268 gentes
600 3211 733 3267 qua
766 3195 1010 3252 veniunt
1055 3201 1255 3250 contra
1298 3192 1614 3249 Jerusalem
1664 3193 1877 3264 (Zach.

166 3304 278 3355 xu,
311 3287 388 3358 9).
425 3307 453 3337 ›
494 3287 578 3342 Ea
615 3285 864 3342 solemus
906 3297 1187 3355 quarere,
1216 3296 1349 3353 qua
1396 3296 1500 3337 nos
1529 3287 1750 3337 certum
1798 3276 1882 3337 est

169 3376 287 3434 sub
334 3374 519 3431 oculis
563 3388 682 3430 non
734 3372 966 3428 habere.
999 3371 1145 3438 Quid
1176 3384 1315 3426 vero
1346 3370 1446 3426 Dei
1487 3376 1570 3426 est
1598 3383 1877 3440 quarere,

171 3464 291 3521 nisi
321 3463 430 3519 sub
472 3469 701 3518 aterna
732 3459 1081 3531 provisionis
1111 3458 1408 3514 vocatione
1456 3456 1720 3514 facienda
1750 3471 1880 3528 pro-

175 3552 433 3623 ponere?
482 3548 699 3616 Quarit
745 3562 882 3620 ergo
936 3549 1088 3604 Deus
1141 3554 1432 3603 conterere
1483 3559 1682 3602 omnes
1743 3560 1882 3618 gen-

176 3648 264 3698 tes
322 3654 455 3710 qua
485 3644 686 3694 contra
745 3635 1060 3693 Jerusalem
1107 3634 1369 3701 veniunt,
1410 3642 1466 3691 et
1514 3634 1624 3690 hoc
1680 3634 1739 3689 in
1793 3633 1885 3689 die

180 3728 332 3784 illa:
384 3726 524 3797 quia
571 3725 767 3781 subtili
833 3738 941 3780 suo
996 3721 1213 3794 judicio
1270 3722 1534 3792 providet
1599 3736 1667 3778 ac
1729 3722 1885 3778 ordi-

178 3824 285 3873 nat
311 3815 466 3886 quod
515 3828 613 3870 eos
642 3814 741 3884 qui
794 3812 921 3868 fidei
952 3811 1240 3867 contraria
1267 3817 1452 3882 agunt
1481 3817 1582 3867 aut
1609 3818 1885 3881 perpetua

182 3903 555 3962 damnatione
585 3908 862 3966 conterat,
888 3908 989 3956 aut
1011 3907 1299 3971 quantum
1327 3906 1543 3969 spectat
1572 3900 1641 3954 ad
1671 3898 1888 3955 exami-

183 3994 478 4050 nationem
513 4006 633 4048 sua
665 3992 916 4060 ipsorum
946 3988 1294 4060 fragilitatis.
1337 3987 1663 4043 imminuat.
1724 3987 1886 4044 Unde

186 4090 294 4150 est,
328 4103 357 4130 ‹‹
384 4082 711 4151 Tanquam,
746 4098 774 4131 η
804 4078 1014 4149 inquit,
1044 4100 1073 4126 «
1108 4091 1209 4133 vas
1235 4075 1398 4147 figuli
1419 4075 1750 4147 confringes
1766 4090 1883 4143 eos,

187 4185 338 4241 quos
396 4169 617 4225 rexeris
672 4167 732 4223 in
783 4168 950 4237 virga
999 4166 1182 4221 ferrea
1227 4162 1418 4231 (Ρεαι.
1456 4179 1516 4230 ιι,
1549 4164 1623 4232 9).
1661 4186 1682 4211 ι
1724 4163 1885 4230 Quod

190 4265 384 4315 tamen
417 4256 550 4312 facit
583 4256 737 4311 Deus
778 4253 1162 4309 illustratione
1192 4253 1439 4318 interna,
1475 4265 1607 4322 qua
1635 4258 1719 4307 est
1751 4264 1885 4320 pro-

188 4345 332 4402 fecto
369 4344 523 4410 dies;
556 4343 653 4400 sed
688 4342 804 4410 illa,
839 4354 970 4412 qua
1000 4339 1248 4412 exprimi
1277 4339 1537 4396 videlicet
1567 4353 1683 4395 non
1714 4339 1889 4410 possit

189 4431 622 4488 ratiocinatione
643 4429 784 4486 ulla.

262 4578 290 4604 «
323 4556 392 4613 Et
419 4553 712 4611 effundam
740 4565 915 4623 super
959 4550 1194 4607 domum
1229 4549 1435 4614 David,
1474 4558 1528 4608 et
1569 4564 1747 4621 super
1775 4550 1888 4606 ha-

196 4643 463 4700 bitatores
528 4640 864 4707 Jerusalem,
937 4637 1203 4708 spiritum
1277 4638 1477 4710 gratia
1541 4643 1596 4693 et
1651 4650 1887 4708 precum

196 4733 353 4799 (Luc.
402 4745 506 4799 xu,
559 4729 667 4801 l0).
723 4729 881 4798 Ipsos
940 4726 1288 4783 habitatores
1340 4725 1657 4781 Jerusalem
1720 4724 1888 4779 dixe—

197 4818 303 4875 rim
359 4818 595 4875 domum
654 4815 865 4885 David;
915 4828 1062 4886 quos
1126 4814 1491 4884 omnipotens
1551 4812 1722 4881 Deus,
1806 4818 1889 4868 et-

199 4905 244 4961 si
291 4902 693 4974 frequentibus
729 4901 983 4958 victoriis
1021 4900 1260 4956 donavit
1306 4907 1361 4956 et
1423 4900 1621 4968 donat,
1677 4900 1893 4956 creber-

198 4992 355 5048 rimis
385 5000 577 5048 tamen
598 4988 931 5045 infortuniis
958 4987 1216 5044 edomuit
1232 4994 1288 5044 et
1309 4987 1598 5044 redomuit
1630 5003 1643 5043 :
1671 4995 1728 5043 et
1749 4987 1889 5043 dum

199 5094 288 5137 eos
316 5095 420 5137 nec
447 5076 879 5135 continuatione
929 5076 1215 5132 malorum
1248 5075 1553 5146 desperare
1590 5073 1887 5146 permittit,

201 5183 301 5225 nec
328 5166 661 5224 assiduitate
718 5165 1003 5221 bonorum
1043 5162 1345 5234 superbire
1399 5163 1557 5229 sinit,
1615 5160 1890 5232 Spiritum

204 5257 394 5329 gratia
423 5262 480 5312 et
511 5269 743 5326 precum
782 5267 957 5323 super
1005 5252 1177 5323 ipsos,
1225 5253 1358 5335 pius
1403 5251 1727 5309 necessario
1771 5251 1891 5322 jam

205 5346 559 5416 dispensator
630 5340 912 5408 effundit;
981 5348 1047 5397 ut
1101 5341 1241 5397 dum
1296 5340 1458 5397 nulla
1525 5338 1891 5411 prosperitas,

209 5446 329 5502 qua
364 5431 541 5488 etiam
566 5429 843 5500 perfectos
872 5442 1137 5499 quosque
1167 5427 1422 5496 resolvit,
1472 5429 1595 5484 sine
1634 5426 1893 5498 subjecta

210 5532 336 5574 mox
396 5515 747 5574 adversitate
793 5514 901 5571 sibi
942 5515 1199 5571 arridere
1219 5514 1467 5582 videtur,
1512 5526 1736 5584 semper
1765 5514 1897 5569 ani-

209 5619 330 5663 mus
354 5602 833 5676 inquietudinum
863 5600 1121 5669 timidus,
1158 5599 1231 5656 ad
1260 5613 1391 5657 eum
1424 5601 1527 5674 qui
1555 5601 1787 5672 adjutor
1814 5609 1900 5658 est

557 5689 836 5757 Parnon.
887 5688 1091 5756 CLVI.

1975 1027 2226 1084 circuitu
2276 1042 2381 1083 suo
2411 1034 2629 1098 gentes,
2664 1025 3199 1097 circumjacentium
3245 1026 3547 1081 nationum
3582 1025 3670 1081 in-

1979 1114 2277 1182 finitatem,
2309 1129 2428 1171 sua
2461 1114 2622 1171 urbis
2649 1113 3018 1171 considerans
3045 1113 3414 1184 paucitatem.
3444 1115 3511 1170 Et
3531 1116 3668 1171 dum

1977 1204 2290 1263 barbarum
2315 1205 2572 1275 gentium
2597 1202 2944 1274 irruptiones
2968 1202 3353 1259 indesinenter
3384 1210 3670 1275 metuunt,

1981 1291 2083 1347 nisi
2145 1291 2544 1348 miserabiliter
2588 1290 2896 1361 desipiunt,
2942 1304 3248 1360 nunquam
3307 1290 3529 1361 absque
3577 1292 3671 1346 Dei

1980 1379 2200 1435 timoris
2231 1387 2287 1436 et
2316 1380 2527 1436 amoris
2555 1381 2743 1450 gratia
2770 1385 2925 1445 sunt,
2978 1379 3193 1449 quibus
3218 1392 3524 1449 nunquam
3569 1378 3674 1448 pia

1979 1468 2294 1524 affectionis
2325 1483 2391 1524 ac
2424 1482 2657 1538 precum
2688 1467 2938 1523 materia
2961 1467 3185 1522 desunt.
3218 1465 3367 1523 Solet
3396 1467 3670 1522 nimirum

1976 1560 2372 1629 Omnipotens,
2431 1559 2647 1615 aculeis
2698 1557 3139 1621 adversitatum,
3169 1556 3238 1612 ad
3271 1558 3358 1612 sui
3404 1558 3675 1613 recorda-

1981 1649 2191 1703 tionem
2245 1648 2549 1704 sollicitare
2606 1661 2776 1702 suos:
2843 1644 2981 1701 solet
3023 1644 3446 1702 titillationibus
3485 1645 3678 1701 carnis

1982 1736 2214 1792 inurere
2266 1744 2497 1802 mentes,
2533 1743 2597 1792 ut
2647 1734 2882 1799 scilicet,
2925 1732 3061 1789 dum
3109 1734 3347 1790 ruinam.
3388 1741 3673 1797 metuunt,

1987 1824 2131 1880 votis
2152 1838 2218 1879 ac
2246 1823 2624 1891 orationibus,
2662 1823 2755 1879 Dei
2806 1821 3064 1879 subsidio
3099 1836 3322 1893 semper
3370 1824 3676 1878 invenian-

1981 1920 2078 1967 tur
2097 1911 2359 1969 acclives.

2658 1997 2891 2053 CAPUT
2930 1996 2998 2053 V.

2058 2084 2258 2160 [XXL]
2321 2084 2789 2141 Christianorum
2814 2082 3183 2139 calamitates
3226 2083 3577 2139 recoluntur.
3609 2112 3683 2127 -

1982 2175 2248 2232 Diximus
2285 2189 2401 2230 non
2440 2173 2635 2240 semel,
2677 2173 2772 2228 sed
2804 2170 2945 2228 forte
2975 2171 3285 2240 multoties,
3322 2187 3426 2229 nec
3455 2180 3680 2244 repete-

1983 2278 2043 2319 re
2075 2263 2231 2334 piget
2261 2276 2273 2316 :
2304 2260 2413 2317 tale
2459 2259 2596 2331 quid
2633 2272 2925 2328 nusquam
2975 2258 3233 2328 gentium
3268 2273 3302 2314 a
3350 2261 3558 2316 saeculo
3601 2261 3681 2316 fa-

1981 2357 2158 2406 ctum.
2209 2349 2263 2404 Si
2315 2347 2412 2403 filii
2458 2347 2654 2410 Israel,
2701 2345 2998 2401 miraculis
3032 2360 3163 2416 qua
3211 2354 3342 2402 ante
3369 2361 3464 2402 eos
3502 2348 3683 2419 egerit

1984 2437 2263 2492 Dominus
2317 2435 2455 2490 mihi
2498 2434 2832 2489 inferuntur
2887 2433 3142 2502 objectis,
3221 2434 3311 2489 his
3353 2450 3458 2506 ego
3501 2436 3683 2492 multo

1984 2522 2305 2579 mirabilius
2346 2530 2603 2578 astruam
2654 2534 2809 2576 mare
2860 2519 3287 2577 confertissima
3353 2522 3686 2593 gentilitatis

1984 2618 2280 2681 apertum;
2328 2610 2419 2667 bis
2470 2607 2723 2664 interdiu
2785 2620 2858 2663 ex
2901 2606 3172 2663 columna
3227 2609 3442 2665 nubem
3504 2609 3685 2665 divini

1984 2699 2224 2763 timoris,
2259 2705 2436 2753 noctu
2467 2696 2665 2752 lumen
2706 2695 2918 2751 divina
2949 2696 3067 2765 spei
3130 2695 3439 2765 perhibebo
3472 2695 3685 2766 prahi-

1986 2795 2127 2849 tum,
2162 2786 2379 2857 quibus
2433 2784 2695 2857 Christus
2746 2783 2863 2852 ipse
2894 2782 3165 2839 columna
3200 2783 3559 2840 rectitudinis
3604 2783 3685 2856 jac

1986 2854 2341 2931 fortitudinis
2373 2854 2676 2942 inspiravit
2726 2872 3021 2941 exempla;
3076 2886 3223 2942 quos
3271 2872 3430 2928 verbi
3466 2854 3687 2940 Dei,ﬁac

1985 2963 2032 3019 si
2063 2976 2279 3019 manna
2310 2960 2555 3027 ealeste,
2588 2959 2809 3028 absque
2842 2958 3018 3015 ullius
3043 2969 3286 3015 terrena
3324 2960 3465 3030 spei,
3499 2961 3683 3017 solum

1918 3078 1958 3133 ρ
1994 3050 2118 3123 [αι.,
2152 3048 2373 3119 solatio]
2426 3047 2768 3104 confortavit
2809 3047 3091 3103 edulium.
3154 3047 3238 3103 Illi
3271 3049 3486 3119 pabula
3529 3050 3687 3131 cali:

1990 3148 2083 3193 tus
2157 3135 2484 3192 ministrata
2544 3132 2871 3204 fastidiunt;
2937 3135 3252 3205 Egyptum
3334 3136 3683 3204 derelictam,

1990 3227 2188 3284 crebro
2238 3224 2527 3281 mentibus
2571 3231 2625 3280 et
2679 3237 2818 3279 voce
2858 3224 3150 3290 revisunt;
3213 3224 3300 3279 isti
3351 3225 3500 3281 sicut
3543 3226 3686 3283 nihil

1993 3333 2256 3390 unquam
2312 3315 2716 3388 retrogradum
2764 3315 3105 3385 moliuntur,
3155 3316 3235 3372 ita
3264 3318 3551 3389 quidquid
3592 3334 3688 3390 pe-

1990 3408 2176 3465 nuria
2215 3421 2282 3462 ac
2335 3403 2732 3470 neccessitatis.
2770 3405 3072 3474 ingruerit,
3130 3405 3435 3463 vivacibus
3480 3407 3691 3465 animis

1990 3496 2437 3566 amplectuntur.
2481 3494 2642 3549 Certe
2689 3492 2785 3547 illa
2814 3492 2969 3562 apud
3001 3492 3364 3549 Antiochiam
3406 3493 3691 3552 celebrata

1990 3584 2310 3649 calamitas,
2362 3596 2495 3652 qua
2553 3579 2956 3650 frequentibus
3012 3580 3421 3650 propemodum
3483 3578 3692 3638 inediis

1989 3673 2289 3736 oscitabat,
2324 3684 2440 3725 non
2476 3668 2599 3725 sine
2625 3668 2976 3749 quibusdam
3023 3668 3313 3725 nobilibus
3352 3669 3693 3739 spectaculis

1993 3758 2243 3817 traditur
2262 3757 2563 3814 exstitisse.
2616 3755 2739 3822 Qua
2781 3764 3077 3826 putamus,
3111 3756 3259 3813 inter
3293 3757 3448 3813 illius
3504 3759 3689 3813 omni-

1995 3846 2176 3903 moda
2204 3846 2472 3915 egestatis
2497 3844 2692 3911 exitia,
2727 3858 2841 3914 qua
2871 3843 2950 3899 nil
2982 3844 3199 3915 agrins
3243 3846 3398 3915 apud
3432 3845 3693 3902 homines

1993 3932 2357 3991 consueverit
2413 3931 2663 3997 tolerari,
2724 3930 3198 4001 magnanimitate
3254 3946 3312 3987 se
3393 3933 3688 4003 gesserint,

1994 4020 2097 4091 qui
2151 4019 2480 4076 Christiana
2538 4018 2781 4084 theatra,
2827 4017 2903 4072 illi
2964 4017 3162 4086 procul
3215 4018 3394 4075 dubio
3452 4020 3691 4089 tempori

1994 4125 2060 4167 ac
2093 4110 2217 4165 loco
2247 4100 2666 4176 convenientia,
2699 4122 2815 4162 non
2840 4107 3205 4177 spreverint?

2067 4199 2153 4252 De
2175 4195 2441 4269 parvulis
2457 4213 2588 4251 cum
2614 4194 2882 4268 patribus
2910 4193 3341 4267 Jerosolymam
3387 4195 3689 4269 profectis.

1992 4285 2345 4343 Eorumdem
2383 4284 2760 4356 parvulorum
2800 4283 3103 4339 exercitus.
3150 4313 3219 4323 —-
3267 4283 3445 4340 Plane
3498 4283 3571 4341 ab
3604 4285 3693 4341 his

1929 4376 1971 4430 Ι)
1997 4375 2099 4447 qui
2130 4373 2441 4430 interfuere
2476 4373 2743 4437 refertur,
2781 4386 2917 4428 cum
2970 4371 3175 4428 civitas
3218 4372 3418 4429 eadem
3461 4372 3693 4429 obside-

1998 4469 2177 4525 retur,
2229 4470 2283 4516 et
2330 4460 2545 4516 crebris
2587 4458 2988 4531 congressibus
3045 4459 3368 4516 obsessores
3411 4468 3467 4516 et
3509 4459 3694 4516 urbici

1998 4550 2397 4621 miscerentur,
2432 4548 2604 4604 fiebat
2643 4547 2952 4618 sapissime
2987 4555 3051 4604 ut
3101 4548 3244 4605 viris
3284 4549 3419 4604 hinc
3449 4549 3695 4619 indeque

1999 4635 2356 4703 cedentibus,
2407 4642 2464 4691 et
2514 4635 2791 4704 impetum
2831 4633 3084 4691 vicissim
3114 4635 3352 4691 consilio
3378 4648 3445 4691 ac
3476 4635 3696 4692 ratione

1999 4723 2381 4789 frenantibus,
2414 4736 2727 4793 puerorum
2759 4723 3030 4779 examina
3060 4736 3193 4793 pars
3219 4737 3291 4779 ex
3319 4723 3462 4779 urbe
3493 4737 3695 4793 proce-

2001 4811 2220 4880 derent,
2267 4825 2403 4881 pars
2439 4825 2512 4867 ex
2559 4818 2886 4866 nostrorum
2935 4809 3066 4866 filiis
3105 4824 3137 4866 e
3171 4810 3398 4867 diverso
3451 4810 3692 4878 coirent,

2002 4899 2333 4971 pariterque
2408 4898 2733 4970 dignissimi
2798 4898 3218 4969 exspectatione
3297 4898 3692 4969 conﬂigerent.

2002 4988 2160 5044 Sicut
2180 5000 2436 5057 namque
2478 4987 2536 5040 in
2567 4986 2804 5042 exordio
2849 4986 3029 5057 hujus
3078 4986 3327 5043 historia
3370 4987 3696 5056 retulimus,

2001 5089 2135 5133 cum
2177 5074 2331 5144 apud
2347 5074 2725 5130 occidentales
2767 5074 3029 5145 regiones
3066 5074 3513 5145 percrebruisset
3540 5075 3697 5132 Jero-

2003 5161 2348 5232 solymitana
2372 5161 2663 5231 profectio,
2699 5164 2888 5231 patres
2927 5176 3057 5217 cum
3105 5161 3367 5231 parvulis
3414 5161 3547 5219 ﬁliis
3592 5163 3701 5220 hoc

2005 5251 2195 5321 ipsum
2227 5249 2717 5321 aggrediebautur
2753 5251 2879 5306 iter.
2917 5251 3079 5306 Unde
3100 5248 3309 5306 accidit
3357 5258 3421 5307 ut
3461 5252 3701 5306 mortuis

2004 5336 2344 5408 parentibus
2374 5336 2730 5406 aliquorum,
2790 5337 2897 5407 ipsi
2938 5335 3169 5408 pueruli
3217 5344 3702 5407 prosequerentur

2003 5425 2345 5494 exercitum,
2404 5424 2588 5481 labori
2647 5433 3063 5488 assuescerent,
3127 5432 3204 5490 et,
3275 5432 3562 5495 quantum
3630 5425 3702 5480 ad

2007 5513 2215 5585 inopia
2247 5512 2609 5569 tolerantiam
2642 5512 2863 5581 attinet,
2907 5512 3227 5584 majoribus
3285 5513 3534 5583 impares
3572 5511 3704 5568 nul-

2004 5601 2234 5659 latenus
2252 5607 2457 5657 essent.
2512 5602 2580 5657 Ili
2611 5601 2806 5673 igitur,
2837 5614 2936 5671 per
2964 5615 3022 5657 se
3045 5600 3275 5672 agmine
3308 5601 3477 5669 facto,
3503 5600 3709 5670 princi-

3277 5694 3365 5757 26
