3934 6396
113 435 222 485 813

1181 427 1396 482 GESTA
1436 427 1556 482 DEI
1599 426 1736 482 PER
1781 425 2107 482 FRANCOS.
2142 457 2206 465 —-
2253 426 2385 480 LIB.
2438 426 2576 480 VIII.

3537 432 3640 485 814

109 578 299 634 supra
355 563 602 633 egimus,
668 569 722 617 et
785 560 874 615 ille
923 559 1169 629 Philippi
1231 565 1380 614 441
1441 559 1592 631 regis
1651 560 1828 615 frater
1865 561 1911 613 A
1940 560 2228 616 exercitus
2257 573 2488 630 quoque
2519 559 2874 616 cadaverum
2915 559 3127 630 passim
3175 561 3642 619 decumbentium

112 655 290 723 Hugo
323 653 583 722 Magnus,
639 649 884 719 sepulcri
937 647 1214 702 Dominici
1251 648 1400 703 viam
1469 650 1667 704 iterato
1710 663 1828 703 coe-

108 749 345 810 perunt.
391 753 615 795 summe
671 737 972 793 mediocris
1019 746 1074 791 et
1115 736 1296 790 infimi
1349 737 1575 806 generis
1608 743 1830 806 quanta

110 845 188 886 ex
242 829 378 885 solis
425 826 682 884 Francize
731 825 993 894 partibus
1051 825 1143 892 (de
1199 827 1418 879 caeteris
1464 824 1617 880 enim
1652 823 1828 891 taceo)

114 916 448 988 frequentia
525 912 898 984 processerit?
966 911 1157 966 Tacito
1226 912 1578 981 Burgundize
1663 912 1827 976 duce,

115 1005 264 1075 quid
299 1005 368 1060 de
400 1002 718 1059 Pictavensi
751 1000 957 1056 comite
989 1000 1236 1069 loquar?
1275 999 1399 1069 qui,
1440 1007 1644 1068 praeter
1675 999 1831 1054 mili-

117 1094 216 1149 tiae
248 1092 504 1164 grandis,
539 1104 709 1160 quem
732 1102 925 1144 secum
959 1087 1250 1157 proposuit
1281 1087 1537 1155 ductare,
1571 1088 1828 1158 globum,

116 1181 298 1237 etiam
355 1180 1048 1235 examina-contraxerat
1095 1175 1458 1246 puellarum?
1509 1175 1637 1243 Qui,
1695 1191 1828 1232 cum

117 1268 442 1338 majestatis
496 1280 614 1322 suaa
680 1265 889 1334 passim
960 1272 1294 1334 personaret
1355 1264 1513 1320 testis
1569 1265 1828 1333 ambitio,

118 1355 672 1424 Constantinopolim
723 1353 896 1422 venit,
942 1367 1074 1408 cum
1111 1353 1487 1422 perfidissimo
1528 1354 1829 1408 hominum

119 1446 294 1502 Alexi
325 1430 570 1514 tyranno
599 1442 948 1513 colloquium
984 1441 1205 1498 habuit.
1241 1441 1421 1511 Cujus
1446 1443 1700 1511 proditor
1739 1443 1830 1496 ille

120 1533 517 1605 nequissimus
537 1533 870 1598 adventum,
900 1538 1211 1600 antequam
1249 1533 1406 1600 regia
1436 1545 1624 1585 comes
1655 1530 1830 1586 isdem

121 1622 526 1694 digrederetur
573 1621 646 1676 ab
694 1620 856 1686 urbe,
915 1620 1118 1674 Turcis
1176 1632 1276 1688 per
1303 1619 1572 1687 epistolas
1603 1619 1826 1674 detulit.

127 1735 149 1760 ι
189 1713 350 1776 Ecce,
403 1709 611 1780 inquit,
644 1721 674 1763 e
721 1707 979 1762 Franciis
1017 1706 1408 1777 pinguissimae
1441 1707 1512 1761 ad
1547 1721 1647 1761 vos
1693 1721 1829 1776 pro-

120 1800 472 1870 grediuntur
512 1812 665 1864 oves,
698 1811 829 1867 quae
870 1796 1063 1850 minus
1094 1795 1332 1864 provido
1364 1802 1555 1850 tamen
1601 1803 1826 1864 pastore

119 1893 430 1956 reguntur.
467 1906 495 1933 »
525 1883 672 1950 Quid
730 1883 934 1953 plura?
973 1896 1162 1937 comes
1224 1882 1503 1952 tyrannici
1550 1881 1825 1952 principis

121 1974 266 2030 ﬁnes
338 1980 681 2035 excesserat,
761 1972 1078 2026 Turcorum
1136 1978 1191 2025 et
1263 1971 1550 2026 exercitus
1600 1979 1828 2039 repente

120 2063 332 2118 obvius
388 2069 555 2128 astat,
591 2062 741 2116 vires
792 2060 1062 2122 hominis,
1111 2065 1305 2127 utpote
1355 2059 1703 2115 adventitias
1736 2061 1827 2114 in-

121 2151 584 2220 compositasque
659 2147 982 2215 debilitans,
1054 2147 1351 2217 dispergit,
1432 2148 1728 2217 praedatur
1776 2155 1828 2202 et

120 2246 380 2309 superat.
418 2238 500 2293 Ibi
550 2238 715 2308 Hugo
748 2237 1013 2307 Magnus,
1071 2250 1223 2306 genu
1250 2235 1460 2305 sagitta
1503 2250 1826 2305 percussus,

120 2329 403 2398 languore
434 2333 739 2396 protracto,
771 2325 999 2381 tandem
1038 2323 1328 2390 occubuit,
1363 2325 1516 2393 apud
1543 2325 1828 2380 Tharsum

119 2417 336 2473 Ciliciae
364 2417 598 2471 sortitus
624 2415 760 2484 jura
809 2413 1080 2483 sepulcri.
1116 2413 1248 2467 Hzec
1280 2414 1429 2467 intra
1459 2427 1606 2480 eam,
1651 2428 1828 2484 quam

121 2505 411 2575 Satyriam
445 2505 666 2565 dicunt,
698 2503 844 2558 facta
874 2502 1048 2557 fuisse
1079 2501 1435 2570 provinciam
1469 2501 1720 2558 tradunt.

807 2590 1037 2646 CAPUT
1078 2590 1171 2645 VI.

198 2680 442 2754 [XXIIL]
481 2679 740 2749 Perﬁdus
782 2677 1102 2749 imperator
1150 2679 1503 2732 Francorum
1534 2677 1704 2733 duces
1729 2679 1830 2734 de-

124 2770 295 2826 ludit.
331 2801 394 2811 —-
431 2772 503 2824 At
553 2769 878 2837 Stephanus
916 2780 1103 2822 comes
1135 2780 1268 2821 cum
1311 2767 1662 2835 quibusdam
1692 2781 1830 2835 pon-

123 2859 379 2915 tificibus
411 2857 572 2927 regni
604 2854 803 2921 nostri,
839 2855 986 2909 inter
1025 2867 1172 2923 quos
1213 2853 1379 2923 Hugo
1420 2853 1830 2921 Suessionicus,

120 2957 178 3003 et
213 2945 565 3002 Parisiorum
607 2943 947 2999 Guillelmus
984 2941 1222 2996 illustris
1257 2941 1462 2996 indolis
1493 2942 1832 3013 generisque

121 3035 258 3102 viri,
291 3035 390 3105 qui
425 3031 762 3102 przesulatui
809 3045 912 3086 suo
946 3031 1001 3085 in
1029 3030 1302 3100 primaevo
1333 3029 1470 3085 flore
1502 3031 1834 3086 clarissimis

1939 650 2112 704 fetore
2194 649 2416 703 vexari.
2503 648 2819 718 Aliquoties
2883 650 3071 719 plane,
3137 663 3270 704 cum
3331 659 3646 720 postremos

1937 750 2131 805 egeriae
2176 736 2565 792 multitudinis
2615 737 2790 792 duces
2835 737 3124 793 exercitus
3162 738 3530 808 castigarem,
3574 757 3646 797 ne

1937 825 2257 894 equitatum
2318 825 2539 880 tardius
2590 833 2974 894 sequerentur
3007 826 3440 894 praecedentem,
3486 843 3557 883 ne
3588 829 3646 884 in

1938 927 2032 968 eos
2064 912 2236 968 Turci
2269 912 2529 968 videlicet
2589 911 2932 979 involarent,
2965 913 3045 967 illi
3102 912 3269 969 famis
3300 915 3648 973 torsionibus

1939 1001 2070 1068 acti,
2124 1001 2269 1055 votis
2299 1009 2352 1056 et
2401 1001 2668 1070 precibus
2704 1009 2978 1070 exoptare
3008 1009 3073 1057 ut
3103 1003 3381 1059 venirent.
3437 1007 3647 1063 Arme-

1939 1090 2170 1145 niorum
2197 1090 2318 1160 jam
2350 1104 2492 1158 pene
2525 1090 2665 1144 fines
2709 1090 3036 1159 attigerant,
3077 1092 3262 1148 exesis
3293 1092 3642 1163 hominibus,

1939 1178 2289 1234 animalibus
2315 1179 2502 1234 inedia
2537 1178 2914 1247 moribundis,
2949 1179 3138 1235 subito
3182 1180 3467 1251 ingruunt
3491 1185 3645 1241 Tur-

1939 1281 2137 1322 corum
2187 1266 2364 1322 millia
2412 1281 2737 1322 numerosa.
2807 1267 2911 1323 Sed
2976 1268 3199 1335 Franci,
3259 1270 3360 1339 qui
3433 1273 3647 1342 primas

1941 1364 2079 1411 tunc
2117 1355 2405 1411 exercitus
2454 1355 2802 1412 videbantur
2850 1356 3086 1412 actitare
3133 1359 3439 1419 custodias,
3483 1360 3645 1417 facile

1938 1457 2162 1509 eorum,
2200 1443 2535 1499 lassabundi
2592 1443 2739 1511 licet,
2801 1443 2950 1499 illico
3003 1445 3278 1501 obtudere
3326 1448 3640 1504 molimina.

1941 1531 2233 1596 Postridie,
2275 1546 2406 1586 cum
2446 1531 2616 1586 Turci
2654 1532 2906 1586 Francos
2937 1545 2971 1586 a
3008 1533 3194 1601 prima
3221 1533 3404 1590 fronte
3428 1536 3643 1592 disces-

1938 1620 2074 1675 sisse
2148 1620 2438 1687 vidissent,
2520 1619 2930 1690 Langobardis,
3014 1620 3319 1691 Liguribus
3357 1631 3413 1678 et
3463 1625 3642 1692 Italis,

1941 1708 2151 1778 priora,
2213 1708 2355 1777 proh
2435 1706 2620 1763 dolor!
2689 1708 3110 1777 occupantibus
3185 1709 3327 1775 loca,
3387 1712 3640 1781 irruunt,

1940 1809 2208 1866 persensa
2255 1796 2609 1851 anteriorum
2667 1795 2902 1866 ignavia
2945 1796 3134 1853 hostes
3179 1799 3476 1869 acerrimi;
3521 1801 3644 1857 bis-

1938 1899 2051 1955 que
2082 1884 2182 1955 qui
2207 1884 2494 1955 praeibant
2522 1892 2575 1939 et
2607 1883 2774 1954 signa
2825 1884 3100 1952 ferebant,
3153 1885 3296 1942 foede
3342 1895 3501 1959 terga
3540 1889 3640 1946 de-

1937 1973 2225 2040 dentibus,
2266 1980 2419 2028 totus
2465 1987 2580 2028 non
2637 1981 2753 2027 tam
2801 1973 2971 2044 fugze.
3009 1987 3141 2043 quae
3171 1975 3416 2032 nimium
3452 1978 3640 2034 tenuis

1938 2069 2002 2117 ut
2030 2069 2155 2131 pote
2186 2060 2336 2116 fame
2372 2061 2687 2116 tabentium
2733 2060 2940 2129 fuerat,
2983 2064 3077 2118 sed
3119 2061 3498 2120 internecioni
3543 2067 3644 2122 mi-

1938 2151 2197 2205 serandae
2241 2157 2392 2219 patet
2440 2150 2748 2205 exercitus.
2807 2151 3115 2221 Fugientes
3163 2166 3277 2206 non
3314 2168 3432 2223 qua
3472 2169 3640 2211 vene-

1939 2246 2070 2294 rant
2117 2239 2611 2309 regrediebantur,
2669 2253 2794 2306 nec,
2818 2246 2882 2293 ut
2914 2239 3196 2309 gregatim
3238 2242 3436 2297 saltem
3473 2244 3645 2314 fuge-

1939 2334 2080 2390 rent,
2115 2327 2619 2396 glomerabantur;
2649 2326 2746 2381 sed
2777 2340 3055 2396 quorsum
3103 2343 3393 2399 quemque
3434 2330 3647 2387 ferebat

1939 2415 2189 2481 animus,
2223 2423 2471 2470 verterat
2504 2415 2595 2470 illo
2638 2415 2906 2485 gradum,
2937 2416 3060 2471 sine
3083 2416 3262 2472 dubio
3307 2419 3643 2476 moriturus.

1937 2503 2075 2570 Qum
2134 2517 2335 2560 eorum
2385 2504 2567 2559 caedes
2612 2511 2667 2558 et
2711 2503 2992 2559 insecutio
3051 2508 3441 2573 perseveravit
3500 2523 3646 2578 pene

1940 2593 2230 2648 continuis
2257 2599 2382 2648 octo
2413 2592 2635 2647 diebus.

2014 2682 2151 2735 Erat
2181 2680 2240 2734 in
2291 2693 2357 2734 eo
2391 2679 2628 2749 quidam
2685 2679 3150 2750 archiepiscopus
3206 2682 3648 2740 Mediolanensis

1938 2768 2198 2824 exercitu
2228 2767 2354 2837 [al.,
2405 2767 2700 2837 periculo],
2735 2769 2835 2838 qui
2867 2769 3143 2838 capellam
3196 2771 3352 2826 Beati
3399 2773 3650 2828 Ambro-

1940 2856 2028 2922 sii,
2078 2855 2367 2925 plauetam
2415 2855 2627 2910 scilicet
2664 2863 2719 2910 et
2769 2856 2976 2917 albam,
3019 2858 3064 2912 si
3098 2872 3216 2928 qua
3267 2858 3381 2914 alia
3437 2863 3647 2931 nescio,

1941 2959 2133 3000 secum
2179 2944 2408 3011 tulerat,
2475 2959 2619 2999 auro
2659 2945 2922 3014 tantique
2976 2947 3138 3014 pretii
3195 2949 3436 3017 gemmis
3477 2963 3648 3004 orna-

1941 3042 2055 3090 tam
2093 3040 2156 3088 ut
2182 3046 2474 3102 nusquam
2515 3039 2803 3088 terrarum
2853 3033 3102 3102 reperire
3149 3035 3283 3104 quis
3322 3036 3459 3092 huic
3488 3037 3650 3094 vale-

122 3125 387 3180 moribus
444 3120 870 3185 ministrabant,
915 3128 970 3174 et
1034 3119 1418 3189 Engerannus
1467 3118 1596 3192 [al.,
1649 3119 1832 3190 Ingel-
1872 3129 2027 3203 Cret
2067 3122 2412 3192 aequandam
2499 3121 2659 3175 Hanc
2717 3120 2889 3176 Turci
2947 3121 3242 3176 abduxere
3300 3131 3642 3192 correptam,

124 3212 370 3281 rannus]
411 3209 828 3268 Laudunensis.
887 3211 974 3263 vir
998 3207 1145 3263 sicut
1179 3209 1361 3262 forma
1386 3217 1442 3262 et
1479 3209 1827 3278 eloquentia,

127 3303 353 3359 utinam
409 3300 492 3355 sic
539 3298 840 3369 religione!
882 3296 1248 3366 conspicuus,
1303 3311 1434 3351 cum
1461 3297 1641 3352 multa
1671 3297 1832 3352 ordi-

128 3405 270 3447 num
322 3389 583 3444 omnium
638 3386 916 3456 dignitate
949 3385 1159 3440 moenia
1204 3384 1835 3454 Constantinopolitana

129 3479 482 3536 subintrant.
539 3475 692 3541 Quos
735 3474 806 3529 ad
867 3488 925 3530 se
980 3474 1286 3543 imperator
1334 3480 1556 3539 evocat,
1609 3475 1836 3544 magnis

135 3566 412 3637 primores
460 3577 661 3618 eorum
718 3562 974 3617 donariis
1029 3569 1316 3617 munerat.
1369 3561 1836 3618 Consultantibus

134 3656 263 3721 illis,
312 3668 388 3709 an
444 3652 652 3722 prioris
710 3652 1018 3718 exercitus,
1077 3664 1181 3706 seu
1225 3651 1454 3706 diversa
1517 3650 1834 3720 proﬁcisce-

135 3751 334 3800 rentur
379 3741 495 3808 via,
545 3741 637 3795 ille
694 3738 975 3795 veraciter
1036 3739 1230 3794 intulit
1283 3754 1398 3794 non
1463 3747 1688 3795 tantum
1744 3755 1838 3795 eos

135 3833 343 3888 habere
372 3831 718 3900 equitatum,
753 3836 816 3884 ut
847 3827 1140 3883 sufficiant
1167 3841 1199 3882 a
1227 3828 1518 3897 prioribus
1551 3829 1836 3884 tramitem

137 3927 325 3977 tenere
371 3919 686 3974 diversum.
745 3917 852 3982 Illi,
911 3929 1062 3971 nova
1109 3930 1228 3971 sese
1278 3923 1542 3986 putantes
1588 3925 1642 3973 et
1667 3931 1839 3987 supe-

136 4009 384 4065 rioribus
425 4007 740 4062 valentiora
773 4004 1042 4070 facturos,
1094 4004 1434 4073 profitentur
1462 4019 1521 4060 se
1551 4019 1650 4074 per
1678 4012 1837 4060 exte-

140 4111 230 4153 ras
311 4095 573 4166 regiones
636 4093 836 4148 ituros.
906 4091 1126 4147 Pariter
1181 4105 1315 4147 vero
1372 4092 1444 4147 ab
1501 4092 1840 4162 imperatore

141 4184 506 4256 expostulant
566 4190 856 4253 quatenus
905 4181 1123 4252 ubique
1167 4181 1434 4251 generale
1495 4182 1841 4238 universalis

145 4274 372 4331 Gracize
436 4272 648 4328 habere
699 4278 1035 4336 mercatum,
1086 4269 1209 4339 ipso
1263 4269 1521 4340 jubente,
1573 4270 1837 4326 debeant.

147 4362 453 4434 Spopondit
511 4360 624 4428 ille,
672 4367 727 4415 et
773 4359 956 4414 sciens
1001 4373 1098 4414 eos
1155 4357 1210 4412 in
1265 4358 1557 4428 propriam
1599 4357 1705 4414 hac
1735 4373 1841 4414 sua

1947 3212 2058 3266 Deo
2117 3211 2259 3266 fatui
2326 3209 2481 3265 illius
2543 3209 2824 3278 praesulis,
2888 3210 2986 3279 qui
3056 3224 3179 3264 rem
3235 3210 3374 3266 adeo
3421 3225 3646 3266 sacram

1947 3300 2208 3356 barbaris
2239 3298 2402 3354 terris
2447 3297 2738 3363 intulerat,
2798 3297 2899 3353 tali
2952 3297 3163 3353 damno
3204 3298 3515 3354 ulciscente
3545 3300 3651 3354 de—

1947 3389 2240 3444 mentiam.
2283 3388 2468 3443 Tanta
2515 3387 2621 3442 fuit
2666 3387 2876 3442 ibidem
2925 3388 3233 3455 promiscui
3264 3402 3439 3443 sexus
3481 3388 3653 3445 Chri—

1945 3476 2252 3534 stianitatis
2281 3476 2506 3540 occisio,
2543 3482 2702 3530 tanta
2751 3476 3151 3544 pecuniarum,
3211 3475 3478 3540 vestium,
3521 3475 3652 3531 auri

1946 3566 2288 3636 argentique
2318 3563 2583 3634 repertio,
2622 3571 2706 3629 ut,
2738 3564 2806 3618 de
2841 3563 2934 3618 illo
2966 3563 3121 3632 quod
3147 3563 3434 3632 expeditio
3466 3563 3654 3633 prima

1949 3654 2238 3713 intulerat,
2271 3653 2501 3718 damno,
2537 3653 2657 3707 haec
2701 3665 2819 3707 una
2857 3651 3097 3706 victoria
3119 3651 3425 3707 sufficienti
3452 3652 3654 3708 Turcis

1947 3744 2196 3813 potuerit
2271 3757 2391 3797 esse
2451 3741 2668 3816 solatio.
2722 3740 2864 3796 Cum
2916 3741 3068 3796 enim
3124 3740 3391 3807 ducenta,
3458 3749 3532 3808 et,
3590 3749 3654 3797 ut

1948 3831 2130 3902 aliqui
2169 3838 2458 3896 astruunt,
2485 3830 2576 3884 his
2608 3829 2856 3898 amplius
2888 3828 3064 3884 ferme
3113 3828 3292 3884 millia
3341 3829 3654 3885 Christiani

1947 3918 2198 3975 nominis
2243 3918 2358 3973 illic
2403 3925 2613 3981 essent,
2663 3917 2762 3971 vix
2794 3925 3009 3986 septem
3066 3916 3247 3971 millia
3296 3917 3649 3973 resederunt.

1949 4009 2148 4066 Comes
2181 4015 2370 4064 autem
2422 3995 2765 4076 Stephanus,
2797 4019 2930 4061 cum
2962 4003 3253 4074 plerisque
3302 4005 3651 4074 potentibus,

1951 4097 2098 4154 inter
2127 4110 2274 4166 quos
2305 4095 2594 4164 Harpinus
2647 4093 3014 4149 Bituricensis
3067 4093 3160 4148 vir
3201 4093 3559 4164 magnificus,
3600 4101 3657 4150 et

1949 4199 2136 4241 comes
2167 4192 2326 4240 trans
2356 4183 2578 4238 Ararim
2618 4187 2768 4237 443
2807 4181 3162 4251 Stephanus,
3197 4180 3406 4236 ibidem
3456 4182 3653 4248 fuere,

1951 4274 2282 4344 pariterque
2364 4271 2814 4341 Hierosolymam
2875 4270 3177 4326 devenere.
3251 4269 3359 4326 Ubi
3430 4270 3653 4340 positis,

1953 4377 2086 4420 cum
2143 4361 2503 4432 imperatoris
2541 4360 2865 4430 Babylonici
2898 4359 3187 4415 exercitus
3239 4359 3393 4429 apud
3443 4360 3656 4415 Ramo—

147 4448 446 4507 insolentia
477 4427 655 4504 veluti
679 4447 1051 4516 ﬁconspirasse
1083 4427 1414 4516 perniciem,
1446 4459 1645 4502 eorum
1672 4461 1844 4516 quem
1884 4427 1930 4481 D
1958 4453 2186 4508 thenam
2226 4427 2436 4506 urbem
2488 4427 2788 4515 Balduino,
2843 4461 3001 4504 nunc
3045 4447 3184 4518 regi,
3233 4427 3447 4503 bellum
3486 4448 3655 4504 obtu-

149 4539 482 4610 providebat
541 4536 754 4606 optime
802 4535 983 4592 errori
1032 4535 1400 4591 laetabundus
1437 4535 1697 4590 assensit.
1742 4535 1847 4590 Per

150 4627 590 4699 Paphlagoniam
651 4625 852 4696 igitur,
902 4639 1015 4680 non
1068 4625 1255 4679 dicam
1289 4623 1456 4679 modo
1493 4623 1848 4694 quibuslibet

148 4714 667 4788 peregrinantibus,
702 4715 796 4770 sed
820 4728 890 4768 ne
915 4711 1215 4782 scripturis
1243 4712 1498 4783 quidem,
1530 4712 1637 4767 nisi
1669 4725 1846 4782 quam

150 4805 433 4862 rarissime
484 4804 771 4875 cognitam
829 4801 1206 4872 provinciam,
1261 4801 1450 4856 nescio
1501 4801 1655 4870 quod
1725 4814 1850 4855 mo—

152 4903 358 4950 nentur
436 4893 650 4947 intrare
717 4890 1027 4946 desertum.
1093 4888 1381 4945 Viaticum
1461 4895 1688 4958 portare
1738 4887 1850 4956 [eos

154 4982 408 5052 prohibet
454 4981 782 5049 imperator,
838 4977 949 5032 nisi
1000 4986 1290 5047 quantum
1337 4977 1541 5032 diebus
1590 4977 1850 5048 quadra—

152 5071 304 5140 ginta
355 5069 490 5126 soiis
543 5075 691 5124 esset
741 5067 1148 5144 necessarium.
1182 5067 1466 5121 Praeterea
1523 5079 1665 5135 pene
1706 5080 1850 5136 quo-

152 5158 449 5215 dammodo
506 5157 844 5212 dehortatur
890 5155 1085 5210 viatici
1120 5153 1410 5220 lationem,
1445 5154 1584 5209 dum
1621 5155 1851 5223 magni—

157 5245 247 5304 fice
275 5245 573 5316 pollicetur
606 5245 777 5299 totius
802 5250 966 5299 terrze
992 5243 1201 5312 negotii
1235 5242 1706 5311 prosecutionem.

216 5331 603 5390 Intemeciom'
629 5330 882 5386 traditur
908 5331 1187 5387 exercitus
1214 5331 1588 5384 Francorum.
1613 5359 1681 5372 -
1706 5330 1856 5384 Eun-

156 5423 299 5481 tibus
328 5437 468 5494 ergo
517 5429 571 5477 et
596 5423 718 5491 jam
750 5422 806 5475 in
862 5419 1159 5489 profundze
1205 5417 1528 5473 solitudinis
1583 5418 1856 5474 ulteriora

157 5513 488 5584 progressis,
537 5509 752 5580 vulgus
809 5508 964 5579 quod
1014 5507 1135 5563 sine
1179 5507 1406 5574 viatico,
1446 5520 1544 5577 spe
1591 5507 1857 5576 promissi

156 5599 379 5674 negotii,
437 5597 664 5653 incaute
719 5602 1090 5666 processerat,
1136 5595 1386 5663 coeperat
1425 5593 1482 5648 in
1523 5593 1642 5649 dies
1679 5594 1855 5651 vehe-

159 5687 508 5747 mentissima
571 5684 719 5741 fame
773 5684 990 5754 urgeri.
1051 5682 1432 5738 intumescere
1487 5695 1554 5737 ac
1627 5682 1854 5738 emori:

1955 4540 2130 4605 lisset,
2194 4537 2486 4608 Harpinus
2551 4544 2902 4593 memoratus
2948 4535 3071 4606 regi
3123 4535 3320 4592 intulit
3370 4542 3659 4606 quatenus

1957 4628 2222 4699 praelium
2289 4625 2561 4691 differret,
2613 4625 2794 4680 donec
2837 4623 3124 4694 quidquid
3175 4623 3384 4679 virium
3440 4632 3661 4694 poterat

1958 4717 2188 4782 habere,
2229 4714 2541 4782 conferret;
2605 4727 2706 4770 rex
2743 4713 2862 4778 ait:
2902 4734 2923 4761 ι
2962 4711 3016 4767 Si
3048 4711 3231 4778 times,
3265 4711 3475 4781 inquit,
3527 4711 3661 4782 fuge

1960 4805 2266 4875 Biturigas,
2305 4826 2324 4851 ι
2361 4804 2567 4874 hisque
2611 4803 2798 4863 dictis.
2859 4799 3177 4857 inconsulte
3219 4800 3499 4865 conﬂixit,
3533 4815 3662 4856 om-

1958 4907 2177 4963 nesque
2233 4906 2370 4947 suas
2427 4891 2576 4947 illico
2615 4891 2826 4960 copias,
2879 4889 2936 4944 in
2989 4888 3317 4958 praedictam
3374 4887 3662 4944 civitatem

1959 4979 2311 5050 compulsus,
2343 4978 2708 5048 amisitgipse
2752 4977 2910 5033 solus
2959 4977 3158 5032 evasit.
3212 4974 3378 5031 Multi
3424 4981 3562 5031 tunc
3602 4975 3663 5030 in

1960 5066 2348 5137 captivitatem
2381 5053 2521 5134 a'cti;
2577 5065 2765 5130 multi,
2805 5079 2922 5134 quo
2955 5063 3064 5119 fine
3096 5062 3423 5130 defecerint,
3457 5062 3666 5118 hucus-

1963 5168 2076 5225 que
2102 5167 2308 5209 sumus
2338 5152 2556 5207 incerti.

2033 5241 2341 5312 Harpinus
2388 5239 2766 5294 Bituricensis
2804 5239 3148 5294 monachum
3175 5235 3381 5291 induit.
3414 5267 3482 5278 —
3515 5238 3667 5294 Har-

1966 5331 2136 5402 pinus
2180 5329 2445 5400 captivus
2489 5329 2828 5397 abducitur;
2873 5327 3192 5396 deincepsa
3223 5325 3554 5396 captivitate
3577 5339 3667 5380 so-

1964 5420 2145 5486 lutus,
2183 5418 2242 5472 in
2290 5418 2591 5473 Franciam
2633 5417 2858 5472 rediens
2917 5416 3236 5472 monachus
3279 5413 3546 5470 efficitur.
3591 5415 3671 5470 De

1966 5504 2297 5562 Carnotensi
2347 5503 2634 5574 Stephano
2670 5503 2812 5558 nihil
2855 5503 2995 5559 certi
3051 5503 3316 5567 habetur,
3371 5502 3481 5557 nisi
3515 5501 3671 5571 quod

1969 5595 2367 5664 interemptus,
2401 5593 2524 5648 sine
2573 5592 2705 5649 ullis
2735 5599 2928 5648 tamen
2977 5591 3224 5656 indiciis,
3266 5589 3670 5656 creditur;in-

1977 5690 2064 5741 tra
2097 5683 2300 5739 turrim
2332 5681 2604 5738 nimirum
2638 5681 2949 5752 quamdam
2980 5681 3134 5752 :cum
3189 5678 3316 5734 aliis
3354 5677 3674 5733 innumeris
