3934 6410
310 417 412 467 815

1211 407 1272 462 ν.
1315 407 1644 464 GUIBERTI
1687 404 1972 463 ABBATIS
2008 405 2066 460 S.
2113 403 2352 461 ΜΑΒΙᾹ]
2395 404 2485 460 DE
2525 403 2921 460 NOVIGENTO

3718 405 3827 456 8Ιῦ

309 542 773 614 comprehensus.
806 540 961 610 apud
990 539 1282 610 praefatam
1322 537 1546 603 urbem,
1589 543 1786 593 utrum
1819 535 2004 607 capti-
2043 539 2091 595 Α
2121 543 2260 593 teret
2331 534 2633 606 majestati,
2709 534 2832 594 sine
2880 533 2999 590 ulla
3055 546 3196 603 pene
3258 534 3559 591 formidine
3615 536 3830 592 mortis

311 631 501 689 vitatis
537 628 678 685 sorti
719 627 910 694 fuerit,
944 640 1019 682 an
1064 625 1283 692 mortis,
1314 625 1600 692 addictus,
1637 625 1807 681 certis
1854 624 2000 681 scire

308 718 643 778 auctoribus
671 717 972 786 hucusque
998 714 1388 784 nequivimus,
1413 713 1524 768 nisi
1553 712 1707 782 quod
1736 713 1809 768 ad
1832 713 2000 769 fidem

306 809 462 868 necis
501 804 835 878 ejus,.quia
879 815 1170 872 nusquam
1229 799 1574 871 comparuit,
1633 799 2000 870 procliviores

305 910 529 956 sumus.
579 893 750 950 Turci
799 892 965 962 plane
1011 904 1288 946 caesorum
1338 888 1642 954 cadavera,
1671 895 1796 958 post
1820 888 1998 943 victo-

305 985 472 1051 riam,
497 981 739 1039 desectis
781 979 961 1036 solent
1003 978 1280 1034 damnare
1321 975 1628 1046 capitibus,
1680 989 1865 1047 eaque
1895 988 1999 1045 pro

301 1071 467 1144 signo
509 1075 804 1140 asportare
847 1065 1148 1137 triumphi.
1192 1064 1414 1132 Quibus
1453 1064 1714 1130 sublatis,
1767 1063 1999 1120 difﬁcile

299 1169 384 1218 θει
431 1171 666 1230 prosrus
703 1155 992 1227 cujusque
1038 1167 1342 1224 personam
1385 1167 1459 1209 ex
1512 1167 1746 1223 corpore
1792 1160 1998 1208 ΠΊΙΠΟΟ

299 1249 584 1322 cognosci.
645 1247 857 1303 Eadem
904 1252 1100 1301 autem
1155 1243 1508 1315 ambiguitas
1553 1252 1608 1299 et
1651 1243 1721 1299 de
1758 1241 1999 1314 quibus-

296 1340 429 1395 dam
493 1334 824 1394 clarissimis
896 1333 1038 1390 viris
1093 1332 1221 1388 aliis
1278 1333 1557 1388 hactenus
1635 1339 1720 1388 est
1777 1330 1992 1386 habita.

295 1429 521 1484 Interea
586 1439 689 1480 rex
753 1424 889 1492 ipse,
956 1421 1081 1492 qui,
1142 1428 1206 1477 ut
1271 1419 1636 1490 praelibatnm
1680 1427 1784 1486 est,
1840 1418 1997 1475 solus

291 1521 573 1580 evaserat,
614 1519 670 1569 et
717 1525 834 1566 non
894 1509 1060 1565 modo
1120 1521 1222 1578 pro
1265 1507 1580 1570 communi,
1612 1507 1767 1576 quod
1801 1505 1996 1561 immi-

292 1603 484 1668 nebat,
528 1600 705 1657 exitio
754 1597 1068 1669 lugebatur
1097 1610 1132 1651 a
1177 1595 1320 1663 suis,
1369 1595 1466 1651 sed
1516 1595 1688 1650 etiam
1730 1608 1863 1650 cum
1892 1607 1995 1649 ca—

291 1690 504 1746 chinno
579 1685 910 1744 interfectus
981 1683 1343 1739 clamabatur
1402 1683 1476 1738 ab
1533 1683 1836 1750 ethnicis;
1897 1695 1997 1751 per

292 1778 526 1835 horrida
551 1775 818 1846 quietiam
847 1779 903 1829 et
950 1774 1150 1842 paucis
1191 1779 1483 1840 comperta
1537 1780 1812 1826 montana
1861 1783 1995 1838 pro-

2109 623 2437 690 audaciam,
2463 630 2742 678 remotam
2759 636 2994 692 quoque
3022 622 3095 678 ab
3115 624 3272 677 omni
3293 623 3496 678 habitu
3532 625 3827 693 ipsorum,

2112 711 2508 781 petulantiam,
2540 719 2598 766 et
2627 723 2804 780 supra
2831 723 3007 779 opum
3039 722 3280 765 suarum
3310 709 3461 765 vires
3499 707 3827 765 liberalita-

2111 806 2223 855 tem
2254 800 2490 856 omnino
2521 797 2878 856 munificam.
2930 798 3118 869 Hujus
3145 805 3338 854 autem
3374 796 3642 853 Balduini
3677 810 3829 868 erga

2107 903 2243 945 suos
2271 888 2429 956 ﬁdes,
2459 901 2597 960 erga
2625 901 2685 944 se
2735 894 3133 956 comtemptus,
3178 899 3251 942 ex
3283 900 3402 942 uno
3427 885 3636 956 conjici
3664 885 3830 940 valet

2107 977 2276 1044 facto,
2347 977 2503 1048 quod
2563 975 2824 1032 videlicet
2871 975 3010 1031 dum
3073 974 3133 1030 in
3195 973 3560 1045 expeditione
3609 981 3830 1030 contra

2110 1065 2296 1122 hostes
2349 1074 2564 1137 ageret,
2616 1079 2719 1135 pro
2767 1065 3059 1135 ereptione
3111 1064 3416 1135 cujusdam
3481 1063 3689 1136 peditis
3765 1063 3826 1118 in

2106 1161 2334 1210 tantum
2383 1167 2503 1210 sese
2558 1153 2813 1224 periculo
2864 1152 3182 1224 ingesserit,
3251 1161 3334 1216 ut,
3399 1151 3826 1225 gravissimum

2107 1240 2322 1296 vulnus
2357 1240 2669 1311 excipiens,
2721 1240 2817 1296 vix
2859 1240 3196 1297 discrimina
3237 1248 3458 1313 paratae
3502 1240 3659 1297 necis
3679 1254 3825 1296 eva-

2105 1328 2261 1384 serit.

2757 1416 2990 1474 CAPUT
3030 1416 3152 1473 VII.

2182 1503 2380 1576 [XXV]
2414 1505 2791 1578 Prognostica
2817 1505 2888 1560 de
2941 1504 3400 1563 Christianorum
3451 1501 3823 1576 expeditione

2102 1593 2616 1666 Jeroaolymitana.
2662 1625 2732 1634 —
2763 1595 2894 1650 Fuit
2924 1597 3139 1650 interea
3166 1593 3464 1664 quiddam,
3507 1591 3669 1662 quod
3698 1605 3824 1648 ma-

2105 1681 2262 1737 xime
2299 1683 2555 1752 gentium
2604 1683 3189 1740 innumerabilitatem
3242 1681 3816 1750 circumpositarum,

2107 1784 2178 1824 ne
2223 1777 2422 1826 contra
2475 1771 2651 1826 nostri
2701 1769 2950 1826 nominis
3009 1771 3372 1840 insurgerent
3431 1769 3815 1839 paucitatem,

290 1867 515 1932 cedens,
547 1835 858 1932 desperatae
918 1835 1147 1917 tandem
1196 1835 1620 1928 Hierosolyma,
1653 1864 1710 1912 et
1735 1835 1997 1912 extrema
2035 1835 2078 1890 Β
2107 1858 2470 1914 vehementer
2515 1858 2815 1924 exterruit,
2871 1873 2975 1914 nec
3019 1835 3212 1915 minus
3252 1835 3536 1928 hodieque
3588 1835 3816 1913 terrere

284 1954 406 2024 jam
464 1951 722 2023 pericula
781 1964 916 2006 cum
957 1947 1164 2004 debitis
1231 1943 1576 2002 maeroribus
1626 1941 1992 2012 praestolanti,

288 2051 413 2113 post
444 2041 709 2107 biduum,
751 2038 861 2094 nisi
891 2036 1076 2102 fallor,
1109 2049 1170 2090 se
1224 2033 1438 2089 intulit.
1489 2030 1600 2098 Qui
1630 2031 1866 2087 collecto
1895 2044 1993 2086 ce-

289 2131 515 2186 lerrime
559 2141 733 2198 quem
785 2119 1302 2196 potuit'equitatu,
1355 2129 1411 2176 et
1468 2119 1690 2176 delectu
1743 2119 1995 2190 optimo-

290 2232 421 2275 rum
450 2217 705 2287 peditum
736 2228 836 2284 pro
889 2211 1160 2268 facultate
1208 2208 1423 2276 habito,
1477 2207 1831 2264 clementiori
1871 2208 1994 2278 jam

291 2306 553 2371 Domino,
597 2317 731 2358 cum
779 2298 1187 2369 triumphanti,
1220 2297 1316 2353 sed
1356 2311 1470 2352 non
1503 2296 1626 2363 diu,
1656 2295 1991 2368 gentilitate,

289 2393 440 2450 bello
487 2392 794 2447 decernere
849 2394 1036 2458 parat.
1087 2385 1229 2440 Cum
1281 2397 1418 2454 ergo
1459 2397 1651 2454 regem
1699 2390 1994 2438 mortuum

290 2479 374 2540 sic
423 2483 712 2548 putarent,
783 2473 1062 2542 reparatis
1116 2470 1394 2526 continuo
1457 2469 1635 2540 copiis
1695 2469 1991 2539 apparuit;

292 2567 461 2638 longe
485 2565 668 2621 altera
697 2575 876 2633 quam
908 2561 1128 2632 pridem
1164 2559 1502 2616 auctoritate
1538 2556 1818 2622 conflixit,
1851 2564 1905 2613 et
1934 2557 1993 2612 in

290 2657 494 2726 fugam
552 2667 650 2708 eos
692 2665 890 2722 agens,
934 2663 1154 2706 novum
1203 2648 1459 2717 ipsorum
1497 2646 1779 2713 timorem,
1832 2653 1991 2702 atro-

289 2741 533 2798 cissimze
563 2739 735 2796 caedis
767 2739 1080 2808 punctione
1106 2735 1352 2792 reflavit.

363 2825 623 2901 [XXIV.J
695 2824 992 2891 Godefridi
1027 2823 1183 2895 regis
1219 2821 1424 2876 obitur.
1472 2851 1540 2860 —
1589 2821 1662 2878 At
1713 2820 1989 2891 quoniam

287 2913 658 2970 Godefridum
685 2925 896 2982 regem.
940 2909 1118 2980 hujus
1167 2907 1430 2964 Balduini
1463 2920 1826 2978 germanum,
1882 2921 1988 2962 ne-

287 3012 587 3071 quaquam
615 2998 887 3067 superius
931 2995 1131 3058 obisse,
1176 2994 1416 3050 materia
1463 2995 1724 3050 ordinem
1774 3007 1985 3063 praeoc-

287 3095 554 3159 cupante,
609 3085 932 3152 retulimus,
978 3084 1223 3154 dignum
1266 3090 1351 3137 est
1382 3089 1446 3138 ut
1474 3097 1591 3152 quo
1625 3082 1736 3137 fine
1766 3080 1980 3137 defece-

287 3177 380 3244 rit,
409 3183 465 3232 et
496 3174 595 3230 ubi
639 3173 900 3244 sepultus
929 3171 1003 3228 sit
1053 3171 1301 3226 breviter
1329 3169 1704 3240 explicemus.
1747 3170 1795 3226 A
1833 3183 2003 3245 quo:

285 3265 418 3320 dam
448 3263 733 3334 contiguas
763 3258 1097 3332 gentilitatis
1138 3256 1394 3328 principe
1424 3257 1604 3312 eidem
1650 3255 1988 3312 transmissa

284 3354 552 3410 feruntur
605 3351 812 3406 exenia
850 3347 1177 3411 lethalibus,
1209 3353 1274 3402 ut
1329 3345 1536 3415 patuit,
1575 3344 1812 3400 venenis
1852 3341 1988 3398 infe-

283 3451 395 3512 cta,
431 3441 648 3512 quibus
677 3447 846 3496 utens
878 3435 1211 3507 improvide,
1239 3447 1374 3489 cum
1415 3447 1549 3488 eum
1596 3433 1699 3503 qui
1755 3432 1988 3488 miserat

281 3528 675 3600 suspicaretur
729 3524 1001 3589 amicum,
1053 3520 1248 3576 subita
1300 3519 1631 3576 infirmitate
1690 3519 1984 3585 decubuit,

283 3631 390 3673 nec
414 3628 614 3683 ,mora,
659 3610 1028 3668 exanimatus
1069 3607 1362 3665 occubuit.
1421 3607 1566 3664 Sunt
1605 3615 1662 3664 et
1687 3622 1722 3664 a
1749 3607 1983 3678 quibus,

283 3702 394 3758 hac
448 3700 715 3770 opinione
786 3696 1032 3767 repulsa,
1103 3693 1447 3751 naturaliter
1521 3693 1740 3750 feratur
1802 3692 1988 3749 obisse

283 3790 456 3846 diem.
499 3787 784 3857 Sepelitur
813 3793 1026 3850 autem,
1070 3784 1128 3839 in
1187 3781 1577 3838 testimonium
1629 3780 1757 3850 ejus
1807 3793 1986 3851 quam

285 3877 394 3932 fide
442 3875 678 3944 vitaque
723 3878 1014 3929 meruerat
1055 3868 1464 3939 redemptionis
1509 3877 1759 3934 aeternas,
1833 3866 1988 3922 circa

283 3965 474 4035 ipsum
523 3962 837 4020 Dommicae
878 3959 1159 4031 passionis
1204 3958 1415 4020 locum,
1468 3955 1526 4012 in
1555 3971 1623 4012 eo
1657 3954 1790 4025 jure
1831 3954 1986 4011 obti-

283 4067 426 4109 nens
456 4051 784 4108 omnimodo
819 4056 1279 4114 monumentum,
1313 4059 1488 4117 quem
1517 4051 1747 4102 eruerat
1775 4057 1983 4115 quem-

283 4154 397 4210 que
419 4137 746 4195 defenderat
785 4151 819 4192 a
853 4133 1282 4192 conculcatione
1313 4146 1379 4187 ac
1427 4130 1744 4201 irruptione
1791 4130 1985 4200 genti-

282 4227 447 4283 lium.
483 4227 666 4297 Cujus
708 4225 856 4281 tuira
892 4223 1188 4281 humilitas
1225 4229 1280 4278 et
1311 4219 1608 4276 monachis
1643 4217 1816 4274 etiam
1849 4217 1980 4273 imi-

283 4315 461 4372 tanda
520 4314 816 4381 modestia,
886 4311 983 4368 illo
1039 4307 1395 4381 praedicabili
1440 4309 1749 4364 admodum
1821 4307 1982 4377 regni

2101 1944 2508 2015 dignoscitur:
2546 1946 2702 2017 quod
2756 1947 2996 2002 scientia
3039 1945 3254 2002 scilicet
3301 1952 3611 2012 astrorum,
3674 1957 3816 2014 qum

2101 2033 2257 2102 apud
2286 2033 2674 2091 Occidentales
2709 2048 2829 2105 quo
2873 2035 3104 2092 tenuior
3150 2041 3340 2090 exstat
3376 2042 3433 2090 et
3485 2033 3693 2100 rarior,
3745 2047 3816 2087 eo

2101 2121 2258 2190 apud
2304 2121 2640 2189 Orientales,
2679 2121 2780 2178 ubi
2823 2131 2877 2178 et
2935 2123 3200 2194 originen
3252 2121 3480 2188 habuit,
3530 2120 3816 2178 continuo

2100 2223 2214 2266 usu
2249 2223 2316 2265 ac
2362 2209 2648 2280 frequenti
2697 2211 2972 2266 memoria
3021 2211 3206 2282 magis
3247 2211 3465 2266 fervere
3500 2209 3814 2282 cognosci—

2101 2304 2218 2365 tur,
2271 2297 2507 2353 evidens
2555 2297 2702 2354 idem
2756 2299 2996 2369 gentiles
3053 2297 3482 2369 prognosticum
3530 2311 3589 2352 se
3637 2309 3813 2352 acce-

2101 2385 2250 2455 pisse
2302 2392 2603 2454 testantur,
2648 2393 2703 2443 et
2739 2386 3090 2457 jamdudum
3127 2394 3261 2442 ante
3295 2385 3629 2451 infortunia,
3680 2383 3812 2454 ipsa

2101 2473 2458 2544 praescientia
2487 2474 2628 2544 quia
2655 2489 2690 2530 a
2738 2474 3064 2532 Christiano
3095 2474 3306 2545 populo
3343 2474 3760 2545 subigerentur
3789 2489 3803 2538 ;

2098 2560 2195 2615 sed
2226 2560 2367 2616 artis
2388 2561 2569 2631 ipsius
2601 2561 2806 2631 peritia
2832 2561 2904 2616 ad
2964 2561 3252 2632 integrum
3283 2561 3490 2616 instrui
3541 2573 3656 2615 non
3700 2573 3800 2629 po-

2098 2655 2288 2704 terant
2317 2663 2433 2719 quo
2466 2649 2571 2704 ista
2601 2657 2854 2718 tempore
2882 2649 3331 2719 complerentur.

2171 2733 2436 2809 [XXV/1.]
2466 2767 2535 2776 —
2563 2739 2710 2793 Ante
2729 2735 3188 2793 duodecennium
3219 2735 3395 2792 ferme
3423 2734 3576 2792 enim
3623 2748 3802 2804 quam

2097 2837 2360 2892 proceres
2427 2824 2608 2879 nostri
2682 2823 3263 2894 Hierosolymitanum
3345 2823 3800 2894 aggrederentur

2097 2909 2220 2979 iter,
2301 2911 2584 2967 Robertus
2651 2911 3089 2975 Flandrensium
3143 2911 3334 2968 senior
3387 2915 3536 2965 414
3581 2925 3793 2978 comes,

2094 2998 2162 3054 de
2195 3014 2311 3069 quo
2365 2999 2422 3054 in
2456 3001 2640 3069 primo
2698 3001 2876 3071 hujus
2933 3000 3122 3070 operis
3171 3001 3399 3071 egimus
3437 2999 3600 3065 libro,
3659 3013 3795 3054 cum

2096 3087 2293 3142 multis
2348 3087 2554 3156 opibus
2633 3088 3008 3156 Hierusalem,
3097 3087 3372 3144 orationis
3427 3087 3633 3158 gratia,
3711 3094 3799 3142 est

2101 3172 2402 3244 profectus.
2452 3173 2560 3240 Qui
2609 3187 2742 3229 cum
2777 3174 2974 3230 eadem
3025 3183 3349 3230 moraretur
3404 3173 3460 3228 in
3516 3175 3658 3229 urbe
3705 3175 3803 3229 ali-

2097 3269 2257 3331 quot,
2315 3261 2592 3317 desiderio
2649 3261 2881 3318 videndi
2939 3262 3061 3318 loca
3100 3271 3320 3329 sancta,
3365 3262 3586 3330 diebus,
3635 3270 3690 3318 et
3726 3263 3800 3319 ob

2095 3349 2184 3405 sui
2217 3349 2691 3418 munificentiam,
2751 3351 3130 3421 cognoscendi
3163 3351 3432 3421 plurima,
3464 3352 3636 3407 etiam
3666 3365 3800 3422 quae

2096 3438 2250 3507 apud
2295 3439 2534 3509 gentiles
2583 3438 2802 3506 fierent,
2867 3439 3294 3509 permitteretur
3361 3440 3572 3497 habere
3627 3439 3800 3495 licen-

2097 3527 2232 3582 tiam
2263 3526 2518 3596 quadam
2576 3526 2686 3594 die,
2732 3527 2814 3584 uti
2850 3527 2923 3584 ab
2976 3527 3066 3584 his
3096 3527 3269 3584 didici
3321 3529 3424 3599 qui
3455 3526 3796 3583 familiarem

2095 3613 2236 3670 inibi
2267 3614 2462 3671 comiti
2503 3616 2886 3686 praestiterant
2931 3617 3292 3682 comitatum,
3364 3615 3621 3672 universi
3654 3629 3798 3685 pene

2094 3703 2257 3759 urbis
2282 3703 2539 3774 ejusdem
2571 3705 2726 3760 cives
2763 3704 2835 3760 ad
2868 3703 3146 3774 templum
3199 3703 3506 3760 confluunt
3551 3702 3796 3758 Salomo-

2095 3791 2206 3860 nis,
2231 3799 2286 3847 et
2309 3804 2410 3861 per
2439 3790 2781 3848 universum
2831 3793 2982 3848 diem
3040 3793 3296 3848 maxima
3348 3791 3556 3848 ibidem
3599 3791 3795 3847 habita

2093 3878 2384 3946 concione,
2426 3879 2500 3935 ad
2554 3893 2663 3936 sua
2714 3880 2946 3936 tandem
2979 3880 3045 3950 in
3094 3894 3396 3950 vesperum
3451 3879 3797 3935 diverticula

2093 3974 2229 4023 sunt
2260 3967 2525 4039 regressi.
2574 3968 2982 4038 Hospitabatur
3020 3975 3158 4024 tunc
3212 3982 3399 4024 comes
3432 3968 3605 4024 isdem
3635 3967 3793 4038 apud

2091 4055 2346 4126 aliquem
2373 4057 2664 4127 gravioris
2709 4058 2818 4112 sevi
2843 4063 2898 4114 et
2953 4056 3298 4126 expertioris
3327 4056 3563 4128 ingenii,
3624 4055 3792 4112 viue-

2092 4154 2227 4210 que,
2282 4147 2570 4211 quantum
2619 4140 2693 4196 ad
2733 4155 2848 4208 eos,
2900 4141 3203 4198 sanctioris
3252 4141 3652 4209 Sarracenum,
3694 4139 3789 4196 cui

2090 4242 2293 4285 servus
2350 4227 2450 4283 Dei
2509 4229 2777 4286 usitatius
2825 4237 2949 4285 erat
2996 4228 3368 4286 vocabulum.
3418 4227 3686 4296 Quicum
3716 4228 3788 4284 ab

2091 4330 2156 4372 eo
2189 4317 2464 4374 redeunte
2493 4317 2732 4374 domum
2779 4316 3166 4375 sciscitaretur
3202 4317 3344 4388 quid
3403 4318 3461 4372 in
3517 4316 3612 4373 illo
3666 4325 3790 4372 tan-

281 4405 372 4460 sui
432 4411 690 4471 tempora
749 4399 915 4457 titulo
981 4398 1299 4470 insignivit,
1351 4405 1416 4454 ut
1471 4411 1777 4468 nunquam
1831 4395 1982 4451 intra

2171 4419 2199 4462 L1
2255 4405 2560 4462 consedere
2609 4405 2692 4462 eis
2732 4405 3080 4462 collibuisset
3139 4405 3372 4476 templo,
3430 4418 3606 4475 super
3659 4405 3788 4476 qui-

284 4488 859 4558 Hierosolymitanam
893 4485 1181 4542 civitatem
1225 4484 1449 4554 regium
1505 4490 1813 4540 coronatus
1853 4482 1980 4537 dia-

281 4579 450 4635 dema
519 4576 749 4634 tulerit:
817 4589 886 4631 ea
959 4573 1411 4631 consideratione
1483 4570 1766 4638 videlicet,
1843 4569 1984 4640 quia

281 4666 566 4740 generalis
594 4666 997 4722 universorum
1023 4661 1226 4719 salutis
1254 4670 1456 4718 auctor
1485 4659 1760 4716 Dominus
1795 4665 1984 4714 noster

277 4757 441 4813 Jesus
504 4755 790 4819 Christus,
853 4752 1120 4824 spineum
1185 4750 1397 4806 ibidem
1444 4756 1661 4805 sertum
1722 4747 1982 4802 humana

283 4847 544 4904 irrisione
574 4845 902 4917 gestaverit.

351 4934 663 5003 Godefrido
683 4933 956 4989 successit
971 4947 1283 5005 germanus
1309 4929 1501 4994 frater
1531 4929 1876 4985 Balduinus.
1910 4961 1980 4970 —

279 5023 422 5086 Quo,
451 5029 515 5078 ut
545 5019 768 5091 praefati
802 5033 1027 5086 sumus,
1059 5025 1286 5086 exacto,
1317 5030 1352 5071 a
1381 5017 1636 5074 fraterna
1662 5032 1797 5075 eum
1829 5026 1979 5076 tem-

280 5107 541 5178 perantia
595 5115 650 5162 et
715 5106 1023 5178 sagacitate
1107 5105 1371 5162 futurum
1424 5106 1762 5176 degenerem
1817 5107 1978 5162 nulla

278 5194 502 5251 ratione
563 5193 874 5254 credentes.
940 5192 1289 5248 Balduinum
1337 5207 1412 5248 ex
1475 5195 1688 5250 Edessa
1735 5193 1976 5250 transfe-

279 5290 438 5346 runt,
479 5288 536 5337 et
592 5288 803 5336 sanctae
843 5279 997 5336 illius
1037 5279 1483 5337 Christianitatis
1526 5297 1691 5338 nova
1739 5282 1976 5338 coloniae

277 5383 522 5439 regnare
571 5369 951 5426 constituunt.
997 5367 1271 5435 Quadam
1314 5383 1516 5440 nempe
1555 5371 1874 5428 clarissima
1915 5372 1974 5428 in

275 5469 476 5512 eorum
526 5455 786 5511 virorum
843 5461 1052 5510 natura
1098 5462 1462 5523 notaverant,
1507 5464 1563 5514 et
1613 5460 1808 5514 notata
1838 5457 1974 5514 dile-

275 5549 501 5610 xerant,
544 5541 890 5613 tranquillos
920 5541 1141 5614 utique,
1179 5550 1236 5600 et
1283 5543 1458 5598 totius
1495 5545 1716 5601 nescios
1738 5545 1968 5616 jactan-

276 5631 370 5689 tize
399 5645 606 5702 mores,
658 5629 1007 5688 irremissam
1055 5637 1110 5688 et
1157 5629 1470 5700 plusquam
1522 5631 1694 5703 regiae
1737 5646 1968 5703 compe-

2094 4494 2204 4551 bus
2230 4493 2400 4550 etiam
2449 4494 2591 4550 adeo
2643 4493 2919 4550 laciniosa
2965 4495 3346 4564 disputatione
3395 4501 3733 4550 tractassent
3762 4495 3790 4551 ?

2092 4581 2293 4638 Intulit
2335 4581 2538 4638 homo:
2585 4604 2606 4631 ι
2661 4582 2912 4649 insolita,
2961 4580 3170 4652 inquit,
3213 4583 3379 4654 signa
3425 4581 3690 4652 quaedam
3734 4582 3792 4639 in

2092 4669 2229 4740 ipsis
2277 4670 2574 4727 stellarum
2641 4671 2910 4728 cursibus
2984 4671 3432 4740 recursibusque
3494 4671 3791 4739 conspexi-

2091 4772 2240 4826 mus,
2272 4773 2346 4814 ex
2370 4758 2588 4829 quibus
2627 4767 2785 4816 certa
2834 4759 3147 4815 admodum
3182 4757 3516 4829 conjectura
3557 4757 3791 4828 collegi-

2087 4859 2236 4914 mus,
2269 4845 2609 4903 Christianze
2639 4846 2982 4903 conditionis
3011 4846 3118 4902 has
3149 4846 3203 4902 in
3255 4846 3578 4916 provincias
3606 4846 3784 4902 horni-

2089 4946 2190 4988 nes
2245 4932 2610 5000 deventuros,
2644 4947 2864 5003 nosque
2915 4947 3016 5003 per
3047 4931 3243 5003 praelia
3307 4932 3542 4988 assidua
3569 4939 3624 4988 et
3675 4931 3784 4990 fre-

2088 5026 2330 5089 quentes
2358 5020 2628 5076 victorias
2669 5019 3072 5076 devincendos.
3127 5019 3289 5087 Quod
3342 5027 3534 5076 tamen
3587 5026 3780 5076 utrum

2085 5107 2250 5164 valde
2280 5107 2338 5162 in
2375 5115 2666 5176 posterum
2724 5107 3046 5176 differatur,
3092 5122 3167 5164 an
3217 5109 3476 5177 proxime
3510 5108 3626 5163 fieri
3675 5108 3777 5164 de-

2087 5192 2234 5260 beat,
2263 5194 2491 5264 penitus
2515 5195 2678 5252 nobis
2706 5196 2988 5252 incertum
3022 5203 3263 5252 constat.
3299 5197 3387 5251 Ex
3417 5197 3540 5267 ipsa
3589 5205 3780 5254 tamen

2082 5281 2464 5338 astronomica
2522 5283 2686 5340 nobis
2739 5283 3096 5353 portentione
3155 5285 3444 5354 perpatuit
3507 5285 3660 5356 quod
3701 5283 3776 5342 hii

2082 5367 2418 5439 ipsiquibus
2447 5385 2697 5440 superno
2714 5379 2940 5442 gentem
2966 5380 3221 5428 nostram
3239 5371 3458 5443 judicio
3487 5386 3771 5443 superare,

2078 5466 2135 5515 et
2165 5470 2201 5514 a
2230 5458 2522 5515 natalibus
2550 5459 2666 5516 oris
2691 5459 2914 5515 amoliri
2934 5459 3288 5524 conceditur.
3323 5461 3468 5516 idem
3496 5469 3774 5531 postremo

2078 5543 2348 5600 vincendi
2369 5558 2404 5600 a
2427 5547 2608 5614 nobis,
2630 5553 2686 5602 et
2738 5545 2812 5601 ab
2854 5559 2922 5601 ea
2963 5561 3141 5616 quam
3173 5547 3546 5617 usurpabant
3570 5548 3768 5618 patria,

2077 5632 2358 5692 bellorum
2387 5635 2499 5690 sint
2519 5634 2654 5705 jure
2686 5632 2950 5706 pellendi.
3015 5635 3122 5693 Cui
3179 5636 3390 5694 caelesti
3424 5635 3652 5708 indicio,
3682 5652 3769 5698 ve-
