3934 6420
1241 375 1460 430 GESTA
1503 375 1621 430 DEI
1664 374 1796 430 PER
1836 373 2269 430 FRANCOS.—-
2295 373 2428 427 LIB.
2476 371 2616 429 VIII.

132 517 356 566 terum
387 515 555 564 sectze
586 513 798 563 nostra:
826 505 1193 562 oraculorum
1253 504 1484 574 passim.
1525 519 1598 560 ex
1629 504 1871 574 quibus-
1911 506 1960 560 A
1991 518 2192 560 ronam
2222 504 2439 574 proprii
2483 503 2707 560 cruoris
2757 503 3034 559 effusione
3081 504 3405 573 contrahit;
3431 504 3573 559 alios
3611 505 3682 559 ad

135 613 273 668 que
344 596 743 653 voluminibus
795 595 985 650 statim
1052 593 1213 649 lectio
1267 607 1502 648 recensa
1560 593 1872 657 concinuit,
1983 593 2303 648 custodiam
2356 601 2567 648 sanctae
2615 592 2883 658 civitatis,
2921 599 3006 646 'ac
3061 593 3105 647 si
3135 593 3206 648 ad
3253 594 3474 648 cultum
3514 601 3681 648 terra:

129 382 254 434 8l7
1241 375 1460 430 GESTA
1503 375 1621 430 DEI
1664 374 1796 430 PER

2053 374 2177 430 IOS.
2200 402 2269 412 —-
2295 374 2428 427 LIB.
2476 374 2616 429 VIII.
3581 374 3685 427 818

138 687 423 756 idipsum
492 693 690 755 aperta
740 683 1024 739 locutione
1087 682 1414 744 testiﬁcaris,
1479 683 1637 753 quod
1699 682 1876 752 jubar

138 776 486 831 aethereum
519 773 966 829 contectioribus
987 771 1166 842 signis
1187 772 1476 825 innuerat.
1505 792 1526 817 ι

227 864 468 928 Quibus
498 861 727 932 gentilis
758 861 1009 916 hominis
1041 859 1230 914 verbis
1287 859 1402 924 illa,
1444 873 1575 929 qua:
1606 859 1876 928 superius

145 952 354 1007 relata
421 959 575 1016 sunt,
650 950 952 1006 Curbaran
1016 949 1215 1003 matris
1270 947 1421 1003 dicta
1476 947 1873 1016 concordant;

147 1055 270 1097 nec
326 1039 483 1110 apud
536 1052 642 1093 nos
692 1036 933 1091 dubium
965 1037 1216 1104 estquia
1262 1036 1458 1090 eadem
1513 1035 1631 1103 ipsa
1655 1036 1875 1090 ratione

149 1142 291 1198 qua
344 1127 444 1182 illa
472 1127 752 1181 adversus
793 1124 1149 1180 Christianos
1183 1123 1598 1178 dehortabatur
1629 1123 1873 1192 praeliari

151 1217 383 1283 tilium,
440 1215 532 1270 isti
589 1216 760 1268 etiam
831 1212 1133 1268 frenantur
1199 1212 1298 1281 qui
1363 1212 1874 1280 Hierosolymitano

149 1304 353 1358 exitio
390 1302 636 1366 inhiant,
667 1316 737 1355 ne
783 1300 930 1356 bella
988 1301 1180 1354 ineant
1211 1307 1412 1354 contra
1463 1300 1514 1352 id
1569 1299 1720 1368 quod
1763 1299 1872 1355 sibi

150 1400 469 1448 ostensum
502 1398 586 1445 est
615 1390 782 1445 fatale
820 1390 1136 1444 decretum.
1171 1389 1286 1442 Etsi
1325 1402 1576 1457 namque
1625 1388 1871 1456 primum

155 1479 598 1549 multiplicibus
665 1485 890 1533 nostros
948 1477 1160 1546 przeliis
1213 1491 1416 1545 urgere
1477 1475 1763 1541 insistunt,
1817 1484 1874 1531 at

156 1583 334 1624 nunc
383 1575 583 1622 contra
612 1581 706 1622 eos
734 1574 920 1621 tantos
947 1564 1242 1619 remissius
1270 1571 1472 1634 agunt,
1508 1573 1725 1633 quanto
1759 1578 1872 1618 non

151 1671 285 1720 eos,
340 1657 440 1712 sed
494 1655 800 1711 Dominum
858 1669 961 1723 pro
1021 1653 1103 1708 eis
1153 1652 1408 1708 exerceri
1459 1660 1513 1707 et
1566 1651 1874 1721 confligere

155 1747 454 1801 sentiunt.
515 1745 570 1800 Si
622 1752 815 1799 autem
873 1742 1148 1812 cuiquam
1193 1742 1334 1796 forte
1392 1740 1724 1795 incredibile
1778 1741 1874 1796 fiat

1987 681 2378 750 promissionis
2409 681 2649 743 inducit,
2709 696 2811 751 per
2867 697 3014 752 quos
3055 682 3343 752 hodieque
3389 683 3678 752 paucissi-

1985 782 2104 822 mos
2164 768 2337 824 totius
2411 770 2648 841 imperio
2700 769 2949 825 Orientis
3009 770 3251 834 obsistit,
3322 777 3558 824 caeteros
3620 769 3676 822 in

1985 855 2228 926 patriam
2287 857 2357 912 ad
2391 857 2780 914 testimonium
2839 866 3010 914 tantae
3059 858 3332 925 victoriae,
3367 866 3422 914 et
3452 857 3531 928 pii
3564 859 3680 913 hu—

1978 947 2076 1016 jus
2117 946 2303 1002 exsilii
2353 947 2727 1002 imitationem
2767 947 2953 1002 redire
3010 947 3286 1016 permisit.
3351 968 3378 994 ‹‹
3426 946 3671 1016 Lagenis

1982 1048 2118 1104 ergo
2150 1034 2361 1101 fractis,
2426 1034 2718 1104 lampades
2769 1034 3040 1100 emicant,
3076 1056 3104 1083 ››
3137 1036 3278 1104 quia
3323 1034 3522 1089 occisis
3549 1048 3681 1087 cor—

1983 1122 2238 1192 poribus,
2300 1122 2556 1192 spiritus,
2594 1122 2791 1178 divino
2847 1136 3039 1178 amore
3084 1123 3385 1187 ferventes,
3423 1129 3576 1177 recta
3609 1121 3680 1176 ad

1984 1211 2290 1267 Dominum
2339 1211 2653 1267 intentione
2703 1211 3112 1281 commigrant.
3181 1211 3377 1266 Hostes
3406 1211 3540 1265 inde
3563 1218 3681 1264 ter-

1983 1299 2073 1354 riti
2107 1299 2483 1370 subiguntur,
2543 1300 2682 1369 quia
2723 1313 2819 1355 eos
2875 1314 2988 1354 non
3032 1299 3312 1353 immerito
3350 1297 3677 1363 formidant,

1983 1389 2104 1458 qui,
2165 1403 2260 1457 spe
2328 1389 2666 1444 mternitatis
2731 1389 2997 1456 audaces,
3064 1396 3303 1443 mortem
3370 1389 3490 1442 vita
3560 1387 3681 1456 ipsa

1982 1478 2217 1534 charius
2268 1478 2721 1547 amplectuntur.
2758 1500 2777 1525 ε
2813 1477 3071 1540 Quorum
3120 1477 3273 1532 enim
3314 1475 3678 1540 animalium,

1982 1570 2048 1621 ut
2106 1566 2185 1620 ait
2245 1565 2575 1634 Apostolus,
2636 1565 2878 1633 sanguis
2928 1563 3173 1618 infertur
3231 1565 3288 1617 in
3343 1563 3550 1618 Sancta
3581 1577 3682 1632 per

1983 1654 2329 1722 pontiﬁcem.
2397 1654 2605 1708 horum
2657 1665 2900 1721 corpora
2951 1659 3284 1707 cremantur
3311 1660 3476 1706 extra
3496 1659 3682 1706 castra

1985 1743 2186 1812 (Hebr.
2245 1758 2361 1809 xm,
2421 1741 2524 1808 ll).
2578 1763 2604 1790 ››
2659 1742 2818 1798 Unde
2883 1741 3160 1795 Dominus
3233 1746 3397 1794 extra
3459 1748 3679 1808 portam

155 1833 330 1902 quod
367 1833 566 1888 futura
601 1831 731 1902 quis
762 1830 1106 1901 astrologica
1127 1837 1249 1885 arte
1282 1843 1633 1898 praenoscere
1664 1828 1870 1894 valeat,
1914 1807 1955 1862 Β
1988 1807 2190 1900 passus
2235 1807 2655 1886 est.vExierunt
2709 1831 2903 1899 itaque
2956 1829 3032 1884 hii
3081 1829 3151 1883 ad
3205 1843 3336 1884 eum
3374 1807 3542 1883 extra
3589 1841 3682 1880 ca-

157 1921 316 1977 illud
349 1921 515 1977 nobis
543 1922 777 1976 evidens
807 1927 1217 1989 argumentum
1265 1918 1533 1987 praebeat,
1563 1918 1720 1986 quod
1771 1917 1876 1971 im-

161 2018 407 2081 perator
455 2009 735 2074 Eraclius,
778 2022 878 2078 per
927 2007 1257 2077 hujusmodi
1300 2005 1685 2075 disciplinam,
1729 2019 1876 2075 gen—

163 2107 287 2154 tem
321 2097 722 2154 circumcisam
765 2103 964 2152 contra
1001 2097 1325 2151 Romanum
1380 2094 1684 2163 imperium
1735 2107 1876 2162 prae-

158 2187 362 2243 scierit
419 2194 850 2254 surrecturam;
903 2199 1009 2239 nec
1058 2192 1246 2239 tamen
1281 2197 1397 2237 non
1449 2182 1677 2238 Judaeos
1717 2181 1871 2237 futu-

160 2290 283 2342 ros,
329 2276 426 2331 sed
459 2276 824 2340 Sarracenos,
870 2273 972 2342 qui
1023 2273 1144 2327 hzec
1195 2279 1448 2342 agerent,
1483 2284 1732 2340 peream
1775 2284 1875 2338 po-

165 2364 281 2420 tuit
345 2363 644 2434 providere
682 2361 966 2432 peritiam.
1011 2361 1346 2416 lntueamur
1397 2367 1451 2415 et
1502 2372 1716 2429 magos,
1749 2357 1872 2428 qui,

161 2467 305 2508 cum
339 2459 540 2508 natum
591 2465 804 2521 regem,
861 2457 915 2505 et
962 2449 1120 2504 hunc
1172 2447 1360 2517 ipsum
1408 2449 1587 2502 Deum
1617 2455 1670 2502 et
1698 2445 1875 2520 homi-

162 2556 323 2606 nem,
372 2540 574 2596 sideris
611 2539 745 2594 editi
790 2537 1091 2608 repentina
1143 2535 1490 2605 inspectione
1541 2535 1869 2600 sensissent,

166 2629 394 2699 quibus
422 2635 569 2683 esset
599 2635 948 2697 regnaturus
974 2625 1234 2695 partibus
1253 2626 1422 2679 etiam
1447 2631 1744 2678 noverant.

245 2716 533 2786 [XXVIL]
561 2745 628 2755 —
660 2716 723 2770 In
763 2715 870 2769 hoc
899 2715 1018 2783 ipso
1049 2728 1196 2767 novo
1225 2713 1319 2767 Dei
1351 2713 1629 2767 adversus
1688 2710 1870 2766 homi-

171 2820 278 2861 nes
317 2804 626 2860 diabolicos
671 2803 992 2872 procinctu,
1030 2801 1136 2856 hoc
1165 2801 1334 2856 etiam
1366 2801 1660 2855 videbitur
1681 2808 1872 2854 atten-

167 2894 445 2960 dendum,
507 2892 648 2962 quia
706 2891 920 2947 factum
975 2890 1028 2946 ei
1080 2889 1422 2945 omnimodis
1451 2889 1716 2944 videatur
1744 2903 1874 2943 con-

168 2996 380 3053 gruere
437 2981 711 3037 Gedeonis
778 2979 937 3049 (Jud.
1010 2982 1130 3045 vn).
1205 2979 1347 3033 Cum
1433 2977 1582 3032 enim
1647 2977 1872 3031 inﬁnita

173 3071 486 3159 multitudo
535 3078 864 3125 nostrorum
897 3067 968 3123 ad
1003 3067 1308 3122 subeunda
1359 3067 1646 3136 proposita
1668 3066 1872 3119 unani-
1907 3101 1947 3159 ο

169 3158 339 3214 miter
375 3159 639 3228 pertinax
702 3164 1024 3227 putaretur,
1075 3156 1353 3225 probatur
1409 3156 1478 3209 ad
1539 3168 1742 3223 aquas,
1775 3168 1872 3208 vo-

167 3248 418 3316 luptates
465 3247 667 3317 utique
697 3254 872 3315 atque
903 3244 1152 3310 delicias,
1189 3251 1250 3300 ut
1273 3244 1372 3314 qui
1399 3243 1658 3298 videlicet
1689 3244 1870 3298 Deum

168 3335 328 3404 sequi
383 3335 705 3406 diligerent,
765 3333 932 3389 famis
989 3333 1230 3402 sitisque
1293 3332 1668 3396 cruciatibus,
1718 3345 1867 3386 mor-

169 3423 431 3493 tiumque
474 3423 770 3478 variarum
802 3422 1031 3478 casibus
1064 3436 1175 3476 non
1207 3421 1509 3489 cederent;
1543 3420 1641 3488 qui
1675 3427 1870 3474 autem

172 3521 294 3580 post
347 3525 591 3581 corpora
620 3512 800 3566 Deum
835 3511 1196 3580 projicereut,
1247 3509 1318 3563 ad
1371 3509 1530 3563 fluxa
1568 3522 1689 3563 sese
1718 3507 1870 3562 desi-

169 3598 344 3665 deria,
380 3599 536 3668 quod
583 3599 770 3653 ﬂexus
820 3598 932 3653 illic
988 3598 1178 3667 poples
1229 3597 1536 3667 signiﬁcat,
1587 3597 1872 3652 enerviter

171 3687 538 3742 inclinarent.
578 3686 685 3752 Qui
719 3695 908 3742 autem
942 3686 1216 3742 biberunt
1271 3699 1449 3740 manu
1490 3686 1561 3739 ad
1614 3699 1674 3739 os
1703 3684 1872 3754 proji-

170 3776 370 3842 ciente,
437 3775 538 3845 ipsi
571 3783 705 3830 sunt
737 3775 859 3844 qui,
897 3775 1164 3846 Diogenis
1205 3774 1406 3834 instar,
1437 3781 1678 3827 vacante
1713 3772 1867 3827 omni

170 3863 505 3919 deliciarum
565 3876 730 3931 cura,
790 3864 941 3919 inter
1015 3863 1128 3917 Deo
1175 3862 1564 3927 serviendum,
1632 3876 1869 3931 quoquo

181 3959 338 4021 pacto
377 3951 699 4006 satisfecere
755 3959 1000 4006 naturze.
1059 3949 1318 4005 Trecenti
1366 3949 1544 4014 fuere,
1600 3949 1703 4019 qui
1760 3949 1868 4004 sub

175 4040 424 4096 Gedeone
457 4039 798 4109 probantur,
851 4039 992 4109 quia
1022 4039 1171 4094 sicut
1194 4038 1466 4104 exterius,
1521 4039 1598 4093 ita
1629 4038 1870 4093 interius

177 4128 428 4199 bajulare
465 4142 720 4195 crucem,
746 4143 878 4198 quae
907 4128 1072 4182 Thau
1122 4126 1310 4182 littera
1338 4127 1718 4197 significatur,
1757 4134 1866 4182 tre-

176 4225 360 4273 centos
389 4216 672 4284 innuitur,
703 4218 802 4287 qui
854 4217 961 4272 hac
1007 4216 1431 4287 perseverantia
1486 4216 1865 4271 honorantur.

178 4304 357 4371 Quare
405 4306 556 4360 enim
590 4319 624 4360 a
676 4305 974 4360 Dominica
1029 4320 1150 4361 sese
1178 4304 1344 4359 multi
1378 4313 1704 4359 nostrorum
1737 4313 1868 4359 tur—

182 4394 320 4463 piter
371 4407 646 4462 excepere
695 4394 946 4448 militia?
1001 4392 1108 4448 nisi
1142 4392 1284 4462 quia
1332 4392 1528 4447 sedulo
1558 4391 1720 4462 gravi
1753 4405 1869 4447 car-

182 4482 456 4552 pebantur
497 4481 712 4550 inedia;
753 4490 826 4549 et,
873 4482 1016 4554 quia
1057 4479 1181 4536 sine
1210 4482 1405 4537 Cerere
1441 4483 1496 4534 et
1527 4479 1726 4534 Libero
1746 4479 1866 4547 fri-

179 4575 267 4641 get
305 4570 494 4623 Venus
541 4569 690 4639 (Ter.
727 4573 870 4624 Eun.
901 4569 996 4636 IV,
1029 4583 1086 4634 ν,
1133 4572 1208 4634 6),
1263 4567 1426 4623 nulla
1465 4567 1698 4635 eisdem,
1736 4583 1866 4624 cor-

186 4658 430 4727 pusculis
454 4657 940 4718 flaccescentibus,
974 4657 1231 4712 libidinis
1256 4654 1438 4711 inerat
1475 4657 1868 4724 perpetranda

188 4745 436 4812 facultas,
473 4760 602 4815 qum
640 4744 813 4801 etiam
854 4745 902 4801 si
932 4752 1278 4815 suppeteret,
1330 4759 1446 4799 non
1478 4745 1678 4814 aliqua
1707 4753 1869 4815 pate—

189 4843 266 4892 ret
295 4835 712 4906 opportunitas.

254 4925 318 4980 Hi
344 4938 480 4994 ergo
510 4925 611 4994 qui
643 4923 867 4994 probati
896 4923 1114 4979 inventi
1139 4931 1293 4990 sunt,
1333 4945 1354 4971 ‹
1390 4923 1561 4978 tubas
1600 4922 1812 4978 habent
1843 4945 1864 4968 ι

192 5012 245 5068 in
279 5012 563 5079 manibus,
621 5012 764 5081 quia
804 5011 1068 5068 divinum
1101 5025 1443 5076 sermonem,
1472 5011 1642 5082 cujus
1669 5011 1870 5067 solatio

192 5103 328 5158 inter
374 5107 453 5156 tot
509 5099 843 5155 discrimina
899 5108 1254 5162 recreantur,
1299 5100 1597 5169 proferunt
1629 5100 1686 5154 in
1731 5115 1871 5169 ope-

194 5190 359 5246 ribus.
397 5211 417 5237 ι
454 5189 710 5259 Lagenas
761 5195 974 5250 tenent,
1001 5207 1030 5238 ν
1071 5188 1209 5244 dum
1242 5188 1300 5242 in
1323 5188 1596 5243 continuo
1654 5189 1874 5256 procin-

193 5287 280 5337 ctu
324 5277 508 5348 positi,
559 5278 632 5332 ab
681 5277 836 5332 omni
885 5276 1240 5333 carnalitatis
1285 5275 1536 5332 foeditate
1589 5291 1649 5331 se
1686 5277 1872 5332 conti-

195 5373 338 5423 nent.
369 5365 528 5420 Intra
559 5365 795 5435 lagenas
824 5383 852 5414 (ι
885 5365 1174 5434 lampades
1195 5363 1430 5429 habent,
1464 5382 1493 5414 ι»
1522 5364 1661 5433 quia
1691 5365 1750 5418 in
1778 5378 1875 5420 va-

195 5457 263 5512 sis
314 5467 616 5523 corporum
670 5452 940 5509 ﬁctilibus
986 5453 1091 5522 piae
1133 5451 1488 5517 intentionis,
1543 5451 1697 5506 omni
1749 5452 1874 5508 luce

197 5544 453 5601 clariores
511 5541 766 5596 thesauri
826 5542 1092 5597 renitent.
1147 5559 1172 5591 «ι
1226 5541 1290 5595 In
1345 5547 1458 5594 tres
1503 5553 1598 5593 eos
1647 5539 1873 5596 Gedeon

199 5640 374 5705 partes
414 5629 670 5686 dividit»
700 5629 836 5685 dum
869 5629 1148 5700 quosdam
1192 5643 1264 5684 ex
1294 5627 1375 5684 eis
1405 5626 1666 5682 Christus
1696 5627 1764 5681 ad
1793 5643 1876 5682 co-

1986 1929 2124 1988 stra,
2184 1928 2350 1976 extra
2379 1925 2530 1974 445
2578 1919 2835 1975 videlicet
2867 1917 3058 1974 carnis
3085 1917 3383 1983 desideria,
3414 1917 3554 1972 dum
3587 1917 3683 1971 im-

1987 2010 2312 2080 properium
2363 2009 2489 2079 ejus
2536 2017 2764 2079 portant
2807 2010 2996 2064 crucis
3051 2007 3242 2078 (Ibid,
3286 2009 3388 2077 l3),
3439 2008 3681 2062 mortifi-

1983 2099 2264 2154 cationem
2301 2098 2360 2153 in
2388 2098 2542 2154 vitiis
2578 2098 2788 2153 scilicet
2818 2112 2885 2151 ac
2939 2095 3396 2165 concupiscentis
3426 2102 3676 2151 servant.

2621 2184 2856 2242 CAPUT
2889 2186 3039 2242 VIII.

2055 2276 2331 2346 [XXVIILJ
2368 2276 2473 2331 Sed
2511 2282 2800 2345 quantum
2830 2288 2962 2329 cum
3017 2274 3180 2329 bonae
3208 2272 3526 2328 voluntatis
3557 2271 3683 2326 affe-

1982 2372 2078 2420 ctu
2126 2364 2376 2420 valuerit
2433 2363 2576 2419 tanti
2606 2364 2781 2432 hujus
2812 2361 3025 2417 laboris
3054 2361 3393 2431 assumptio,
3429 2362 3537 2416 hoc
3565 2374 3681 2415 uno

1982 2453 2238 2524 subjecto
2294 2452 2560 2522 exemplo
2603 2452 2790 2521 colligi
2841 2458 3043 2520 potest.
3096 2450 3258 2516 Quod
3292 2449 3500 2504 idcirco
3548 2462 3678 2518 pro-

1981 2543 2311 2612 ponendum
2349 2542 2644 2606 duximus,
2703 2547 2767 2594 ut
2798 2538 3017 2609 liquido
3046 2538 3469 2608 perpendamus
3499 2550 3682 2606 quan-

1977 2639 2101 2688 tum
2135 2644 2278 2700 pure
2321 2637 2552 2700 peccata
2592 2628 2858 2684 confessis
2907 2635 2960 2683 et
3021 2627 3239 2682 sincere
3271 2625 3681 2695 paenitentibus

1981 2719 2259 2789 profuerit
2311 2719 2476 2774 istius
2537 2714 3016 2788 peregrinationis
3046 2715 3251 2770 devota
3302 2713 3602 2783 susceptio,
3634 2712 3681 2766 si

1980 2815 2276 2876 tantopere
2333 2806 2683 2876 pmnitentiae
2728 2819 2794 2860 ac
2841 2803 3210 2860 confessionis
3261 2817 3401 2872 pene
3447 2816 3683 2871 prorsus

1978 2896 2325 2961 exsortibus,
2385 2894 2634 2950 valuisse
2685 2893 2985 2964 probatur,
3046 2900 3443 2960 terroremque
3501 2890 3683 2945 incus-

1980 2984 2117 3039 sisse
2143 2983 2390 3038 diabolo.

2051 3070 2352 3143 [XXVIIL]
2400 3069 2644 3136 Quidam
2670 3087 2708 3124 a
2735 3067 3023 3123 diabolica
3050 3068 3261 3132 fraude
3287 3084 3416 3121 cum
3436 3066 3548 3120 iter
3581 3069 3680 3120 Je-

1976 3161 2149 3215 rosol.
2177 3158 2539 3231 arripuissef,
2568 3161 2741 3229 atque
2765 3157 2909 3211 inibi
2950 3157 3239 3211 sacerdoti
3262 3158 3506 3228 peccata
3533 3172 3680 3224 ape-

1976 3249 2210 3314 ruisset,
2266 3247 2561 3302 liberatur.
2608 3275 2682 3286 —
2724 3246 2828 3302 Vir
2856 3245 3138 3316 equestris
3173 3244 3391 3300 ordinis
3440 3243 3676 3313 quidam

1978 3337 2425 3400 maritimarum,
2463 3335 2568 3391 nisi
2595 3335 2778 3402 fallor,
2811 3334 3082 3403 partium,
3109 3333 3413 3404 cujusdam
3445 3332 3680 3386 fratrem

1979 3425 2277 3498 proprium
2330 3424 2638 3480 hostilitate
2697 3423 3043 3492 perdiderat.
3103 3421 3282 3491 Cujus
3330 3419 3680 3475 interfectio—

1978 3530 2108 3570 nem
2141 3514 2282 3569 adeo
2323 3514 2491 3568 homo
2550 3513 2697 3568 idem
2729 3525 2882 3582 aegre
2921 3511 3151 3575 tulerat,
3185 3517 3249 3565 ut
3283 3507 3678 3563 inconsolabili

1979 3617 2224 3658 mmrore
2252 3602 2602 3665 tabesceret;
2635 3600 2870 3670 majoris
2912 3599 3064 3654 enim
3098 3597 3361 3668 potentiae
3392 3596 3492 3665 qui
3543 3608 3678 3649 eum

1988 3699 2306 3761 peremerat
2353 3689 2681 3754 videbatur,
2713 3696 2776 3743 ut
2807 3689 3068 3742 mmrenti
3125 3685 3435 3741 ulciscendi
3488 3683 3681 3737 defun-

1980 3787 2136 3835 ctum
2185 3793 2311 3848 spes
2363 3778 2481 3834 ulla
2537 3783 2883 3846 suppeteret.
2918 3774 3269 3830 lntolerabili
3300 3787 3434 3844 ergo
3483 3771 3681 3826 dolore

1980 3870 2216 3934 defecto,
2249 3875 2304 3923 et
2334 3867 2596 3923 luctuosa
2648 3865 2918 3921 omnibus
2964 3864 3183 3933 ubique
3215 3863 3517 3917 momentis
3557 3875 3682 3929 pro-

1977 3957 2240 4026 sequenti
2279 3961 2465 4010 mente
2491 3966 2860 4024 germanum,
2895 3964 3026 4006 cum
3060 3951 3263 4006 novior
3298 3950 3354 4004 in
3387 3949 3508 4004 dies
3539 3947 3680 4002 irre-

1978 4043 2252 4114 parabilis
2299 4043 2494 4097 damni
2539 4040 2910 4095 refricaretur
2947 4037 3249 4102 acerbitas,
3289 4043 3364 4099 et,
3421 4037 3544 4090 sine
3601 4049 3682 4088 re-

1974 4141 2173 4203 spectu
2199 4130 2525 4203 cujuspiam
2560 4127 2766 4194 solatii,
2806 4125 3154 4181 inevitabilis
3204 4123 3492 4178 memoriae
3527 4123 3679 4176 lace-

1975 4236 2107 4278 rum
2141 4220 2327 4275 miseri
2352 4217 2600 4273 hominis
2627 4217 2792 4288 jecur
2837 4228 3005 4284 poena
3054 4219 3365 4282 torqueret,
3410 4211 3548 4266 dum
3585 4224 3684 4265 an-

1977 4324 2144 4381 gores
2204 4307 2464 4363 assiduos
2516 4305 2588 4360 ad
2653 4311 2978 4360 extremum
3057 4300 3375 4371 repetendae
3444 4299 3682 4356 ultionis

1906 4401 1950 4453 D
1975 4395 2326 4465 centuplicat
2371 4392 2704 4458 difﬁcultas,
2735 4389 3017 4456 diabolus,
3071 4388 3298 4445 diutina
3327 4385 3682 4457 experientia

1978 4486 2210 4550 callens,
2242 4491 2296 4540 et
2331 4481 2618 4552 spirituali
2669 4479 2965 4535 alacritate
3012 4478 3166 4533 omni
3208 4477 3434 4533 mortali
3471 4484 3684 4531 natura

1975 4574 2213 4638 facilior,
2249 4571 2350 4642 qui
2385 4571 2442 4625 in
2474 4569 2694 4625 cunctis
2728 4576 2986 4636 tempora
3016 4574 3346 4635 aucupatur
3365 4574 3419 4621 et
3451 4578 3676 4627 causas,

1980 4663 2158 4733 hujus
2185 4660 2462 4716 nimirum
2494 4658 2687 4713 arrisit
2708 4655 3124 4726 opportunitati
3151 4654 3411 4709 tristitiae.

2051 4751 2150 4806 Die
2177 4749 2378 4821 itaque
2402 4746 2678 4818 quadam,
2715 4758 2846 4799 cum
2877 4742 3160 4798 vecordiae
3194 4739 3484 4796 interioris
3514 4754 3684 4810 squa-

1978 4835 2130 4892 lidus
2187 4837 2338 4904 tabo,
2393 4843 2450 4891 et
2477 4835 2765 4890 exhausto
2814 4829 3064 4900 suspirio
3096 4827 3529 4899 profundissimi
3559 4828 3677 4882 Ian-

1981 4926 2180 4997 guoris
2229 4925 2494 4990 anhelus,
2557 4921 2871 4992 potandum
2937 4933 3176 4989 equum,
3249 4917 3351 4987 ipsi
3407 4917 3680 4981 insidens,

1979 5015 2214 5072 duceret
2271 5014 2342 5069 ad
2394 5025 2598 5084 aquas,
2658 5026 2688 5066 e
2733 5009 2962 5081 regione
3012 5006 3352 5062 altrinsecus
3391 5006 3449 5061 in
3505 5006 3684 5061 altera

1981 5101 2240 5158 fluminis
2295 5101 2584 5170 crepidine
2623 5098 2872 5169 positum
2930 5097 3248 5151 daemonem
3295 5095 3680 5164 conspicatur.

1980 5191 2261 5262 Apparuit
2317 5197 2509 5245 autem
2567 5189 2620 5243 ei
2674 5188 2732 5242 in
2766 5185 2951 5256 specie
3007 5184 3115 5240 viri
3145 5183 3475 5254 cujusdam,
3511 5197 3684 5252 quem

1979 5279 2288 5338 contractis
2340 5277 2614 5334 cruribus
2643 5275 2982 5332 existentem
3037 5286 3429 5341 saepenumero
3487 5273 3682 5327 videre

1982 5375 2375 5427 consueverat.
2436 5366 2758 5424 Videbatur
2796 5363 2966 5420 etiam
3011 5370 3066 5419 et
3122 5363 3242 5432 ipse
3287 5376 3484 5432 eques,
3531 5361 3682 5416 acci-

1984 5454 2186 5523 pitrem
2236 5467 2414 5508 manu
2458 5461 2715 5523 gestans;
2763 5451 2920 5516 lutei,
2981 5460 3046 5506 ut
3076 5451 3432 5521 praeferebat,
3481 5449 3685 5504 coloris

1985 5543 2238 5598 tunicam
2275 5543 2508 5597 habens.
2543 5541 2721 5609 Quem
2751 5555 2884 5597 cum
2941 5540 3031 5596 ille
3073 5539 3300 5595 eminus
3331 5539 3680 5596 attendisset.

1984 5638 2039 5686 et
2093 5630 2422 5686 recordatus
2478 5629 2710 5700 cogniti.
2753 5643 2924 5698 quem
2972 5629 3090 5684 fore
3147 5627 3406 5697 putabat,
3443 5626 3687 5680 hominis
