3934 6406
287 338 393 391 819

1182 333 1240 389 ν.
1282 335 1617 393 GUIBERTI
1654 336 1948 393 ABBATIS
1983 335 2039 393 S.
2083 337 2325 392 IARI/E
2364 338 2455 394 DE
2495 335 2891 394 NOVIGENTO

3713 341 3844 394 820

290 478 578 530 consuetas
615 471 923 530 debilitatis
949 479 1006 530 et
1046 472 1263 540 formae,
1314 487 1432 543 prae
1463 472 1825 529 vehementia
1862 472 1985 528 ino-
2023 470 2073 527 Α
2099 471 2375 529 beneficia
2392 472 2515 543 jam
2543 476 2784 542 experta
2808 485 3144 542 proponere,
3174 472 3394 543 potiora
3424 472 3483 529 in
3504 481 3836 544 posterum

295 560 445 630 pina:
501 560 776 617 novitatis
812 561 1088 630 haasisset,
1144 575 1395 632 nequam
1442 561 1698 631 spiritus,
1735 560 1988 630 procaci-

292 648 427 704 tatis
471 648 730 719 antiquae
777 663 893 706 non
924 650 1240 715 immemor,
1289 651 1513 720 primus
1561 648 1764 705 effert:
1800 671 1829 700 ‹‹
1861 650 1987 706 Non

292 749 445 798 sum,
511 736 720 807 inquit,
776 752 950 807 quem
999 738 1265 793 aestimas.
1317 738 1475 794 Scias
1537 745 1729 793 autem
1753 752 1842 793 me
1870 753 1990 794 esse

293 823 609 891 diabolum,
651 824 726 880 ad
754 825 1048 881 diuturna:
1103 833 1218 881 tuae
1262 826 1527 882 torsionis
1557 827 1863 895 praebenda
1892 841 1989 884 re—

294 911 485 967 media
513 912 776 970 missum.
799 914 1064 984 Magister
1089 927 1343 984 namque
1365 929 1548 979 meus,
1583 914 1685 985 qui
1718 916 1990 971 omnibus

296 1000 356 1054 in
388 1013 629 1056 maerore
658 1000 872 1070 positis,
916 1002 960 1057 si
993 1001 1102 1058 sibi
1140 1003 1477 1067 assentiant,
1517 1004 1991 1073 compassibiliter

294 1085 602 1159 suffragari
641 1089 937 1159 dignatur,
956 1089 1030 1145 ad
1064 1098 1117 1145 te
1144 1104 1233 1146 me
1258 1089 1485 1160 dirigit;
1514 1104 1638 1156 nec,
1670 1091 1714 1146 si
1744 1091 1794 1147 ei
1820 1100 1990 1160 prout

296 1174 399 1230 tibi
450 1176 652 1232 dixero
699 1177 1063 1246 acquiescere
1119 1177 1277 1244 velis,
1331 1178 1601 1234 solatium
1641 1180 1987 1236 morabitur.

296 1264 439 1320 Cum
485 1264 637 1320 enim
695 1265 769 1320 sit
817 1265 1085 1333 liberalis,
1119 1280 1225 1321 nec
1266 1267 1409 1322 desit
1438 1266 1732 1335 opulentia
1764 1268 1992 1325 infinita

294 1353 643 1420 dandorum,
680 1352 1084 1411 affectantibus
1132 1369 1288 1424 opes,
1350 1368 1530 1424 supra
1579 1370 1757 1425 quam
1804 1357 1993 1414 valeas

292 1440 586 1508 aestimari,
621 1440 820 1511 largus
850 1449 933 1497 est
975 1456 1286 1498 munerum
1337 1442 1613 1507 subsidio,
1662 1443 1987 1513 egentibus,

294 1528 448 1584 ultra
477 1542 656 1597 quam
692 1530 912 1598 sperari
940 1530 994 1585 id
1024 1538 1232 1600 posset,
1278 1545 1393 1586 non
1441 1530 1632 1587 differt
1679 1531 1992 1588 adminicu-

293 1617 433 1673 lum.
479 1617 566 1672 Tu
597 1631 753 1684 vero,
805 1618 907 1687 qui
933 1626 1100 1673 vetus
1126 1618 1507 1675 infortunium
1558 1619 1732 1674 animi
1758 1620 1992 1691 aegritu-

2100 560 2371 629 polliceri,
2432 562 2501 617 de
2563 560 2690 616 fidei
2722 560 3098 616 translatione
3144 560 3342 616 sedulo
3371 561 3509 617 satis
3550 562 3828 617 hortari.

2097 648 2194 703 Ille
2246 657 2438 705 autem
2488 649 2736 719 largitati
2781 654 2932 703 .uo
2979 649 3307 704 omnimodo
3357 648 3476 704 fieri
3529 648 3835 719 gratula-

2098 736 2331 793 bundus
2359 747 2631 807 expertae,
2663 736 2940 806 obsequia
2970 736 3113 792 tanti
3164 736 3441 806 principis
3468 735 3835 793 liberalitati

2097 826 2446 895 sempiterna
2503 827 2853 896 promittere,
2888 839 3065 895 super
3105 828 3233 894 ejus
3283 839 3441 891 vero,
3493 825 3653 897 quod
3691 825 3835 880 fre—

2098 928 2284 983 quens
2320 915 2684 985 exigebatur,
2745 913 2981 968 hominii
3041 914 3332 983 pensione,
3362 913 3580 985 jugiter
3621 912 3831 969 indu-

2098 1004 2216 1057 cias
2239 1002 2557 1059 obsecrare.

2169 1090 2358 1161 lgitur
2385 1105 2516 1147 cum
2550 1091 2719 1147 homo
2748 1090 2926 1147 isdem
2967 1090 3330 1147 creberrimis
3374 1096 3429 1146 et
3489 1089 3638 1147 inter
3678 1104 3829 1146 me-

2098 1178 2223 1233 dias
2270 1178 2635 1235 invisibiliter
2691 1187 2916 1235 turmas
2967 1177 3430 1248 apparitionibus
3466 1185 3825 1249 urgeretur,

2098 1266 2199 1322 Dei
2240 1276 2408 1336 nutu,
2443 1282 2544 1338 per
2575 1268 2845 1324 Latinum
2875 1267 3074 1324 orbem
3106 1266 3609 1336 Hierosolymitani
3649 1266 3834 1322 itine-

2100 1355 2179 1409 ris
2225 1354 2378 1410 fama
2410 1356 2747 1426 porrigitur,
2775 1364 2832 1410 et
2860 1356 3126 1426 quisque,
3157 1353 3262 1426 qui
3311 1354 3510 1425 aliquo
3532 1368 3657 1410 sese
3689 1354 3827 1409 cri—

2099 1442 2253 1497 mine
2284 1451 2640 1511 persenserat
2682 1442 3045 1512 implicitum,
3089 1442 3247 1509 illuc,
3282 1455 3463 1497 novas
3519 1441 3637 1496 Deo
3675 1455 3826 1511 pa;—

2099 1531 2372 1586 nitentias
2424 1531 2736 1601 aperiente,
2802 1530 3088 1602 dirigitur.
3120 1530 3277 1586 Inter
3307 1544 3455 1600 quos
3485 1530 3585 1585 iste
3618 1528 3825 1599 profi-

2097 1618 2228 1674 cisci
2258 1619 2487 1689 delegit,
2514 1620 2607 1674 sed
2642 1619 2949 1686 nefarium,
2979 1619 3134 1689 quod
3163 1633 3297 1675 cum
3328 1618 3553 1674 diabolo
3584 1630 3825 1688 magna

291 1704 427 1761 dine
482 1719 708 1775 semper
758 1706 1060 1762 recentiori
1105 1706 1383 1775 deploras,
1415 1706 1461 1762 si
1508 1708 1651 1777 quid
1702 1715 1784 1763 est
1835 1708 1990 1763 unde
2028 1748 2072 1803 Β
2094 1706 2217 1778 jam
2260 1722 2333 1763 ex
2365 1716 2526 1777 parte
2570 1707 2884 1778 pepigerat,
2918 1707 3103 1762 foedus
3132 1706 3295 1763 nulla
3322 1706 3679 1762 confessione
3725 1719 3822 1761 re—

293 1792 578 1863 queraris,
610 1807 923 1863 exprome;
975 1795 1161 1851 sciens
1202 1794 1437 1851 indubie
1466 1802 1519 1850 te
1557 1796 1739 1852 multo
1772 1795 1992 1866 majora
2028 1792 2071 1803 ⁴’
2100 1796 2261 1851 texit.
2316 1795 2571 1851 Profecto
2602 1796 2799 1865 itaque
2826 1802 2881 1850 et
2930 1794 3359 1851 aemulationem
3404 1793 3503 1849 Dei
3539 1793 3818 1861 habenti,

295 1890 694 1952 sumpturum,
728 1896 908 1953 quam
959 1897 1277 1953 praesumas
1319 1898 1647 1953 exposcere.
1676 1884 1732 1941 Si
1755 1883 1990 1941 fratrem

292 1970 560 2026 intuleris
612 1971 997 2038 interfectum,
1035 1971 1269 2027 ultionis
1315 1972 1653 2028 sententiam
1684 1972 1990 2029 accelerari

291 2073 637 2129 cognosces;
672 2058 719 2114 si
748 2059 1019 2130 quaelibet
1062 2061 1361 2131 quaesieris
1404 2060 1779 2128 incrementa,
1812 2062 1990 2119 mira-

293 2147 428 2203 bere
457 2146 693 2203 factum.
730 2168 760 2197 »

364 2236 519 2306 Ergo
541 2235 699 2303 velis,
728 2236 955 2307 jubeas,
987 2236 1209 2292 suberit
1235 2251 1338 2306 pro
1370 2237 1512 2293 velle
1536 2236 1799 2293 facultas.

365 2323 701 2379 Attenderat
749 2324 842 2379 ille
871 2323 1167 2379 insolitum
1215 2324 1382 2380 valde
1429 2340 1621 2395 pecus,
1666 2326 1991 2383 mirabatur

292 2410 588 2467 diabolum
648 2425 783 2467 cum
849 2411 1104 2467 maximo
1166 2419 1397 2481 stupore
1467 2413 1829 2482 loquentem;
1891 2416 1987 2471 sed

291 2506 583 2570 quantum
606 2499 1031 2569 pollicitationis
1060 2499 1344 2556 lenocinio
1370 2500 1730 2570 trahebatur,
1765 2510 1989 2559 tantum

292 2586 694 2657 pollicitatoris
742 2588 1000 2658 nequitia
1048 2588 1388 2645 terrebatur.
1428 2589 1575 2645 Vicit
1605 2590 1835 2646 tandem
1864 2606 1985 2647 am-

293 2674 431 2731 bitio
459 2675 890 2744 promissorum,
921 2684 975 2731 et
1000 2690 1059 2731 se
1089 2676 1303 2733 fatetur
1344 2677 1536 2733 oblata
1568 2686 1864 2749 gratanter
1890 2694 1984 2736 ac-

292 2763 518 2833 cipere:
555 2784 577 2811 ι
610 2766 896 2830 Attamen,
938 2764 1127 2834 inquit
1173 2765 1455 2833 diabolus,
1485 2766 1530 2821 si
1572 2774 1623 2821 te
1658 2766 1987 2837 hujusmeze

292 2851 614 2921 sponsionis
673 2852 895 2907 fructus
924 2852 1190 2920 oblectat,
1221 2861 1275 2909 et
1305 2861 1358 2910 te
1405 2854 1683 2926 principis
1724 2858 1852 2924 mei,
1881 2859 1985 2929 qui

292 2940 362 2994 ad
395 2947 448 2995 te
470 2954 556 2995 me
589 2940 757 3007 misit,
787 2940 1039 3011 gratuita
1068 2942 1463 2999 benevolentia
1511 2951 1811 3016 utcunque
1858 2948 1985 3017 pel-

2097 1883 2229 1939 licet
2277 1898 2389 1939 non
2451 1884 2769 1939 secundum
2814 1882 3130 1950 scientiam,
3189 1883 3330 1938 dum
3371 1896 3607 1952 operum
3638 1882 3818 1937 initio

2099 1969 2381 2027 bonorum
2409 1971 2687 2027 confessio
2726 1986 2841 2027 non
2872 1979 2957 2027 est
2984 1972 3279 2041 praemissa
3309 1971 3609 2034 malorum,
3639 1977 3817 2026 tanta.

2097 2058 2298 2128 gratiae
2328 2059 2450 2126 Dei,
2486 2060 2635 2115 inter
2662 2060 2943 2127 eundum,
2980 2060 3265 2116 hominem
3288 2062 3594 2115 comitatur
3624 2057 3812 2114 uber-

2097 2154 2205 2211 tas,
2260 2147 2318 2202 in
2351 2155 2575 2203 tantum
2610 2149 2721 2204 Deo
2776 2148 2993 2218 placuit
3024 2148 3207 2216 labor,
3241 2148 3562 2218 quamlibet
3599 2147 3813 2202 minus

2097 2232 2267 2305 plena
2297 2234 2506 2306 pietate
2536 2245 2942 2306 praesumptus,
2978 2244 3043 2293 ut
3068 2235 3125 2290 in
3154 2235 3276 2306 ipso
3304 2234 3687 2306 expeditionis
3718 2233 3810 2290 iti-

2096 2336 2254 2389 nere,
2290 2323 2468 2379 nullis
2518 2338 2651 2379 eum
2691 2324 2954 2380 funestus
2982 2332 3217 2381 exactor
3256 2324 3597 2394 compellare
3623 2321 3806 2378 aude-

2095 2419 2182 2467 ret
2211 2411 2489 2481 angariis.
2544 2411 2691 2478 Quin
2738 2411 2947 2481 potius,
3000 2425 3067 2467 ac
3121 2412 3165 2467 si
3210 2411 3353 2468 nihil
3409 2425 3545 2467 cum
3594 2409 3799 2465 eodem

2096 2500 2380 2569 pactionis
2410 2500 2618 2555 habitae
2654 2501 3024 2569 meminisset,
3066 2501 3244 2557 nullis
3274 2498 3364 2556 vel
3411 2499 3468 2555 in
3498 2499 3718 2555 visione
3743 2498 3796 2555 ei

2095 2595 2401 2657 appareret
2430 2588 2632 2643 modis.

2164 2678 2343 2745 Capta
2374 2684 2656 2745 postremo
2684 2675 3059 2743 Hierusalem,
3091 2690 3225 2731 cum
3265 2675 3321 2731 in
3346 2675 3469 2745 ipsa
3497 2689 3631 2730 cum
3660 2672 3792 2730 aliis

2096 2764 2170 2820 ad
2246 2772 2471 2833 tempus
2536 2762 2928 2819 diversaretur
2996 2764 3157 2830 urbe,
3233 2768 3288 2818 et
3347 2770 3511 2819 nocte
3591 2761 3789 2832 aliqua

2094 2866 2229 2907 cum
2275 2852 2626 2922 quibusdam
2683 2860 2991 2921 putaretur
3048 2852 3301 2908 dormire
3346 2851 3643 2919 militibus,
3684 2851 3791 2907 sol-

2092 2939 2285 2996 licitus
2338 2953 2511 3010 super
2567 2940 2689 2996 suis
2742 2954 3122 3011 suorumque,
3156 2941 3259 3011 qui
3288 2940 3397 2995 sub
3428 2940 3540 3005 dio,
3565 2953 3666 3010 pro
3695 2953 3787 2995 re-

290 3027 468 3096 lexit;
505 3043 636 3084 cum
681 3028 812 3098 ipsis
852 3028 1168 3099 effectibus,
1203 3038 1316 3087 tam
1369 3033 1438 3088 de
1472 3032 1690 3090 ultione
1718 3036 1982 3104 germani
2020 3056 2061 3109 ρ
2092 3029 2277 3099 gionis
2329 3027 2764 3095 consuetudine.
2814 3029 3257 3084 commanebant
3302 3027 3485 3098 equis,
3541 3026 3791 3097 respexit

290 3129 467 3186 quam
498 3117 568 3172 de
611 3117 973 3173 successibus
1028 3118 1390 3175 fortunarum
1422 3136 1554 3191 quae
1585 3122 1979 3192 pronuntiavi,

288 3219 428 3261 vera
459 3205 815 3275 probaveris,
852 3207 958 3262 hoc
988 3222 1151 3264 meus
1178 3208 1295 3277 ipse
1346 3210 1619 3281 magister
1647 3218 1758 3266 ate
1785 3211 1981 3282 exigit,

288 3300 578 3363 quatenus
603 3293 923 3350 hominium
955 3295 1065 3351 sibi
1091 3295 1283 3361 facias,
1312 3304 1369 3352 et
1394 3298 1674 3353 translata
1693 3298 1801 3354 fide
1829 3299 1985 3356 Chri-

194 3399 217 3415 κ
287 3381 612 3450 stianitatis,
645 3381 705 3437 in
741 3382 929 3452 ipsum
962 3383 1386 3441 indivisibiliter
1429 3394 1483 3441 te
1529 3387 1577 3441 ei
1618 3387 1983 3443 cohaesurum

287 3470 584 3538 spondeas,
616 3470 691 3526 ab
741 3470 831 3526 his
857 3471 1033 3526 etiam
1086 3486 1218 3540 quae
1261 3474 1509 3528 vetuerit
1556 3484 1985 3543 perseveranter

287 3558 595 3615 abstineas.
637 3558 785 3615 Sunt
839 3567 1032 3615 autem
1068 3560 1358 3629 specialia,
1391 3575 1426 3616 a
1460 3562 1696 3632 quibus,
1747 3578 1882 3620 cum
1910 3567 1983 3621 ad

288 3646 477 3716 ipsum
525 3647 892 3714 concesseris,
943 3647 1197 3706 cohiberi
1247 3664 1669 3721 usquequaque
1698 3659 1753 3708 te
1796 3654 1977 3711 velit:

286 3749 359 3791 ne
415 3748 682 3805 unquam
726 3734 988 3792 videlicet
1028 3736 1205 3793 ullam
1273 3738 1619 3809 ingrediaris
1661 3741 1978 3810 ecclesiam,

286 3837 359 3879 ne
388 3837 561 3893 quem
590 3823 758 3880 etiam
786 3824 1138 3895 baptizatum
1164 3840 1326 3883 sacro
1347 3828 1417 3883 de
1438 3828 1591 3884 fonte
1620 3830 1919 3901 suscipias,
1954 3855 1974 3881 ι

285 3917 341 3967 et
372 3910 604 3967 tertium
633 3908 908 3981 quiddam
943 3913 1155 3983 pariter
1202 3915 1385 3970 vetuit
1417 3916 1572 3984 quod
1595 3918 1886 3974 exciderat
1907 3921 1981 3977 ab

282 3999 410 4069 ejus
451 3998 554 4070 qui
584 3999 725 4055 mihi
755 4000 1015 4056 narravit
1069 4001 1362 4057 memoria.
1387 4003 1491 4059 Cui
1527 4004 1696 4061 homo
1726 4006 1848 4063 haec
1877 4008 1975 4064 ait:

286 4107 314 4137 α
345 4087 519 4144 Facili
566 4101 602 4143 a
659 4102 748 4143 me
786 4088 1154 4145 observantia
1186 4098 1455 4159 poterunt
1485 4092 1608 4148 sine
1628 4093 1824 4164 aliqua
1848 4110 1979 4165 pro-

282 4174 689 4232 crastinatione
712 4176 909 4243 teneri,
967 4176 1037 4233 de
1067 4178 1319 4234 hominio
1351 4193 1486 4235 vero
1542 4181 1823 4249 faciendo,
1873 4184 1979 4241 ali-

282 4273 431 4329 quas
458 4267 585 4330 peto
616 4260 879 4316 inducias
907 4260 1052 4316 dari.
1091 4283 1112 4310 ι
1158 4262 1519 4319 Abhorrebat
1546 4278 1685 4321 sane
1727 4267 1976 4323 multum

2092 3116 2166 3171 ad
2194 3116 2336 3183 illos,
2368 3123 2423 3171 et
2454 3116 2696 3185 speciem
2727 3118 2935 3172 stantis
2964 3117 3334 3172 considerans
3364 3114 3611 3171 hominis
3642 3115 3791 3169 inter

2090 3218 2203 3271 eos,
2238 3203 2423 3260 furem
2465 3204 2795 3274 suspicatus
2832 3206 3115 3275 exsurgit,
3144 3213 3197 3261 et
3225 3206 3358 3275 quis
3386 3212 3528 3259 esset
3550 3203 3789 3260 vocibus

2088 3292 2360 3349 turbatus
2407 3293 2669 3362 inquirit.
2732 3294 2835 3349 Cui
2869 3307 3003 3349 mox
3057 3293 3168 3359 ille,
3224 3292 3560 3348 habitudine
3595 3304 3786 3362 quam

2086 3388 2415 3437 consuescet
2446 3381 2621 3447 illata,
2652 3382 2821 3452 quasi
2859 3396 3126 3437 reverens
3154 3395 3221 3437 ac
3253 3379 3626 3451 pudibundus
3655 3380 3735 3436 ait
3765 3396 3778 3435 :

2091 3491 2119 3520 (ι
2143 3470 2344 3525 Nonne
2373 3484 2465 3525 me
2509 3470 2708 3525 nosti?
2741 3491 2769 3519 »
2801 3470 2875 3525 At
2907 3470 3022 3538 ille,
3054 3468 3235 3526 veluti
3286 3478 3452 3525 vetus
3475 3469 3584 3533 sibi
3614 3469 3783 3525 inno-

2092 3566 2328 3615 varetur
2357 3558 2751 3629 opprobrium,
2798 3558 2979 3615 multo
3018 3558 3277 3614 severius
3319 3557 3523 3613 infert:
3559 3579 3580 3605 ι
3616 3556 3778 3623 Novi,

2089 3646 2360 3717 inquit.»
2416 3647 2639 3714 Quibus
2686 3646 2996 3717 utrobique
3050 3646 3307 3716 prolatis,
3342 3660 3461 3701 nec
3507 3644 3601 3701 ille
3660 3652 3782 3715 post

2088 3734 2596 3807 interrogationem
2677 3735 2901 3805 aliquid
2978 3733 3467 3805 percunctationis
3540 3733 3782 3790 attexuit

2086 3839 2194 3880 nec
2222 3826 2325 3882 iste
2369 3826 2670 3896 quidpiam
2710 3825 2997 3896 responsis
3048 3824 3275 3896 adjecit.
3311 3823 3448 3890 Qua
3480 3822 3776 3895 apparitio,

2086 3922 2375 3984 quantum
2415 3914 2488 3970 ad
2532 3914 2823 3971 hominem
2874 3914 3148 3984 quamvis
3197 3913 3377 3970 otiosa
3432 3911 3623 3980 fuerit,
3666 3912 3778 3969 Deo

2087 4008 2281 4057 tamen
2318 4001 2704 4071 dispensante,
2728 4001 3007 4071 quiddam
3028 4001 3192 4056 nobis
3220 4014 3332 4056 non
3355 3999 3531 4055 otiose
3560 3998 3772 4054 innuit;

2086 4089 2380 4146 diabolum
2440 4090 2702 4147 videlicet
2762 4105 2877 4145 non
2916 4089 3191 4145 obliviose
3233 4089 3552 4158 praeterisse
3596 4087 3771 4144 homi-

2088 4193 2238 4246 nem,
2271 4179 2367 4235 sed
2414 4194 2486 4235 ex
2517 4178 2641 4249 ipsa
2669 4178 2761 4235 sui
2785 4178 3106 4235 ostensione
3134 4185 3188 4233 et
3207 4175 3415 4233 effectu
3453 4175 3775 4232 enuntiasse

2086 4266 2226 4336 quid
2275 4266 2541 4334 voluerit,
2563 4276 2619 4323 et
2638 4266 2862 4323 silentio
2897 4265 3230 4337 prodidisse,
3260 4273 3403 4335 quia
3433 4264 3770 4335 nequiverit.

282 4346 451 4403 homo
503 4347 669 4409 idem.
718 4347 911 4403 liberte
941 4348 1132 4405 adhuc
1156 4351 1395 4406 rationis
1413 4351 1649 4421 intuitu,
1682 4354 1838 4425 quod
1866 4369 1975 4411 ex-
2012 4349 2057 4403 D
2087 4353 2233 4421 Quid
2268 4354 2434 4425 plura
2455 4354 2484 4411 7
2514 4354 2719 4424 Rediit,
2757 4354 2854 4411 sed
2910 4368 3016 4411 nec
3059 4355 3207 4410 inter
3265 4353 3620 4410 redeundum
3648 4352 3771 4408 dia-

279 4434 574 4492 secrabilis
601 4435 742 4492 adeo
799 4449 835 4491 a
889 4450 948 4493 se
984 4436 1114 4495 fidei
1177 4439 1462 4498 traductio
1508 4450 1837 4513 peteretur;
1876 4446 1973 4502 sed

282 4523 635 4581 tolerabilius
679 4524 979 4596 judicabat
1028 4526 1370 4586 Christianis
1411 4530 1616 4587 officiis
1659 4533 1968 4603 abstinere,

277 4626 455 4684 quam
484 4612 663 4684 ipsius
691 4614 1045 4693 credulitatis
1072 4615 1445 4674 fundamento
1470 4632 1683 4676 carere.

346 4700 608 4771 Denique
626 4716 731 4759 nec
746 4716 927 4772 mora,
960 4704 1019 4760 in
1047 4712 1275 4761 tantum
1306 4705 1596 4774 fraternae,
1626 4716 1971 4779 suggerente

275 4787 547 4860 maligno,
604 4790 1011 4861 suppeditatur
1049 4791 1104 4848 ei
1131 4795 1537 4863 opportunitas
1588 4795 1847 4864 ultionis,
1905 4805 1971 4854 ut

273 4875 766 4935 crebrescentibus
806 4882 1042 4937 omnino
1070 4891 1488 4951 superarentur
1538 4883 1646 4941 viri
1678 4893 1813 4941 vota
1849 4886 1970 4942 for-

276 4964 450 5020 tunis.
483 4966 547 5020 In
576 4966 853 5037 hancque
913 4968 1148 5025 modum
1194 4971 1535 5028 succedente
1584 4974 1854 5041 remedio,
1896 4975 1969 5030 ab

274 5050 430 5108 illius
471 5052 663 5108 animo
687 5054 1128 5113 oblitterabatur
1156 5058 1365 5114 sensim
1391 5061 1652 5116 maeroris
1680 5062 1966 5130 atrocitas,

271 5153 407 5195 cum
435 5146 628 5197 tamen
658 5141 889 5199 interim
917 5145 1077 5201 nullo
1128 5146 1295 5203 modo
1324 5162 1416 5203 res
1456 5158 1831 5218 praesumeret
1858 5150 1968 5206 sibi

271 5239 307 5282 a
370 5226 599 5284 diabolo
646 5236 926 5288 attentare
980 5234 1321 5303 prohibitas.
1365 5236 1511 5293 Cum
1552 5237 1771 5294 interea
1818 5238 1967 5295 anti-

270 5328 426 5385 quus
470 5315 742 5374 humanae
779 5327 1004 5378 natura;
1046 5322 1226 5380 hostis
1262 5324 1463 5381 sedulo
1518 5326 1701 5382 eidem
1748 5327 1968 5383 homini

267 5416 565 5473 apparere,
621 5420 727 5461 nec
775 5408 965 5476 modo,
1016 5418 1082 5467 ut
1124 5412 1349 5479 assolet,
1404 5413 1771 5471 solitudinem
1815 5416 1961 5485 ejus,

268 5499 370 5547 aut
399 5500 613 5549 secreta
658 5496 940 5567 aucupari
997 5497 1140 5567 loca,
1175 5499 1271 5556 sed
1299 5499 1359 5554 in
1402 5501 1590 5557 media
1607 5502 1777 5559 etiam
1798 5503 1963 5576 vulgi

267 5580 508 5636 astantis
558 5580 905 5654 frequentia,
964 5585 1351 5655 improvidum
1394 5588 1586 5643 subito
1631 5592 1958 5660 convenire,

2083 4442 2251 4500 bolus
2301 4457 2361 4499 se
2405 4442 2486 4499 illi
2534 4443 2974 4513 conspicabilem
3028 4456 3279 4514 usquam
3311 4441 3769 4512 importunumve

2080 4532 2343 4602 praebuit.
2399 4531 2473 4588 At
2520 4546 2588 4588 eo
2634 4532 2790 4588 domi
2841 4532 3171 4600 constituto,
3234 4530 3439 4587 nefarii
3484 4530 3767 4587 confestim

2078 4620 2300 4677 consilii
2375 4620 2683 4678 miserabili
2734 4635 2988 4691 personae
3064 4621 3442 4677 resuscitatur
3507 4633 3763 4690 assessor,

2078 4718 2144 4767 ut
2174 4711 2275 4767 vix
2322 4724 2508 4781 pauca
2562 4718 2816 4779 tempora
2865 4710 2938 4765 ab
2984 4708 3767 4780 bujusmodicommonitorio

2080 4798 2282 4855 feriata
2343 4798 2549 4854 forent.
2583 4817 2611 4850 α
2665 4799 2910 4854 Possunt
2949 4797 3210 4853 homines
3257 4797 3329 4853 ab
3374 4796 3463 4853 his
3518 4810 3658 4868 quos
3682 4811 3765 4855 ve.

2078 4894 2282 4943 rentur
2334 4887 2656 4943 interstitiis
2722 4886 3022 4956 aliquibus
3075 4885 3382 4957 disparari.
3426 4899 3634 4955 eosque
3691 4886 3761 4941 ab

2079 4975 2583 5046 inquietudinibus
2627 4975 2926 5031 conclavia
2988 4988 3097 5031 sua
3151 4974 3513 5045 parietesque
3566 4973 3761 5029 distin-

2077 5071 2297 5135 guunt;
2330 5062 2687 5133 spiritualem
2745 5078 2885 5119 vero
2941 5063 3261 5131 nequitiam
3313 5076 3418 5117 nec
3459 5062 3758 5131 prmsentiaa

2077 5152 2423 5222 populorum
2472 5166 2578 5208 nec
2609 5152 2967 5209 munimenta
3018 5150 3406 5209 claustrorum
3448 5164 3482 5206 a
3511 5149 3628 5207 suis
3662 5164 3754 5206 cx-

2075 5240 2344 5297 cursibus
2367 5248 2584 5297 arcent.
2624 5263 2652 5290 ››

2144 5330 2273 5385 Viro
2304 5328 2481 5400 igitur
2512 5328 2593 5385 illi
2622 5329 2763 5386 adeo
2793 5327 3161 5385 individuum
3211 5326 3549 5398 perpetienti
3592 5334 3753 5398 atque

2074 5414 2360 5472 lethaliter
2406 5416 2720 5472 fastidienti
2771 5415 3071 5483 latronem,
3114 5415 3205 5471 die
3248 5416 3500 5486 quadam
3534 5414 3748 5471 obvium

2072 5502 2284 5561 habere
2321 5504 2561 5575 contigit
2590 5503 2901 5574 quemdam
2937 5503 3144 5559 Christi
3179 5504 3551 5567 sacerdotem,
3579 5503 3749 5559 scien-

2074 5592 2171 5659 tia,
2221 5592 2593 5663 benignitate,
2649 5606 2718 5648 ac
2770 5590 2864 5662 pia
2894 5590 3182 5648 hilaritate
3234 5592 3610 5663 praecipuum,
3655 5607 3743 5648 no-
