3934 6416
114 363 225 417 821

1211 359 1433 413 GESTA
1473 359 1587 412 DEI
1630 357 1765 413 PER
1807 356 2150 414 FRANCOS.
2177 387 2243 394 —
2269 355 2404 410 LIB.
2449 355 2590 410 VIII.

3549 357 3652 411 822

113 492 294 547 mine
327 491 639 548 Cononem.
691 490 798 546 Cui
843 505 997 556 cum,
1039 489 1354 545 secundum
1405 489 1672 559 temporis
1713 501 1844 557 quae
1884 486 1932 542 A
1961 486 2224 556 opusculi
2275 485 2488 541 referre
2531 483 2835 554 principio,
2869 483 3150 553 quosdam
3199 482 3300 554 qui
3330 483 3652 553 Hierosoly-

117 591 280 636 tunc
303 588 429 636 erat
457 580 786 650 angustiam
820 580 944 649 (suo
965 579 1116 634 enim
1149 578 1397 648 quisque
1429 577 1846 632 sollicitabatur

121 669 394 736 itinere),
432 682 560 723 eam
607 681 786 736 quam
822 667 1146 735 patiebatur
1192 666 1638 735 exprompsisset
1671 667 1842 722 mise—

120 757 310 819 riam,
337 757 471 811 data
503 771 603 826 pro
634 757 753 810 loco
782 754 1168 809 consolatione
1202 755 1288 808 vir
1317 755 1502 810 bonus
1543 755 1632 810 ille
1666 768 1842 824 quam

122 843 348 912 potuit,
381 850 435 897 et
477 849 709 910 accepta
755 843 1056 911 sponsione
1109 841 1177 896 de
1233 841 1442 906 reditu,
1502 841 1740 896 dimisit.
1774 847 1841 895 At

122 935 336 982 tamen
367 926 768 982 cruentissima
801 926 917 980 fera
954 941 1066 979 non
1117 924 1294 990 siluit,
1337 926 1431 979 sed
1482 926 1842 980 creberrimae

125 1016 374 1071 interim
406 1015 684 1071 lenocinio
725 1015 1010 1070 suasionis
1060 1015 1285 1069 irritare
1333 1029 1445 1069 non
1492 1015 1676 1069 desiit.
1727 1015 1841 1069 Nec

122 1119 323 1170 mora,
359 1104 546 1170 homo,
581 1103 970 1161 molestiarum
1003 1111 1056 1158 et
1089 1118 1230 1172 pene
1263 1103 1613 1172 quotidianze
1658 1104 1840 1158 inter-

123 1192 466 1261 pellationis
517 1193 836 1264 impatiens,
902 1193 969 1248 ad
1025 1191 1306 1247 medicum
1363 1192 1547 1257 rediit,
1611 1191 1838 1246 confes-

119 1282 294 1336 sione
351 1282 422 1337 ad
486 1297 697 1352 purum
749 1282 895 1336 facta
951 1281 1344 1350 pmnitentiam
1411 1281 1566 1336 omni
1628 1279 1837 1336 affectu

116 1368 393 1436 suscipit,
449 1376 520 1434 et,
581 1375 865 1437 suscepta,
940 1375 1333 1422 exsecutorem
1399 1366 1696 1436 proprium
1734 1366 1836 1421 de-

118 1456 329 1525 inceps
379 1469 687 1526 nunquam
731 1455 890 1510 vidit.
943 1455 1086 1510 Ecce
1148 1454 1241 1523 pia
1297 1454 1404 1509 ista
1451 1455 1836 1525 peregrinatio

119 1557 443 1612 pensemus
473 1551 760 1614 quantum
792 1543 1039 1599 valuerit
1071 1544 1246 1612 puris,
1283 1557 1413 1613 quae
1439 1550 1661 1598 tantum
1689 1550 1836 1597 attu-

119 1631 254 1688 lerit
282 1633 477 1688 tutelze
507 1647 575 1687 ac
606 1632 934 1688 securitatis
961 1631 1225 1701 impuris.

192 1739 432 1808 [XXX]
469 1740 600 1804 Quae
602 1738 853 1807 fortiter
870 1737 932 1792 in
959 1737 1188 1792 Oriente
1203 1741 1366 1809 gesfa
1386 1741 1540 1802 sunl,
1571 1738 1683 1792 soli
1713 1739 1831 1792 Deo

121 1826 456 1884 tribuenda.
515 1859 584 1868 —-
641 1828 874 1884 Constat
931 1843 1166 1898 quoque
1230 1827 1680 1883 consideratione
1744 1827 1829 1882 di.

119 1915 497 1984 gnissimum,
530 1931 643 1971 non
671 1915 792 1971 sine
827 1930 886 1970 re
917 1916 988 1970 ab
1021 1915 1198 1986 hujus
1233 1916 1420 1985 gratia
1468 1914 1831 1983 profectionis

125 2017 296 2073 reges
363 2004 636 2073 abjectos,
703 2018 772 2058 nc
855 2017 1109 2072 persona:
1185 2003 1445 2058 videlicet
1507 2005 1834 2072 spectabilis

122 2092 458 2148 sublimitas
495 2091 731 2148 effectus
760 2091 868 2148 sibi
899 2092 1194 2147 videretur
1231 2107 1500 2162 arrogare
1531 2107 1828 2162 supernos.

123 2181 314 2252 igitur
369 2181 578 2237 cmlesti
612 2180 853 2236 Domino
888 2180 1183 2237 referenda
1215 2181 1344 2236 laus
1369 2189 1472 2248 est,
1517 2196 1584 2237 ac
1641 2182 1831 2238 homi-

121 2271 214 2326 nis
249 2271 494 2326 tacenda
537 2270 785 2340 penitus.
822 2271 946 2326 Non
980 2277 1056 2326 tot
1117 2270 1351 2326 militias
1403 2271 1617 2326 ducum
1649 2273 1833 2342 coegit

119 2359 391 2428 quilibet,
449 2367 551 2414 aut
619 2359 828 2414 meruit
897 2358 1237 2428 triumphos.
1307 2360 1505 2414 PtPnOS
1575 2361 1830 2430 Regulus

120 2447 356 2503 obtudit
405 2447 662 2512 rebelles,
725 2447 852 2502 laus
907 2447 964 2502 in
1007 2461 1137 2503 eum
1169 2446 1342 2502 studii
1394 2447 1658 2502 refertur.
1705 2447 1830 2504 Ale-

119 2534 350 2590 xander
411 2549 588 2605 agens
637 2537 757 2590 an
801 2549 982 2606 regna
1010 2535 1305 2605 stragibus
1340 2536 1661 2591 immodicis
1698 2536 1828 2591 fati-

122 2637 292 2692 gans,
352 2623 544 2694 Magni
595 2624 897 2693 prmvaluit
959 2639 1164 2694 parare
1213 2639 1442 2680 nomen.
1478 2625 1600 2690 Hic,
1641 2639 1829 2680 comes

121 2711 468 2780 Stephanus,
498 2713 590 2767 cui
625 2713 806 2768 indita
845 2713 1034 2768 fuerat
1067 2714 1212 2768 sacri
1260 2714 1552 2769 exercitus
1597 2728 1828 2769 summa

121 2801 390 2868 curandi,
443 2802 612 2872 quasi
673 2817 804 2872 quae
861 2802 965 2857 soli
1023 2802 1422 2871 competebant
1448 2803 1562 2858 Deo
1593 2809 1827 2858 temera-

122 2890 246 2946 rius
300 2897 656 2960 usurpasset,
691 2905 757 2945 ac
784 2891 828 2945 si
863 2890 1111 2961 ignaviae
1153 2890 1572 2946 condemnatus
1619 2891 1826 2961 abjici-

120 2985 238 3045 tnr,
289 2985 346 3034 et
405 2979 575 3049 Hugo
631 2979 897 3050 Magnus,
931 2978 1110 3034 veluti
1152 2979 1320 3033 homo
1373 2979 1514 3048 regii
1551 2979 1820 3045 nominis,

1953 576 2241 632 mitanum
2286 575 2474 630 adorsi
2507 574 2852 630 videbantur
2884 573 3011 641 iter,
3047 571 3187 628 illud
3219 573 3373 643 quod
3431 573 3651 642 Apulos

1951 665 2334 734 Epirotasque
2364 663 2604 728 dirimit,
2641 662 2841 717 locatis
2871 662 3141 732 pupibus,
3193 676 3395 732 aequor
3425 661 3649 731 ingres-

1949 769 2060 820 sos,
2087 764 2162 820 et,
2198 762 2394 810 utrum
2430 753 2782 822 inexplorato
2798 767 2917 806 sese
2938 750 3328 807 commiserint
3350 751 3514 817 mari,
3549 764 3648 805 seu

1949 842 2178 897 carinas
2209 842 2388 896 nimia
2417 842 2504 897 sui
2540 839 2950 896 numerositate
2993 839 3390 909 depresserint,
3437 839 3645 904 nescio,

1948 937 2167 984 constat
2213 937 2402 984 tamen
2453 936 2750 983 sexcentos
2800 941 2939 996 pene
3001 927 3116 981 illic
3164 928 3360 982 navim
3416 927 3649 996 fregisse

1948 1015 2124 1071 viros.
2169 1015 2276 1080 Qui
2328 1015 2824 1084 intercipientibus
2863 1028 3060 1069 omnes
3099 1014 3201 1068 sali
3256 1015 3471 1070 turbidi
3526 1029 3650 1084 pro-

1946 1101 2103 1157 cellis
2133 1102 2334 1169 enecti,
2380 1116 2485 1156 nec
2543 1115 2724 1168 mora,
2783 1101 3134 1172 impatientis
3180 1109 3324 1156 testu
3355 1101 3540 1171 pelagi
3572 1101 3644 1156 ad

1946 1190 2333 1247 continentem
2367 1190 2553 1260 ejecti,
2595 1205 2659 1246 eo
2690 1191 2812 1260 ipso
2855 1205 2972 1260 quo
3003 1190 3056 1244 in
3100 1189 3289 1257 birris,
3344 1190 3530 1260 palliis
3579 1204 3648 1245 ac

1945 1280 2159 1334 tunicis
2190 1279 2270 1334 uti
2306 1286 2725 1358 consueverant
2772 1279 3048 1344 universi,
3104 1279 3161 1333 in
3193 1279 3495 1348 superﬁcie
3527 1294 3648 1334 sca-

1946 1367 2220 1438 pularum
2259 1374 2396 1422 sunt
2427 1367 2680 1437 insignes
2733 1368 2924 1422 crucis
2984 1367 3146 1438 signo
3199 1371 3429 1436 reperti.
3486 1369 3645 1431 Quod

1943 1470 2176 1511 sacrum
2224 1455 2433 1525 stigma
2491 1455 2773 1512 divinitus
2828 1456 2943 1510 cuti
3001 1469 3198 1510 eorum
3253 1455 3501 1525 potuisse
3552 1455 3648 1510 im-

1947 1543 2137 1613 primi,
2167 1543 2239 1598 ob
2270 1543 2525 1612 ipsorum
2559 1542 2687 1597 ﬁdei
2717 1543 3064 1598 evidentiam
3108 1543 3443 1609 faciendam,
3476 1558 3644 1599 nemo

1945 1632 2072 1688 licet
2129 1631 2308 1687 fidelis
2366 1631 2642 1699 ambigat,
2694 1639 2887 1687 tamen
2930 1631 2980 1686 ei
3024 1631 3126 1701 qui
3168 1631 3274 1686 hoc
3322 1633 3564 1702 scripsit,
3596 1633 3644 1688 si

1944 1719 2182 1775 advivit.
2237 1719 2473 1774 sollicite
2514 1719 2874 1788 pensandum
2915 1727 3020 1788 est,
3055 1733 3127 1774 an
3188 1734 3277 1775 res
3324 1719 3402 1776 ita
3459 1736 3518 1776 se
3545 1722 3644 1776 ha-

1870 1782 2091 1896 gbeat.
2149 1809 2269 1866 Vim
2325 1809 2480 1865 enim
2515 1782 2692 1880 hujus
2749 1824 2882 1866 cum
2933 1782 3392 1867 Christianarum
3426 1812 3642 1882 ubique

1940 1898 2198 1970 gentium
2233 1899 2654 1968 percrebuisset
2687 1897 2938 1964 initium,
2970 1906 3025 1954 et
3056 1898 3110 1953 id
3142 1913 3256 1953 non
3287 1901 3408 1955 sine
3443 1900 3642 1956 divina

1943 1988 2061 2042 fieri
2095 1987 2389 2042 voluntate
2420 2001 2520 2055 per
2551 1987 2875 2042 Romanum
2919 1987 3268 2044 clamaretur
3308 1987 3633 2057 imperium,

1940 2076 2182 2146 quilibet
2236 2083 2509 2131 extremae
2578 2075 2946 2145 vulgaritatis
3015 2076 3294 2144 homines,
3356 2085 3410 2132 et
3465 2077 3636 2132 etiam

1939 2164 2238 2220 muliebris
2268 2163 2602 2234 indignitas,
2634 2163 2740 2218 hoc
2761 2164 2871 2220 sibi
2920 2171 2999 2220 tot
3029 2166 3234 2234 modis,
3266 2172 3344 2220 tot
3376 2165 3638 2236 partibus

1939 2266 2296 2322 usurpavere
2343 2251 2712 2306 miraculum.
2768 2251 2870 2307 Hic
2925 2251 3217 2322 paulisper
3267 2253 3519 2308 intextas
3563 2267 3634 2306 ex

1939 2341 2256 2398 suifusione
2300 2339 2606 2410 sanguinis
2632 2339 2804 2408 rigas,
2839 2341 3030 2395 crucis
3056 2348 3342 2403 astruens,
3384 2349 3635 2396 ostenta-

1939 2432 2034 2487 bat
2091 2430 2148 2484 in
2187 2428 2391 2484 oculo:
2431 2427 2534 2482 iste
2566 2427 2933 2497 pupillarem,
2963 2443 3082 2498 qua
3105 2427 3249 2484 fmde
3279 2430 3632 2495 caecutiebat,

1938 2518 2246 2584 maculam,
2280 2517 2456 2572 eundi
2488 2517 2595 2572 sibi
2636 2517 3142 2574 commonitorium
3173 2518 3501 2589 perbihens,
3536 2533 3636 2588 pro

1934 2608 2143 2663 cmlesti
2171 2606 2482 2662 exhibebat
2515 2606 2769 2661 oraculo.
2819 2607 3003 2668 Alius,
3040 2615 3142 2663 aut
3203 2621 3488 2663 novorum
3535 2621 3634 2676 po-

1936 2712 2161 2753 morum
2209 2695 2415 2762 succis,
2476 2710 2579 2750 seu
2637 2695 2897 2766 quolibet
2954 2710 3161 2767 genere
3208 2696 3347 2764 fuci,
3400 2696 3634 2752 cuilibet

1935 2785 2232 2856 particulze
2290 2785 2546 2856 corporis
2596 2784 2946 2840 moliebatur
3002 2786 3248 2854 speciem
3308 2785 3516 2853 crucis,
3568 2793 3632 2840 ut

1935 2875 2082 2930 sicut
2105 2873 2406 2928 oculorum
2435 2872 2709 2928 subsellia
2741 2873 2900 2943 pingi
2923 2874 3104 2928 solent
3120 2873 3306 2940 stibio,
3341 2874 3418 2929 ita
3451 2873 3632 2929 divini

1937 2963 1994 3017 in
2030 2977 2087 3017 se
2117 2960 2445 3031 spectaculi,
2482 2961 2570 3015 vel
2607 2961 2818 3016 vireret
2840 2961 2924 3016 vel
2951 2963 3200 3029 ruberet,
3233 2961 3438 3018 fraude
3483 2961 3632 3017 facta

118 3048 539 3138 sequestratur.
599 3048 784 3122 Pulsis
820 3081 958 3137 ergo
987 3065 1184 3136 magni
1213 3065 1461 3120 nominis
1491 3066 1734 3132 umbris,
1764 3075 1818 3122 et
1855 3055 1896 3110 (Σ
1925 3058 1979 3107 ei
2010 3049 2346 3105 commentis
2379 3048 2646 3138 ρειθηείοτ

118 3157 209 3211 cui
238 3155 593 3212 innitebatur
623 3155 874 3225 potentia
905 3164 1164 3220 extrusa,
1200 3156 1300 3210 uni
1322 3154 1443 3224 jam
1479 3155 1820 3212 incumbens

119 3245 215 3300 Dei
266 3244 538 3312 subsidio,
573 3244 816 3314 pusillus
871 3259 1010 3315 grex
1065 3244 1154 3298 ille
1209 3243 1504 3309 remansit,
1545 3251 1619 3309 et,
1656 3251 1717 3300 ut
1745 3245 1814 3299 ad

119 3345 239 3388 rem
270 3341 507 3388 ventum
534 3340 640 3398 est,
672 3333 991 3388 secundum
1033 3332 1347 3402 Scripturae
1398 3332 1637 3398 dictum,
1702 3349 1816 3388 non

118 3435 184 3476 ex
212 3435 442 3490 genere,
479 3422 574 3476 sed
619 3421 864 3491 eligente
914 3423 1044 3484 Deo,
1091 3443 1118 3469 «
1155 3421 1592 3490 Insuspicabilis
1639 3429 1820 3491 porta-

119 3513 195 3565 vit
243 3510 508 3566 diadema
539 3510 749 3580 (Eccli.
782 3525 860 3576 χι,
919 3510 998 3578 5).
1059 3532 1086 3558 ››
1143 3511 1424 3566 Honorem
1484 3509 1677 3579 itaque
1728 3510 1814 3566 sui

122 3599 366 3655 nominis
414 3601 584 3662 Deus,
647 3599 748 3669 qui
800 3599 932 3654 facit
991 3598 1302 3662 mirabilia,
1354 3598 1554 3654 nolens
1596 3599 1800 3654 deferr.

127 3687 302 3754 alteri,
356 3687 474 3756 ipse
498 3687 654 3744 solus
681 3687 804 3744 dux
823 3687 950 3756 ejus
981 3687 1108 3751 fuit,
1145 3687 1262 3755 ipse
1309 3687 1477 3754 rexit,
1538 3688 1653 3756 ipse
1683 3702 1815 3742 cor-

125 3776 288 3842 rexit,
321 3775 435 3845 ipse
467 3776 538 3831 ad
567 3775 931 3831 efficientiam
980 3783 1165 3846 cmpta
1195 3775 1424 3840 direxit,
1479 3775 1594 3844 ipse
1625 3777 1816 3832 hucu-

129 3874 263 3931 sque
325 3877 504 3933 regna
559 3864 831 3933 porrexit.
882 3863 1079 3935 Agnos
1136 3863 1331 3933 igitur,
1373 3878 1444 3919 ex
1490 3863 1641 3932 lupis
1671 3878 1818 3934 quos

129 3947 344 4018 fecerat,
371 3951 428 4006 in
451 3966 556 4007 suo
577 3967 692 4006 non
724 3965 922 4008 eorum
958 3951 1193 4007 brachio
1214 3953 1604 4022 congregavit,
1651 3953 1817 4008 sinus

129 4038 207 4092 sui
247 4039 490 4095 tuitione
521 4040 755 4107 levavit,
793 4040 901 4110 piae
948 4041 1068 4109 spei
1127 4039 1340 4110 gaudio
1396 4039 1554 4106 fetos,
1581 4040 1652 4095 ad
1683 4055 1815 4110 qua:

131 4121 583 4182 desideraverant
614 4125 859 4181 videnda
892 4124 1161 4195 portavit.

788 4257 1015 4314 CAPUT
1037 4257 1136 4313 IX.

195 4368 442 4442 [XXXL]
483 4370 809 4427 Fulcherius
847 4371 1211 4427 Carnolemis
1228 4371 1576 4443 suggillatur
1604 4373 1661 4426 et
1688 4389 1811 4428 cor-

132 4454 338 4526 rigitur.
369 4462 412 4512 l.
446 4461 723 4513 Asserens
753 4460 953 4531 plures
975 4476 1143 4513 cruce
1171 4459 1447 4515 divinitus
1483 4459 1806 4532 insignitas,

134 4545 421 4614 refellitur.
486 4579 554 4586 —
610 4548 910 4604 Praesentis
960 4548 1212 4604 historiae
1274 4550 1521 4618 corpori,
1576 4558 1810 4606 auctore

135 4635 316 4690 mundi
364 4636 628 4705 propitio,
663 4637 906 4707 posituri
945 4637 1146 4703 calces,
1185 4637 1555 4693 Fulcherium
1599 4654 1809 4708 quem-

136 4718 272 4789 dam,
335 4725 743 4782 Carnotensem
804 4726 1244 4796 presbyterum,
1309 4731 1456 4780 ιιιίτ
1515 4728 1614 4797 qui
1679 4728 1807 4782 Bal-

135 4805 275 4865 duini
306 4812 460 4881 apud
509 4813 777 4870 Edessam
812 4813 977 4869 ducis
1003 4813 1224 4870 dudum
1255 4814 1588 4884 capellanus
1631 4817 1806 4871 exsti-

137 4901 276 4962 terat,
310 4901 575 4971 quzedam
608 4918 739 4973 qua:
768 4917 871 4958 nos
901 4903 1191 4958 latuerant
1220 4903 1352 4965 alia.
1384 4904 1607 4960 diverse
1634 4905 1807 4961 etiam

137 4995 165 5035 a
189 4987 337 5043 nobis
367 4988 582 5059 aliqua,
607 4989 704 5044 sed
737 5004 941 5058 pauca,
973 4990 1209 5060 hacque
1227 4989 1506 5047 fallaciter
1526 4999 1580 5046 et
1606 4992 1808 5048 scabro

141 5077 191 5125 ut
209 5075 403 5144 caeteri,
422 5091 702 5145 sermone,
725 5078 938 5134 fudisse
949 5078 1357 5148 comperimus.
1382 5078 1562 5149 Cujus
1575 5080 1678 5135 etsi
1694 5095 1808 5136 non

138 5163 323 5230 omnia,
361 5165 644 5220 nonnulla
679 5173 868 5221 tamen
899 5166 1235 5236 detegenda,
1269 5174 1324 5222 et
1353 5166 1491 5222 huic
1517 5167 1809 5223 schedulze

140 5251 571 5322 compaginanda
591 5253 941 5309 censuimus.
967 5254 1111 5311 Cum
1123 5254 1278 5309 enim
1295 5254 1386 5309 vir
1404 5255 1578 5310 isdem
1592 5257 1810 5324 ampul-

142 5329 211 5388 las
234 5345 281 5393 et
300 5340 724 5410 sesquipedalia
756 5341 934 5398 verba
965 5341 1227 5412 projiciat
1257 5341 1423 5410 (Hon.
1460 5346 1534 5396 Α.
1583 5343 1647 5397 P.
1691 5345 1804 5412 97),

142 5421 411 5482 etluridos
443 5427 708 5484 inanium
765 5429 1123 5484 schematum
1180 5429 1397 5485 colores
1452 5431 1805 5501 exporrigat,

142 5510 272 5567 nuda
299 5515 442 5571 mihi
495 5530 685 5572 rerum
737 5525 1031 5587 gestarum
1075 5516 1286 5571 exinde
1332 5516 1500 5573 libuit
1550 5517 1808 5571 membra

143 5601 418 5674 corripere,
449 5604 680 5675 meique
706 5605 1134 5676 qualiscunque
1163 5604 1379 5674 eloquii
1410 5619 1594 5672 sacco,
1621 5604 1809 5673 potius

144 5696 288 5752 quam
306 5699 590 5761 praetexta
618 5701 942 5750 contexere.
975 5693 1198 5748 Dicitur
1220 5692 1279 5746 in
1309 5694 1421 5760 sui,
1467 5693 1575 5748 nisi
1618 5691 1802 5760 fallor,

2003 3138 2324 3194 Meminerit
2378 3136 2555 3192 lector
2596 3136 2822 3192 abbatis
2881 3135 3058 3202 illius,
3092 3152 3268 3206 quem
3317 3152 3494 3208 supra
3536 3153 3629 3194 re-

1927 3227 2033 3284 tuli
2088 3227 2208 3298 (lib.
2261 3241 2337 3292 tv,
2398 3239 2523 3295 cap.
2574 3226 2628 3294 7)
2682 3224 2830 3280 ferro
2874 3224 2984 3280 sibi
3014 3225 3310 3295 scalpsisse
3363 3225 3626 3294 frontem,

1927 3323 1982 3371 et
2023 3330 2197 3386 quem
2232 3315 2594 3384 postmodum
2627 3313 2875 3368 dixerim
2905 3312 3120 3368 factum
3153 3313 3428 3370 Cmsareae
3458 3315 3630 3370 Palae-

1927 3405 2092 3460 stinae
2124 3402 2467 3473 pontificem.
2511 3403 2706 3457 Testor
2737 3402 2939 3469 Deum,
2975 3417 3082 3469 me,
3120 3403 3400 3458 Bellovaci
3443 3418 3543 3473 per
3573 3405 3626 3458 id

1926 3491 2197 3561 temporis
2228 3493 2626 3556 constitutum,
2661 3489 2872 3545 vidisse
2902 3491 2974 3545 ad
3007 3505 3065 3546 se
3087 3505 3318 3546 versum
3357 3491 3626 3561 obliqua-

1928 3588 2010 3635 tas
2037 3578 2472 3648 aliquantulum
2527 3578 2616 3634 die
2651 3579 2836 3634 media
2864 3579 3068 3646 nubes,
3102 3587 3165 3634 ut
3195 3579 3293 3634 vix
3326 3580 3626 3650 quidpiam

1925 3670 2116 3738 majus
2147 3681 2325 3736 quam
2370 3674 2471 3720 aut
2500 3665 2682 3736 gruis,
2706 3675 2807 3721 aut
2834 3666 3080 3736 speciem
3109 3667 3446 3723 viderentur
3475 3683 3623 3738 prae-

1925 3757 2126 3811 tulisse
2175 3754 2428 3820 ciconize,
2481 3768 2613 3811 cum
2637 3769 2783 3819 ecce,
2821 3770 3052 3811 crucem
3084 3756 3308 3812 coalitus
3336 3756 3443 3812 sibi
3468 3760 3626 3811 ‘mis—

1919 3859 2042 3901 sam
2072 3843 2314 3900 urbanae
2349 3843 2558 3912 passim
2596 3857 2759 3897 voces
2792 3842 3227 3899 conclamavere
3260 3845 3376 3914 freq
3391 3845 3619 3900 uentiaa.

1924 3931 2256 3988 Ridiculum
2287 3939 2370 3986 est
2397 3930 2550 4000 quod
2583 3929 2793 3995 dicam,
2836 3929 2932 3984 sed
2990 3944 3105 3984 non
3136 3930 3392 3985 ridiculis
3423 3940 3625 3986 aucto-

1923 4023 2084 4077 ribus
2142 4035 2260 4075 rem
2312 4019 2630 4088 probatam.
2687 4017 3028 4073 Muliercula
3081 4019 3346 4087 quaedam
3404 4019 3461 4074 in
3519 4020 3625 4074 hoc

1923 4111 2108 4179 ipsum
2139 4107 2466 4178 promoveri
2531 4113 2780 4176 coeperat
2834 4105 2959 4160 iter.
3014 4105 3201 4168 Quam
3231 4106 3395 4161 novis
3435 4107 3623 4162 nescio

1923 4197 2138 4267 quibus
2165 4195 2506 4251 rudimentis
2564 4194 2842 4260 imbutus,
2869 4203 3075 4263 praeter
3118 4193 3317 4249 inertis
3348 4195 3486 4266 jura
3512 4209 3619 4250 na-

1924 4293 2090 4352 turae,
2153 4284 2562 4339 versabundus
2619 4282 3080 4352 prosequebatur
3131 4296 3319 4338 anser.
3366 4282 3433 4338 Et
3470 4298 3617 4351 ecce,

1850 4353 1896 4406 Ῑ)
1924 4373 2078 4428 fama
2104 4371 2304 4428 volans
2344 4372 2606 4443 Pegaseis
2636 4371 2888 4426 motibus
2949 4378 3096 4437 acta,
3125 4379 3180 4427 et
3213 4379 3401 4426 castra
3433 4373 3622 4441 reple-

1923 4463 2006 4518 vit
2069 4469 2125 4518 et
2175 4462 2368 4528 urbes,
2424 4475 2458 4515 a
2507 4461 2619 4515 Deo
2667 4460 2739 4514 ad
2813 4459 3169 4516 Hierusalem
3228 4461 3620 4516 redimendam

1917 4552 2091 4606 etiam
2145 4564 2376 4606 anseres
2414 4549 2746 4605 destinatos.
2810 4548 2924 4604 Nec
2980 4556 3206 4604 tantum
3258 4549 3621 4605 deferebatur

1918 4639 2146 4695 mulieri
2196 4639 2434 4705 miserae,
2495 4646 2558 4694 ut
2586 4637 2710 4706 ipsa
2741 4651 3003 4693 anserem
3052 4637 3380 4705 ductitaret,
3413 4638 3509 4692 sed
3551 4652 3619 4691 ea

1920 4729 2052 4784 duci
2089 4727 2382 4783 ferebatur
2413 4726 2485 4782 ab
2521 4740 2741 4782 ansere.
2774 4725 2936 4791 Quod
2964 4727 3040 4780 ita
3082 4725 3375 4781 Cameraci
3417 4726 3620 4794 proba-

1919 4824 2045 4872 tum
2075 4823 2181 4882 est,
2217 4823 2300 4882 ut,
2330 4822 2518 4871 stante
2549 4815 2685 4870 hinc
2714 4821 2769 4870 et
2801 4813 2932 4869 inde
2961 4813 3193 4883 populo,
3237 4827 3340 4883 per
3368 4815 3615 4870 mediam

1917 4903 2214 4960 ecclesiam
2272 4903 2480 4959 mulier
2536 4903 2608 4958 ad
2665 4902 2846 4958 altare
2898 4901 3245 4971 procederet,
3278 4909 3334 4957 et
3387 4915 3557 4958 anser
3586 4919 3616 4958 e

1917 4992 2160 5063 vestigio
2215 4992 2477 5047 mulieris
2527 5005 2560 5046 a
2593 4998 2770 5061 tergo,
2802 4989 2962 5045 nullo
3001 4989 3363 5057 sollicitante,
3419 5005 3611 5047 succe-

1917 5081 2094 5137 deret.
2128 5080 2235 5147 Qui
2267 5080 2500 5151 quidem
2534 5080 2685 5135 intra
2716 5079 3146 5150 Lotharingiam
3179 5094 3333 5147 mox,
3367 5088 3431 5136 ut
3459 5097 3616 5137 com-

1917 5170 2191 5240 perimus,
2219 5169 2375 5224 obita
2417 5167 2524 5224 sibi
2559 5175 2738 5223 morte
2770 5167 3046 5233 decessit;
3086 5168 3190 5238 qui
3219 5182 3356 5224 sane
3405 5170 3616 5226 rectius

1919 5257 2273 5313 Hierusalem
2326 5257 2477 5322 isset,
2537 5255 2604 5318 si,
2659 5255 2840 5325 pridie
2896 5271 3073 5326 quam
3136 5256 3610 5326 proficisceretur,

1917 5360 2039 5400 suae
2109 5345 2363 5415 seipsum
2407 5344 2654 5400 dominae
2716 5345 2856 5400 festa
2917 5345 3184 5400 convivia
3251 5347 3609 5416 praebuisset.

1916 5433 2074 5500 Quod
2108 5440 2286 5488 totum
2320 5433 2390 5488 ob
2423 5433 2529 5488 hoc
2549 5446 2583 5486 a
2609 5432 2774 5488 nobis
2805 5432 3054 5488 historiae
3085 5433 3275 5488 veraci
3312 5434 3609 5502 attexitur,

1917 5529 1983 5577 ut
2013 5536 2070 5576 se
2098 5521 2362 5576 noverint
2409 5521 2629 5590 quique
2677 5521 3070 5586 commonitos,
3113 5542 3141 5568 «
3184 5528 3472 5591 quatenus
3521 5538 3614 5578 ne-

1918 5623 2240 5680 quaquam,
2303 5610 2412 5664 tide
2459 5608 2620 5680 vulgi
2678 5607 2889 5664 fabulis
2935 5609 3233 5676 attributa,
3287 5609 3614 5666 Christiana

1921 5697 2178 5767 gravitas
2207 5697 2509 5769 levigetur.
2551 5718 2572 5742 ι
