3934 6418
281 389 385 443 823

1194 382 1257 436 V.
1300 381 1630 439 GUIBERTI
1667 381 1959 437 ABBATIS
1995 381 2051 438 S.
2094 382 2335 439 ΜΑΒΙᾹΞ
2372 381 2462 437 DE
2499 381 2894 441 NUVIGENTO

3679 385 3797 440 824

355 515 644 590 [XXXIL]
675 515 937 572 Secundo
971 515 1175 587 Pyrro,
1204 517 1266 568 ut
1294 515 1666 569 Antiochiam
1709 514 1975 577 traderet,
2014 515 2062 567 Α
2090 513 2241 569 rium
2291 514 2521 586 linguas
2576 530 2774 572 omnes
2836 522 3151 586 acceperat,
3207 515 3437 586 propria
3514 515 3799 572 dentibus

288 601 571 660 Chrislum
599 598 963 672 apparuisse,
983 597 1592 669 falsitatis‘arguilur.
1625 627 1697 639 —
1726 598 1983 669 Denique

288 704 496 749 rursus
533 689 685 744 idem
723 688 983 758 perhibet
1013 695 1233 753 auctor,
1272 688 1449 756 Pyrro
1498 687 1816 743 Antiochia
1848 701 1984 756 pro-

290 778 461 836 ditori
526 778 708 833 Deum
760 775 1137 846 apparuisse;
1194 783 1249 830 et
1315 785 1375 830 ut
1436 776 1671 831 Francis
1725 776 1986 844 proderet

291 868 494 925 urbem
551 865 611 920 in
665 865 881 921 visione
931 863 1187 934 jussisse.
1247 860 1432 919 Facile
1482 863 1588 919 hoc
1628 863 1679 919 ei
1725 864 1833 919 fuit
1884 865 1986 933 qui

293 955 433 1011 Cain
471 961 526 1011 et
558 956 714 1024 Agar
760 966 818 1009 se
874 951 1207 1017 audibilem,
1231 960 1284 1006 et
1323 951 1763 1021 conspii-abilem
1813 951 1987 1006 asina

294 1044 567 1114 angelum
600 1041 864 1112 prabuit.
893 1040 1110 1097 Verum
1148 1054 1346 1096 omnes
1392 1041 1493 1109 qui
1524 1049 1722 1096 sancta
1759 1040 1989 1096 civitate

294 1140 520 1202 recepta
576 1130 816 1196 rediere,
849 1135 904 1184 et
956 1127 1058 1198 qui
1113 1142 1287 1198 super
1336 1129 1509 1198 gestis
1553 1128 1626 1183 ad
1680 1143 1782 1184 nos
1816 1128 1990 1184 rebus

294 1220 563 1295 epistolas
617 1218 898 1279 direxere.
969 1217 1254 1287 pracipue
1310 1218 1577 1273 Ausellus
1633 1218 1701 1273 de
1767 1217 1991 1274 Rihodi-

297 1317 506 1375 monte,
555 1306 633 1362 nil
683 1306 796 1363 tale
849 1305 1066 1372 dixere,
1118 1304 1229 1360 imo
1280 1321 1381 1360 nec
1461 1307 1621 1375 Pyrri
1685 1306 1775 1361 vir
1842 1306 1989 1361 idem

297 1399 641 1454 mentionem
698 1393 924 1460 habuit,
955 1394 1052 1449 sed
1086 1407 1120 1448 a
1150 1394 1334 1449 tribus
1374 1408 1500 1449 eam
1532 1388 1760 1450 civibus
1807 1394 1992 1450 tradi-

295 1496 411 1543 tam
443 1484 674 1541 minime
705 1482 901 1538 tacuit.
933 1483 998 1538 In
1031 1496 1149 1552 qua
1201 1482 1372 1538 etiam
1407 1482 1651 1538 refertur
1678 1482 1836 1552 quod
1882 1496 1992 1537 an-

297 1582 529 1643 tequam
583 1579 696 1627 tres
746 1570 824 1625 illi
881 1584 1140 1639 proceres
1204 1570 1274 1625 de
1306 1570 1468 1625 urbis
1508 1570 1793 1625 deditione
1846 1570 1994 1627 serio

300 1662 719 1726 tractavissent,
766 1660 1018 1715 fucatam
1086 1659 1295 1715 nostris
1369 1657 1705 1715 obtulerunt
1774 1673 1991 1728 pacem,

299 1750 642 1821 spondentes
681 1764 802 1805 sese
843 1748 1169 1804 reddituros
1198 1747 1458 1817 proxime
1488 1746 1797 1803 civitatem.
1857 1746 1995 1816 Qua

304 1847 506 1895 mutuo
537 1837 669 1893 data
698 1837 973 1893 securitas
996 1836 1054 1890 in
1085 1843 1311 1891 tantum
1340 1835 1542 1896 valuit.
1568 1843 1631 1892 ut
1655 1837 1805 1891 intra
1836 1836 1995 1891 urbis

301 1926 513 1982 mania
543 1925 847 1995 aliquoties
874 1925 943 1980 de
969 1924 1204 1979 Francis
1231 1924 1584 1993 exciperent,
1629 1925 1838 1995 suique
1865 1938 1999 1980 cum

301 2015 512 2069 nostris
562 2012 969 2070 conventicula
1025 2012 1231 2068 crebra
1286 2013 1607 2068 miscerent.
1660 2013 1807 2068 Dum
1862 2027 2000 2083 ergo

302 2103 592 2159 exercitus
622 2102 816 2159 minus
843 2102 990 2156 inter
1025 2101 1129 2157 ista
1157 2101 1287 2169 sibi,
1321 2101 1612 2157 nimietate
1655 2101 1996 2163 securitatis,

304 2190 588 2263 invigilat,
623 2190 920 2261 pratensis
950 2189 1125 2246 Turci
1154 2189 1376 2245 insidiis
1405 2189 1685 2259 quosdam
1716 2203 1788 2245 ex
1820 2190 2000 2245 Fran-

308 2279 389 2335 cis
434 2280 792 2345 interimunt,
841 2294 946 2334 nec
994 2277 1101 2346 ipsi
1142 2285 1330 2333 tamen
1383 2278 1677 2332 indemnes
1721 2278 1995 2332 existunt.

308 2366 393 2424 Ibi
420 2367 731 2439 quemdam
760 2365 937 2422 nostri
956 2365 1201 2436 egregia
1223 2364 1427 2419 indolis
1432 2363 1704 2434 juvenem
1724 2366 1824 2435 qui
1846 2366 2001 2434 apud

309 2470 503 2527 regem
558 2456 910 2510 Francorum
971 2467 1160 2509 comes
1232 2452 1443 2508 stabuli
1506 2452 1710 2521 fuerat,
1773 2453 2003 2509 nomine

308 2544 630 2609 Walonem,
662 2543 954 2597 amittunt.

386 2630 697 2707 [XXXIIL]
735 2627 924 2684 Tertio
949 2628 1213 2683 lanceam
1244 2627 1609 2683 Dominicam
1636 2646 2001 2700 respuens.—

312 2721 546 2774 Lancea
601 2718 913 2773 Dominica
948 2717 1341 2773 inventionem
1391 2731 1614 2773 cassare
1665 2718 1896 2786 dicitur,
1948 2728 2004 2775 et

311 2807 453 2877 quia
503 2805 733 2861 falsitati
776 2806 1063 2873 obnoxius
1116 2813 1258 2873 erat,
1314 2806 1601 2861 hominem
1662 2806 2001 2864 damnatum

316 2894 651 2964 prasumpti
685 2892 835 2965 ignis
884 2894 1185 2950 adustione
1213 2901 1472 2951 testatur.
1515 2894 1619 2951 Cui
1662 2910 1779 2951 non
1838 2897 2003 2952 modo

311 2997 484 3054 super
526 2984 634 3039 hac
662 2997 723 3039 re
755 2983 1157 3039 modernorum
1215 2982 1537 3039 testimonia
1595 2984 1999 3055 refragantur;

313 3072 409 3128 sed
436 3070 608 3127 etiam
638 3070 1006 3127 vetustissimi
1040 3071 1260 3142 quique
1300 3071 1408 3127 ﬁde
1439 3070 1768 3140 plenissima
1813 3072 2003 3142 stipu—

313 3159 511 3216 lantur
556 3159 731 3229 quod,
786 3174 919 3215 cum
963 3159 1097 3215 olim
1135 3160 1256 3215 loca
1294 3167 1493 3216 sancta
1520 3168 1875 3231 expeterent,
1911 3175 2006 3216 an-

315 3256 546 3318 tequam
577 3247 749 3303 Turci
780 3246 1029 3303 Orientis
1053 3261 1120 3302 ac
1155 3247 1331 3317 Syria
1383 3262 1565 3319 regna
1605 3248 2003 3317 pervaderent,

312 3337 571 3393 eamdem
604 3336 660 3390 in
687 3335 885 3392 eadem
933 3336 1077 3391 urbe
1122 3334 1381 3391 lanceam
1424 3336 1664 3393 adorare
1709 3337 2005 3393 deoscula-

315 3423 482 3494 rique
517 3423 781 3479 solerent.
811 3422 1092 3493 Nunquid
1140 3436 1275 3478 nam
1326 3423 1609 3479 Fulcherii
1669 3425 2002 3495 presbyteri,

315 3511 450 3581 qui,
474 3516 624 3567 44s
664 3511 872 3567 nostris
900 3511 1056 3580 apud
1083 3510 1445 3567 Antiochiam
1491 3511 1637 3569 fame
1689 3513 2010 3582 periclitan-

316 3599 491 3664 tibus,
545 3592 782 3654 fe’riatus
819 3597 1171 3668 epulabatur
1201 3599 1447 3668 Edessa,
1496 3607 1577 3656 tot
1608 3600 2003 3670 prudentium,

315 3687 419 3757 qui
446 3686 755 3742 interfuere
782 3685 919 3741 dum
967 3685 1334 3757 reperiretur,
1386 3686 1632 3759 ingeniis
1666 3688 2005 3757 praevalebit

316 3773 594 3846 argutia?
624 3788 758 3829 cum
783 3774 952 3829 etiam
989 3774 1324 3843 Balduinus,
1356 3777 1456 3846 qui
1490 3784 1616 3845 post
1655 3790 1847 3848 regem
1879 3778 2007 3834 Bal-

316 3862 564 3919 duinum
595 3862 821 3918 Edessa
870 3862 1115 3932 prafata
1155 3864 1402 3934 prafuit,
1450 3865 1509 3919 in
1556 3879 1662 3921 sua
1709 3865 1781 3921 ad
1812 3867 2007 3923 archi—

314 3950 650 4021 episcopum
682 3952 996 4007 Manassem
1048 3952 1385 4022 proﬁteatur
1416 3952 1667 4022 epistola.
1712 3968 1845 4010 cum
1879 3970 2004 4011 eam

318 4039 481 4096 beato
510 4040 799 4096 revelante
818 4040 1052 4097 Andrea
1079 4050 1383 4110 repertam,
1416 4046 1542 4097 tum
1592 4056 1627 4097 a
1655 4043 1863 4099 nostris
1895 4057 2009 4101 au-

315 4128 561 4193 daciam,
593 4136 793 4184 contra
848 4129 1064 4186 Turcos
1087 4129 1421 4200 ingruentes
1441 4131 1759 4199 praliandi,
1795 4133 2008 4189 ﬁducia

315 4217 496 4287 ipsius
519 4217 847 4273 admissam.
882 4216 1045 4273 Sicne
1071 4219 1389 4287 spectabilis
1432 4220 1723 4275 Podiensis
1750 4221 1842 4277 ille
1879 4222 2008 4291 epi-

315 4319 523 4375 scopus
566 4305 881 4375 desipuisse
922 4305 1243 4374 putabitur,
1279 4315 1341 4363 ut
1373 4306 1569 4363 incerti
1606 4308 1853 4364 nominis
1882 4309 2006 4364 lan-

2092 602 2352 658 membra
2390 604 2698 660 disciderit.

2165 692 2472 765 [XXXIV].
2497 693 2707 760 Quarto
2737 692 2795 748 in
2824 693 3119 749 obsidione
3153 692 3520 750 AntiOchena
3546 692 3799 748 rutilum

2075 780 2262 850 jubar
2286 780 2475 836 crucis
2496 781 2558 835 in
2578 782 2807 836 modum
2836 781 3200 853 apparuisse.
3230 812 3302 824 —
3331 783 3609 838 Praterea
3640 782 3788 838 dum

2096 870 2154 923 in
2177 868 2469 925 obsidione
2510 870 2867 925 Antin-hena
2905 878 3227 937 morantur,
3279 870 3506 937 astruit,
3541 869 3653 925 nisi
3687 869 3801 925 fal-

2098 956 2200 1019 lor.
2238 965 2409 1012 noctu
2448 958 2709 1024 rutilum,
2748 962 2800 1012 in
2852 959 3086 1013 modum
3139 957 3306 1028 ignis,
3359 971 3535 1027 super
3572 956 3804 1013 exerci-

2096 1053 2220 1102 tum
2274 1045 2574 1101 emicuisse
2613 1046 2810 1117 jubar,
2868 1058 2923 1102 et
2975 1047 3242 1117 speciem,
3304 1046 3462 1101 haud
3507 1046 3800 1116 ambigua

2099 1135 2303 1204 forma,
2357 1135 2565 1205 pariter
2596 1135 2928 1191 exhibuisse
2954 1135 3161 1190 crucis.
3198 1135 3360 1199 Quod
3403 1134 3623 1205 quique
3674 1133 3803 1188 illic

2097 1223 2422 1292 sapientum
2456 1223 2783 1279 incendium
2843 1224 2913 1278 ad
2960 1223 3106 1279 bella
3152 1221 3396 1278 retulere
3441 1222 3658 1287 futura,
3694 1219 3808 1276 ubi

2099 1319 2289 1367 tamen
2346 1320 2510 1377 esset,
2562 1312 2719 1382 quod
2773 1326 2921 1367 crux
2976 1312 3271 1367 videretur
3326 1311 3580 1376 innuere,
3640 1316 3810 1365 certa

2100 1400 2274 1466 salus,
2314 1408 2369 1455 et
2412 1414 2753 1455 successura
2809 1400 3066 1455 victoria.
3117 1402 3231 1455 Hoc
3283 1413 3394 1454 non
3445 1396 3803 1466 refellimus;

2101 1488 2158 1543 id
2188 1488 2354 1557 plane
2387 1488 2696 1544 uberrimis
2746 1488 3083 1544 testimoniis
3134 1487 3510 1558 approbatur.
3546 1485 3805 1552 Hoc,in-

2102 1589 2300 1643 quam.
2334 1575 2612 1632 rimarum
2641 1576 2844 1645 plenus
2869 1577 3071 1645 poterit
3091 1573 3335 1629 tacuisse
3350 1574 3650 1628 Parmeno.
3684 1570 3811 1626 Nec

2102 1662 2373 1719 dissimile
2405 1664 2542 1733 quid
2577 1662 2726 1718 inter
2755 1663 2878 1732 ipsa
2908 1664 3015 1718 via
3036 1662 3213 1732 hujus
3238 1660 3400 1716 initia
3431 1658 3683 1716 constitit
3712 1672 3813 1714 ac-

2106 1751 2327 1818 cidisse,
2387 1752 2540 1822 quod
2599 1751 2833 1820 quidem
2889 1751 3156 1820 superius
3208 1763 3362 1815 cum,
3422 1748 3493 1805 de
3550 1747 3811 1803 motibus

2034 1809 2077 1864 Β
2108 1809 2421 1906 eclypti'cis-
2441 1844 2496 1893 et
2550 1809 2825 1906 siderum,
2871 1809 2981 1908 qui
3021 1837 3181 1893 visus
3229 1845 3314 1893 est
3350 1809 3419 1907 if.
3469 1835 3578 1891 visi
3617 1837 3808 1902 sunt],

2109 1924 2367 1995 lapsibus
2405 1926 2690 1996 loquerer,
2740 1940 2829 1981 me
2875 1926 3111 1996 contigit
3162 1925 3495 1996 praterisse.
3545 1923 3811 1990 Quadam

2107 2013 2259 2068 enim
2292 2014 2471 2069 astivi
2502 2014 2613 2069 diei
2664 2015 2986 2083 vespertina
3034 2014 3288 2069 irruente
3328 2013 3488 2081 hora,
3522 2019 3684 2068 tanta
3733 2011 3811 2067 ab

2110 2102 2398 2172 aquilonis
2437 2101 2607 2173 plaga
2658 2102 3033 2173 conflagratio
3064 2102 3356 2173 apparuit,
3400 2110 3462 2158 ut
3502 2101 3739 2172 plurimi
3777 2116 3811 2156 e

2110 2189 2374 2246 domibus
2387 2191 2631 2260 propriis
2662 2205 2781 2246 sese
2794 2192 3171 2261 proriperent,
3205 2197 3531 2260 quarentes
3562 2189 3809 2260 quinam

2113 2278 2300 2333 hostes
2332 2278 2660 2348 provincias
2684 2293 2818 2334 suas
2858 2279 2997 2335 adeo
3037 2280 3201 2349 gravi
3227 2278 3590 2335 ambustioue
3617 2285 3812 2334 vasta-

2110 2374 2255 2421 rent.
2286 2366 2424 2433 Qua
2448 2368 2642 2423 omnia
2672 2368 3002 2424 futurorhm
3033 2367 3313 2423 exstitisse
3345 2373 3606 2438 portenta
3636 2365 3811 2421 bello-

2110 2467 2262 2521 rum,
2300 2455 2536 2511 indubie
2583 2454 2916 2512 retinemus.
2969 2457 3041 2511 At
3084 2456 3208 2526 jam
3250 2455 3339 2511 his
3370 2454 3611 2521 omissis,
3672 2468 3809 2523 qua

2111 2543 2352 2612 carptim
2384 2542 2690 2599 delibanda
2719 2546 3070 2613 censuimus,
3105 2543 3396 2600 relationis
3437 2543 3639 2600 seriem
3673 2556 3805 2613 pro-

2112 2643 2445 2700 sequamur.

2784 2721 3016 2777 CAPUT
3056 2721 3126 2775 X.

2185 2806 2463 2880 [XXXV.]
2503 2809 2718 2863 Iterum
2748 2810 2819 2863 de
2845 2808 3394 2880 Hierosolymitana
3420 2806 3677 2864 civitatis
3701 2808 3806 2863 ob-

2111 2892 2350 2949 sidione.
2390 2924 2442 2934 —
2506 2896 3028 2966 Hierosolymorum
3076 2897 3259 2966 igitur
3305 2896 3506 2952 civitas
3554 2896 3804 2963 obsessa,

2111 2982 2357 3051 exprimi
2386 2997 2499 3038 non
2533 2988 2709 3054 potest
2734 2993 2955 3054 quanta
3005 2985 3075 3041 sit
3119 2985 3337 3041 civium
3385 2997 3624 3040 suorum
3678 2983 3807 3038 ani-

2041 3104 2081 3161 C
2113 3069 2374 3125 mositate
2432 3071 2682 3127 defensa.
2742 3072 2976 3128 Videres
3030 3079 3232 3141 contra
3279 3070 3537 3128 balearia
3590 3071 3809 3126 instru-

2115 3173 2325 3233 menta,
2353 3158 2572 3229 quibus
2603 3167 3000 3230 compererant
3042 3173 3185 3215 saxa
3220 3160 3500 3231 torqueri,
3547 3158 3812 3214 trabibus

2113 3253 2379 3323 obtegere
2422 3264 2640 3316 muros,
2688 3256 2862 3318 atque
2913 3247 3169 3319 psiatbiis
3202 3248 3426 3304 Graecos
3473 3248 3633 3316 ignes
3688 3246 3812 3317 inji-

2115 3356 2240 3397 cere
2273 3338 2575 3405 machinis,
2608 3338 2924 3408 prasertim
2954 3335 3060 3407 qui
3089 3337 3342 3393 materiei
3373 3335 3621 3405 inopiam
3650 3334 3810 3390 difﬁ-

2114 3429 2384 3485 cultatem
2429 3426 2746 3482 maximam
2804 3432 3083 3480 noverant
3130 3424 3476 3493 obsidionis;
3536 3424 3629 3479 sed
3666 3422 3808 3492 quia

2118 3516 2360 3573 Francia
2407 3513 2783 3585 praeminebat
2842 3512 3112 3583 ingeniis,
3171 3512 3394 3568 furores
3444 3511 3665 3582 ignium
3725 3523 3811 3564 re-

2115 3604 2331 3675 spersio
2389 3610 2555 3660 curat
2603 3602 2768 3667 aceti,
2819 3610 2873 3657 et
2922 3608 3211 3671 praacuta
3242 3600 3382 3656 falce
3425 3598 3716 3664 reciditur,
3758 3597 3803 3653 si

2116 3693 2258 3765 quid
2296 3691 2593 3748 videretur
2620 3687 2958 3760 pependisse
3007 3703 3107 3758 pro
3139 3689 3340 3746 muris.
3374 3689 3561 3745 Uncus
3598 3686 3809 3743 ferreos

2116 3782 2303 3852 longis
2328 3778 2637 3836 hastilibus
2676 3777 2918 3844 addunt,
2945 3777 3161 3846 quibus
3191 3784 3402 3832 nostra
3434 3776 3611 3845 partis
3637 3788 3669 3830 e
3692 3788 3811 3829 ma-

2117 3870 2303 3927 chinis
2386 3874 2823 3939 propugnantes
2892 3865 3157 3921 loricatos
3238 3864 3601 3935 corripiunt;
3677 3876 3807 3933 qua

2116 3958 2297 4016 nostri
2318 3955 2695 4014 mucronibus
2720 3953 2952 4020 exertis,
3002 3967 3104 4023 pro
3148 3952 3452 4009 hastilibus
3484 3952 3662 4007 fustes
3689 3950 3810 4006 red-

2116 4048 2282 4103 dunt.
2315 4044 2421 4101 Sed
2450 4044 2508 4099 in
2537 4057 2603 4098 eo
2622 4043 2713 4098 vel
2744 4043 2994 4097 maxime
3024 4041 3473 4096 Sarracenorum
3502 4041 3808 4096 vehemens

2118 4134 2474 4208 probabatur
2528 4131 2823 4197 instantia,
2858 4131 2999 4200 quia
3052 4129 3099 4184 si
3130 4143 3301 4199 quem
3358 4142 3596 4183 suorum
3635 4128 3809 4182 conti-

2117 4225 2290 4293 gisset
2339 4219 2750 4276 ictuanostris
2800 4220 2989 4287 obrui,
3047 4218 3296 4288 percussi
3344 4217 3607 4286 cylpeum
3661 4215 3806 4271 dicto

2115 4309 2286 4365 citius
2312 4307 2610 4365 constabat
2641 4307 2713 4363 ab
2739 4307 2850 4362 alio
2901 4307 3045 4378 rapi,
3079 4313 3136 4363 et
3183 4305 3242 4361 in
3281 4305 3502 4372 eodem,
3532 4303 3684 4360 unde
3715 4303 3808 4358 ille

312 4407 474 4449 ceam
526 4392 637 4448 sub
708 4399 867 4448 tanta
918 4393 1239 4450 reverentia
1297 4394 1485 4462 ferret,
1531 4396 1671 4452 dum
1732 4397 2011 4452 adversus
2048 4399 2336 4461 Druerat,
2365 4393 2486 4449 loco
2509 4392 2775 4449 constitui
2824 4392 2950 4464 [αι.,
2999 4390 3267 4465 restitui],
3302 4398 3366 4447 ut
3392 4390 3602 4446 nostris
3650 4389 3807 4444 dare-

313 4481 614 4537 Curbaran
645 4495 1065 4553 congressurus
1093 4482 1430 4553 egreditur?
1480 4484 1565 4540 lbi
1597 4492 1745 4540 certe
1787 4491 2008 4539 constat

261 4582 268 4589 ’
314 4568 591 4639 quiddam
623 4569 990 4627 memorabile
1008 4569 1240 4639 factum,
1261 4571 1415 4642 quod
1444 4571 1677 4639 scilicet,
1700 4571 1840 4627 dum
1870 4571 2010 4628 Cur-

314 4656 495 4712 baran
518 4655 666 4712 idem
698 4656 890 4714 herba
913 4657 1102 4729 ignem
1129 4658 1390 4728 jussisset
1411 4659 1638 4730 subjici,
1679 4659 2009 4731 prasulque

312 4744 460 4803 idem
516 4746 871 4804 Francorum
902 4747 974 4802 ad
1021 4746 1169 4803 bella
1226 4748 1661 4818 properantium
1706 4748 2003 4818 conspice-

311 4840 399 4890 ret
451 4848 553 4890 ora
616 4848 684 4890 ac
734 4835 932 4891 oculos
989 4834 1337 4905 proﬂuentes
1389 4835 1533 4891 fumi
1590 4835 1865 4892 densitate
1892 4836 2009 4892 suf-

313 4919 498 4987 fundi,
550 4920 684 4975 hinc
730 4933 953 4976 sacram
1014 4920 1323 4990 praferens
1370 4919 1649 4989 lanceam,
1722 4921 1854 4977 inde
1915 4922 2007 4992 pia

313 5006 553 5062 dextera
608 5014 806 5062 contra
858 5015 1215 5077 emergentes
1268 5007 1511 5063 nebulas
1540 5009 1732 5064 crucis
1763 5010 2006 5080 pingens

311 5093 581 5164 efﬁgiem,
638 5095 734 5150 ubi
787 5094 922 5150 Jesu
978 5095 1385 5165 omnipotentis
1440 5096 1704 5153 ﬂebiliter
1747 5098 2009 5153 evocavit

312 5178 623 5247 auxilium,
656 5181 806 5237 dicto
834 5181 1096 5248 celerius,
1150 5183 1208 5237 in
1264 5198 1361 5241 eos
1388 5183 1490 5254 qui
1521 5185 1849 5253 amiserant,
1881 5185 2007 5255 ejus

313 5267 496 5338 pietas
533 5266 663 5323 tetri
704 5267 936 5337 vaporis
1000 5271 1224 5327 retorsit
1278 5271 1536 5343 globum.
1579 5272 1774 5341 Porro,
1835 5271 1880 5328 si
1939 5273 2007 5329 de

313 5355 629 5412 inventoris
671 5356 907 5412 interitu
936 5357 1148 5428 agitur,
1181 5358 1285 5429 qui
1313 5359 1535 5431 aliquot
1564 5368 1688 5430 post
1723 5360 1876 5432 ignis
1912 5374 2007 5417 ex-

314 5443 648 5515 perientiam
709 5445 962 5503 traditur
1022 5446 1238 5503 vixisse
1283 5447 1507 5514 diebus,
1561 5448 1760 5515 fateor,
1818 5448 2003 5503 dicam

312 5533 597 5603 quomodo
625 5533 727 5590 iste
756 5534 981 5603 obierit,
1034 5536 1104 5592 de
1134 5550 1250 5606 quo
1280 5535 1564 5592 incertum
1594 5546 1679 5593 est
1726 5551 1800 5592 an
1838 5537 2008 5592 Iasus

310 5621 502 5689 fuerit,
557 5621 602 5678 si
633 5622 785 5680 dicat
806 5623 944 5681 mihi
976 5638 1083 5682 cur
1113 5624 1182 5692 is,
1216 5623 1318 5694 qui
1345 5623 1501 5693 apud
1522 5624 1754 5682 beatum
1786 5625 2003 5700 Gregq-

2117 4490 2216 4538 tur
2260 4481 2333 4537 ad
2362 4481 2451 4537 sui
2482 4480 2971 4537 exanimationem
3021 4479 3263 4551 intelligi
3292 4479 3581 4534 neminem
3610 4491 3806 4533 eorum

2060 4640 2079 4655 ρ
2112 4569 2365 4641 jactibus
2393 4568 2541 4625 ladi.

2191 4657 2504 4732 [XXXVL]
2533 4659 2674 4730 Ipsa
2701 4660 2763 4712 in
2785 4657 3106 4714 obsessione
3136 4655 3500 4711 Boemuudus
3525 4669 3644 4709 non
3671 4651 3803 4707 ade-

2114 4750 2229 4802 rat.
2284 4746 2436 4802 Petit
2474 4745 2972 4817 Hierosolymam.
3008 4765 3095 4785 ·-
3146 4745 3408 4801 Feliciter
3444 4744 3621 4815 igitur
3666 4741 3806 4797 urbe

2115 4844 2300 4907 capta,
2344 4835 2713 4892 Boemuudus
2748 4835 2849 4904 qui
2883 4833 3218 4901 Antiochia,
3264 4834 3431 4901 fame,
3482 4831 3802 4895 cruoribus,

2115 4938 2183 4980 ac
2225 4923 2438 4995 frigore
2485 4923 2861 4988 Francorum,
2910 4920 3240 4977 obtinuerat
3272 4918 3607 4989 principari,
3655 4918 3806 4987 apud

2113 5026 2264 5079 eam,
2345 5010 2563 5067 cateris
2648 5008 3162 5079 proﬁciscentibus,
3224 5008 3428 5064 maluit
3514 5006 3803 5068 remoram”.

2116 5114 2291 5171 quam
2341 5113 2444 5168 pro
2494 5098 2628 5153 Jesu
2672 5096 2898 5151 Domini
2935 5096 3185 5167 sepulcri
3228 5096 3563 5152 liberatione
3592 5094 3803 5149 vexari.

2115 5187 2185 5242 Et
2213 5187 2354 5242 dum
2378 5184 2670 5240 contendit
2692 5183 2880 5253 inepte
2901 5198 3004 5254 pro
3037 5184 3212 5241 unius
3231 5184 3370 5241 adis
3401 5182 3805 5250 turriculaque

2114 5271 2391 5336 custodia,
2425 5269 2693 5340 prateriti
2725 5269 2814 5326 sui
2848 5270 3104 5327 universi
3129 5270 3338 5327 laboris
3370 5270 3621 5326 fructum
3651 5268 3805 5324 visus

2113 5369 2197 5416 est
2227 5360 2485 5415 amisisse
2512 5366 2568 5415 et
2607 5358 2838 5430 gaudia.
2881 5357 3029 5426 Quid
3077 5360 3247 5415 enim-
3273 5358 3378 5415 sibi
3429 5357 3642 5428 profuit
3671 5370 3802 5412 cur-

2114 5462 2261 5513 rere,
2294 5448 2394 5503 ubi
2422 5447 2700 5518 consequi
2734 5446 2921 5503 noluit
2950 5445 3479 5518 comprehendere?
3521 5445 3796 5505 Attamen.

2114 5535 2255 5606 quia
2283 5536 2562 5592 hactenus
2604 5535 2881 5592 exercitui
2932 5534 3228 5591 Dominico
3260 5534 3574 5604 plurimum
3604 5531 3803 5588 emolu-

2116 5624 2289 5681 menti
2321 5625 2498 5681 armis
2539 5624 2782 5680 contulit
2836 5633 3011 5695 atque
3042 5622 3297 5690 consitio,
3344 5636 3461 5678 non
3487 5629 3572 5678 est
3614 5621 3801 5678 absur-
