3934 6404
69 393 177 447 8‘25

1157 390 1386 448 GESTA
1423 391 1539 446 DEI
1580 392 1715 447 PER
1755 391 2094 449 FRANCOS.
2123 422 2193 432 —
2220 391 2349 448 LIB.
2391 391 2532 448 VIII.

3497 396 3607 450 826

72 523 223 579 dum
267 523 474 593 paucis
521 521 770 592 qualiter
825 521 1082 578 intexere
1136 521 1302 578 illum
1341 523 1644 592 contigerit
1692 522 1784 578 illo
1827 529 1866 578 A
1901 532 2141 593 petrata,
2179 524 2307 580 fecit
2356 524 2668 580 Carnotnm
2721 524 2847 595 ejus
2883 524 3116 594 nuptias
3147 524 3203 580 in
3235 537 3449 596 magna
3480 525 3607 594 glo-

73 611 182 666 ire.
241 612 331 666 Ad
383 611 730 666 Belduinum
788 611 980 681 itaque
1019 611 1369 666 Edessenum
1403 611 1685 681 legatione
1714 611 1792 666 di-

78 709 264 768 recta,
317 700 584 756 sollicitat
638 709 701 754 ut
745 714 938 754 secum
996 699 1208 768 pariter
1264 699 1338 754 ad
1416 699 1784 754 invisendum

81 789 409 844 Salvatoris
448 788 782 858 sepulcrum
833 788 1043 843 veniat.
1100 789 1225 856 Ipse
1253 787 1464 842 etenim
1496 803 1610 843 non
1643 801 1786 842 ava-

81 877 238 932 ritize
269 877 528 944 obtentu,
563 876 658 932 sed
697 876 944 946 propriae
971 876 1219 930 civitatis
1240 876 1479 930 tuitione
1512 883 1788 941 retentus,

86 966 227 1021 urbi
286 965 548 1021 similiter
607 978 981 1034 nequaquam
1021 963 1351 1018 obsidendae
1395 971 1788 1018 concurrerat.

85 1054 557 1110 Christianorum
609 1054 775 1122 plane
809 1053 930 1122 ipsa
959 1060 1082 1108 erat
1115 1052 1337 1115 civitas,
1371 1059 1425 1107 et
1464 1051 1795 1122 circumpo-

87 1143 218 1198 sitae
307 1143 637 1213 gentilitatis
712 1143 863 1196 vires
911 1141 1110 1196 crebro
1164 1141 1490 1209 patiebatur
1537 1141 1789 1196 infestas.

86 1230 365 1300 Cumque
396 1229 485 1285 vir
520 1230 696 1286 isdem
738 1244 795 1285 se
826 1229 1220 1298 spopondisset
1252 1229 1494 1290 iturum,
1529 1229 1796 1284 conﬂatis

88 1318 306 1387 utique
338 1319 602 1386 equitum
633 1318 1006 1386 peditumque
1044 1317 1220 1386 cepiis
1253 1316 1607 1387 ingentibus,
1644 1331 1796 1386 prae-

92 1407 299 1462 sertim
350 1420 481 1460 cum
504 1406 586 1460 eis
616 1405 976 1461 incumberet
1018 1420 1134 1460 non
1181 1405 1346 1460 modo
1403 1420 1794 1475 quorumque,

93 1495 197 1550 sed
242 1493 532 1564 contiguae
563 1495 796 1548 omnino
847 1493 1239 1549 universitatis
1285 1500 1490 1560 metus,
1537 1495 1797 1549 Hieroso-

92 1582 450 1652 lymitanum
481 1590 618 1637 sunt
647 1582 756 1637 iter
780 1582 972 1637 adorsi
1024 1582 1290 1652 Cumque
1329 1583 1695 1651 singulorum
1737 1582 1795 1637 in

94 1671 276 1727 simul
304 1670 700 1736 contubernia,
737 1671 1154 1737 convenissent,
1190 1679 1244 1726 et
1264 1670 1470 1741 viginti
1498 1671 1797 1727 hominum

94 1759 283 1813 millia
313 1759 490 1814 ferme
521 1758 895 1827 complessent
922 1757 1074 1813 inter
1107 1758 1366 1814 eundum
1404 1773 1500 1814 eos
1551 1759 1798 1813 crudelis

93 1846 444 1903 victualium
488 1857 870 1917 coangustare
898 1848 1069 1916 ccepit
1098 1855 1339 1916 egestas,
1390 1855 1454 1903 ut
1507 1861 1611 1901 nec
1637 1861 1794 1902 esca-
1836 1819 1883 1876 Β

96 1950 234 1992 rum
269 1935 633 1991 condimenta
670 1936 823 2004 pani,
858 1950 1046 2004 neque
1080 1943 1406 2005 suppeteret
1435 1940 1589 1989 419
1641 1935 1802 2004 panis

97 2024 169 2079 ad
201 2037 380 2080 escas.
413 2023 846 2078 Provinciarum
879 2037 1102 2092 nempe,
1127 2023 1409 2078 diuturna
1437 2023 1800 2079 diversarum

98 2112 470 2168 obsidionum
519 2125 699 2177 mora,
740 2119 794 2166 et
835 2111 1072 2180 prolixis
1105 2111 1270 2182 longe
1306 2111 1534 2180 lateque
1559 2113 1801 2181 expedi-

99 2201 382 2268 tionibus,
411 2200 618 2270 opibus
641 2200 957 2264 exhaustae,
985 2214 1099 2253 non
1117 2199 1480 2254 sufficiebant
1511 2199 1801 2255 ullatenus

99 2283 279 2344 tantae
300 2288 643 2344 animalium
666 2288 1044 2358 virorumque
1063 2286 1403 2358 frequentiae
1433 2288 1802 2357 suppeditare

101 2375 410 2445 stipendia.

179 2471 228 2519 Α
279 2463 486 2520 Turcis
529 2464 786 2535 captivus
833 2461 1136 2517 abducitur
1185 2463 1566 2518 Boemundus.
1602 2463 1804 2518 Liber-

111 2556 237 2608 tate
260 2569 529 2608 concessa
555 2553 706 2606 redit
734 2554 795 2606 in
819 2550 1098 2619 Galliam,
1121 2551 1278 2606 ducit
1299 2552 1692 2608 Constantiam
1709 2570 1802 2606 re-

99 2642 194 2714 gis
219 2643 434 2714 ﬁliam,
465 2658 536 2695 ac
562 2657 774 2695 veneno
800 2639 1112 2694 exstinctus
1139 2643 1240 2694 est.
1267 2670 1322 2680 —
1361 2642 1594 2697 Arctata
1624 2642 1805 2712 igitur

107 2731 541 2787 miserabilibus
563 2730 768 2785 inediis
789 2729 1117 2797 multitudo,
1141 2729 1500 2785 asininarum
1539 2731 1800 2786 carnium

105 2818 602 2888 equinarumque,
641 2831 772 2886 quae
793 2817 935 2871 alias
961 2815 1257 2882 didicerat,
1290 2817 1485 2872 edulia
1521 2817 1803 2887 repetivit,

105 2922 215 2962 nec
237 2906 309 2961 ab
341 2920 540 2961 eorum
583 2919 715 2971 usu,
749 2905 945 2960 habita
973 2905 1145 2960 etiam
1181 2905 1238 2959 in
1289 2906 1500 2961 talibus
1530 2907 1807 2975 parcitate

104 2993 408 3050 calamitas
451 2995 560 3048 ista
611 2992 833 3058 desivit,
867 2992 1047 3048 donec
1081 2992 1439 3048 Tiberiadem
1495 2993 1803 3060 civitatem,

105 3083 377 3154 quinque
423 3081 718 3137 hominum
755 3081 1020 3143 millium,
1068 3084 1177 3137 sub
1225 3081 1482 3148 Domino,
1548 3081 1807 3151 pastione

106 3171 417 3236 celebrem,
467 3169 761 3224 desideriis
799 3168 1001 3224 affecta
1049 3168 1284 3224 subivit.
1341 3169 1420 3224 lbi
1485 3170 1810 3239 aliquantu-

109 3261 236 3316 lum
265 3263 350 3314 'ea
396 3272 574 3328 quam
606 3258 933 3328 patiebatur
979 3257 1107 3313 tabe
1138 3255 1260 3330 [al.,
1297 3256 1473 3329 rabie]
1511 3259 1636 3313 cibo
1667 3257 1806 3314 ube-

112 3349 250 3405 riori
292 3348 492 3417 sopita,
531 3347 761 3402 tandem
803 3345 1256 3414 Hierosolymam
1307 3346 1658 3414 pervenitur,
1712 3346 1809 3401 sed

113 3451 178 3492 ea
211 3435 351 3491 adeo
383 3433 577 3490 fietida
609 3447 806 3488 recens
833 3447 1110 3488 caesorum
1147 3433 1496 3487 cadaverum
1531 3446 1808 3486 numero-

117 3525 280 3580 sitate
311 3522 614 3592 reperitur,
646 3529 707 3576 ut
739 3535 1034 3590 nusquam
1064 3534 1210 3576 aura
1239 3520 1350 3575 nisi
1381 3520 1813 3590 corruptissima

117 3609 346 3666 narium
391 3609 576 3664 orisve
601 3609 889 3678 spiraculo
921 3607 1275 3663 hauriretur.
1309 3607 1415 3674 Qui
1479 3622 1513 3663 a
1555 3622 1687 3678 rege
1715 3607 1813 3663 Go-

117 3697 334 3754 defrido
366 3696 728 3768 gratulanter
783 3696 1025 3764 excepti,
1073 3696 1366 3750 Dominico
1414 3696 1572 3765 quod
1623 3695 1810 3750 immi-

119 3787 289 3843 nebat
331 3785 639 3841 interfuere
682 3785 890 3840 Natali.
963 3783 1147 3850 Quod,
1187 3791 1248 3839 ut
1289 3785 1530 3839 rationis
1567 3798 1813 3839 censura

120 3874 509 3945 responderat,
583 3873 868 3929 Bethleem
929 3880 1145 3940 actum,
1202 3887 1317 3928 non
1351 3873 1516 3927 modo
1567 3887 1639 3927 ex
1707 3888 1814 3928 sua

121 3973 324 4040 mutua
363 3963 462 4034 qui
511 3970 899 4018 convenerant
947 3961 1183 4028 visione,
1224 3963 1322 4017 sed
1373 3962 1556 4032 magis
1587 3977 1658 4017 ex
1705 3977 1812 4018 sua

122 4052 356 4109 victoria
384 4066 487 4108 suo
528 4050 950 4120 insperabiliter
1002 4049 1212 4106 saeculo
1263 4051 1536 4120 przestita,
1578 4051 1814 4108 Francis

123 4155 296 4211 supra
343 4154 521 4211 quam
587 4139 741 4195 credi
771 4147 954 4209 potest
1008 4153 1098 4194 res
1140 4138 1458 4208 tripudiosa
1498 4139 1623 4194 fuit.
1675 4140 1811 4194 Inde

126 4229 412 4300 digressis,
463 4244 593 4284 cum
634 4242 742 4284 sua
789 4227 1038 4298 quisque
1077 4230 1393 4297 repetisset,
1431 4241 1464 4282 a
1493 4229 1813 4284 Turcorum

129 4333 301 4374 manu
337 4316 659 4383 immodica,
683 4331 814 4372 cum
844 4316 1046 4372 urbem
1074 4315 1388 4385 quamdam
1424 4315 1626 4381 adiret,
1679 4315 1815 4370 Boe-

1903 613 2008 667 ria.
2050 613 2264 667 Deinde
2310 613 2367 667 in
2415 612 2721 683 Appuliam
2761 627 3077 683 regressus,
3121 626 3394 681 magnam
3437 609 3604 681 regni

1899 703 2514 774 Constantinopolitani
2563 703 2922 773 imperatoris
2950 712 3166 774 partem
3198 703 3302 759 sibi
3354 702 3603 772 subegit,

1899 799 1954 847 et
2003 792 2282 860 susceptis
2303 806 2374 846 ex
2418 791 2534 846 filia
2580 792 2732 862 regis
2780 791 3011 847 duobus
3037 791 3189 858 ﬁliis,
3244 805 3466 846 veneno
3517 790 3606 845 vi-

1906 890 2022 936 tam
2054 879 2253 934 finivit.

1979 968 2319 1042 [XXXVIL]
2369 967 2672 1027 Godefridi
2715 967 2867 1039 regis
2909 971 3072 1039 gesta
3096 964 3432 1021 summatim
3473 979 3608 1038 per-

1906 1058 2288 1129 stringuntur.
2331 1087 2399 1094 -—
2427 1057 2497 1111 At
2526 1056 2885 1124 Godefridus,
2930 1055 3175 1128 cujusin
3200 1055 3453 1125 equestri
3490 1053 3606 1124 glo-

1906 1148 1993 1203 ria
2020 1145 2362 1217 quantitatis
2391 1145 2693 1211 exstiterit,
2747 1159 2848 1214 pro
2892 1144 3157 1200 clausula
3205 1143 3412 1206 laudis,
3461 1141 3600 1210 quia

1906 1235 2172 1304 superius
2193 1232 2361 1302 plura
2396 1233 2572 1287 relata
2602 1240 2843 1298 sunt,ex
2876 1232 3094 1301 przefati
3117 1229 3381 1286 Balduini
3419 1226 3607 1283 verbis

1908 1323 2089 1394 accipi
2120 1323 2344 1394 poterit.
2398 1323 2496 1376 Est
2534 1330 2728 1377 autem
2772 1322 2919 1377 idem
2962 1321 3187 1377 comitis
3232 1317 3491 1389 Hugonis
3532 1330 3605 1371 ex

1910 1414 2152 1469 Reiteste
2201 1412 2372 1467 ﬁlius.
2430 1411 2537 1477 Qui
2578 1411 2716 1466 dum
2769 1412 3054 1467 Edesseno
3095 1407 3334 1465 ducatui
3379 1421 3412 1460 a
3449 1411 3604 1475 post-

1912 1502 2147 1556 modum
2181 1514 2312 1570 rege
2351 1499 2633 1554 Balduino
2665 1499 3001 1569 prmiicitur,
3039 1498 3158 1568 jam
3191 1496 3415 1551 dudum
3464 1493 3607 1548 Tur~

1909 1605 2106 1646 corum
2151 1603 2380 1653 manus,
2438 1589 2579 1657 proh
2621 1586 2808 1643 dolori
2877 1587 3093 1651 incidit,
3135 1593 3189 1642 et
3237 1583 3416 1638 multo
3456 1589 3604 1636 tem-

1911 1693 2048 1748 pore
2093 1678 2348 1742 clausus,
2408 1677 2517 1730 Deo
2557 1690 2615 1731 se
2664 1678 3011 1744 protegente,
3060 1672 3259 1727 vivens
3293 1671 3365 1725 ab
3405 1680 3605 1724 eorum

1913 1767 2181 1823 manibus
2229 1765 2425 1821 evasit.
2468 1763 2671 1818 Exstat
2710 1777 2845 1817 vero
2884 1762 3011 1832 ejus
3055 1757 3385 1829 hujusmodi
3419 1754 3488 1809 de
3517 1767 3603 1820 eo,

1910 1855 2101 1910 verbis
2129 1854 2329 1924 utique
2368 1852 2509 1907 meis
2556 1851 2759 1906 vestita
2807 1849 3088 1905 sententia
3119 1863 3131 1900 :
3161 1868 3181 1893 ι
3217 1845 3444 1899 Festum
3467 1855 3608 1896 san—

1910 1944 1980 1997 cti
2016 1942 2266 2011 Dionysii
2317 1941 2616 2011 agebatur,
2668 1952 2889 2008 rexque
2935 1937 3080 1991 idem
3116 1949 3150 1990 a
3196 1933 3448 2003 quadam
3479 1943 3604 1996 sua,

1912 2029 2192 2085 vocabulo
2228 2028 2560 2096 Morocoria,
2609 2027 2838 2082 civitate
2880 2023 3336 2096 regrediebatur,
3378 2027 3432 2075 et
3478 2031 3608 2073 ecce

1912 2125 2142 2172 centum
2175 2116 2379 2186 viginti
2429 2115 2602 2170 Turci
2631 2115 2813 2170 eidem
2865 2113 3305 2172 insidiabantur,
3340 2110 3491 2177 ﬁcum
3520 2106 3606 2160 vi-

1913 2205 2059 2276 ginti
2099 2219 2230 2261 eum
2275 2204 2672 2260 tantummodo
2711 2203 2934 2273 equites
2978 2200 3409 2255 comitarentur.
3453 2193 3608 2258 Quos

1913 2294 2032 2361 ubi,
2084 2293 2292 2363 inquit,
2350 2293 2720 2356 attendimus,
2796 2297 3014 2345 remota
3071 2285 3374 2342 formidine
3441 2294 3606 2337 arma

1912 2382 2289 2451 corripimus;
2330 2381 2431 2451 ipsi
2483 2394 2636 2445 vero,
2678 2379 2817 2449 quia
2851 2383 3082 2446 repente
3127 2377 3491 2444 ingruerant,
3524 2367 3613 2423 fu-

1914 2471 2136 2540 gituros
2180 2485 2282 2526 nos
2320 2484 2423 2540 pro
2458 2477 2648 2524 nostra
2698 2467 2983 2538 paucitate
3027 2462 3332 2532 putabant.
3377 2463 3447 2512 At
3486 2469 3608 2521 nos,

1913 2567 2140 2628 sumpto
2188 2559 2256 2613 de
2297 2558 2550 2628 expertis
2601 2556 2699 2611 Dei
2745 2552 3114 2608 adminiculis
3157 2547 3400 2619 jugibus
3439 2557 3608 2609 ausu,

1913 2660 2204 2715 superque
2236 2645 2420 2715 ipsum
2455 2645 2661 2715 spiritu
2711 2642 3036 2707 innitentes,
3085 2638 3362 2693 barbaros
3406 2644 3612 2702 aggre-

1914 2735 2122 2796 dimur.
2173 2742 2330 2788 tanta
2368 2735 2424 2788 in
2469 2748 2563 2789 eos
2593 2733 2744 2788 caede
2780 2730 3154 2792 bacchamur,
3182 2734 3243 2781 ut
3273 2739 3344 2780 ex
3378 2723 3489 2777 illis
3519 2734 3612 2774 oc-

1919 2825 2137 2894 toginta
2171 2823 2351 2890 caesis,
2389 2823 2708 2892 nonaginta
2741 2821 2957 2890 pariter
2985 2830 3165 2887 equos
3189 2824 3544 2884 caperemus.
3587 2828 3607 2854 ι

1917 2911 1986 2965 Ει
2019 2918 2142 2979 post
2177 2910 2394 2978 aliqua,
2429 2908 2518 2963 vir
2552 2909 2750 2974 isdem,
2795 2921 2927 2962 cum
2976 2903 3230 2960 irrisorie
3263 2896 3616 2955 meminisset

1914 3011 2113 3052 eorum
2141 2997 2242 3066 qui
2277 2995 2350 3050 ab
2381 2995 2685 3051 Antiochia
2723 2995 3013 3064 fugerant,
3046 2999 3101 3046 et
3139 2990 3238 3059 qui
3293 2983 3615 3043 Constanti-

1845 3115 1886 3174 C
1917 3085 2166 3155 nopolim
2223 3084 2506 3153 legatione
2559 3082 2741 3138 functi
2802 3081 3050 3174 reditum
3103 3076 3468 3174 distulerant,
3543 3071 3614 3174 ad

1917 3172 2256 3228 animandos
2315 3172 2413 3241 qui
2478 3172 2535 3226 in
2589 3169 2830 3225 Francia
2881 3167 3210 3224 resederant
3265 3165 3518 3219 Francos
3548 3159 3616 3214 de

1916 3276 2022 3317 sua
2064 3261 2294 3315 fortuna
2347 3259 2429 3314 sic
2485 3259 2791 3328 sequitur:
2845 3256 3116 3320 Multum,
3176 3252 3274 3318 ait,
3328 3264 3432 3304 nos
3477 3262 3617 3317 opu-

1917 3349 2100 3404 lenter
2145 3361 2249 3402 nos
2301 3347 2602 3414 habemus,
2650 3353 2705 3400 et
2769 3353 2830 3400 ut
2897 3343 3142 3398 aliorum
3211 3335 3614 3407 supersedeam

1918 3438 2089 3507 gazis,
2131 3436 2325 3490 decem
2355 3435 2570 3504 quibus
2599 3433 2756 3491 solus
2806 3430 3100 3503 principor
3150 3435 3359 3492 castra,
3413 3432 3466 3479 et
3515 3422 3616 3478 ab-

1918 3525 2076 3580 batia
2108 3538 2246 3590 una,
2308 3523 2572 3578 marchas
2613 3522 2750 3577 mihi
2805 3519 3063 3591 pendunt
3113 3515 3412 3571 annuatim
3464 3509 3618 3566 mille

1919 3612 2288 3683 quingentas.
2326 3613 2394 3667 Et
2425 3614 2472 3666 si
2522 3612 2672 3667 Deus
2703 3610 2954 3666 arrideat
2993 3605 3195 3662 urbem
3229 3602 3367 3659 mihi
3400 3599 3615 3669 cepisse

1919 3701 2226 3768 Calepiam,
2260 3708 2491 3754 centum
2521 3712 2655 3753 mox
2694 3712 2816 3752 meo
2849 3695 3156 3751 habiturus
3187 3705 3314 3747 sum
3347 3689 3456 3744 sub
3485 3687 3618 3757 jure

1919 3787 2170 3844 castella.
2223 3786 2608 3856 Retrogradis,
2663 3784 2866 3854 inquit,
2920 3783 3096 3838 nolite
3125 3781 3354 3836 credere
3385 3775 3488 3847 qui
3519 3788 3621 3828 nos

1921 3877 2109 3934 inedia
2149 3876 2410 3931 fatiscere
2441 3875 2760 3942 celebrant;
2817 3870 3047 3940 scriptis
3085 3869 3275 3938 potius
3309 3867 3448 3921 meis
3479 3877 3612 3920 cre-

1921 3968 2054 4022 dite.
2086 3989 2106 4014 ι

2587 4050 2810 4106 CAPUT
2841 4050 2942 4105 XI.

1999 4140 2368 4216 [XXXVIIL]
2407 4142 2490 4194 De
2527 4137 2810 4195 Balduino
2852 4155 3002 4211 rege.
3035 4163 3104 4176 —
3137 4133 3259 4188 Rex
3291 4129 3470 4216 igitur
3507 4126 3623 4182 Go-

1923 4215 2198 4294 defridus,
2229 4230 2329 4285 ubi
2380 4236 2504 4298 post
2565 4229 2742 4282 vitam
2799 4227 3049 4282 nobilem
3108 4220 3325 4278 beatior
3389 4215 3625 4271 futurus

1924 4319 2186 4386 excessit,
2238 4316 2736 4387 Hierosolymitani
2804 4324 3179 4384 nequaquam
3234 4302 3625 4375 temperantiae

130 4407 379 4462 mundus
421 4405 735 4471 invaditur,
777 4405 833 4459 in
874 4403 1283 4460 remotissimas
1310 4401 1578 4471 {Persidis
1627 4403 1814 4474 regio-
1856 4415 1899 4468 1)
1927 4407 2055 4477 ejus
2100 4421 2166 4462 ac
2214 4407 2537 4462 serenitatis
2592 4403 2772 4468 obliti,
2843 4411 2898 4459 et
2950 4403 3300 4472 degenerare
3363 4399 3627 4448 verentes

131 4508 224 4551 nes
254 4493 519 4564 captivus
569 4493 897 4548 abducitur.
940 4491 1100 4558 Quod
1129 4491 1228 4546 ubi
1266 4490 1542 4546 Tancredi
1577 4490 1818 4546 illustris

133 4583 313 4653 attigit
333 4583 640 4647 notionem,
677 4581 1112 4652 quamprimum
1143 4593 1424 4649 occupare
1451 4579 1810 4634 Antiochiam

136 4678 406 4741 properat,
465 4670 737 4725 Laodicia;
768 4670 1045 4740 Pergama
1072 4669 1292 4737 munit;
1350 4675 1612 4736 utraeque
1661 4667 1814 4721 enim

133 4759 451 4816 Boemuudo
505 4759 704 4814 munia
770 4757 1154 4827 pensitabant.
1205 4756 1530 4812 Laodiciam
1596 4755 1816 4825 pridem

135 4847 407 4904 Robertus
470 4846 902 4903 Northmanniae
965 4859 1153 4902 comes
1181 4843 1487 4907 habuerat,
1529 4845 1624 4899 sed
1678 4857 1815 4898 cum

134 4937 344 5008 prodigi
375 4936 623 4991 hominis
671 4935 1002 4990 exactiones
1033 4933 1216 4989 urbici
1257 4933 1498 4988 tolerare
1547 4947 1659 4987 non
1687 4946 1816 5001 pos-

133 5033 263 5092 sent,
300 5024 482 5094 pulsis
526 5038 767 5079 summae
815 5022 1152 5078 custodibus
1189 5024 1358 5087 arcis,
1405 5022 1531 5090 ejus
1576 5022 1818 5090 abegere

132 5111 462 5178 dominium,
491 5112 736 5181 odioque
762 5111 945 5181 ipsius
974 5108 1451 5181 Rothomagensis
1471 5109 1818 5179 abjuravere

135 5210 361 5256 monetae
402 5215 592 5255 usum.
629 5201 700 5256 At
741 5198 1109 5255 Boemundus
1141 5212 1272 5253 cum
1308 5198 1477 5252 annis
1506 5197 1726 5266 aliquot
1759 5195 1817 5250 in

135 5302 346 5346 carcere
397 5288 713 5353 resedisset,
763 5287 1016 5351 tandem,
1050 5301 1182 5341 cum
1244 5293 1424 5355 pacto,
1476 5293 1598 5341 tum
1645 5299 1814 5354 pecu-

136 5377 305 5434 niaria
355 5377 741 5446 redemptione
786 5375 1109 5431 resolvitur.
1159 5374 1274 5430 Nec
1302 5375 1483 5429 multo
1519 5381 1641 5444 post
1686 5380 1823 5428 tem-

138 5478 256 5530 pore
284 5472 508 5530 exacto,
543 5465 848 5519 Antiochia
901 5463 1195 5518 Tancredo
1225 5463 1547 5527 commissa,
1586 5460 1818 5528 navigio

138 5551 186 5606 in
210 5553 452 5625 Appuiia
496 5560 855 5607 transvectus
911 5551 1068 5606 venit
1106 5550 1162 5604 iu
1210 5551 1530 5612 Franciam,
1581 5557 1634 5604 et
1665 5550 1811 5604 Con-

139 5646 326 5700 stantia
380 5641 533 5712 regis
563 5640 806 5711 Philippi
866 5641 983 5695 ﬁlia
1014 5638 1193 5694 multo
1238 5651 1380 5694 auro
1421 5653 1453 5692 a
1501 5644 1660 5707 patre
1704 5636 1817 5692 im-

1927 4495 2110 4565 ipsius
2141 4507 2505 4564 germanum,
2534 4493 2737 4548 ducem
2770 4491 3147 4552 Edessenum,
3205 4482 3393 4539 missis
3445 4480 3621 4535 inter-

1927 4582 2202 4653 pretibus,
2259 4581 2329 4636 ad
2361 4581 2514 4651 regis
2546 4581 2682 4652 jura
2711 4577 3070 4648 compellant.
3129 4572 3235 4639 Qui
3283 4569 3518 4641 quidem
3569 4567 3624 4656 in

1927 4672 2164 4735 ducatu,
2217 4668 2518 4738 splendore
2561 4681 2618 4722 se
2676 4665 2897 4730 habuit,
2958 4671 3023 4719 ut
3077 4662 3341 4730 clypeum
3380 4669 3624 4712 aureum

1927 4758 2136 4829 quovis
2169 4757 2274 4812 iter
2303 4769 2500 4826 agens,
2534 4769 2649 4825 prae
2679 4769 2737 4809 se
2767 4752 2902 4808 ferri
2927 4751 3152 4814 faceret,
3204 4745 3307 4816 qui
3359 4742 3621 4813 aquilam

1925 4857 2257 4915 eXpressam
2289 4843 2346 4898 in
2376 4859 2434 4898 se
2477 4843 2732 4899 haberet.
2786 4841 2923 4894 Erat
2954 4845 3144 4892 autem
3175 4830 3482 4890 schematis
3516 4831 3625 4885 Ar-

1929 4931 2116 5004 golici.
2173 4931 2383 4986 Morem
2434 4931 2588 4985 enim
2641 4927 2953 4998 gentilibus
3021 4935 3245 4994 gerens,
3315 4920 3627 4987 hucusque

1928 5027 2158 5089 togatus
2198 5019 2528 5084 incesserat,
2579 5016 2819 5074 barbam
2863 5014 3181 5076 remiserat,
3228 5023 3351 5064 sese
3379 5008 3626 5062 adoran-

1931 5106 2086 5162 tibus
2145 5106 2508 5171 ﬂectebatur,
2553 5107 2673 5162 solo
2713 5103 3005 5173 tapetibus
3031 5099 3225 5156 stratis
3255 5095 3625 5161 vescebatur;

1928 5206 1984 5253 at
2010 5197 2057 5251 si
2095 5196 2247 5266 quod
2300 5195 2682 5263 municipium
2731 5192 2820 5248 vei
2854 5191 3056 5246 urbem
3112 5201 3232 5244 sua
3280 5185 3516 5241 ditionis
3547 5183 3630 5238 in-

1928 5292 2123 5348 traret,
2158 5291 2290 5338 ante
2319 5282 2444 5351 ejus
2473 5278 2788 5351 gradientis
2831 5276 3184 5342 vehiculum,
3236 5275 3486 5329 duorum
3529 5284 3628 5325 ore

1925 5372 2191 5441 equitum
2233 5370 2465 5441 gemina
2497 5369 2636 5426 tuba
2688 5373 3086 5437 perstreperet.
3148 5359 3445 5433 Legationi
3489 5373 3626 5429 ergo

1927 5463 2346 5531 obtemperans,
2430 5459 2878 5526 Hierosolymam
2925 5453 3209 5525 proficisci
3265 5449 3622 5522 aggreditur.

1928 5550 2032 5605 Sed
2067 5549 2164 5605 ubi
2200 5548 2472 5617 contigua
2503 5545 2810 5617 gentilitas,
2837 5543 3140 5612 profecturi
3174 5546 3462 5608 aucupata
3494 5551 3624 5606 pro-

1932 5639 2200 5706 positum,
2260 5633 2686 5704 contemplatur
2749 5640 3005 5696 euntem,
3064 5627 3407 5693 conscensis,
3479 5638 3625 5680 aura
