3934 6402
344 345 449 401 827

1229 342 1289 396 V.
1330 341 1663 399 GUIBERTI
1699 341 1993 397 ABBATIS
2028 342 2092 398 S.
2138 340 2381 398 HARLE
2422 342 2511 399 DE
2551 342 2943 400 NOVIGENTO

3763 346 3876 400 828

346 476 452 534 sibi
486 476 778 533 incassum
811 475 1256 542 obsecundante,
1288 473 1584 540 Liburnis,
1625 487 1756 529 cum
1779 473 1902 529 dux
1935 487 2038 543 per
2072 471 2124 529 A
2153 487 2331 530 causa
2360 474 2647 541 miraculi,
2680 474 2920 531 luminis
2955 489 3156 531 omnes
3183 488 3400 532 munus
3439 473 3737 532 unimoda
3772 474 3876 530 in-

346 565 599 635 ejusdem
628 564 897 634 aquoris,
942 564 1079 620 satis
1132 562 1395 618 mediocri
1431 562 1727 627 comitatu,
1762 576 2039 632 propera-

349 659 435 708 ret
478 666 703 720 arenas,
763 651 1119 708 ferventibus
1168 651 1359 719 remis,
1416 650 1729 719 rostrisque
1789 652 2041 706 cavanti-

350 740 460 795 bus
499 741 706 807 undas,
757 740 984 797 obviam
1039 755 1097 796 se
1135 739 1389 809 prabere
1450 748 1808 804 concertans,
1863 739 2039 794 littori

349 826 584 882 classem
617 827 901 897 appellere
934 828 1282 883 maturabat.
1326 831 1478 881 450
1505 828 1578 881 At
1611 828 1754 893 dux,
1781 826 2040 882 omnium

350 930 482 987 qua
524 916 645 971 fieri
676 916 895 972 dextris
929 916 1161 986 quirent
1190 915 1532 971 mortalibus
1580 929 1803 984 expers,
1833 928 2039 970 maro-

349 1005 512 1061 ribus
543 1005 757 1061 intimis
787 1004 976 1075 pulsat
1000 1004 1377 1064 Altissimum.
1410 1013 1466 1059 et
1510 1005 1781 1076 proponit
1807 1003 1856 1059 ei
1885 1003 2042 1073 quod

350 1090 654 1147 subiturus
709 1092 1037 1148 obedienter
1104 1100 1248 1159 erat,
1297 1106 1396 1162 pro
1458 1092 1567 1148 fide
1616 1093 1743 1163 ejus
1803 1093 2036 1152 tuenda.

351 1182 512 1252 regni
540 1181 859 1252 negotium,
902 1183 971 1238 Et
1000 1197 1149 1250 ecce,
1185 1197 1315 1252 qua
1364 1182 1676 1239 mobilitate
1709 1183 2043 1238 ferebantur

351 1269 587 1341 aligera,
623 1285 819 1338 naves,
854 1270 1092 1327 limacea
1131 1272 1460 1326 morositate
1506 1272 1802 1338 resistunt,
1848 1278 2042 1341 etquo

351 1359 689 1429 ampliorem
721 1361 899 1417 tonsis
927 1361 1113 1417 salum
1152 1360 1521 1417 verrentibus
1551 1360 1801 1431 quisque
1834 1360 2043 1416 nititur

351 1446 423 1503 ad
477 1462 830 1517 processum,
863 1456 1041 1520 tanto,
1081 1449 1202 1519 spei
1255 1464 1375 1506 sua
1423 1449 1740 1505 mutatione
1776 1448 2038 1515 ridicula,

349 1533 659 1591 studiosius
690 1550 875 1605 prora
931 1537 1275 1593 rotabantur
1312 1536 1383 1591 ad
1420 1550 1655 1606 puppes.
1711 1537 1793 1591 Ita
1838 1535 2045 1605 impro-

350 1621 558 1677 borum
601 1622 729 1679 fuso
756 1623 1064 1690 molimine,
1108 1624 1231 1679 dux
1263 1624 1467 1679 merita
1498 1623 1760 1679 libertate
1805 1624 2038 1693 potitus,

349 1708 418 1764 de
444 1709 770 1779 recipienda
813 1724 1079 1781 purpura
1119 1710 1353 1767 evidens
1389 1708 1616 1764 calitus
1658 1709 1901 1778 sumpsit
1940 1722 2041 1763 au-

347 1797 610 1867 spicium.
642 1797 791 1854 Illud
824 1812 913 1853 me
944 1798 1296 1869 praterierat
1322 1797 1479 1867 quod
1512 1797 1757 1852 Pisanus
1804 1796 2039 1852 antistes

349 1884 674 1950 Daibertus,
729 1899 861 1941 cum
906 1884 1106 1955 aliqua
1153 1899 1273 1941 sua
1313 1883 1494 1954 plebis
1546 1883 1893 1953 frequentia,
1923 1883 2040 1952 epi-

348 1986 516 2043 scopo
550 1973 804 2043 quodam
835 1972 1024 2043 Apulo
1053 1972 1257 2028 comite
1288 1972 1737 2042 Hierosolymam
1763 1970 1883 2042 jam
1905 1984 2040 2027 cum

347 2060 700 2129 Boemundo,
722 2068 775 2116 et
812 2061 917 2116 hoc
946 2060 1070 2130 ipso
1095 2061 1240 2116 duce
1270 2067 1655 2130 pracesserat.

416 2150 607 2220 Regna
678 2147 964 2219 capessite
1026 2146 1351 2202 Balduinus
1402 2146 1627 2202 Arabes
1678 2148 1911 2203 coercet.
1970 2174 2039 2184 —

347 2236 568 2293 Primos
604 2250 740 2293 suos
776 2244 902 2307 post
950 2249 1131 2307 regna
1167 2243 1401 2305 accepta
1453 2234 1804 2306 procinctus,
1849 2242 1905 2290 et
1948 2234 2039 2288 in-

347 2331 439 2380 tra
509 2322 673 2380 sinus
768 2323 1092 2380 exercuisse
1149 2323 1486 2394 perhibetur
1566 2322 1859 2380 Arabicos.
1931 2322 2040 2379 Ubi

346 2412 487 2469 dum
515 2412 587 2468 ad
627 2412 785 2468 Sinai
828 2412 1039 2468 montis
1069 2426 1257 2482 usque
1299 2411 1522 2467 devexa
1553 2412 1899 2482 procederet,
1944 2426 2045 2482 re:

346 2500 495 2571 perit
546 2500 854 2566 incultum,
901 2507 956 2556 et
994 2499 1331 2570 IEthiopicis
1377 2499 1560 2556 simile
1610 2500 1909 2556 hominum
1942 2515 2038 2571 ge-

345 2601 477 2643 nus.
506 2585 748 2653 Quibus,
769 2601 872 2657 pro
901 2586 1114 2657 agresti
1144 2601 1257 2642 usu
1286 2600 1354 2641 ac
1382 2586 1742 2642 deformitate
1788 2586 2037 2652 insolita,

345 2674 479 2730 vita
528 2674 765 2729 indulsit
796 2688 1030 2729 munus.
1069 2672 1155 2729 Ibi
1196 2673 1255 2729 in
1298 2672 1537 2729 ecclesia
1568 2687 1700 2743 qua
1730 2673 1923 2729 Sancti
1957 2673 2042 2729 di-

345 2762 584 2819 cebatur
641 2762 833 2818 Aaron
865 2762 1073 2829 oravit,
1110 2760 1212 2818 ubi
1256 2775 1365 2818 sua
1412 2761 1565 2817 Deus
1598 2775 1737 2817 cum
1775 2761 2039 2831 patribus

344 2851 581 2909 oracula
624 2850 935 2908 celebravit
990 2858 1045 2908 et
1100 2852 1390 2907 exercitus
1436 2850 1506 2907 de
1556 2850 2038 2908 Contradictionis

345 2940 497 2997 fonte
529 2941 763 3011 potavit.
796 2940 926 3004 Ubi,
960 2940 1100 3011 quia
1137 2939 1355 3009 Moyses
1386 2939 1446 2995 in
1479 2938 1645 2995 labiis
1670 2938 2032 3006 distinxerat,

2143 564 2396 622 tentione
2453 563 2697 634 precari.
2732 564 2846 619 Nec
2903 571 3043 619 tunc
3096 572 3218 620 erat
3267 563 3602 635 importuna
3650 563 3872 619 dilatio

2143 652 2290 724 quin
2320 651 2615 708 desideriis
2635 659 2896 719 .astuata
2927 651 3142 721 petitio,
3175 652 3351 707 alacri
3392 652 3681 708 leniretur
3712 650 3874 707 elle—

2146 749 2263 796 ctu.
2319 739 2535 796 Audivi
2578 753 2612 794 a
2652 738 2930 809 personis,
2976 754 3106 809 qua
3152 739 3290 794 illuc
3360 739 3494 806 iere,
3540 738 3871 803 senilibus,

2148 834 2303 905 quod
2336 846 2591 902 papyrus
2616 831 2701 886 vel
2738 831 2986 886 lichinus
3021 832 3178 901 (nam
3196 839 3323 887 utro
3346 838 3588 886 utantur
3620 830 3874 885 utrius-

2147 938 2262 994 que
2315 936 2430 977 non
2487 921 2647 990 novi)
2709 920 2939 991 gentilis
2978 920 3147 975 semel
3200 919 3506 989 cujusdam
3557 917 3631 974 sit
3682 918 3872 973 theca

2147 1010 2434 1077 sublatus,
2480 1009 2814 1078 ferrumque
2868 1008 3144 1064 remansit
3193 1008 3393 1077 inane;
3444 1007 3564 1072 sed,
3616 1006 3872 1062 caelitus

2147 1099 2374 1156 labente
2404 1096 2703 1163 miraculo,
2746 1110 2819 1151 ex
2850 1095 3000 1152 ferro
3050 1096 3244 1152 lumen
3290 1095 3540 1151 emersit.
3572 1094 3871 1162 Dumque

2146 1186 2351 1243 fraude
2406 1186 2649 1242 virtutes
2713 1184 2873 1254 cupit
2947 1198 3226 1240 enervare
3275 1196 3573 1252 supernas,
3620 1180 3868 1245 didicit,

2152 1298 2173 1326 ι
2210 1283 2412 1333 contra
2437 1289 2603 1331 suam
2638 1274 2892 1345 ipsarum
2944 1280 3235 1339 naturam,
3286 1271 3399 1326 Deo
3452 1284 3556 1326 suo
3596 1268 3873 1325 militare

2148 1371 2408 1419 naturas.
2441 1383 2468 1412 υ

2223 1450 2388 1523 [Χίμ]
2422 1449 2502 1503 0b
2531 1451 2772 1520 peccata
2794 1446 3258 1504 Christianorum
3278 1443 3534 1517 amplius
3561 1442 3731 1499 haud
3764 1457 3874 1511 ap-

2142 1544 2332 1613 paret.
2364 1570 2435 1579 —
2473 1538 2641 1594 Anno
2664 1551 2820 1607 ergo,
2851 1551 2923 1592 ex
2954 1550 3071 1607 quo
3094 1550 3197 1592 rex
3222 1535 3492 1605 praefatus
3517 1535 3871 1601 susceperat

2147 1635 2390 1697 sceptra,
2442 1624 2726 1695 sequenti,
2780 1624 2907 1693 ejus
2980 1622 3152 1679 fuisse
3211 1622 3461 1677 traditur
3528 1616 3864 1676 difﬁcultas

2147 1722 2309 1772 tanta
2357 1712 2623 1770 miraculi
2670 1718 2731 1766 ut
2783 1710 2882 1765 vix
2928 1710 3261 1765 imminente
3328 1716 3492 1764 nocte
3552 1704 3865 1762 orantium

2150 1802 2531 1871 ﬂentiumque
2578 1798 2892 1870 potuissent
2949 1804 3085 1853 vota
3126 1797 3421 1867 compleri.
3465 1795 3662 1851 Sermo
3710 1807 3867 1864 pra-

2150 1890 2250 1947 fati
2280 1888 2542 1959 prasulis
2573 1888 2758 1944 factus
2810 1888 2883 1943 ad
2917 1886 3214 1957 populum,
3256 1887 3324 1942 de
3349 1885 3702 1943 confessione
3731 1883 3864 1939 sola

2149 1978 2332 2035 licitat
2405 1984 2790 2047 peccatorum.
2870 1976 2992 2031 Rex
3060 1983 3116 2031 et
3187 1974 3397 2045 prasul
3468 1971 3863 2029 resarciendis

2148 2066 2392 2138 pacibus
2425 2065 2661 2131 instant,
2693 2062 2741 2118 si
2774 2076 2892 2133 qua
2921 2063 3052 2119 fidei
3092 2063 3496 2133 honestatique
3542 2074 3660 2117 non
3710 2074 3863 2115 con-

2149 2160 2393 2226 gruunt,
2406 2152 2615 2223 corrigi
2634 2152 3067 2221 promittuntur.
3084 2152 3327 2219 Interea,
3343 2156 3584 2222 urgente
3596 2148 3856 2219 negotio,

2152 2250 2267 2299 tam
2316 2240 2644 2295 enormium
2685 2238 2996 2295 criminum
3048 2238 3127 2294 ibi
3166 2253 3233 2294 eo
3268 2237 3359 2294 die
3406 2244 3492 2293 est
3522 2236 3673 2292 facta
3704 2250 3858 2291 con—

2148 2328 2332 2392 fessio,
2370 2334 2433 2384 ut
2467 2326 2575 2382 nisi
2610 2325 2905 2395 panitudo
2962 2326 3309 2392 succederet,
3344 2324 3517 2395 digne
3550 2322 3674 2378 fieri
3692 2322 3857 2379 vide-

2149 2425 2311 2473 retur
2332 2414 2585 2483 luminis,
2618 2414 2820 2482 sancti,
2847 2414 3041 2470 ablata
3056 2414 3346 2479 dilatione,
3370 2410 3635 2468 sublatio.
3670 2410 3860 2481 Cujus

2149 2514 2341 2563 tamen
2373 2504 2545 2560 etiam
2602 2510 2761 2569 tunc,
2803 2512 2926 2572 post
2964 2502 3401 2572 correptionem,
3443 2517 3557 2559 non
3597 2514 3858 2557 remora-

2150 2603 2247 2653 tur
2277 2591 2557 2650 accensio.
2616 2596 2684 2647 At
2727 2590 2906 2647 altero
2955 2592 3191 2662 posthac
3236 2604 3412 2657 anno,
3465 2589 3564 2646 ubi
3608 2587 3681 2643 ad
3716 2600 3855 2642 eam

2147 2694 2389 2743 ventum
2415 2691 2501 2740 est
2531 2684 2731 2739 horam
2759 2696 2880 2752 qua
2899 2682 3228 2752 sepulcrum
3274 2679 3588 2751 gloriosum
3611 2676 3853 2732 ﬂamma

2149 2773 2394 2830 calestis
2422 2771 2692 2836 efﬁceret,
2750 2770 3157 2826 universorum
3204 2768 3433 2839 penitus
3479 2773 3615 2821 vota
3657 2761 3849 2832 suspi-

2149 2863 2330 2929 ciunt,
2372 2861 2584 2917 Gracis
2642 2859 2821 2930 igitur
2866 2872 2935 2914 ac
2976 2857 3150 2928 Syris,
3201 2854 3491 2913 Armeniis
3534 2852 3746 2923 pariter
3775 2862 3851 2903 ac

2148 2951 2388 3016 Latinis,
2423 2949 2758 3020 quibusque
2785 2960 2886 3016 per
2913 2959 3153 3002 suarum
3185 2944 3521 3015 linguarum
3544 2940 3846 3004 idiomata,

343 3046 450 3087 nec
479 3032 657 3087 Deum
683 3044 875 3087 coram
922 3030 1055 3086 filiis
1083 3028 1258 3085 Israel
1290 3028 1767 3095 sanctificaverat,
1821 3041 1855 3082 a
1886 3036 2038 3083 terra
2077 3046 2118 3103 ο
2149 3043 2330 3097 Deum
2381 3053 2449 3094 ac
2493 3037 2620 3106 ejus
2646 3034 3096 3091 convocantibus
3144 3041 3400 3098 sanctos;
3458 3045 3611 3102 rege,
3658 3040 3850 3098 proce-

342 3131 475 3173 eum
508 3117 660 3174 Deus
686 3116 1077 3188 promissionis
1130 3117 1412 3173 absentat.
1448 3116 1519 3172 Et
1563 3115 1688 3172 istic
1720 3115 2034 3186 presbyteri

342 3197 658 3264 illius'mei
700 3206 968 3263 titubavit
1029 3206 1260 3277 opinio,;
1311 3219 1430 3261 non
1494 3203 1649 3260 enim
1702 3204 1881 3271 Sinai,
1938 3204 2036 3260 sed

342 3308 505 3350 mons
545 3293 623 3350 0r
651 3293 1011 3365 dignoscitur
1040 3307 1183 3360 esse,
1227 3293 1406 3348 Petra
1445 3291 1741 3361 quondam
1774 3290 2033 3346 Arabum

341 3381 733 3439 conterminus
768 3380 921 3448 urbi,
965 3380 1066 3436 ubi
1100 3387 1156 3436 et
1185 3380 1380 3435 Aaron
1434 3378 1724 3435 hominem
1772 3376 1955 3445 exuit,
1981 3385 2037 3433 et

341 3484 497 3542 aqua
516 3470 585 3526 de
607 3470 810 3526 intimo
840 3482 1128 3539 percussa
1160 3467 1324 3537 rupis
1350 3467 1609 3536 emergit.

412 3557 728 3631 [XXXIX]
747 3562 893 3630 Juge
921 3555 1271 3611 miraculum
1290 3553 1704 3626 Hierosolymis
1728 3553 1798 3608 de
1818 3552 2038 3608 lumine

338 3645 613 3702 divinitus
641 3662 897 3701 accenso.
945 3676 1014 3686 —
1044 3646 1110 3701 In
1147 3645 1246 3701 illa
1273 3651 1473 3701 sancta
1499 3643 2027 3713 Hierosolymorum

341 3735 571 3791 civitate
598 3743 763 3792 vetus
784 3737 1076 3807 quoddam
1106 3738 1455 3795 miraculum
1499 3737 1851 3806 inoleverat;
1879 3737 2033 3807 quod

340 3831 509 3880 vetus
542 3823 755 3881 idcirco
793 3824 1041 3881 dixerim
1073 3826 1213 3897 quia
1257 3840 1331 3882 ex
1354 3841 1471 3897 quo
1513 3825 1663 3882 idem
1697 3826 1817 3881 ﬁeri
1848 3841 2033 3895 cape-

341 3911 437 3977 rit,
486 3911 641 3968 orbis
692 3911 809 3969 fere
853 3913 1087 3970 Latinus
1130 3915 1374 3985 ignorat.
1423 3914 1498 3969 At
1531 3928 1635 3969 nos
1680 3913 2033 3984 conjicienda

341 4001 745 4073 perpendimus
764 4003 923 4073 quia,
958 4010 1260 4073 postquam
1292 4002 1503 4059 calcari
1523 4010 1657 4059 ante
1681 4002 1806 4058 hac
1840 4011 2035 4059 nostra

340 4098 600 4160 tempora
647 4090 817 4159 capit
856 4104 891 4145 a
929 4091 1219 4161 gentibus,
1281 4090 1336 4146 id
1373 4104 1474 4160 pro
1520 4104 1758 4146 suorum
1801 4090 1905 4160 qui
1954 4090 2032 4146 ibi

340 4178 644 4249 degebant,
695 4191 795 4248 per
837 4178 968 4235 idve
1030 4178 1301 4248 temporis
1342 4179 1777 4247 conveniebant,
1821 4194 2035 4236 annue-

340 4270 416 4324 rit
447 4268 752 4338 Dominus;
783 4268 939 4339 quod
986 4269 1249 4325 videlicet
1305 4270 1362 4325 in
1424 4270 1543 4340 ipso
1592 4271 1848 4341 paschali
1888 4270 2029 4327 Sab-

341 4358 493 4425 bato,
521 4356 773 4427 sepulcri
827 4357 1050 4428 lampas
1091 4358 1371 4415 Dominici
1420 4359 1687 4415 videatur
1718 4359 2033 4430 quotannis

341 4458 580 4502 accensa
635 4444 935 4501 divinitus.
978 4445 1119 4501 Erat
1147 4452 1339 4502 autem
1372 4446 1427 4502 id
1458 4447 1635 4503 moris
1666 4446 1726 4502 in
1774 4445 1919 4502 urbe
1946 4454 2030 4512 ut,

340 4531 658 4588 circumitis
688 4532 898 4604 pagani
940 4534 1344 4590 universorum
1372 4534 1615 4600 adibus,
1666 4532 2032 4606 singularum

340 4622 494 4678 focos
540 4634 727 4691 usque
776 4620 848 4677 ad
903 4621 1129 4678 favillas
1174 4622 1636 4693 exstinguerent,
1668 4630 1723 4678 et
1769 4630 1931 4679 tanta
1978 4622 2031 4677 id

339 4708 513 4765 ﬁebat
536 4708 610 4764 ab
633 4708 877 4765 ethnicis
916 4709 1207 4781 indagine,
1241 4718 1531 4781 quantum
1568 4709 1817 4780 idipsum
1857 4717 2033 4780 puta-

340 4796 514 4852 batur
546 4796 666 4853 fieri
706 4796 960 4854 fidelium
1002 4796 1228 4862 fraude,
1258 4810 1374 4852 non
1416 4795 1544 4851 tlde.
1577 4796 1721 4853 Cum
1759 4810 1899 4869 ergo
1929 4797 2036 4853 hoc

339 4884 508 4941 modo
551 4884 850 4942 Vulcanus
905 4884 1309 4941 eliminaretur
1354 4883 1427 4940 ab
1484 4884 1713 4954 Oppido,
1764 4898 1834 4940 ea
1892 4886 2036 4942 hora

341 4987 461 5044 qua
493 4980 705 5029 nostra
733 4973 1028 5045 religionis
1069 4972 1414 5043 obsequium
1446 4971 1669 5041 plebem
1698 4971 2037 5029 catholicam

342 5060 584 5117 solemni
629 5061 1064 5118 resurrectionis
1104 5068 1282 5131 atque
1318 5059 1729 5129 baptismatum
1763 5060 2036 5116 interesse

343 5147 583 5204 mandat
609 5147 815 5216 ofﬁcio,
843 5148 1087 5205 vidisses
1115 5161 1216 5218 per
1256 5147 1589 5204 universam
1615 5147 1856 5219 gentiles
1882 5160 2040 5202 exer-

344 5237 417 5293 tis
446 5236 824 5293 mucronibus
856 5237 1127 5293 oberrare
1165 5236 1483 5304 basilicam,
1525 5243 1888 5306 mortemque
1926 5250 2035 5292 nov

344 5333 596 5384 strorum
643 5326 976 5398 quibusque
1008 5326 1247 5395 minari;
1298 5339 1559 5383 cerneres
1600 5325 1726 5381 fidei
1769 5333 1979 5381 nostra
2006 5339 2039 5381 e

347 5414 581 5485 regione
625 5414 871 5471 cultores
918 5413 1236 5485 indigenas,
1267 5413 1429 5484 gravi
1477 5428 1650 5484 penes
1693 5415 1875 5471 Deum
1905 5428 2041 5469 ma-

348 5514 479 5558 rore
503 5502 781 5571 torqueri,
808 5516 904 5558 eos
949 5514 1084 5557 vero
1129 5501 1208 5556 nil
1260 5500 1473 5567 minus,
1523 5515 1671 5571 quos
1720 5501 1789 5557 de
1833 5498 2042 5556 abditis

351 5590 553 5648 mundi
599 5589 815 5648 finibus
866 5588 1144 5647 orationis
1187 5597 1321 5644 vota
1362 5588 1458 5646 illo
1503 5595 1915 5645 contraxerant
1952 5586 2041 5644 vel

2143 3130 2327 3196 ribus,
2381 3134 2437 3183 et
2486 3123 2719 3195 p0pulo,
2777 3122 3115 3192 poenitentia
3137 3121 3519 3190 cordiumque
3550 3116 3848 3189 rugitibus

2144 3213 2629 3288 prosequentibus
2658 3212 2872 3281 cleros;
2923 3212 3131 3267 misero
3184 3224 3381 3266 omnes
3428 3205 3844 3265 exulceraban-

2143 3313 2241 3362 tur
2269 3302 2499 3368 affectu,
2524 3300 2681 3371 quod
2722 3314 2791 3356 ea
2814 3300 2957 3356 urbe
2981 3299 3103 3369 jam
3145 3312 3180 3353 a
3206 3295 3546 3355 Christianis
3588 3294 3842 3360 obtenta,

2142 3393 2283 3449 inibi
2336 3388 2752 3460 contingebant
2807 3402 2939 3458 qua
2987 3400 3292 3457 nunquam
3323 3384 3580 3441 evenisse
3608 3382 3716 3439 sub
3747 3394 3847 3452 pa—

2144 3480 2312 3554 ganis
2341 3478 2663 3535 audierant.
3608 3506 3613 3511 .

2216 3566 2450 3624 Interim
2525 3562 2867 3620 Fulcherius
2930 3561 3315 3626 Carnotensis,
3386 3565 3679 3628 assumpto
3726 3555 3841 3612 sibi

2142 3653 2488 3726 patriarcha
2530 3650 2782 3707 Daiberti
2815 3650 3128 3720 capellano,
3161 3649 3220 3704 in
3252 3655 3504 3705 montem
3538 3643 3842 3716 proficisci-

2140 3749 2239 3798 tur
2268 3739 2515 3799 Oliveti?
2574 3740 2657 3795 lbi
2714 3738 2870 3794 enim
2919 3737 3171 3793 suboriri
3202 3736 3300 3792 Dei
3332 3735 3568 3791 lucerna
3599 3731 3829 3798 solebat,

2141 3831 2187 3887 si
2219 3829 2455 3901 quando
2493 3826 2903 3896 Hierosolymis
2935 3840 3050 3881 non
3078 3825 3296 3881 aderat.
3335 3822 3439 3880 Sed
3480 3819 3736 3885 reversis,
3758 3822 3833 3874 "et

2140 3919 2222 3976 nil
2276 3925 2508 3989 gratum
2557 3915 2629 3970 ad
2703 3912 3085 3984 prastolantis
3146 3910 3397 3966 ecclesia
3459 3904 3830 3963 referentibus

2139 4020 2331 4072 aures,
2372 4002 2660 4059 orationes
2688 4016 2723 4057 a
2753 4001 2996 4057 diversis
3040 3999 3414 4071 geminantur
3429 3997 3499 4053 ad
3531 3994 3819 4067 populum,

2140 4109 2256 4152 non
2306 4101 2497 4148 tamen
2534 4105 2666 4160 qua
2711 4102 2899 4160 agros
2944 4088 3193 4152 foveant,
3247 4086 3343 4142 sed
3387 4084 3684 4140 incentiva
3728 4080 3822 4137 lu-

2140 4182 2422 4255 gentium.
2447 4180 2532 4234 Ea
2559 4178 2701 4244 dies,
2749 4191 2810 4233 re
2840 4176 3070 4244 infecta,
3102 4175 3403 4232 universos
3446 4175 3504 4230 in
3536 4186 3642 4229 sua
3676 4178 3823 4227 recta

2140 4268 2387 4335 remisit;
2422 4280 2539 4321 nox
2572 4265 2803 4337 gemina
2834 4262 3029 4332 irruit,
3065 4263 3332 4333 acrisque
3370 4260 3635 4318 maestitia
3667 4272 3825 4330 gene-

2142 4359 2337 4415 raliter
2359 4355 2621 4412 omnium
2652 4361 2883 4425 pectora
2914 4352 3095 4409 torsit.
3140 4353 3204 4406 In
3235 4350 3486 4408 crastino
3518 4348 3826 4405 deliberant

2144 4455 2209 4503 ut
2259 4445 2328 4501 ad
2358 4442 2636 4512 templum
2674 4455 2858 4512 usque
2906 4440 3158 4508 Domini,
3186 4440 3375 4496 debito
3420 4453 3553 4496 cum
3594 4450 3825 4493 marore

2144 4534 2469 4606 procedant.
2516 4531 2729 4599 lerant,
2778 4530 2973 4602 gaudii
3024 4543 3261 4600 prorsus
3308 4526 3600 4583 Paschalis
3642 4526 3830 4581 imme-

2142 4637 2350 4685 mores.
2384 4622 2525 4678 dum
2580 4620 2779 4677 nullus
2819 4619 3022 4676 habitu
3061 4617 3317 4676 differta
3357 4615 3447 4672 die
3474 4617 3821 4681 Parasceves,

2142 4726 2274 4768 cum
2320 4724 2449 4767 ecce
2491 4710 2563 4765 ab
2611 4708 2841 4766 adituis
2881 4708 3130 4765 ecclesia
3182 4712 3307 4776 post
3350 4704 3619 4760 euntium
3676 4708 3826 4772 terga

2142 4801 2469 4858 concinitur
2499 4799 2640 4870 quia
2669 4798 2822 4855 sacri
2851 4795 3212 4853 monumenti
3230 4794 3453 4862 lampas
3480 4789 3819 4847 accenditur.

2142 4887 2288 4952 Quid
2322 4891 2466 4941 45!
2534 4883 2842 4941 immorer?
2874 4883 3054 4938 Tanto
3070 4896 3137 4937 eo
3166 4880 3256 4936 die
3278 4879 3484 4951 gratia,
3516 4884 3682 4934 aucto
3710 4890 3823 4933 sua

2143 4976 2422 5033 ubertatis
2462 4989 2537 5030 ex
2569 4973 2841 5030 dilatione
2883 4984 3176 5038 successu,
3205 4969 3461 5036 emicuit,
3498 4976 3563 5024 ut
3594 4966 3688 5024 illa
3729 4967 3820 5023 Dei

2144 5064 2378 5121 claritas
2398 5077 2512 5118 non
2540 5061 2778 5131 quidem
2805 5059 2998 5126 simul,
3031 5059 3126 5115 sed
3151 5058 3422 5125 vicissim,
3464 5057 3615 5112 intra
3643 5055 3825 5124 sepul-

2143 5151 2228 5207 cri
2265 5150 2582 5212 ecclesiam,
2622 5147 2913 5217 lampades
2945 5146 3122 5202 ferme
3170 5146 3601 5217 quinquaginta
3646 5144 3826 5214 tetige-

2145 5238 2240 5294 rit.
2283 5237 2417 5292 Hac
2454 5249 2567 5291 non
2610 5235 2779 5291 modo
2810 5234 2958 5290 inter
2997 5247 3162 5291 sacra
3200 5234 3488 5304 contigere
3547 5232 3821 5301 mysteria,

2147 5338 2353 5380 verum
2383 5336 2517 5378 cum
2566 5322 2811 5392 peractis
2840 5322 3045 5380 ofﬁciis
3092 5336 3197 5378 rex
3246 5322 3550 5391 pranderet
3596 5321 3651 5375 in
3678 5320 3819 5389 aula,

2144 5411 2373 5481 cogitur
2394 5410 2798 5480 frequentibus
2827 5411 3051 5469 nuntiis
3073 5411 3143 5466 ad
3171 5424 3323 5466 nova
3350 5409 3601 5466 videnda
3618 5408 3821 5466 lumina

2148 5498 2358 5568 rejecta
2407 5513 2753 5569 consurgere
2795 5513 3011 5555 mensa.
3064 5498 3181 5554 Dici
3231 5512 3347 5552 non
3396 5504 3575 5568 potest
3624 5497 3821 5567 quibus

2149 5585 2513 5643 convaluerit
2563 5600 2773 5643 maror
2827 5586 2920 5644 ille
2955 5585 3195 5655 solatiis,
3248 5599 3380 5643 cum
3415 5600 3483 5642 eo
3516 5585 3627 5653 die,
3680 5588 3820 5657 quod
