3934 6416
73 361 192 414 829

1167 354 1385 411 GESTA
1424 356 1546 412 DEI
1587 355 1726 412 PER
1770 352 2102 410 FRANCOS.
2137 383 2196 394 —-
2229 353 2364 410 LIB.
2401 355 2550 410 VIII.

3497 359 3605 411 830

69 504 405 561 nunquam
460 493 920 559 prmsumpserat,
971 487 1124 543 intra
1160 487 1419 543 eamdem
1459 487 1682 552 urbem,
1733 487 1791 542 in
1829 489 1880 544 A
1909 487 2042 541 nisu
2069 484 2296 541 virtutis
2321 485 2548 555 irrupit,
2593 493 2659 541 ut
2689 484 2900 556 pectori
2945 485 3128 555 ipsius
3178 485 3289 542 telo
3335 493 3606 556 transpo-

71 579 308 650 templo
369 577 616 645 Domini,
666 575 928 632 coronari
975 590 1078 632 rex
1133 575 1254 648 ipse
1301 577 1668 642 consenserit,
1728 576 1800 631 ob

74 667 274 735 hujus
307 666 563 721 favorem
597 664 869 720 muneris.

155 755 362 827 [ΚΕΗ
395 753 615 809 Franci
649 752 906 824 patriam
937 755 1257 823 repetentes
1302 769 1339 804 a
1395 751 1594 806 Turcis
1619 751 1802 806 truci-

70 844 330 899 dantur.
389 873 433 882 -
474 843 659 913 Igitur
711 841 936 907 Franci,
979 841 1080 910 qui
1115 854 1338 896 sacram
1383 840 1504 896 suis
1550 842 1799 897 redeme-

73 941 224 988 rant
280 933 593 989 cruoribus
642 931 864 997 urbem,
915 944 1046 986 cum
1079 929 1150 983 ad
1186 928 1352 983 dulce
1378 929 1584 993 solum,
1619 929 1801 984 visuri

77 1027 380 1089 parentes,
419 1019 564 1074 filios
595 1032 662 1072 ac
711 1031 940 1084 uxores,
993 1016 1177 1071 redire
1209 1017 1500 1086 gestirent,
1533 1030 1652 1086 qua
1700 1031 1803 1072 ve-

78 1117 325 1172 nerant,
353 1122 453 1178 per
482 1107 901 1162 mediterranea
926 1105 1156 1171 scilicet,
1184 1105 1268 1159 fisi
1299 1105 1535 1160 forsitan
1563 1119 1803 1160 numero

77 1209 151 1251 ac
195 1196 467 1262 audacia,
500 1195 773 1264 repedare
802 1193 1139 1249 deliberant.
1176 1192 1439 1262 Cumque
1471 1207 1570 1262 per
1600 1193 1803 1248 Nicaeae

80 1298 277 1354 quam
315 1283 533 1352 pridem
573 1289 862 1351 creperant
893 1281 1032 1337 fines
1063 1281 1429 1351 prretergredi
1480 1281 1654 1336 libere
1705 1295 1805 1335 co—

86 1373 309 1443 gitant,
348 1371 541 1437 Turci,
579 1385 726 1441 quos
783 1370 928 1426 urbe
961 1369 1179 1425 reddita
1231 1369 1371 1424 inibi
1405 1368 1801 1438 praediximus,

86 1457 453 1528 objiciendos
482 1457 794 1527 aliquando
823 1458 1073 1523 Francis,
1116 1456 1188 1511 ab
1239 1456 1578 1526 imperatore
1634 1470 1804 1525 repo-

89 1548 257 1615 sitos,
317 1547 517 1602 obvios
569 1547 649 1602 eis
699 1546 816 1601 acri
860 1559 1037 1601 manu
1084 1559 1142 1601 se
1173 1545 1468 1611 exhibent,
1509 1552 1565 1600 et
1599 1552 1659 1600 ut
1686 1559 1805 1614 pre-

89 1637 296 1705 sbyter
325 1635 417 1690 ille
453 1649 634 1696 meus.
665 1634 777 1688 nisi
811 1633 972 1697 falso,
1008 1633 1238 1700 fatetur,
1287 1633 1525 1687 immani
1573 1640 1802 1687 centum

93 1724 283 1779 millia
313 1723 722 1794 digladiatione
756 1721 1067 1778 trucidant.
1127 1721 1232 1776 Sed
1265 1721 1322 1776 in
1378 1722 1522 1776 tanti
1564 1734 1805 1790 expres-

92 1813 262 1868 sione
309 1810 536 1867 numeri
608 1825 810 1866 vereor
865 1811 1057 1866 virum
1107 1809 1247 1877 falli,
1299 1809 1440 1880 quia
1480 1823 1615 1864 eum
1661 1809 1805 1864 alias
1842 1788 1886 1842 Β

90 1900 271 1955 etiam
323 1913 492 1968 aequo
547 1898 954 1968 promptiorem
1014 1897 1071 1952 in
1126 1898 1643 1967 supputationibus
1671 1911 1804 1952 con-

93 1992 210 2040 stat
281 1984 505 2053 haberi,
563 1985 721 2040 verbi
789 1985 998 2056 gratia,
1049 1999 1144 2041 eos
1191 1985 1294 2056 qui
1356 1985 1806 2056 Hierosolymam

95 2073 336 2143 profecti
397 2081 552 2141 sunt,
604 2073 864 2144 sexagies
919 2083 1160 2130 centena
1227 2074 1406 2129 millia
1459 2074 1631 2130 audet
1691 2075 1807 2144 ipse

97 2170 322 2217 taxare.
359 2161 464 2217 Cui
494 2162 853 2219 sufficientize
913 2165 1089 2218 miror
1113 2164 1161 2218 si
1193 2163 1453 2219 omnium
1490 2162 1808 2232 Cisalpina-

97 2263 232 2305 rum
265 2250 540 2319 partium,
575 2250 686 2304 imo
723 2250 894 2306 totius
947 2251 1264 2306 Occidentis
1297 2265 1474 2321 regna
1530 2251 1808 2315 valerent,

99 2353 235 2395 cum
301 2338 551 2394 sciamus
605 2338 840 2395 indubie
874 2339 1027 2410 quod
1085 2339 1141 2394 in
1177 2339 1360 2409 primo
1392 2354 1492 2410 pro
1525 2339 1810 2395 moenibus

102 2427 310 2483 Nicaeze
366 2442 696 2499 congressu,
755 2431 852 2485 vix
900 2439 1194 2499 equestres
1223 2430 1444 2501 integre
1500 2436 1811 2499 apparatus

104 2517 447 2573 habentium
475 2525 706 2573 centum
763 2519 941 2575 millia
974 2519 1145 2574 fuisse
1193 2519 1517 2574 tradantur.
1555 2519 1625 2573 Et
1657 2518 1703 2573 si
1743 2518 1812 2572 de

106 2605 218 2660 illis
253 2605 425 2674 plane
483 2614 636 2675 agat,
693 2621 905 2676 eosque
947 2608 1055 2662 sub
1105 2607 1213 2661 hac
1262 2605 1404 2661 forte
1458 2612 1810 2678 percenseat,

107 2692 208 2762 qui
262 2700 484 2746 motum
541 2693 774 2762 quidem
805 2695 982 2750 eundi
1014 2694 1269 2762 fecerint,
1301 2694 1396 2750 sed
1432 2708 1534 2764 per
1559 2693 1814 2748 diversas

108 2793 585 2850 quaquaversum
622 2783 965 2851 provincias,
1003 2791 1154 2838 terra
1181 2790 1236 2838 et
1286 2782 1452 2849 mari,
1496 2782 1693 2837 morbo
1725 2781 1811 2836 fa-

109 2883 339 2939 meque,
380 2867 708 2932 defecerint,
751 2884 856 2924 nec
897 2871 977 2924 sic
1005 2869 1256 2939 profecto
1308 2877 1478 2924 tantae
1513 2869 1813 2924 hominum

109 2955 384 3012 infinitati
413 2955 746 3025 supplenda:
777 2957 1123 3013 suffecerint.
1171 2959 1406 3013 Francis
1435 2973 1589 3028 ergo,
1626 2965 1689 3012 ut
1721 2956 1814 3010 di—

110 3055 267 3102 ctum
330 3051 432 3109 est,
478 3045 639 3100 ferali
690 3047 841 3101 cmde
874 3046 1192 3116 prostratis,
1229 3047 1488 3117 plerique
1535 3045 1812 3114 supersti-

111 3141 252 3200 tum,
289 3132 466 3188 rebus
495 3134 811 3190 Jerusalem
865 3143 1241 3191 revertuntur
1296 3135 1537 3190 amissis.
1590 3133 1812 3200 Quibus

111 3221 545 3279 liberalissimus
600 3237 702 3279 rex
758 3232 812 3279 et
868 3223 1034 3280 valde
1083 3224 1394 3290 condoluit,
1428 3231 1482 3279 et
1537 3221 1812 3278 beneficia

113 3310 365 3380 plurima
423 3312 684 3379 contulit,
727 3319 782 3367 et
806 3312 1055 3367 reditum
1088 3312 1158 3367 ad
1183 3312 1425 3381 patriam
1459 3309 1646 3381 pelagi
1675 3324 1812 3365 eve-

103 3401 297 3455 .ctione
329 3400 526 3455 suasit.

775 3487 1008 3545 CAPUT
1046 3487 1170 3546 XII.

181 3574 404 3646 [XLIL]
444 3574 616 3630 Τυνσί
637 3575 1006 3632 ἁθὸεἰιαηιυν
1031 3577 1104 3630 ab
1132 3575 1628 3645 Jerosolymorum
1658 3591 1806 3644 rege.

180 3669 254 3719 At
295 3665 674 3733 Babylonicus
704 3666 985 3735 princeps,
1017 3679 1132 3722 non
1164 3673 1280 3721 tam
1326 3664 1395 3719 de
1428 3663 1811 3733 Jerosolymo-

120 3767 245 3810 rum
278 3754 600 3822 amissione,
643 3769 818 3825 quam
859 3755 928 3811 de
970 3756 1320 3812 Francorum
1351 3753 1454 3825 qui
1487 3753 1626 3808 inibi
1657 3754 1811 3809 dese-

120 3841 317 3897 derant
386 3842 759 3914 contiguitate
813 3843 1123 3911 confectus,
1183 3843 1400 3898 crebris
1473 3842 1814 3912 aggreditur

121 3929 576 4000 expeditionibus
604 3945 795 4002 regem
828 3932 1057 4002 pulsare
1086 3945 1322 3997 novum,
1354 3938 1408 3986 et
1459 3944 1555 4000 per
1584 3931 1812 3986 Accha—

124 4031 215 4074 ron
278 4019 523 4074 civitatis
573 4029 799 4090 portum
841 4021 1282 4091 frequentiorem
1333 4019 1678 4076 moliebatur
1716 4019 1812 4074 in-

124 4121 370 4164 cursum.
421 4110 720 4165 Accharon
785 4117 975 4166 autem
1035 4109 1316 4165 Robertus
1380 4108 1807 4163 Northmanno-

125 4209 248 4253 rum
303 4212 489 4253 comes
526 4199 844 4267 obsederat,
878 4199 1017 4253 dum
1070 4198 1434 4267 Jerosolymaa
1483 4197 1810 4252 obsidenda

129 4283 340 4340 Domini
385 4285 672 4342 exercitus
729 4289 1028 4356 properat;
1087 4285 1182 4341 sed
1214 4285 1336 4341 dux
1383 4299 1514 4340 eum
1547 4284 1811 4340 Godefri—

1907 574 2015 629 sito
2061 574 2339 629 vexillum
2425 575 2581 644 quod
2668 575 2774 630 telo
2837 575 3020 630 inerat
3078 575 3293 644 pariter
3348 574 3602 643 inferret,

1905 673 2290 733 exemptaque
2341 663 2505 718 hasta
2561 678 2595 718 a
2633 665 2872 720 vulnere
2905 663 3184 719 vexillum
3226 671 3517 719 teneretur
3548 665 3604 719 in

1909 760 2150 821 pectore.
2230 752 2354 818 Qua
2428 753 2515 808 sui
2592 767 2951 823 suorumque
3005 753 3365 807 animositate
3423 753 3606 808 hostes

1910 841 2204 896 conterriti
2239 842 2420 911 primo
2477 849 2799 911 cesserunt;
2834 842 2928 897 sed
2980 855 3082 912 pro
3122 854 3362 896 numero
3417 855 3484 896 ac
3514 841 3605 894 vi-

1908 929 2089 993 ribus,
2139 929 2414 984 redeunte
2467 930 2603 999 ipsis
2660 931 2922 996 audacia,
2986 929 3197 984 nostris
3259 928 3608 985 unanimiter

1911 1016 2217 1087 ingruunt,
2247 1026 2303 1073 et
2332 1019 2400 1073 de
2424 1018 2563 1088 fuga
2594 1019 2846 1089 cogitare
2876 1017 3245 1086 compellunt.

1982 1107 2098 1160 Hoc
2140 1106 2247 1162 sibi
2297 1106 2598 1162 infortunii
2642 1106 2911 1161 accidisse
2959 1106 3029 1159 ad
3063 1105 3116 1159 id
3167 1119 3281 1159 non
3311 1105 3435 1159 sine
3464 1118 3606 1174 pru-

1910 1193 2103 1248 dentia
2133 1193 2394 1259 retulere,
2443 1195 2598 1264 quod
2643 1207 3015 1264 nequaquam
3076 1192 3212 1247 huic
3247 1199 3399 1246 tanto
3428 1205 3608 1261 nego-

1913 1281 1988 1336 tio
2050 1290 2255 1350 prmsto
2314 1297 2542 1338 crucem
2611 1284 2966 1338 Dominicam
3037 1283 3308 1338 habuere.
3370 1281 3606 1337 Crucem

1911 1378 2104 1426 autem
2160 1370 2363 1440 ipsam,
2426 1380 2490 1427 ut
2554 1371 2767 1437 ferunt,
2816 1387 2950 1428 cum
3005 1371 3218 1427 abditis
3259 1369 3608 1438 quibusdam

1911 1458 2132 1526 lateret,
2197 1459 2277 1513 uti
2327 1459 2545 1528 pridem
2610 1459 2826 1526 lancea,
2895 1459 3052 1526 locis,
3126 1458 3270 1527 Syro
3335 1455 3607 1526 quodam,

1913 1547 2123 1611 nescio,
2181 1561 2256 1602 an
2310 1548 2602 1615 Armenio,
2656 1548 2843 1605 indice
2893 1553 3247 1618 repererunt.
3305 1543 3424 1599 Tali
3475 1556 3610 1612 ergo

1912 1639 2302 1710 castigatiores
2354 1639 2557 1707 effecti,
2605 1655 2719 1695 non
2763 1649 2877 1696 tam
2926 1643 3136 1696 damno
3179 1651 3356 1708 quam
3415 1642 3612 1703 coeptae

1914 1729 2168 1784 victoriae
2212 1743 2396 1797 naevo,
2457 1745 2590 1786 cum
2641 1729 2971 1799 Babylonici
3003 1727 3279 1798 principis
3326 1724 3612 1796 prioribus

1915 1831 2029 1871 non
2085 1817 2329 1886 impares
2377 1817 2552 1886 copiae
2602 1833 2724 1874 sese
2773 1819 2938 1874 tertio
2981 1816 3340 1882 obtulissent,
3375 1828 3476 1869 rex
3505 1825 3613 1881 op-

1917 1903 2112 1970 timus,
2147 1918 2265 1973 qua
2314 1904 2496 1960 valuit
2549 1906 2891 1975 frequentia,
2942 1906 3037 1962 sed
3067 1920 3139 1962 ex
3197 1907 3305 1959 Deo
3337 1901 3609 1966 securior,

1914 1989 2186 2058 occurrit,
2245 1998 2301 2046 et
2359 2006 2462 2061 pro
2523 1993 2794 2049 facultate
2853 1993 3048 2049 locatis
3097 1991 3399 2049 ordinibus
3454 1995 3615 2044 tanta

1917 2080 2242 2138 animorum
2304 2082 2662 2138 vehementia
2717 2081 2850 2138 hinc
2907 2081 3155 2151 indeque
3228 2075 3612 2138 concurritur,

1918 2177 2100 2238 tanto,
2143 2170 2272 2226 licet
2336 2171 2502 2227 valde
2555 2171 2786 2241 impari,
2833 2169 3131 2226 carnificio
3183 2181 3316 2237 pars
3365 2171 3613 2230 utraque

1918 2261 2258 2328 conciditur,
2292 2269 2356 2317 ut
2384 2276 2457 2317 ex
2489 2262 2684 2332 gentili
2717 2262 2949 2331 agmine
2979 2275 3078 2316 sex
3105 2258 3302 2323 millia,
3331 2269 3402 2310 ex
3433 2253 3611 2307 Fran-

1918 2347 2000 2403 cis
2027 2355 2258 2402 centum
2292 2347 2497 2402 milites
2529 2355 2959 2403 --sternerentur.
3000 2347 3070 2401 Et
3100 2345 3242 2416 quia
3270 2356 3383 2398 non
3439 2337 3614 2408 aqui-

1921 2434 2132 2501 larum,
2175 2448 2288 2488 non
2348 2433 2665 2489 draconum
2714 2433 2978 2504 insigniri
3036 2430 3321 2501 superbiis
3371 2438 3616 2482 curave-

1922 2529 2080 2588 runt,
2131 2521 2227 2576 sed
2286 2521 2522 2577 humilis
2573 2521 2849 2578 Crucifixi
2897 2520 3292 2590 opprobrium,
3344 2515 3452 2571 sibi
3491 2527 3618 2567 cru-

1922 2626 2040 2666 cem
2109 2611 2370 2666 videlicet
2456 2610 2834 2680 praetulerunt
2901 2610 3144 2664 victores
3203 2606 3350 2660 illico
3413 2601 3619 2657 lauda—

1921 2702 2138 2757 tissime
2165 2701 2489 2766 existentes,
2519 2709 2678 2770 terga
2701 2715 2795 2754 eos
2832 2699 3038 2754 dedere
3065 2696 3492 2766 compulerunt.

2000 2787 2249 2861 [XLIIL]
2285 2787 2500 2844 Franci
2531 2789 2846 2844 Carm-eam
2872 2785 3128 2840 obsident
3173 2799 3244 2838 ac
3271 2779 3622 2852 expugnant.

1923 2907 1992 2918 —
2030 2878 2129 2934 His
2160 2877 2232 2932 ita
2267 2877 2463 2947 probe,
2499 2884 2562 2932 ut
2589 2876 2844 2939 decebat,
2876 2874 3146 2943 explosis,
3174 2887 3204 2927 e
3233 2868 3473 2939 vestigio
3509 2879 3626 2936 quo

1924 2965 2374 3021 numerosiorem
2434 2963 2614 3032 potuit
2668 2961 2879 3018 confiat
2932 2960 3272 3024 exercitum,
3327 2965 3381 3012 et
3439 2957 3625 3011 Cresa-

1925 3067 2079 3109 ream
2112 3052 2543 3108 Palaestinorum
2573 3051 2868 3112 eximiam,
2902 3064 3017 3104 non
3048 3047 3310 3104 contuitu
3338 3043 3621 3108 millium,

1923 3143 2017 3198 sed
2046 3156 2144 3211 spe
2181 3141 2370 3211 potius
2399 3140 2612 3195 virium
2646 3139 2942 3194 obsidione
2965 3135 3295 3206 lpréecingit.
3330 3132 3622 3188 Accelera-

1923 3239 2022 3287 tur
2053 3230 2247 3300 itaque
2291 3229 2507 3285 fabrica
2563 3227 2988 3293 machinarum,
3047 3223 3350 3293 multiplex
3402 3221 3623 3276 circum

1925 3335 2120 3376 muros
2151 3319 2377 3376 ballista
2433 3319 2770 3388 porrigitur.
2803 3315 2964 3382 Quod
3014 3314 3248 3370 arietem
3278 3311 3551 3375 vocitant,
3585 3321 3620 3363 a

1924 3409 2108 3464 fronte
2155 3409 2365 3464 ferrata
2421 3407 2610 3462 trabes
2661 3405 2976 3461 inducitur.
3026 3404 3366 3472 Comparata
3423 3397 3619 3452 mueni-

1923 3498 2033 3553 bus
2061 3505 2249 3553 castra
2279 3496 2605 3566 phalarum,
2647 3495 2743 3550 sed
2782 3499 2934 3548 45D
2968 3507 3081 3548 non
3113 3506 3232 3547 una
3279 3488 3614 3560 procedunt,

1921 3593 1995 3652 et,
2032 3598 2334 3640 murorum
2388 3581 2839 3652 propugnaculis
2887 3581 3233 3646 assistentes,
3285 3591 3398 3633 non
3433 3574 3617 3632 solum

1921 3675 2216 3730 variorum
2274 3672 2456 3727 imbre
2514 3671 2813 3728 missilium
2891 3670 3235 3726 Sarracenos
3292 3663 3614 3737 illapidant,

1921 3763 2014 3818 sed
2047 3761 2226 3830 etiam
2264 3760 2483 3816 collatis
2539 3758 2914 3814 mucronibus
2947 3755 3263 3827 aliquando
3305 3752 3614 3810 trucidant.

1923 3853 2165 3906 Fervere
2201 3848 2278 3904 ibi
2331 3861 2594 3904 cerneres
2650 3847 2918 3902 maximis
2979 3852 3265 3902 tormenta
3309 3842 3618 3911 lapidibus,

1919 3949 1974 3996 et
2021 3953 2135 3994 non
2190 3937 2356 4000 modo
2414 3935 2681 4005 parietem
2769 3933 2922 3989 muri
2991 3947 3206 3989 vexare
3266 3930 3618 3997 forasticum,

1918 4042 2122 4083 verum
2182 4037 2414 4095 procera
2443 4023 2664 4079 acrium
2700 4022 2948 4078 molibus
2988 4022 3206 4077 ictuum
3253 4019 3501 4075 civitatis
3550 4018 3622 4072 ir-

1921 4115 2094 4172 ritare
2143 4113 2370 4183 palatia.
2424 4112 2658 4167 Pulsare
2689 4124 2866 4180 quam
2899 4109 3111 4179 saepius
3133 4108 3282 4162 aedes
3314 4120 3380 4161 ac
3411 4104 3621 4160 mcenia

1920 4204 2076 4260 saxis
2103 4203 2434 4268 omiserant,
2467 4209 2522 4256 et
2550 4214 2680 4255 cum
2737 4199 2963 4268 liquore
3023 4197 3288 4266 plumbeo
3321 4194 3450 4250 ferri
3486 4207 3620 4248 can-

1921 4294 2106 4350 dentis
2156 4291 2380 4358 offulas,
2441 4299 2503 4345 ut
2578 4287 2968 4359 conflagretur
3011 4286 3308 4356 oppidum,
3362 4289 3620 4338 armenta

128 4370 246 4439 dus.
294 4372 689 4429 ττιιοῑιιοείοτίε
743 4372 954 4443 negotii
1013 4373 1511 4442 contemplatione,
1570 4373 1809 4428 diduxe-
1850 4367 1892 4420 Ῑ)
1923 4395 2157 4438 recussa
2198 4380 2557 4448 dispergunt.
2614 4378 2833 4432 Interea
2878 4375 3027 4431 aries
3057 4374 3240 4430 muris
3271 4372 3530 4437 illiditur,
3565 4378 3620 4426 et

131 4469 226 4516 rat.
283 4461 663 4531 Babylonicus
739 4462 936 4532 itaque
997 4463 1184 4518 missis
1233 4461 1560 4531 ingentibus
1613 4461 1811 4530 copiis,

131 4561 307 4620 regem
356 4550 745 4607 Christianum
796 4551 943 4607 bello
1003 4551 1243 4606 lacessit.
1302 4549 1408 4618 Qui
1455 4565 1560 4606 suo
1612 4549 1814 4605 humili

135 4653 308 4712 grege,
366 4639 532 4695 cuia
583 4641 822 4696 Domino
852 4641 1100 4696 dicitur:
1143 4663 1164 4688 ι
1215 4641 1339 4696 Noli
1398 4641 1597 4696 timere
1649 4641 1809 4704 (Luc.

134 4741 221 4797 xu,
253 4730 359 4798 32),
398 4751 418 4777 ι
455 4729 718 4798 conflato,
759 4738 815 4786 et
860 4730 1111 4796 aciebus,
1147 4736 1212 4785 ut
1242 4737 1483 4800 poterat,
1537 4728 1814 4784 distribu-

134 4817 214 4884 tis,
247 4818 510 4890 profanos
544 4817 802 4888 impetiit,
848 4827 904 4874 et
933 4833 1038 4874 nec
1090 4832 1270 4885 mora,
1321 4818 1496 4874 veluti
1545 4817 1816 4887 pecuaria

139 4903 292 4963 bruta
318 4906 604 4974 caedendo,
659 4922 772 4962 non
812 4907 976 4962 aliter
1015 4921 1192 4976 quam
1244 4906 1644 4976 rapidissimus
1678 4905 1811 4975 pul-

136 5005 304 5051 verem
385 4995 553 5050 turbo
604 4995 884 5064 dispersit.
955 4995 1214 5051 Secundo
1285 5009 1491 5050 novem
1565 4993 1812 5049 militum

140 5083 277 5139 milia
329 5085 580 5150 miserat,
645 5084 860 5154 quibus
914 5083 1365 5154 IEthiopicorum
1426 5084 1677 5154 peditum
1739 5083 1810 5138 ad

139 5171 312 5239 millia,
347 5172 462 5228 fere
481 5172 705 5242 viginti,
730 5186 939 5228 manus
959 5173 1244 5244 gregaria,
1277 5173 1530 5228 suberat.
1554 5175 1811 5236 Quorum

140 5261 380 5318 occursui
421 5274 523 5316 rex
560 5260 688 5330 pius
716 5261 1001 5330 equitum,
1056 5260 1335 5330 peditum,
1366 5261 1465 5316 vix
1494 5260 1649 5316 mille
1679 5274 1812 5316 coe-

141 5359 295 5419 gerat,
321 5357 376 5406 et
419 5357 631 5417 tamen,
683 5357 894 5419 septem
938 5350 1272 5421 agminibus
1315 5349 1525 5406 exinde
1573 5348 1812 5417 disposi-

142 5434 216 5503 tis,
265 5439 319 5494 in
374 5451 578 5493 eorum
645 5437 1091 5494 confertissimas
1162 5437 1458 5508 plalanges
1515 5435 1813 5507 magnani-

142 5536 218 5579 ma
243 5527 545 5584 securitate
575 5540 632 5580 se
661 5525 825 5581 fudit.
856 5527 959 5583 Ubi
1005 5526 1270 5596 princeps
1296 5525 1464 5590 idem,
1498 5524 1811 5595 quemdam

141 5615 338 5672 eminus
396 5613 652 5686 equitem
729 5613 1029 5687 gentilium
1073 5613 1454 5684 conspicatus,
1513 5621 1672 5668 tanto
1716 5613 1812 5669 ad-

1921 4471 2060 4526 dum
2095 4468 2334 4524 inferius
2390 4465 2642 4521 foramen
2677 4463 2922 4529 affectat,
2979 4464 3252 4519 universa
3295 4463 3617 4528 circumpo-

1920 4557 2011 4614 siti
2072 4554 2416 4611 munimenti
2473 4553 2729 4608 soliditas
2794 4552 3105 4608 fatiscendo
3164 4551 3416 4606 laxatur.
3470 4549 3619 4604 Dum

1918 4661 2056 4717 ergo
2089 4645 2292 4700 Franci
2326 4643 2594 4710 nituntur
2646 4642 2716 4698 ad
2753 4641 2975 4707 intima,
3004 4649 3058 4696 et
3084 4639 3340 4694 studium
3376 4636 3622 4692 lzesionis

1921 4734 2265 4789 Sarracenos
2320 4717 2558 4800 impellit
2602 4729 2673 4784 ad
2715 4737 2936 4795 extera,
2989 4728 3170 4783 caedes
3200 4725 3449 4796 agebant
3497 4737 3622 4778 mu-

1920 4829 2069 4877 tuas.
2105 4819 2209 4876 Ubi
2241 4817 2413 4874 etiam
2449 4818 2731 4873 machinae
2761 4815 2992 4886 jactura
3036 4813 3310 4876 cadentis,
3370 4810 3621 4880 plurima

1920 4909 1990 4963 de
2021 4922 2155 4963 nece
2183 4913 2535 4974 nostrorum,
2585 4905 2808 4960 animos
2860 4903 3102 4958 diversae
3155 4900 3334 4970 partis
3361 4899 3620 4954 exsusci-

1920 5004 2019 5052 tat.
2063 4993 2360 5051 Sarraceni
2420 5008 2692 5063 namque,
2753 5006 2885 5047 cum
2918 4989 3033 5045 sint
3065 4989 3123 5044 in
3151 4987 3425 5058 expositis
3471 4986 3620 5041 acie-

1921 5086 2030 5142 bus
2083 5087 2312 5149 inertes,
2378 5081 2533 5136 intra
2591 5080 2858 5150 praesidia
2915 5079 3061 5134 mira
3119 5084 3256 5134 sunt
3310 5075 3619 5147 sagacitate

1917 5172 2174 5229 rebelles.

1992 5261 2178 5332 Igitur
2207 5260 2297 5316 die
2324 5257 2634 5315 obsidionis
2673 5256 2960 5322 vicesima,
2992 5270 3124 5312 cum
3154 5269 3257 5311 rex
3314 5253 3492 5310 fretus
3514 5252 3618 5321 ju-

1918 5357 2155 5404 ventute
2185 5346 2491 5403 lectissima
2515 5344 2833 5414 oppidanos
2863 5343 3118 5415 graviter
3150 5347 3400 5411 urgeret,
3440 5354 3472 5394 e
3505 5352 3620 5392 ma-

1919 5437 2091 5492 china
2139 5449 2305 5490 muro
2332 5441 2563 5502 repente
2591 5432 2783 5488 insilit.
2821 5433 2948 5487 Post
2975 5431 3157 5500 ipsum
3207 5428 3371 5484 miles
3428 5428 3616 5494 irruit,

1921 5526 2137 5581 hostem
2198 5524 2457 5594 fugacem
2489 5521 2716 5591 disjicit.
2775 5520 3010 5576 Francis
3052 5519 3248 5588 itaque
3280 5530 3471 5586 regem
3505 5521 3620 5570 tota

1918 5613 2212 5669 alacritate
2260 5609 2655 5688 sequentibus,
2709 5623 2809 5682 per
2839 5607 3042 5664 urbem
3073 5605 3294 5662 infinita
3326 5603 3499 5659 turba
3527 5616 3618 5681 pe.
