3934 6424
354 382 450 435 831

1249 371 1309 425 ν.
1353 368 1685 427 GUIBERTI
1724 368 2013 424 ABBATIS
2048 367 2104 422 S.
2148 365 2387 422 ΜΑΒΙᾹΞ
2425 365 2519 421 DE
2562 363 2955 422 NOVIGENTO

3778 359 3887 414 832

354 508 604 571 rimitur,
647 503 863 562 nemini
910 503 1188 574 parcitur,
1220 500 1330 557 nisi
1363 499 1515 571 quod
1544 496 1814 568 puellaris
1857 496 1930 552 ad
1958 497 2054 553 ob-
2089 501 2136 553 Α
2165 495 2343 552 ricam
2377 494 2680 551 flaminum
2711 492 3146 564 importunitate
3174 491 3448 548 defertur.
3482 491 3666 558 Quam
3722 489 3883 547 idem

355 596 618 668 sequium
651 594 886 649 inventa
914 598 1203 647 servatur.
1253 588 1467 644 Passim
1520 600 1657 658 gaza
1685 585 2049 656 disquiritur,

353 694 409 743 et
440 699 554 741 non
586 682 753 738 modo
808 694 963 749 arca,
1012 693 1215 736 verum
1265 677 1562 733 Sarraceni
1624 676 1862 731 tacentis
1917 674 2054 745 gula

356 772 700 839 discutitur;
751 768 945 824 fauces
993 767 1145 823 enim
1200 779 1333 835 quae
1380 762 1693 835 glutierant
1749 763 2050 831 Byzantea,

356 874 553 930 pugno
584 856 958 917 succutiente,
1018 853 1307 923 rejiciunt,
1330 861 1385 908 et
1413 865 1545 921 quae
1574 850 1765 906 ofﬁcia
1788 851 1871 906 eis
1919 851 2054 907 locis

356 947 607 1004 indebita
641 950 1011 1013 usurparent,
1045 944 1173 998 auri
1205 942 1417 997 frustra
1476 939 1822 995 feminarum
1882 952 2051 1009 puer-

356 1037 513 1106 peria
555 1033 826 1090 fundunt.
858 1030 972 1086 Nec
1014 1044 1196 1097 mora,
1238 1037 1418 1098 capta:
1448 1027 1664 1083 civitati
1700 1028 2050 1082 Francorum

355 1123 576 1180 colonia
608 1123 722 1177 illic
775 1118 1125 1185 habitatura,
1155 1116 1481 1173 dimittitur.
1538 1113 1661 1169 Non
1694 1113 1873 1168 multo
1928 1120 2052 1182 post

353 1212 651 1268 Accharon
684 1211 1037 1284 aggreditur,
1072 1214 1126 1263 et
1169 1204 1460 1261 diuturnis
1494 1201 1885 1258 moliminibus
1923 1200 2049 1256 fati-

356 1304 569 1368 gatam,
639 1298 870 1369 proprio
936 1294 1045 1350 sub
1097 1294 1231 1363 jure
1301 1297 1539 1346 coercet.
1613 1289 1813 1344 Plures
1876 1289 2047 1343 etiam

358 1385 713 1454 postmodum
753 1386 897 1440 alias
933 1382 1146 1452 cepisse
1172 1378 1529 1449 dignoscitur
1584 1376 1782 1444 urbes;
1810 1376 1925 1433 sed
1973 1374 2051 1430 ita

354 1472 668 1529 meditullio
697 1473 912 1530 rabida:
943 1470 1077 1526 ilius
1134 1454 1468 1539 gentilitatis
1512 1465 1817 1531 intersitas,
1852 1472 1915 1521 ut
1954 1467 2046 1523 vix

351 1560 571 1630 aliquid
620 1569 811 1617 tutum
872 1568 1203 1615 nostrorum
1256 1556 1395 1610 inibi
1425 1556 1588 1610 liceat
1625 1554 1876 1624 cogitare
1905 1554 2051 1610 colo.

353 1648 463 1704 niis
507 1648 638 1720 [al.,
683 1648 975 1717 colonias]
1027 1646 1369 1701 Sarracenos
1431 1652 1620 1699 tamen
1677 1642 1823 1699 bella
1861 1642 2049 1698 conti-

353 1749 473 1791 nua
501 1736 720 1792 crebris
776 1736 916 1791 adeo
975 1733 1225 1789 victoriis
1272 1731 1723 1800 contemptibiles
1767 1730 2048 1787 Christia-

353 1823 444 1879 nis
468 1824 746 1880 militibus
793 1821 1108 1888 reddidere,
1164 1827 1228 1876 ut
1280 1833 1434 1875 anno
1491 1794 1779 1889 praeterito
1832 1818 2048 1875 mirum
2087 1794 2130 1851 Β

353 1911 631 1982 quiddam
665 1909 1107 1982 cognoverimus
1133 1907 1407 1963 evenisse.

987 1996 1213 2053 CAPUT
1252 1996 1403 2051 X‘Ill.

426 2084 674 2158 [XLlV.J
710 2086 861 2142 Miles
918 2084 1156 2154 quidam
1214 2081 1537 2152 protervius
1564 2095 1741 2151 quam
1772 2081 2051 2138 debuerat

353 2183 551 2231 contra
582 2190 771 2246 regem
798 2189 919 2231 sese
948 2174 1249 2238 habuerat,
1284 2186 1457 2243 quem
1492 2186 1595 2227 rex
1628 2172 1746 2241 ipse
1765 2170 2050 2226 Tiberiadi

353 2261 569 2319 civitati
601 2262 951 2332 praefecerat.
984 2262 1106 2317 Rex
1161 2273 1300 2329 ergo
1332 2260 1541 2315 citatus
1569 2259 1642 2314 ob
1686 2257 2048 2313 insolentiam

353 2348 601 2405 hominis
630 2348 736 2416 ira,
764 2349 1088 2419 jussiteum
1119 2359 1154 2402 a
1173 2359 1294 2402 suae
1325 2345 1560 2400 ditionis
1589 2352 1742 2400 terra
1766 2344 2044 2401 recedere.

352 2436 461 2503 Qui
511 2451 643 2493 cum
698 2436 928 2493 duobus
969 2434 1283 2505 equitibus,
1327 2434 1466 2488 dum
1507 2433 1667 2489 abire
1695 2442 2046 2503 properaret,

355 2526 655 2596 armigeris
678 2526 906 2580 totidem
944 2524 1267 2589 comitatus,
1320 2522 1606 2578 maximas
1633 2522 1828 2577 subito
1857 2522 2050 2591 copias

356 2613 689 2684 gentilitatis
743 2610 1000 2667 offendit.
1057 2609 1187 2676 Qui,
1228 2623 1333 2665 suo
1388 2608 1652 2665 difﬁdens
1684 2623 1943 2674 nurnero,
1977 2611 2048 2665 ad

354 2701 538 2755 Deum
576 2712 713 2755 vero
760 2705 1059 2766 utcunque
1105 2706 1451 2767 respectans,
1510 2698 1738 2753 concisa
1790 2699 2047 2766 camisia,

355 2801 533 2857 quam
562 2786 909 2843 subuculam
935 2785 1159 2852 dicunt,
1181 2786 1360 2841 hastae
1392 2799 1493 2855 pro
1520 2785 1729 2842 vexillo
1759 2788 2047 2857 apposuit,

356 2875 667 2945 itidemque
719 2874 901 2931 socios
939 2874 1123 2930 facere
1165 2874 1354 2944 jussit.
1388 2875 1686 2940 Fecerunt,
1718 2882 1774 2930 et
1800 2876 2049 2932 clamore

354 2959 596 3023 sublato,
675 2959 974 3028 sonipedes
1054 2958 1376 3015 calcaribus
1437 2966 1668 3029 urgent,
1732 2959 2049 3030 obviosque

353 3047 623 3104 feruntur
655 3047 714 3103 in
769 3046 978 3103 hostes.
1007 3046 1115 3114 Qui
1181 3047 1366 3103 territi
1422 3047 1736 3117 repentinis
1782 3050 2043 3117 ausibus,

352 3136 492 3192 dum
551 3135 837 3192 aestimant
917 3136 1074 3207 quod
1133 3136 1301 3206 quasi
1360 3142 1606 3206 praevios
1669 3146 2050 3207 sequerentur

353 3224 548 3281 multze
605 3224 883 3293 cohortes,
932 3224 1130 3295 fugam
1190 3224 1411 3291 ineunt,
1469 3239 1648 3295 seque
1709 3226 1894 3281 tribus
1942 3226 2052 3282 illis

349 3313 646 3370 caedendos
674 3320 998 3386 exponunt.
1032 3313 1275 3369 Plurimi
1312 3313 1703 3382 perimuntur,
1737 3314 2049 3384 plusquam

351 3401 499 3458 ferre
570 3401 865 3459 sufﬁciant
907 3401 1090 3471 spolia
1140 3401 1470 3470 rapiuntur.
1520 3401 1647 3467 Quo
1693 3410 1905 3458 eventu
1959 3403 2052 3459 ille

348 3490 602 3546 secundo
659 3490 1091 3559 eumpungitur,
1153 3489 1385 3558 Deoque
1440 3489 1907 3559 gratulabundus
1962 3505 2049 3547 re-

349 3578 529 3645 diens,
600 3578 722 3649 regi
797 3576 1199 3647 prosternitur,
1251 3578 1305 3633 ei
1359 3578 1725 3633 obediturum
1787 3579 2053 3651 deinceps

352 3666 592 3723 fideliter
621 3667 940 3737 pollicetur.

424 3754 642 3828 [XLV.]
672 3755 928 3810 Pecunia:
941 3754 1019 3809 ad
1035 3754 1310 3809 solvenda
1335 3753 1615 3809 militibus
1638 3753 1931 3827 stipendia
1952 3753 2054 3809 mi-

347 3844 609 3899 rabiliter
626 3843 1013 3916 reperiuntur.
1034 3844 1445 3914 —-Aliquando
1475 3844 1624 3899 idem
1658 3858 1759 3899 rex
1794 3844 2051 3913 pecuniae

349 3934 556 4005 grandi
587 3934 1015 4005 angustabatur
1049 3933 1263 4002 inopia,
1283 3941 1348 3989 ut
1374 3933 1546 3988 etiam
1582 3933 1838 3989 deessent
1866 3948 2052 3989 mens-

350 4029 484 4078 trua
511 4037 642 4093 quin
688 4023 970 4079 militibus
1013 4022 1376 4078 debebantur
1406 4022 1708 4091 stipendia,
1751 4036 1883 4078 cum
1923 4037 2052 4078 ecce

349 4126 407 4168 se
434 4111 516 4167 eis
546 4111 821 4167 munifica
858 4110 1200 4167 mirabiliter
1227 4110 1473 4179 praebuit
1501 4110 1699 4167 divina
1727 4111 2047 4168 clementia.

348 4202 415 4256 In
447 4207 674 4256 tantum
703 4214 961 4269 namque
981 4201 1101 4270 jam
1128 4199 1511 4266 vexabantur,
1529 4208 1592 4255 ut
1620 4214 1754 4256 eum
1784 4200 2053 4256 satellites

349 4303 418 4345 ac
459 4288 669 4344 milites
714 4288 972 4343 deserere
1030 4287 1467 4343 meditarentur.
1525 4289 1669 4345 Cum
1717 4303 1866 4355 ecce,
1908 4289 2050 4358 Jop-

2162 582 2417 639 insulani
2457 584 2797 653 corripiunt,
2837 582 3148 653 quemdam
3179 580 3306 651 ejus
3361 581 3605 636 comitiae
3653 578 3886 649 episco-

2161 687 2302 743 pum
2355 687 2488 729 cum
2534 672 2877 727 oflicialibus
2917 671 3167 738 exedunt,
3212 670 3313 726 diu
3354 670 3539 740 ipsam
3572 669 3887 725 detentam

2161 762 2518 831 pOStmodum
2562 762 2719 817 abire
2770 760 3128 830 permittunt.
3180 759 3316 827 Quze
3381 774 3514 815 cum
3563 758 3633 814 ad
3666 756 3889 812 virum

2160 851 2427 918 venisset,
2490 848 2963 906 incontinentiam
3006 848 3296 904 ethnicam
3344 862 3446 904 rex
3489 848 3602 917 ipse
3644 845 3890 901 habens

2158 952 2276 994 non
2324 938 2446 994 sine
2497 938 2717 993 ratione
2764 944 3106 1005 suspectam,
3172 951 3206 992 a
3247 945 3368 993 toro
3415 935 3646 1007 proprio
3715 945 3890 1003 pror-

2158 1040 2258 1083 sus
2326 1026 2666 1091 ahstentam,
2745 1032 2962 1080 mutato
3030 1025 3250 1091 habitu,
3312 1025 3502 1095 posuit
3553 1037 3681 1080 eam
3740 1034 3886 1077 cum

2157 1115 2554 1170 monachahus
2588 1114 2718 1169 aliis
2743 1113 2894 1183 apud
2925 1113 3148 1168 beatam
3196 1113 3432 1169 Matrem
3481 1113 3574 1168 Dei
3611 1110 3889 1181 Virginis

2157 1202 2356 1258 Matris
2384 1205 2633 1258 Annam.
2662 1203 2786 1271 Ipse
2819 1215 2953 1257 vero
2983 1202 3195 1272 gaudet
3223 1201 3420 1257 vivere
3449 1201 3675 1268 cmlebs,
3727 1203 3886 1269 quia

2157 1304 2273 1346 non
2303 1299 2389 1347 est
2443 1292 2496 1347 ei
2542 1290 2868 1346 colluctatio
2906 1289 3188 1345 adversus
3233 1303 3465 1345 carnem
3510 1298 3564 1345 et
3615 1293 3888 1361 sangui-

2158 1393 2308 1439 nem.
2343 1378 2438 1433 sed
2469 1385 2671 1433 contra
2704 1377 2907 1433 mundi
2938 1385 3183 1432 rectores
3212 1375 3433 1447 (Ep/tes
3485 1392 3558 1444 γι,
3598 1380 3709 1443 l2).

2229 1472 2302 1542 [Χ
2312 1471 2456 1528 LVII
2466 1472 2502 1542 .]
2520 1470 2695 1526 Miles
2704 1470 2937 1543 sagittis
2950 1472 3244 1540 confossus
3255 1470 3533 1541 etcapitis
3547 1471 3888 1526 obscisione

2154 1558 2434 1631 martyrii
2458 1559 3066 1631 patmampromeruit.
3095 1560 3337 1616 —Circa
3370 1559 3694 1629 paschalem
3732 1561 3887 1616 anni

2156 1649 2425 1717 praeteriti
2475 1648 2857 1714 festivitatem,
2916 1648 3077 1703 miles
3133 1648 3222 1703 ille
3281 1647 3632 1717 praelibatus,
3688 1664 3886 1719 quem

2160 1736 2491 1803 praefectum
2526 1736 2815 1792 Tiberiadi
2854 1735 3131 1803 diximus,
3181 1736 3277 1791 cui
3311 1737 3547 1793 victoria
3595 1737 3695 1792 illa
3754 1751 3888 1806 pro-

2159 1832 2412 1892 venerat,
2476 1824 2535 1879 in
2571 1824 2825 1894 quodam
2887 1824 3032 1881 bello
3085 1832 3413 1880 nostrorum
3463 1825 3613 1894 parti
3669 1825 3885 1881 minus

2156 1914 2518 1969 accommode
2559 1913 2704 1969 facto
2753 1913 3001 1983 capitur,
3035 1920 3090 1968 et
3139 1912 3199 1968 in
3253 1913 3565 1983 quamdam
3601 1912 3881 1984 ipsorum

2157 2000 2455 2073 gentilium
2484 2001 2707 2070 urbem,
2741 2001 2812 2057 ab
2834 2000 2970 2071 ipsis
2998 2001 3165 2058 vivus
3196 2000 3525 2057 abducitur.
3569 2001 3701 2069 Qui,
3734 2018 3878 2058 cum

2155 2089 2437 2161 sacrilega
2498 2094 2649 2144 458
2714 2090 2853 2145 inibi
2904 2090 3093 2144 nescio
3132 2104 3264 2159 quas
3309 2089 3449 2145 festa
3500 2099 3879 2161 peragerent,

2155 2178 2479 2235 exhibitum
2510 2177 2812 2249 praefatum
2866 2177 3140 2247 equitem,
3184 2177 3253 2232 de
3285 2178 3530 2247 propriae
3560 2178 3759 2249 gratia
3810 2180 3878 2234 ti-

2156 2265 2244 2320 dei
2272 2266 2580 2321 difiidenda
2604 2265 3047 2335 abjurandaque
3085 2264 3450 2334 compellant.
3483 2268 3553 2321 At
3585 2265 3650 2333 is,
3687 2264 3880 2336 digna

2156 2353 2264 2411 sibi
2291 2354 2605 2409 admodum
2635 2352 2811 2408 animi
2858 2352 3257 2408 obilrmatione
3306 2359 3480 2409 tantae
3526 2353 3687 2409 nefas
3718 2355 3875 2410 abu-

2157 2442 2332 2497 sionis
2362 2442 2655 2512 abjiciens,
2714 2441 2943 2510 penitus
2991 2440 3079 2496 vel
3118 2441 3321 2496 audire
3366 2442 3712 2511 perhorruit.
3754 2443 3879 2498 Nec

2153 2541 2334 2595 mora,
2365 2528 2456 2583 vir
2514 2528 2624 2594 ille,
2657 2542 2791 2583 cum
2842 2528 2997 2583 omni
3021 2528 3140 2598 jam
3201 2528 3591 2585 nominandus
3637 2529 3873 2613 favore,

2156 2618 2486 2686 corripitur.
2526 2617 2810 2687 Alligatus
2858 2616 3056 2687 stipiti,
3093 2623 3156 2672 ut
3201 2617 3414 2685 ferunt,
3446 2632 3645 2688 campo
3678 2620 3878 2674 medio

2156 2707 2398 2772 sistitur,
2428 2721 2493 2762 ac
2529 2719 2836 2762 numeroso
2874 2706 3219 2775 sagittarum
3277 2706 3536 2777 undique
3579 2708 3879 2778 grandine

2156 2795 2503 2851 terebratur.
2559 2794 2697 2849 Inde
2753 2801 3017 2864 exempto
3072 2802 3268 2849 vertex
3299 2807 3333 2848 a
3375 2794 3559 2864 capite
3584 2809 3751 2850 serra
3782 2796 3876 2851 di-

2155 2882 2396 2945 viditur,
2445 2882 2731 2952 idemque,
2767 2880 2820 2936 in
2877 2881 3110 2936 modum
3163 2881 3372 2951 poculi,
3404 2883 3523 2953 regi
3555 2882 3880 2939 Damasce-

2154 2985 2248 3037 no,
2285 2983 2319 3024 a
2360 2984 2476 3040 quo
2518 2969 2641 3024 hinc
2668 2968 3035 3039 gerebantur,
3082 2968 3153 3023 ad
3196 2975 3468 3024 terrorem
3528 2978 3870 3027 nostrorum

2088 3092 2129 3147 ο
2157 3058 2324 3128 quasi
2351 3057 2575 3147 exinde
2605 3056 2857 3147 bibituro
2901 3056 3223 3147 coniicitur.
3266 3056 3396 3123 Qui,
3446 3057 3556 3147 sub
3604 3056 3876 3147 infractae

2160 3154 2292 3201 voto
2340 3143 2708 3200 confessionis
2769 3143 3136 3209 occumbens,
3195 3157 3266 3198 ex
3326 3144 3627 3212 praedicato
3684 3144 3874 3200 milite

2157 3231 2590 3303 praedicandum
2632 3233 2689 3285 in
2718 3230 2929 3287 saecula
2955 3238 3271 3301 martyrem
3304 3231 3452 3287 fecit.
3508 3231 3691 3287 Isdem
3735 3231 3876 3287 Ger-

2157 3320 2359 3377 vasius
2388 3318 2727 3387 vocabatur,
2761 3318 2915 3387 apud
2940 3326 3195 3374 castrum
3224 3319 3497 3375 Basilicas
3520 3318 3651 3391 pagi
3692 3318 3874 3374 Sues-

2157 3408 2357 3465 sionici
2397 3408 2665 3464 nobiliter
2693 3407 2999 3463 oriundus.

2804 3494 3032 3550 CAPUT
3073 3494 3218 3551 XIV.

2228 3580 2526 3654 [XLVIIL]
2560 3583 2688 3649 Quae
2713 3581 2915 3637 retulit
2936 3580 3271 3649 Guibertus,
3300 3599 3339 3636 α
3361 3580 3502 3636 viris
3527 3578 3872 3635 sinceritate

2154 3669 2379 3742 fideque
2406 3669 2662 3742 pradith
2714 3669 2955 3741 accepit.
2990 3702 3058 3711 —
3093 3671 3225 3727 Hmc
3286 3671 3584 3736 hactenus,
3626 3670 3746 3726 Deo
3796 3671 3873 3727 fa-

2155 3768 2345 3826 vente,
2375 3758 2597 3829 digesta
2627 3772 2661 3812 a
2702 3757 2843 3814 viris
2873 3759 3203 3815 omnimoda
3228 3759 3483 3830 praeditis
3530 3759 3867 3815 sinceritate

2156 3846 2558 3917 comperimus.
2607 3846 2716 3913 Qui
2746 3847 2794 3902 si
2824 3847 3073 3917 uspiam,
3108 3848 3353 3903 aliorum
3412 3849 3591 3904 secuti
3644 3849 3871 3917 opinio-

2157 3950 2279 4003 nes,
2314 3935 2440 3990 falsi
2466 3949 2689 4003 sumus,
2734 3935 2921 3991 studio
2954 3950 3324 4007 nequaquam
3359 3936 3588 3993 fallendi
3644 3937 3698 3992 id
3727 3938 3867 3993 feci-

2158 4039 2307 4081 mus.
2350 4023 2576 4080 Gratias
2626 4023 2856 4094 agimus
2921 4025 3054 4091 Deo,
3114 4024 3364 4080 civitatis
3419 4024 3574 4080 illius
3621 4033 3863 4089 sanctae,

2158 4127 2262 4183 per
2322 4120 2647 4168 nostrorum
2712 4112 2922 4178 studia,
2981 4112 3368 4182 Redemptori.
3420 4113 3543 4183 Ipse
3608 4127 3864 4183 namque

2158 4201 2355 4257 eadem
2387 4215 2521 4256 cum
2565 4201 2813 4256 obsideri
2873 4201 3149 4270 cmpisset,
3211 4203 3437 4258 cuidam
3473 4203 3527 4257 in
3583 4202 3864 4258 Bethania

2159 4288 2488 4345 consistenti
2519 4289 2889 4356 anachoritae,
2944 4289 3027 4345 uti
3069 4304 3169 4359 pro
3207 4298 3361 4346 certo
3404 4291 3569 4346 nobis
3616 4289 3862 4345 relatum

349 4378 483 4448 pitze
505 4376 753 4447 juvenes
777 4389 909 4431 cum
945 4375 1200 4442 lavandi,
1234 4377 1346 4432 imo
1380 4377 1616 4433 ludendi
1647 4378 1835 4448 gratia
1889 4376 2048 4432 haud
2085 4368 2130 4422 Ι)
2158 4383 2259 4442 est,
2321 4375 2595 4431 revelavit
2665 4376 2953 4432 civitatem
3040 4378 3277 4447 quidem
3336 4378 3491 4434 illam
3552 4378 3865 4433 instantius

353 4464 550 4536 procul
590 4477 624 4520 a
653 4463 831 4519 maris
870 4464 1054 4520 littore
1088 4474 1503 4535 mergerentur,
1556 4464 1854 4534 reperiunt
1897 4456 2051 4533 qua-

349 4554 483 4610 dam
512 4552 604 4609 die
626 4553 681 4608 in
713 4552 835 4622 ipso
857 4564 1171 4609 arenarum
1202 4554 1424 4624 salique
1452 4552 1739 4623 confligio,
1771 4552 2054 4608 manticas

350 4641 576 4712 magnis
600 4641 729 4698 auri
757 4640 1110 4711 ponderibus
1142 4641 1359 4712 plenas,
1391 4652 1541 4711 quas
1578 4640 1890 4696 amiserant
1937 4640 2053 4696 Ve—

347 4728 507 4791 netii,
549 4741 695 4799 quos
725 4728 802 4784 ibi
832 4730 1165 4785 constiterat
1204 4728 1440 4799 fregisse
1469 4727 1722 4783 carinas.
1757 4725 1896 4794 Quae
1930 4727 2052 4798 regi

348 4816 571 4884 delata,
613 4817 837 4872 cunctis
885 4817 1233 4874 miraculum
1290 4813 1607 4871 ineffabile!
1644 4815 1765 4887 regi
1793 4828 1936 4885 pene
1964 4816 2056 4871 de-

350 4913 577 4975 sperato
608 4914 663 4961 et
688 4919 853 4961 novae
883 4904 1300 4963 Christianitati
1357 4904 1654 4974 praebuere
1691 4904 1980 4961 solatium.

425 4992 677 5065 [XLVL]
768 4994 877 5050 Cur
928 5010 1163 5049 uxorem
1226 5008 1326 5047 rea:
1412 4991 1763 5064 repudiarit.
1820 5023 1890 5032 —
1948 4993 2053 5049 Sed

352 5082 631 5151 quoniam
680 5082 987 5139 calumnias
1028 5090 1221 5151 patere
1273 5081 1649 5153 dignoscitur,
1708 5081 1851 5153 quia
1886 5084 2053 5138 uxori

353 5170 569 5226 dicitur
591 5170 812 5227 dedisse
842 5171 1169 5240 repudium,
1220 5184 1396 5227 causa
1425 5170 1506 5228 sic
1550 5171 1815 5227 traditur.
1853 5171 2056 5228 Mulier

356 5259 479 5327 ipsa
504 5271 577 5313 ex
594 5258 826 5328 optimis
845 5265 1011 5315 terra;
1025 5259 1274 5314 oriunda
1291 5260 1621 5330 gentilibus,
1643 5260 2055 5330 postmaritum

355 5346 477 5416 ipso
494 5346 733 5418 jubente
768 5346 1491 5415 Hierosolymamtendens,
1515 5349 1586 5404 ad
1614 5355 1842 5419 portum
1874 5362 2058 5418 usque

356 5433 548 5491 Sancti
592 5434 890 5499 Simeonis,
921 5432 1147 5489 marina
1196 5435 1506 5503 evectione,
1551 5436 1880 5492 devenerat.
1932 5435 2058 5501 Qua

356 5522 414 5578 in
456 5523 783 5578 celeriorem
832 5520 909 5576 ibi
962 5521 1239 5576 translata
1302 5522 1581 5591 carinam,
1624 5524 1762 5578 dum
1820 5537 2057 5577 cursum

354 5626 525 5667 suum
561 5610 836 5680 expedire
868 5608 1092 5675 nititur,
1135 5625 1191 5665 in
1223 5609 1473 5666 insulam
1506 5610 1819 5681 quamdam
1849 5609 2057 5666 barba-

2162 4464 2556 4531 obsidendam,
2630 4465 2748 4522 solo
2800 4474 2994 4522 autem
3047 4466 3138 4521 die
3200 4466 3543 4522 Parasceves
3593 4465 3868 4520 invaden-

2162 4551 2315 4619 dam,
2349 4553 2491 4608 hora
2521 4566 2656 4609 vero
2684 4565 2803 4623 qua
2830 4552 3093 4610 Christus
3121 4553 3281 4609 cruci
3310 4553 3506 4609 illatus
3533 4561 3615 4609 est
3642 4552 3867 4619 capien-

2163 4639 2317 4707 dam,
2348 4647 2413 4697 ut
2445 4654 2504 4697 se
2548 4654 2669 4696 esse
2724 4640 3046 4696 ostenderet
3102 4640 3206 4710 qui
3257 4654 3384 4695 eam
3436 4641 3685 4695 denuoa
3741 4637 3865 4694 suis

2162 4728 2458 4798 aerumnis,
2526 4728 2917 4786 membrorum
2969 4742 3208 4785 suorum
3267 4727 3480 4794 dolore,
3542 4725 3864 4782 redimeret.

2164 4818 2297 4873 Haec
2342 4818 2433 4873 vir
2490 4818 2690 4881 isdem,
2766 4818 2962 4873 accitis
3012 4817 3366 4887 quibusdam
3443 4820 3654 4871 nostrae
3687 4814 3868 4883 partis

2163 4907 2544 4978 principibus,
2571 4906 2864 4972 indicavit,
2898 4920 3030 4976 quae
3056 4905 3252 4961 omnia
3275 4903 3477 4960 modus
3508 4903 3668 4959 urbis
3686 4912 3866 4972 captaa

2164 4995 2449 5065 probavit.
2533 4994 2759 5052 Gratias
2813 4994 3006 5049 itidem
3063 4994 3196 5060 Deo,
3244 4991 3348 5062 qui
3386 5006 3493 5049 sua
3545 4992 3710 5056 facta,
3761 5004 3867 5047 suo

2166 5084 2402 5154 Spiritu,
2435 5096 2533 5138 ore
2564 5090 2758 5138 nostro
2788 5081 3126 5152 composuit.

2237 5172 2539 5237 Caeterum,
2573 5171 2619 5225 si
2650 5169 2949 5240 quidpiam
3001 5170 3075 5225 ab
3107 5170 3195 5225 his
3241 5169 3433 5225 minus
3469 5182 3601 5240 qua
3664 5169 3866 5224 assolet

2165 5259 2356 5315 Julius
2384 5259 2575 5315 Caesar
2626 5272 2759 5313 cum
2794 5258 2984 5314 Hircio
3019 5258 3222 5325 Pansa,
3260 5257 3316 5313 in
3376 5256 3621 5313 Historia
3648 5254 3860 5320 Gallici,

2168 5346 2481 5415 Hispanici,
2512 5345 2846 5413 Pharsalici,
2875 5346 3253 5403 Alexandrini
3282 5344 3689 5414 Numidicique
3710 5342 3860 5403 belli.

2168 5434 2475 5502 diligenter
2519 5434 2824 5504 putabitur
2852 5435 3227 5505 explicatum,
3278 5434 3553 5488 nimirum
3602 5430 3860 5502 perpendi

2168 5522 2334 5576 debet
2380 5523 2605 5577 eosdem
2664 5525 2813 5592 ipsos
2873 5524 2973 5593 qui
3037 5523 3273 5578 fecerint
3308 5531 3361 5577 et
3407 5521 3508 5591 qui
3539 5520 3861 5591 scripserint

2172 5609 2334 5665 bellis
2396 5608 2736 5666 interfuisse.
2785 5611 2947 5667 Unde
3007 5609 3070 5666 tit
3118 5617 3182 5665 ut
3225 5610 3299 5665 ab
3338 5621 3537 5665 eorum
3598 5608 3862 5663 relatibus
