3934 6404
78 415 212 466 833

1202 410 1427 467 GESTA
1467 409 1581 465 DEI
1627 412 1762 473 PER
1806 411 2234 468 FBANCOS.—
2271 410 2398 468 Lllt.
2446 413 2524 467 IX.

3521 420 3625 472 83’s

75 542 253 599 nihil
281 544 629 611 excipiatur,
677 555 808 613 quae
834 540 1144 613 genraliter
1196 540 1635 612 specialiterque
1671 551 1811 600 sunt
1847 546 1896 598 A
1926 551 2028 610 ret,
2059 541 2290 600 collium
2325 557 2728 615 praeoccupare
2772 546 3032 615 vicinias,
3069 548 3324 604 locorum
3369 563 3623 608 summo-

76 639 239 686 acta
272 646 290 699 ;
330 641 473 701 quot
521 630 613 685 hic
670 628 869 696 millia,
904 636 1043 698 quot
1089 642 1120 684 e
1168 629 1401 700 regione
1433 631 1690 697 fuerunt,
1713 630 1816 701 qui

78 726 405 787 pratores,
436 719 537 789 qui
568 717 740 789 legati
777 716 913 773 huic
936 716 1274 773 distinendae
1304 719 1526 785 manui,
1560 719 1660 789 qui
1699 719 1813 776 du-

77 809 335 878 ces,qui
381 806 614 863 aliunde
637 804 926 876 principes
964 802 1344 874 praefuerunt,
1397 804 1539 875 quid
1586 805 1812 876 equita-

81 902 228 961 tus,
282 894 424 964 quid
492 892 633 948 levis
677 899 978 947 armatura
1025 890 1327 961 peregerit,
1383 899 1526 961 quot
1585 891 1816 961 spiculis

79 990 280 1038 scuta
337 981 595 1051 trajecta.
651 986 706 1035 et
760 986 823 1035 ut
878 992 1080 1035 eorum
1138 981 1366 1049 proprie
1414 981 1606 1036 verbis
1658 989 1812 1048 utar,

92 1092 121 1119 ι
180 1076 490 1139 postquam
537 1065 820 1134 consules,
864 1073 966 1120 aut
1012 1078 1114 1135 pro
1167 1066 1503 1123 consulibus
1559 1067 1815 1123 cecinere

84 1142 393 1226 receptui,
424 1176 451 1204 ››
481 1162 621 1225 quot
640 1154 921 1222 dirempto
944 1150 1139 1222 praelio
1170 1152 1284 1209 sint
1313 1153 1637 1222 desiderati,
1673 1158 1817 1225 quot

83 1244 316 1299 saucii.
377 1242 491 1298 Nos
548 1240 651 1311 qui
684 1240 807 1296 haec
834 1239 1166 1306 scribimus,
1206 1242 1357 1297 sicut
1385 1241 1499 1297 alia
1543 1242 1814 1313 professio

82 1332 351 1399 detinet,
402 1337 458 1387 et
480 1343 675 1387 rerum
718 1330 863 1384 visio
894 1328 1118 1385 nullam
1147 1330 1362 1399 praebet
1393 1330 1718 1400 audaciam,
1751 1331 1811 1387 in

84 1421 415 1479 referendo
435 1421 637 1477 audita
663 1420 998 1476 censuimus
1023 1418 1330 1490 aliquoties
1358 1419 1530 1476 etiam
1575 1432 1812 1489 parsum

88 1510 202 1566 iri.
237 1512 327 1567 Ex
365 1509 731 1567 Julianorum
777 1506 1083 1577 disciplina
1146 1507 1453 1577 quiritum,
1514 1506 1812 1578 legionarii

87 1599 347 1668 milites,
379 1607 606 1664 turmae,
642 1596 923 1666 manipuli
954 1606 1010 1653 et
1039 1596 1299 1653 cohortes
1318 1610 1423 1667 pro
1443 1595 1563 1652 suis
1592 1597 1814 1667 quique

86 1692 490 1762 cogebantur,
526 1690 707 1761 signis
733 1688 1015 1756 assistere,
1051 1697 1279 1759 propter
1305 1696 1635 1759 opportuna
1664 1689 1808 1755 loca,

84 1794 228 1835 non
282 1792 453 1834 secus
498 1791 566 1833 ac
612 1776 818 1847 oppida
873 1776 959 1831 vel
1006 1776 1192 1840 urbes,
1223 1782 1411 1831 castra
1446 1776 1596 1831 vallo
1626 1776 1812 1831 turri-

84 1870 339 1937 busque
382 1864 752 1937 praecingere,
786 1863 884 1921 ubi
916 1864 1174 1920 acierum
1214 1865 1515 1935 productio
1545 1863 1808 1919 immine-

1930 647 2061 702 pere
2083 632 2412 703 iniquitates
2442 635 2754 706 excedere;
2795 636 2872 692 ibi
2925 637 3195 694 calonum
3256 637 3626 710 lixarumque

1930 733 2239 777 numerosa
2269 720 2477 788 officia,
2523 721 2817 778 exercitus
2869 724 3275 794 impedimenta
3322 726 3653 785 ditissima...

1929 805 2003 861 At
2032 806 2210 876 hujus
2238 808 2473 876 ordinis,
2509 808 2619 864 imo
2652 810 2970 879 industriae,
3003 812 3144 882 quia
3174 827 3316 883 pene
3342 812 3425 868 nil
3443 813 3626 869 exsti—

1933 894 1997 950 tit
2053 896 2208 964 apud
2255 905 2500 964 nostros,
2548 911 2663 953 non
2721 897 2909 954 dicam
2956 899 3232 955 Francica
3284 900 3621 968 temeritate,

1930 982 2028 1038 sed
2051 982 2160 1039 fide
2191 993 2529 1053 experrecta
2557 993 2611 1041 et
2636 984 2861 1042 viribus
2887 996 3016 1043 acta
3046 1001 3137 1044 res
3163 994 3268 1044 est.

2001 1071 2205 1127 Dicant
2233 1072 2336 1143 qui
2360 1072 2564 1129 volunt
2597 1074 2768 1144 plura
2786 1089 2876 1131 me
2895 1075 3152 1131 omisisse
3181 1090 3359 1146 quam
3391 1076 3627 1146 scripse-

1928 1159 2061 1223 rim,
2104 1175 2209 1231 ego
2265 1160 2446 1217 malui
2500 1162 2691 1218 minor
2728 1177 2851 1219 esse
2894 1176 3074 1235 quam
3113 1162 3348 1220 nimius.
3403 1163 3459 1219 Si
3506 1176 3626 1234 qua

1929 1249 2077 1303 facta
2108 1248 2221 1304 alia
2250 1249 2384 1319 quis
2411 1251 2658 1317 noverit,
2692 1251 2942 1318 mandet,
2972 1249 3071 1307 ubi
3104 1250 3409 1307 scribenda
3433 1250 3624 1307 libue-

1929 1336 2020 1392 rit.
2071 1335 2443 1393 Gratulemur
2486 1337 2601 1392 Deo
2644 1338 2933 1408 tantisque
2977 1338 3311 1406 victoribus,
3346 1337 3449 1408 qui
3495 1338 3623 1395 fru-

1931 1424 2227 1479 mentariae
2277 1424 2358 1480 rei
2410 1422 2618 1493 inopia,
2653 1424 2817 1481 fossis
2854 1425 3181 1483 didicerunt
3218 1426 3482 1485 victitare
3521 1441 3621 1484 ra-

1928 1511 2175 1567 dicibus.
2215 1510 2423 1582 Siquis
2461 1512 2529 1568 de
2578 1511 2950 1582 Parthorum,
2993 1529 3140 1585 quos
3191 1516 3409 1572 Turcos
3470 1515 3621 1572 dixi-

1928 1615 2079 1668 mus,
2112 1609 2212 1656 aut
2254 1600 2495 1657 Caucasi
2526 1603 2757 1659 nomine
2783 1604 3059 1675 ambigat,
3101 1604 3360 1661 Solinum
3400 1604 3480 1661 De
3511 1619 3625 1661 me-

1927 1688 2323 1756 morabilibus,
2377 1691 2708 1760 Pompeium
2768 1691 3018 1761 Trogum
3071 1692 3140 1748 de
3188 1692 3410 1764 origine
3492 1692 3625 1748 Par-

1927 1779 2412 1847 thica,.lordanem
2434 1778 2735 1836 Gothicum
2764 1780 2834 1838 de
2866 1780 3071 1836 Baetica
3094 1787 3334 1851 retegat.

1078 1989 1222 2043 Deus
1249 2004 1374 2057 ergo
1408 1988 1627 2043 tandem
1655 1993 1749 2058 pio
1781 1989 1956 2043 labori
1984 1990 2136 2044 limes
2163 1990 2410 2044 assistat.
2442 1990 2640 2045 Amen.

1018 2137 1301 2183 EXPLICIT
1349 2138 1529 2183 LIBER
1576 2139 1685 2182 VIII
1734 2138 2059 2183 GESTORUM
2111 2139 2212 2183 DEI
2262 2139 2377 2184 PER
2425 2140 2719 2184 FRANCOS.

1428 2398 1781 2486 LIBER
1865 2395 2285 2498 NONUS,

1296 2557 1402 2622 ΑΒ
1449 2556 1640 2621 ALIO
1688 2555 1976 2620 EDITUS
2024 2553 2422 2620 AUCTORE.

160 2820 250 2872 De
289 2811 588 2869 Balduino
628 2827 780 2882 rege,
842 2809 1057 2865 Pacem
1110 2795 1222 2863 ita:
1275 2823 1408 2862 cum
1452 2805 1802 2878 imperatore
1842 2806 1884 2861 Β
1914 2804 2041 2860 dem
2097 2805 2433 2874 sponsiones
2495 2813 2854 2862 sacramento
2914 2805 3359 2872 firmaverimus,
3419 2805 3616 2861 vindi-

79 2901 480 2975 Babylonico.
512 2929 583 2940 —
611 2901 778 2955 Anno
824 2896 1133 2953 Dominicte
1166 2894 1586 2950 Incarnationis
1615 2892 1807 2948 mille-

81 2992 239 3048 simo
291 2988 602 3046 centesimo
634 2984 994 3051 duodecimo,
1044 2996 1149 3038 rex
1188 2980 1511 3037 Balduinus
1541 2993 1805 3049 saepenu-

83 3092 255 3134 mero
344 3074 609 3132 hostibus
669 3071 941 3131 lacessitis
993 3070 1209 3126 multas
1282 3067 1806 3124 Ascalonicensium

83 3176 330 3237 strages
358 3164 627 3228 dederat;
667 3161 764 3217 sed
795 3159 1096 3230 quoniam,
1142 3172 1273 3229 quae
1304 3157 1659 3228 largirentur
1705 3168 1805 3224 pe-

83 3255 351 3326 regrina:
381 3252 620 3317 militiae,
661 3250 937 3305 donattva
964 3247 1310 3315 defecerant,
1344 3259 1414 3300 ne
1447 3257 1642 3300 rerum
1665 3255 1807 3313 prae-

86 3346 253 3400 clare
320 3347 617 3412 gestarum
662 3336 835 3393 facies
876 3341 1204 3390 mutaretur
1256 3331 1504 3388 nimium
1577 3329 1806 3386 vereba-

86 3442 211 3500 tur,
246 3432 326 3488 de
350 3426 759 3498 suspendenda
789 3422 1227 3491 necessitudine,
1259 3420 1453 3493 sagaci
1494 3420 1808 3476 intentione

86 3528 437 3592 pertractat,
504 3516 761 3573 adhibito
819 3512 1174 3585 propensiori
1252 3510 1585 3581 principum
1656 3514 1806 3562 464

87 3610 363 3667 consilio.
387 3607 513 3664 Non
556 3618 736 3676 parva
764 3615 1017 3672 namque
1069 3598 1276 3671 legatio
1332 3597 1805 3662 Sarracenorum,

86 3713 277 3757 causa
309 3693 744 3767 expostulandae
783 3691 960 3761 pacis,
1001 3703 1070 3744 ea
1103 3693 1435 3757 tempestate
1480 3683 1808 3755 Hierosoly-

90 3789 207 3845 mis
225 3789 603 3844 convenerat.
629 3780 790 3839 Uude
805 3780 1020 3850 justam
1045 3784 1227 3843 ratus,
1269 3788 1447 3845 quam
1478 3786 1513 3828 a
1545 3771 1809 3828 barbaris

88 3877 437 3946 rogabatur,
489 3869 622 3927 belli
681 3866 1071 3933 omissiouem,
1114 3864 1344 3920 directae
1414 3858 1688 3931 legationi
1747 3866 1809 3915 ut

91 3973 351 4037 utraque
413 3975 548 4032 pars
630 3965 948 4029 opportuno
1028 3951 1334 4009 conveniat
1408 3950 1529 4005 loco
1586 3949 1803 4037 indicit,

99 4075 119 4102 ι
177 4036 425 4124 aequum
477 4050 533 4105 in
588 4058 904 4118 regnorum
953 4041 1169 4097 finibus
1222 4047 1468 4096 tractare
1497 4038 1565 4093 de
1596 4036 1807 4093 foedere

1915 2899 2065 2947 ctam
2116 2892 2397 2949 crelestem
2458 2893 2509 2949 ei
2570 2895 2671 2964 qui
2754 2893 2939 2950 foedus
2997 2894 3321 2964 corruperit
3397 2894 3613 2964 impre-

1918 2980 2201 3037 cabimur.
2260 3002 2281 3029 ι
2351 2980 2473 3048 Quo
2527 2982 2698 3047 dicto,
2763 2980 2932 3038 favor
2982 2982 3289 3053 utrobique
3375 2983 3615 3051 tollitur,

1915 3072 2227 3140 statimque
2267 3069 2552 3139 principes
2581 3070 2800 3125 mutuis
2838 3083 2957 3125 sese
2996 3084 3258 3139 recepere
3287 3070 3613 3140 colloquiis.

1997 3157 2207 3211 Urbem
2234 3158 2663 3228 Jerosolymam
2709 3156 3028 3229 imperator
3060 3158 3185 3229 ipse
3198 3159 3622 3226 fraudulenter

1913 3244 2135 3303 invisit.
2157 3276 2228 3288 —
2247 3247 2351 3302 Ubi
2378 3247 2498 3317 jam
2528 3248 2762 3319 majoris
2785 3247 3008 3302 fiduciae
3038 3247 3195 3317 apud
3234 3260 3426 3317 regem
3480 3247 3620 3303 bar—
3670 3274 3673 3283 π

1916 3336 2093 3391 barus
2137 3335 2357 3391 aditum
2427 3336 2679 3391 invenit:
2738 3357 2759 3383 ι
2814 3334 3120 3402 Quoniam,
3184 3333 3394 3405 inquit,
3440 3334 3620 3390 armis

1916 3424 2152 3496 abiectis
2178 3424 2459 3480 bellorum
2497 3438 2704 3480 causas
2735 3423 3022 3480 interdum
3055 3424 3396 3491 exemimus,
3431 3422 3617 3479 multa

1916 3513 2057 3567 mihi
2090 3513 2323 3568 accessit
2364 3513 2815 3584 Hierosolymam
2838 3511 3071 3567 videndi
3107 3511 3302 3573 libido,
3344 3510 3503 3581 quia,
3537 3524 3611 3566 ex

1915 3615 1982 3657 eo
2023 3609 2275 3671 tempore
2319 3615 2436 3672 quo
2488 3615 2617 3657 eam
2676 3599 2998 3673 expugnati
3052 3613 3086 3655 a
3126 3599 3362 3656 Francis
3428 3599 3618 3655 amisi-

1916 3702 2066 3755 mus,
2122 3688 2343 3743 meliori
2405 3697 2559 3745 statu
2620 3688 2986 3745 reformatam
3054 3687 3407 3744 audivimus.
3468 3687 3614 3744 Cum

1917 3775 2293 3846 quantislibet
2344 3776 2511 3832 sociis
2568 3776 2717 3832 infra
2772 3775 2975 3832 urbem
3033 3775 3258 3831 admitti
3351 3775 3615 3845 deposco.

1918 3865 2081 3921 Illam
2130 3871 2355 3921 tantum
2400 3865 2648 3932 videam,
2685 3872 2741 3920 et
2791 3863 3015 3930 vidisse,
3052 3864 3192 3919 satis
3226 3863 3364 3918 mihi
3396 3861 3616 3919 factum

1919 3951 2188 4023 pensabo.
2245 3972 2274 4001 ‹‹
2330 3951 2443 4007 Nec
2496 3950 2686 4008 renuit
2742 3964 2866 4017 rex,
2929 3950 3146 4022 quippe
3198 3963 3374 4020 quem
3432 3949 3613 4005 dolosi

1921 4039 2312 4097 fraudulentia
2340 4040 2589 4096 hominis
2618 4038 2848 4095 latebat.
2898 4039 3037 4094 Tota
3071 4038 3398 4109 regreditur
3428 4037 3614 4094 Asca-

94 4116 308 4212 pacis:
353 4116 716 4196 existimans.
761 4130 1025 4202 Regressi
1054 4128 1245 4184 nuntii
1280 4126 1596 4197 principem
1629 4138 1802 4181 suum
1844 4116 1886 4172 C
1913 4130 2099 4185 lonem
2160 4128 2544 4184 barbarorum
2577 4141 2805 4182 manus.
2863 4126 3267 4182 Admiravisus
3309 4126 3614 4195 perpaucis

95 4229 398 4285 mandatis
453 4228 780 4281 instruunt:
825 4220 1053 4290 placent
1102 4216 1305 4272 delatae
1356 4212 1666 4284 pactiones,
1701 4211 1806 4271 de-

96 4319 375 4375 nuntiata
404 4314 768 4388 prastolatur
807 4311 942 4367 dies.
976 4307 1101 4376 Qua
1144 4306 1510 4369 adventante,
1537 4300 1806 4373 designa-

98 4416 193 4464 tus
223 4406 302 4464 ab
344 4405 608 4475 utrisque
650 4399 1013 4472 principibus
1062 4397 1258 4452 aditur
1296 4393 1476 4450 locus.
1536 4390 1651 4446 Nec
1692 4402 1807 4444 mo-

101 4496 232 4553 dica
284 4502 620 4552 nostrarum
669 4492 921 4563 partium
961 4501 1096 4544 cum
1139 4480 1628 4542 Christianissimo
1671 4491 1806 4550 rege

98 4585 341 4642 accessit
393 4579 754 4652 frequentia;
811 4576 1009 4633 Gentis
1061 4588 1193 4630 vero
1226 4571 1482 4644 profanae
1513 4582 1648 4625 cum
1699 4579 1805 4622 suo

100 4671 453 4729 admiraviso
487 4667 755 4724 immanis
790 4664 1022 4721 emersit
1049 4659 1418 4732 populositas.
1474 4656 1599 4713 Non
1639 4653 1807 4711 valde

100 4763 325 4831 procul,
359 4776 390 4818 e
420 4759 653 4831 regione
680 4757 771 4813 his
815 4763 870 4811 et
921 4753 1031 4809 illis
1071 4748 1535 4811 consistentibus,
1587 4744 1805 4802 barba—

98 4863 201 4905 rus
242 4849 367 4922 regi
424 4844 938 4917 Hierosolymitano
966 4855 1067 4911 per
1095 4842 1434 4909 interpretes
1485 4834 1719 4891 mandat
1735 4840 1805 4922 ut

98 4951 247 5006 quas
283 4920 423 4994 velit
479 4935 769 5007 pactiones
810 4931 1017 4996 edicat,
1060 4942 1120 4985 se
1173 4939 1409 4998 quoque
1456 4920 1805 4979 omnimodis

97 5034 533 5082 exsecuturum.
591 5022 738 5078 Tum
800 5034 935 5076 vero
975 5018 1097 5074 Rex
1140 5030 1209 5070 Ζι
1245 5015 1351 5070 Pro
1401 5027 1529 5077 suo,
1589 5008 1802 5080 inquit,

99 5111 236 5179 ritu,
301 5113 499 5169 virum
551 5109 690 5165 satis
743 5106 1067 5163 censorium
1128 5102 1463 5159 audivimus
1511 5106 1566 5154 et
1635 5096 1806 5153 malle

101 5201 297 5270 occidi,
331 5214 511 5273 quam
561 5199 802 5269 prodere
835 5197 935 5267 jus
977 5195 1124 5250 datae
1144 5190 1486 5249 securitatis.
1525 5189 1604 5244 De
1656 5201 1806 5244 com-

104 5290 387 5347 meatibus
430 5294 935 5356 mercatorumque
995 5282 1284 5339 mercibus
1333 5288 1487 5336 terra
1540 5277 1805 5347 marique

34 5384 35 5387 ‘
105 5377 351 5446 tuendis,
385 5378 455 5433 de
482 5376 776 5445 lignorum
806 5371 1195 5429 vectatoribus
1233 5382 1348 5424 non
1386 5363 1801 5437 inquietandis,

107 5462 174 5519 de
214 5465 519 5524 nocturnis
580 5462 1098 5537 frequentibusque
1150 5456 1467 5514 latrociniis
1522 5453 1803 5518 vetandis,

108 5551 175 5608 de
222 5554 606 5614 dilfundenda
660 5553 869 5623 passim
901 5562 1059 5620 pace,
1120 5547 1291 5604 fidem
1328 5559 1397 5601 ac
1441 5542 1807 5600 securitatem

112 5654 213 5698 suo
252 5644 371 5701 ritu
429 5642 521 5699 vel
577 5653 733 5696 more
762 5636 1087 5704 confirmet;
1120 5639 1176 5690 et
1222 5644 1353 5689 cum
1383 5629 1523 5700 ipsis
1551 5642 1655 5685 nos
1685 5641 1810 5684 eas-

1913 4215 2167 4282 retentis,
2207 4228 2401 4286 regem
2440 4227 2626 4284 usque
2682 4213 3128 4282 Hierosolymam
3164 4211 3491 4269 comitatur.
3527 4212 3612 4267 Ea

1915 4303 2145 4359 interim
2205 4301 2296 4358 die
2346 4301 2654 4357 siluerunt.
2709 4301 2775 4357 In
2830 4300 3167 4368 crastinum,
3217 4300 3327 4356 sub
3374 4300 3613 4356 honoris

1915 4393 2152 4450 obtentu
2184 4390 2559 4462 quisbusdam
2604 4397 2933 4446 nostrorum
2972 4389 3311 4460 proceribus
3339 4389 3613 4455 vallatus,

1919 4495 2037 4537 non
2101 4479 2267 4535 modo
2315 4485 2698 4549 spectaturus,
2730 4491 2934 4534 verum
2964 4478 3380 4549 exploraturus
3407 4477 3616 4535 urbem

1914 4568 2184 4640 procedit.
2219 4567 2329 4625 Ubi
2390 4565 2601 4636 templa
2650 4566 2741 4622 vel
2767 4566 3032 4622 ecclesias
3074 4566 3380 4637 fulgentes,
3410 4579 3614 4623 eversa

1913 4672 2154 4714 suorum
2201 4656 2446 4726 antiqua
2499 4652 2762 4717 delubra,
2820 4656 3142 4710 destructas
3205 4666 3356 4722 aras,
3399 4660 3615 4711 statum

1915 4747 2076 4804 urbis
2118 4759 2275 4803 more
2315 4744 2641 4803 Christiano
2708 4744 3077 4800 immutatum
3143 4743 3306 4811 vidit,
3362 4742 3490 4800 felle
3546 4742 3618 4799 de

1913 4834 2093 4890 nimio
2148 4832 2495 4903 lacrymasse
2547 4830 2901 4902 perhibetur.
2954 4830 3143 4886 Nostri
3192 4830 3449 4901 quidem,
3511 4830 3616 4901 qui

1914 4921 2059 4979 nihil
2112 4920 2246 4977 mali
2298 4919 2367 4975 de
2423 4918 2550 4974 viro
2597 4918 3066 4988 suspicabantur,
3097 4917 3380 4989 ejusmodi
3414 4916 3616 4974 fletum

1915 5012 2180 5082 pietatem
2231 5008 2604 5064 mstimavere.
2655 5007 2898 5063 Demum
2932 5007 3003 5062 ad
3067 5020 3306 5078 regem:
3367 5027 3389 5057 ‹
3464 5005 3613 5073 Non,

1917 5098 2124 5169 inquit,
2175 5096 2400 5152 delatus
2451 5103 2658 5150 vestrae
2707 5093 2902 5165 gloriae
2971 5108 3075 5150 nos
3127 5094 3335 5150 delusit
3388 5107 3612 5162 rumor,

1913 5202 2046 5245 cum
2102 5185 2323 5256 potiora
2375 5196 2550 5255 quam
2620 5183 2918 5239 audieram
2980 5182 3101 5253 ipse
3186 5182 3353 5238 modo
3434 5180 3617 5238 oculis

1915 5274 2341 5345 usurpaverim.
2424 5271 2597 5328 Plane
2647 5270 2937 5341 profiteor,
3011 5283 3353 5341 quanquam
3402 5273 3615 5325 nosti-te

1915 5365 2057 5435 parti
2094 5365 2369 5435 derogare
2394 5361 2613 5427 videar,
2640 5360 2824 5418 multo
2870 5374 3050 5431 quam
3100 5360 3311 5416 nostris
3340 5359 3619 5430 tempori-

1918 5453 2046 5516 bus,
2100 5450 2305 5507 urbem
2359 5462 2517 5504 nunc
2551 5448 2801 5505 feliciora
2850 5448 3109 5504 obtinere
3139 5447 3512 5504 incrementa.
3545 5450 3618 5503 At

1919 5554 2023 5597 nos
2070 5537 2482 5595 munificentiae
2552 5544 2761 5593 vestras
2806 5537 3235 5607 respondentes,
3285 5536 3423 5592 huic
3475 5537 3618 5594 satis

1919 5622 2358 5696 cooperabirnur
2413 5623 2628 5695 gloriae.
2686 5623 2834 5695 Opes
2878 5623 3183 5681 advectare
3238 5623 3616 5695 Babylonicas
