3934 6414
355 439 459 493 835

1233 431 1295 486 V.
1335 429 1675 487 GUIBERTI
1716 429 2008 486 ABBATIS
2045 429 2105 486 S.
2155 428 2397 486 ΜΑΒῘᾸΞ
2437 429 2527 486 DE
2567 428 2962 486 NOVIGENTO

3749 430 3863 484 836

356 578 699 630 mercatores
728 570 809 625 eis
840 582 938 638 per
962 580 1120 623 mare
1148 566 1487 634 direximus,
1528 580 1678 637 quas
1705 566 1845 622 satis
1878 563 2036 621 tenui
2076 569 2118 621 Α
2146 564 2518 621 Dissimulata
2574 539 2766 621 tamen
2813 564 3181 634 conscientia,
3230 565 3385 622 mille
3412 566 3671 622 homines
3702 580 3849 622 cum

356 660 535 731 pretio
588 656 989 713 distrahendas
1036 652 1173 709 huic
1222 653 1352 709 urbi
1402 653 1741 710 inferemus:
1796 666 2050 722 quarum

358 748 587 820 copiosa
641 746 917 802 varietate
967 757 1081 813 quo
1120 741 1369 811 amplius
1422 741 1709 812 indigetis,
1768 755 1834 797 eo
1889 741 2052 797 vobis

361 844 636 909 perpetuo
691 833 1022 905 profuturas
1076 828 1371 886 noveritis.
1404 851 1423 877 ι
1482 830 1737 897 Dixerat,
1794 835 1849 884 et
1879 830 2052 898 regiis

356 926 620 983 munitus
651 921 1043 993 stipatoribus,
1077 919 1149 974 ad
1176 932 1283 974 sua
1304 931 1490 988 usque
1518 916 1832 972 reducitur.

426 1012 564 1086 Regi
618 1009 1032 1078 Hierosolyma
1077 1008 1381 1061 struuntur
1404 1004 1642 1059 insidia.
1672 1035 1741 1043 —
1769 1004 1885 1061 Nec
1912 1017 2051 1060 cun-

356 1109 564 1167 ctatus,
600 1097 806 1154 libellis
854 1093 1205 1152 transmissis
1247 1094 1567 1163 principem
1610 1090 1920 1160 Babylonis
1951 1102 2050 1159 per

355 1184 738 1245 internuntios
789 1182 1052 1239 adoritur
1091 1197 1104 1236 :
1152 1203 1180 1230 «
1228 1180 1373 1237 Cum
1426 1188 1634 1236 vestra
1678 1178 2050 1236 sublimitatis

354 1291 581 1344 nomen,
613 1273 867 1330 delatum
897 1270 1115 1342 ubique
1150 1279 1460 1336 terrarum,
1503 1276 1585 1326 tot
1619 1269 1889 1340 gentibus
1915 1269 2049 1338 iter—

355 1364 468 1422 rori
502 1360 815 1424 incumbat,
840 1358 998 1430 quod
1024 1356 1336 1413 Christiani
1369 1356 1609 1413 advena
1668 1354 1834 1426 regni
1876 1353 2049 1410 vestri

355 1453 494 1509 fines
540 1446 955 1512 mutilaverint,
1004 1452 1219 1501 aeterno
1285 1443 1544 1514 subjacet
1594 1443 1820 1514 pudori.
1909 1442 2049 1497 Ecce

355 1555 483 1611 pars
514 1537 770 1594 maxima
814 1533 1140 1603 Babylonici
1200 1532 1447 1602 imperii,
1494 1531 1752 1587 externis
1807 1530 2047 1586 subacta

351 1627 597 1700 legibus,
655 1621 912 1693 antiquis
958 1620 1167 1677 ritibus
1191 1620 1498 1676 numinum
1542 1619 1737 1684 sacris,
1791 1618 1940 1674 luxu
1992 1625 2048 1672 et

351 1716 645 1785 voluptate
689 1726 803 1783 qua
863 1709 952 1767 uti
1008 1708 1333 1765 solebamus
1373 1715 1558 1764 vacat.
1616 1709 1818 1763 Vereor
1868 1706 2047 1760 iratos

352 1805 504 1870 deos,
555 1816 662 1858 nec
697 1799 1051 1856 Matbomum
1102 1796 1247 1852 velle
1322 1794 1690 1866 patrocinari.
1752 1792 1913 1861 Quod
1995 1789 2043 1846 si

350 1894 572 1950 viribus
625 1889 921 1959 armisque
980 1884 1289 1955 resummis
1344 1884 1697 1941 Christianos
1727 1897 1761 1938 a
1806 1889 1961 1937 terra
1991 1886 2046 1934 ct

350 1981 595 2038 urbibus
652 1990 846 2033 arcere
904 1975 1224 2043 volueritis,
1287 1981 1342 2031 et
1365 1973 1443 2029 dii
1474 1988 1576 2029 vos
1617 1972 1953 2035 exaudient,
1991 1974 2048 2023 et

352 2069 677 2125 Mathomus
714 2063 1115 2135 opitulabitur.
1164 2064 1326 2118 Ferte
1365 2074 1553 2132 opem,
1586 2061 1765 2117 armis
1802 2057 2048 2115 camelos

348 2165 597 2224 onerate,
653 2156 1009 2211 armatorum
1081 2152 1461 2208 nihilominus
1535 2149 1817 2220 quotlibet
1869 2144 2047 2202 millia

349 2244 595 2316 dirigite.
663 2240 958 2297 Biennales
999 2254 1034 2295 a
1066 2254 1201 2309 rege
1232 2237 1742 2307 Hierosolymitano
1784 2233 2048 2291 inducias

349 2331 729 2396 obtinuimus,
792 2328 998 2383 urbem
1056 2325 1238 2394 ipsam
1277 2323 1665 2388 immunitam,
1699 2322 1840 2377 levis
1891 2321 2048 2375 viros

347 2425 681 2481 armatura,
732 2414 890 2470 fusos
936 2411 1271 2467 auxiliarios
1311 2409 1579 2465 vidimus.
1617 2408 1806 2478 Opum
1838 2414 2048 2463 vestra-

348 2522 482 2565 rum
547 2517 796 2561 munera
832 2507 1271 2569 mercatumque
1329 2498 1407 2553 illi
1472 2496 1923 2567 repromisimus.
1983 2503 2048 2552 ut

347 2609 489 2666 erga
515 2608 619 2649 nos
660 2593 719 2647 in
752 2588 913 2645 nullo
951 2595 1243 2657 suspectos
1303 2602 1399 2642 eos
1428 2586 1815 2642 redderemus.
1848 2585 1903 2641 Si
1943 2597 2046 2654 pro

349 2682 656 2747 mercibus,
690 2691 984 2734 armorum
1013 2676 1271 2731 sarcinas
1299 2674 1412 2730 illis
1459 2674 1807 2740 direxeritis,
1865 2673 2047 2729 facilis

348 2769 507 2842 apud
536 2782 638 2824 vos
665 2765 774 2822 erit
830 2763 1013 2834 ipsius
1051 2763 1283 2834 jactura
1314 2761 1496 2818 urbis.
1551 2782 1573 2810 ι
1628 2761 1727 2817 His
1775 2760 2043 2830 acceptis,

348 2865 640 2927 tyrannus
677 2868 777 2924 spe
812 2852 1098 2909 dictorum
1130 2851 1515 2907 animabatur.
1559 2849 1850 2905 Mirareris
1879 2848 2046 2904 deni-

350 2958 464 3015 que
510 2942 756 3003 militum
801 2938 1126 3005 audaciam,
1162 2951 1456 2993 armorum
1516 2936 1899 3007 quantitatem
1937 2949 2045 2990 va-

346 3034 620 3102 riumque
657 3028 961 3100 fulgorem,
988 3032 1384 3082 armentorum
1415 3024 1875 3093 victualiumque
1923 3020 2048 3076 infi-

348 3119 605 3184 nitatem,
661 3115 791 3172 auri
840 3122 1300 3184 caterarumque
1354 3126 1531 3181 opum
1569 3110 2043 3178 immensitatem;

346 3222 479 3281 qua
509 3206 702 3263 omnia
731 3212 956 3261 mature
987 3210 1190 3274 parata
1219 3202 1470 3258 navibus
1510 3200 1911 3271 imponuntur,
1942 3210 2047 3252 nec

344 3297 529 3353 multo
561 3300 684 3365 post
714 3291 1058 3357 Ascalonam
1088 3297 1490 3361 exponuntur.

416 3385 769 3453 Deteguntur
785 3396 856 3435 ac
875 3378 1264 3434 dissolvuntur
1276 3373 1504 3432 insidia
1520 3371 1675 3446 regis
1709 3373 1949 3445 parata.
1978 3399 2046 3408 —

347 3474 590 3530 Demum
642 3484 777 3525 cum
803 3469 924 3524 dies
968 3464 1394 3522 transmittendi
1426 3462 1635 3534 negotii
1666 3459 2047 3530 repromissus

348 3563 607 3626 instaret,
638 3558 809 3615 mittit
840 3557 913 3613 ad
945 3570 1136 3627 regem
1168 3562 1475 3626 tyrannus,
1507 3560 1561 3609 et
1588 3552 1662 3608 ad
1701 3551 2046 3621 {conducen-

348 3650 452 3706 das
514 3659 749 3712 merces,
799 3643 1114 3715 quemlibet
1156 3656 1188 3698 a
1242 3642 1417 3698 latere
1475 3640 1628 3711 regis
1696 3636 2043 3708 expostulat.

350 3737 457 3793 Sed
483 3749 549 3792 eo
574 3741 827 3803 tempore
853 3746 955 3788 rex
986 3731 1143 3802 apud
1180 3730 1364 3788 Cavas
1386 3730 1684 3801 {castrum,
1722 3727 1780 3782 in
1832 3725 2048 3781 Arabia

349 3826 548 3888 situm,
595 3828 970 3878 concesserat.
1030 3820 1149 3876 Hoc
1195 3834 1309 3875 non
1357 3817 1523 3874 valde
1581 3814 1780 3887 procul
1830 3828 1864 3870 a
1911 3813 2047 3869 Sina

351 3916 543 3968 monte
570 3909 643 3964 ad
672 3907 964 3981 regionem
997 3907 1271 3963 tuendam
1321 3910 1756 3972 construxerat;
1808 3917 1944 3960 nam
1992 3911 2047 3959 et

347 4014 413 4057 eo
444 4012 630 4070 usque
658 4010 905 4068 regnum
935 3994 1298 4051 dilataverat.
1346 3993 1609 4064 Denique
1646 3990 2045 4062 procurando-

350 4102 483 4146 rum
521 4086 807 4158 regalium
833 4085 975 4141 dum
1004 4097 1109 4140 rex
1158 4082 1402 4150 abesset,
1436 4081 1525 4137 vir
1551 4081 1789 4152 quidam
1846 4080 2049 4137 fidelis-

348 4177 549 4245 simus,
603 4182 659 4231 et
714 4172 1011 4245 vigilantis
1056 4170 1296 4243 ingenii,
1374 4170 1776 4241 Hierosolymis
1859 4168 2046 4225 officio

350 4264 739 4336 fungebatur;
786 4260 958 4332 cujus
1006 4273 1221 4330 purum
1274 4273 1484 4315 nomen
1540 4260 1889 4332 ignorantes,
1928 4270 2048 4328 qua

350 4352 542 4409 nescio
565 4350 863 4407 occasione
928 4349 1288 4405 Mathonium
1350 4348 1715 4420 agnominari
1765 4346 2045 4417 comperi-

2158 653 2492 725 quingentis
2546 653 2787 709 sarcinis
2827 653 3276 723 Hierosolymam
3330 653 3518 710 duxit.
3572 653 3869 709 Distribu-

2158 740 2348 811 tisque
2378 740 2643 812 singulis,
2674 754 2805 811 qua
2845 739 2992 796 turri
3020 740 3201 796 David
3225 741 3498 812 contigua
3524 748 3714 808 erant,
3749 742 3871 796 ho-

2159 829 2482 898 spitalibus,
2516 829 2845 885 Mathonius
2878 828 2935 885 in
2977 828 3270 896 Arabiam,
3301 828 3402 885 ubi
3440 843 3543 885 rex
3586 828 3872 884 moraba-

2161 924 2276 982 tur,
2308 919 2466 973 venit
2498 932 2511 972 :
2543 938 2571 967 «
2616 917 2779 977 Sunt.
2817 917 3024 987 inquit,
3051 917 3451 987 Hierosolymis
3476 916 3867 973 funestissimi

2158 1015 2521 1073 mercatores,
2560 1006 2662 1077 qui
2694 1004 2856 1062 nobis
2888 1020 3002 1061 non
3035 1020 3233 1076 opum,
3267 1006 3365 1061 sed
3393 1019 3690 1062 armorum
3732 1019 3872 1060 sar-

2157 1093 2317 1151 cinas
2366 1094 2708 1151 attulerunt.
2751 1094 2823 1149 Et
2880 1094 2989 1149 nisi
3021 1093 3132 1149 cito
3161 1092 3543 1162 subveniatis,
3594 1093 3873 1149 futuram

2155 1183 2327 1239 timeo
2363 1183 2720 1239 eversionem
2748 1189 2802 1237 et
2832 1182 3018 1252 gentis
3042 1188 3098 1236 et
3129 1181 3304 1237 urbis.
3344 1202 3364 1227 ι

2224 1312 2445 1369 Omisso
2493 1312 2673 1383 igitur
2722 1324 2827 1366 rex
2878 1309 3128 1380 negotio,
3185 1310 3258 1366 ad
3318 1309 3523 1366 urbem
3586 1308 3874 1367 festinato

2157 1401 2499 1472 regreditur,
2552 1407 2607 1455 et
2664 1397 3144 1455 commeatoribus
3175 1399 3450 1467 evocatis,
3480 1398 3600 1455 foro
3637 1411 3875 1454 merces

2155 1490 2366 1559 exponi
2410 1488 2602 1559 jussit.
2628 1486 2791 1554 Quod
2834 1486 2916 1541 illi
2958 1486 3119 1542 nullo
3156 1487 3324 1542 modo
3365 1485 3485 1541 ﬁeri
3519 1499 3679 1556 posse
3703 1485 3873 1540 dice-

2155 1581 2313 1648 bant,
2363 1579 2543 1635 doncc
2580 1578 2617 1634 ii
2670 1591 2817 1647 quos
2850 1584 3256 1646 pracesserant
3303 1576 3392 1633 vel
3441 1577 3575 1633 socii
3629 1576 3724 1633 vel
3762 1576 3875 1632 do-

2155 1666 2296 1723 mini
2324 1665 2642 1734 venalium,
2674 1665 3074 1733 adventarent,
3104 1665 3590 1735 vehementerque
3621 1664 3866 1720 resiste-

2151 1753 2311 1810 bant.
2341 1752 2473 1808 Mox
2506 1758 2698 1807 autem
2730 1764 2854 1817 rex,
2885 1751 3156 1808 omnibus
3183 1750 3456 1807 custodia
3489 1751 3865 1821 mancipatis,

2082 1869 2126 1924 Β
2155 1840 2400 1897 reserari
2441 1840 2697 1896 sarcinas
2750 1838 2898 1895 fecit.
2955 1839 3105 1906 Quid
3162 1840 3376 1910 plura?
3422 1842 3493 1896 Et
3527 1839 3759 1912 fulgore
3808 1849 3868 1897 et

2156 1943 2365 1999 genere
2420 1935 2824 1998 apparuerunt
2871 1941 3035 1983 arma
3093 1928 3232 1983 satis
3281 1928 3647 1997 spectabilia;
3710 1928 3870 1983 inter

2155 2029 2288 2086 qua
2340 2015 2510 2070 etiam
2569 2028 2831 2084 reperere
2902 2014 3208 2071 classicum
3267 2028 3411 2071 auro
3493 2017 3867 2086 gemmisque

2156 2112 2211 2160 et
2264 2104 2517 2159 novitate
2567 2102 2753 2173 operis
2811 2102 3057 2175 insigne.
3093 2126 3114 2153 ι
3166 2106 3315 2170 Hac,
3362 2105 3440 2160 ait
3487 2118 3608 2172 rex,
3660 2106 3871 2161 merci-

2157 2191 2351 2246 monia
2379 2200 2434 2247 et
2464 2190 2785 2262 periculosa
2838 2193 2978 2246 satis
3009 2198 3146 2247 sunt
3189 2199 3244 2246 et
3275 2190 3459 2246 utilia.
3508 2192 3862 2259 Periculosa,

2156 2278 2203 2334 si
2234 2287 2553 2348 praparato
2598 2279 2746 2334 malo
2790 2293 2905 2334 non
2960 2277 3294 2346 resistimus,
3329 2279 3511 2335 utilia.
3544 2280 3685 2349 quia
3726 2279 3865 2336 belli

2156 2368 2474 2438 proderunt
2506 2367 2727 2423 usibus.
2759 2366 2943 2437 Super
2968 2367 3056 2423 his
3088 2367 3267 2437 igitur
3318 2368 3481 2423 vobis
3529 2368 3665 2437 ipsis
3720 2383 3863 2424 con-

2155 2456 2343 2524 sulite,
2376 2471 2409 2511 o
2435 2455 2545 2511 viri
2593 2456 2780 2511 fortes.
2825 2477 2845 2504 ι
2905 2457 2985 2511 Ad
3019 2456 3140 2512 hac
3190 2457 3539 2513 Eustachius
3581 2457 3864 2513 Caesarea

2156 2558 2364 2610 comes,
2429 2544 2767 2615 respondit:
2825 2566 2844 2593 ι
2907 2546 3006 2600 His
3055 2546 3491 2616 quamprimum
3535 2547 3859 2617 productis,

2155 2647 2353 2689 omnes
2406 2632 2677 2687 damnate
2732 2631 3038 2701 capitibus.
3087 2632 3277 2689 Unum
3339 2634 3439 2704 qui
3492 2633 3575 2691 rei
3649 2636 3862 2691 seriem

2156 2720 2423 2788 declaret,
2479 2726 2789 2775 reservate.
2848 2742 2868 2768 ι
2935 2719 3060 2784 Quo
3109 2720 3276 2789 facto,
3330 2721 3432 2777 uni
3486 2720 3863 2778 securitatem

2156 2808 2289 2863 vita
2313 2807 2614 2874 dederunt,
2640 2806 2685 2861 si
2736 2814 2949 2863 cuncta
2975 2821 3048 2863 ex
3078 2808 3279 2863 ordine
3309 2809 3543 2878 pandat.
3578 2807 3688 2875 Qui
3729 2809 3812 2864 ait
3846 2824 3861 2863 :

2161 2918 2183 2947 ι
2215 2896 2348 2952 Ideo
2377 2909 2541 2951 arma
2569 2894 2811 2950 sarcinis
2842 2894 3181 2951 inclusimus
3220 2903 3287 2952 ut
3338 2910 3440 2952 vos
3479 2896 3664 2967 specie
3710 2895 3863 2969 _[al.,

2155 2983 2278 3057 spe]
2329 2984 2623 3040 venalium
2671 2982 3083 3053 deciperemus.
3136 2984 3208 3039 Et
3256 2984 3377 3040 ideo
3434 2987 3864 3055 pracessimus,

2155 3079 2222 3129 ut
2248 3080 2371 3128 arte
2406 3072 2636 3127 conscia
2664 3077 2883 3127 turrem
2926 3078 2982 3126 et
3010 3071 3252 3141 {portam
3306 3072 3639 3142 contiguam
3683 3087 3869 3129 exer-

2086 3164 2126 3218 C
2156 3158 2276 3216 citu
2328 3166 2593 3225 venturo,
2624 3164 2820 3225 noctu,
2873 3157 3038 3214 vobis
3091 3160 3392 3228 soporatis,
3470 3158 3856 3229 aperiremus.

2152 3246 2261 3313 Qui
2294 3253 2485 3303 tamen
2517 3246 2838 3317 ingressuri
2872 3248 2995 3301 ‘non
3043 3252 3229 3313 erant,
3284 3246 3466 3301 donec
3510 3246 3863 3303 adveniente

2154 3334 2512 3405 crepusculo,
2545 3334 2849 3390 classicum
2880 3333 2989 3389 sibi
3024 3340 3248 3404 notum,
3278 3333 3349 3389 de
3377 3347 3649 3403 supremo
3677 3336 3866 3390 turris

2154 3424 2440 3479 audirent.
2477 3422 2600 3478 Non
2628 3429 2822 3478 autem
2853 3435 2985 3478 cum
3016 3422 3254 3491 impetu,
3303 3421 3399 3478 sed
3440 3420 3764 3492 sigillatim,
3792 3428 3863 3479 ut

2156 3519 2283 3582 pote
2326 3513 2591 3567 inermes.
2640 3510 2840 3566 Turris
2871 3524 3007 3566 vero
3054 3523 3090 3564 a
3132 3509 3482 3579 quibusdam
3514 3509 3859 3578 obtinenda,

2155 3598 2227 3654 ab
2256 3598 2382 3654 aliis
2407 3612 2642 3668 quoque
2670 3597 2741 3652 ad
2770 3598 3014 3653 exitium
3034 3605 3291 3653 vestrum
3323 3597 3512 3653 statim
3542 3597 3663 3652 hac
3691 3612 3864 3653 arma

2155 3686 2455 3742 sumenda.
2502 3706 2523 3734 ι
2570 3685 2670 3740 His
2717 3685 2933 3740 auditis
2966 3693 3315 3756 acceptoque
3353 3685 3608 3750 consilio,
3652 3687 3864 3743 Eusta-

2155 3774 2321 3829 chius
2352 3773 2471 3829 ait:
2513 3793 2542 3823 «
2573 3773 2692 3829 Hoc
2721 3773 2905 3829 solum
2940 3775 3095 3830 omni
3129 3782 3390 3844 superest
3424 3775 3857 3844 meditamento,

2156 3868 2221 3917 ut
2252 3872 2355 3917 nos
2378 3861 2487 3917 illis
2509 3862 2767 3917 eamdem
2800 3860 2981 3918 vicem
3012 3862 3349 3919 referamus.

2226 3993 2413 4064 Igitur
2440 4007 2573 4050 cum
2602 3992 2790 4048 omnis
2828 3993 3209 4051 barbarorum
3256 3994 3613 4051 convenisset
3640 3995 3859 4051 exerci-

2156 4081 2536 4149 tus,irrnente
2567 4088 2732 4137 nocte
2759 4081 2911 4138 circa
2953 4083 3154 4139 urbem
3197 4097 3330 4139 cum
3362 4097 3571 4153 magno
3600 4083 3861 4139 consedit

2156 4169 2398 4225 silentio.
2446 4169 2786 4225 Nostrorum
2835 4178 3029 4226 autem
3060 4184 3195 4240 pars
3242 4171 3494 4226 maxima
3538 4170 3703 4226 novis
3743 4170 3861 4227 illo-

2156 4272 2289 4317 rum
2321 4258 2436 4330 (35)
2471 4259 2647 4315 armis
2687 4259 2932 4329 munita,
2966 4266 3187 4330 portam
3235 4258 3595 4316 observabat.
3647 4259 3722 4314 At
3752 4259 3857 4314 ubi

2155 4346 2519 4403 illucescente
2546 4360 2580 4402 a
2614 4347 2947 4405 custodibus
2974 4348 3151 4404 turris
3179 4347 3482 4405 classicum
3513 4347 3653 4404 illud
3696 4348 3859 4403 inso-

351 4453 501 4495 mus.
537 4438 658 4505 Hic,
692 4436 1005 4506 aliquando
1030 4450 1065 4492 a
1095 4436 1433 4493 Christianis
1480 4445 1681 4506 captus
1721 4435 2049 4492 adolescens
2085 4459 2130 4512 ι)
2156 4434 2304 4502 nuit,
2337 4448 2613 4504 aperuere
2645 4442 2886 4505 portam.
2911 4437 3073 4492 Tunc
3103 4436 3252 4492 lento
3297 4436 3613 4492 introibant
3643 4437 3856 4508 gradu,

351 4525 824 4596 baptismumque
867 4523 1128 4595 adeptus,
1161 4532 1224 4581 ut
1274 4524 1529 4595 corporis
1562 4524 1770 4595 gratia,
1817 4524 1897 4579 ita
1927 4538 2047 4579 mo-

352 4613 578 4671 ralitate
609 4621 888 4684 suscepta
941 4611 1308 4683 professionis
1352 4618 1707 4668 excreverat.
1741 4613 1907 4667 Hunc
1938 4610 2051 4666 ita-

351 4717 467 4776 que
499 4702 859 4772 potissimum
911 4700 1064 4756 cives
1105 4699 1582 4771 angariaverunt,
1618 4712 1684 4754 eo
1715 4697 1872 4769 quod
1906 4704 2051 4754 esset

351 4791 614 4849 barbara
636 4789 855 4861 lingua
886 4788 1291 4858 peritissimus.
1331 4789 1557 4842 Interea
1599 4785 1755 4855 apud
1784 4783 2048 4841 Sarrace-

351 4894 456 4936 nos
504 4878 897 4934 fraudulentia
933 4876 1064 4932 talis
1089 4874 1556 4941 machinabatur,
1590 4882 1655 4931 ut
1687 4889 1803 4930 non
1843 4873 2051 4929 milites

351 4985 446 5027 eos
462 4975 563 5040 qui
581 4970 957 5035 advenerant,
989 4973 1141 5023 455
1180 4966 1278 5023 sed
1292 4965 1692 5038 negotiatores,
1722 4979 1838 5021 non
1865 4979 2047 5034 arma,

353 5057 451 5114 sed
483 5055 709 5112 venalia
738 5056 872 5126 quis
901 5056 1187 5113 aestimare
1219 5063 1427 5126 posset,
1458 5068 1533 5111 ex
1565 5053 1782 5124 quibus
1810 5054 2051 5110 sarcina

353 5152 781 5215 componuntur
810 5145 1160 5216 quingenta.
1187 5143 1309 5211 Quo
1331 5141 1670 5214 perveniens
1700 5140 2047 5209 Mathonius,

354 5232 602 5289 officiose
650 5232 984 5302 suscipitur,
1034 5239 1093 5288 et
1144 5245 1332 5301 neque
1366 5230 1650 5288 conviviis
1696 5242 1896 5285 eorum
1949 5236 2052 5285 aut

352 5319 610 5376 conciliis
657 5327 905 5387 arcetur,
960 5326 1157 5389 utpote
1189 5318 1289 5388 qui
1317 5318 1630 5388 putabatur
1668 5318 1825 5388 quod
1848 5332 2048 5375 eorum

353 5420 471 5464 non
530 5406 870 5479 intelligeret
912 5419 1224 5462 sermones.
1278 5405 1350 5461 Et
1399 5406 1540 5461 dum
1586 5404 1807 5474 sedulo,
1855 5407 2052 5462 minus

354 5494 609 5565 providis
634 5510 836 5553 eorum
874 5491 1294 5551 conventiculis
1326 5507 1447 5549 sese
1472 5494 1835 5563 insuspectus
1880 5493 2050 5551 inter-

353 5581 489 5638 serit
555 5597 701 5654 quos
783 5581 1192 5647 deliberarant,
1277 5579 1441 5638 facile
1516 5581 1819 5653 perpendit
1867 5582 2046 5640 dolos.

423 5703 534 5775 (35)
565 5706 882 5775 Hucusque
911 5699 1160 5758 ineditis.

2161 4538 2266 4580 nec
2289 4523 2362 4580 ab
2394 4523 2636 4581 invicem
2671 4525 3151 4594 impediebantur.
3203 4525 3470 4581 Admisso
3517 4533 3675 4582 certa
3723 4540 3862 4596 sup-

2159 4611 2455 4681 putatione
2502 4611 2823 4671 millenario
2888 4614 3145 4670 clausere
3205 4622 3449 4683 portam,
3509 4612 3858 4685 sublatoque

2159 4700 2417 4757 tumultu
2448 4700 2669 4769 profani
2700 4703 3143 4759 truncabantur.
3176 4701 3337 4768 Quod
3380 4715 3513 4757 cum
3558 4701 3859 4758 audissent

2160 4789 2410 4863 forenses
2455 4803 2591 4845 suos
2625 4789 2682 4845 in
2714 4798 3044 4846 nostrorum
3074 4789 3383 4859 perniciem
3433 4789 3683 4861 grassari
3742 4805 3860 4847 cre-

2160 4877 2388 4934 debant.
2441 4878 2754 4950 Postquam
2797 4893 2933 4934 vero
2987 4879 3103 4934 sole
3157 4879 3285 4935 fuso
3341 4878 3461 4934 dies
3538 4878 3858 4944 incanduit,

2156 4966 2339 5023 sciens
2381 4980 2486 5022 rex
2518 4982 2633 5023 non
2662 4982 2786 5023 esse
2812 4975 3002 5023 tutum
3038 4966 3359 5023 innumeris
3399 4980 3610 5036 paucos
3654 4982 3859 5024 occur-

2158 5070 2302 5123 rere,
2334 5069 2613 5112 casorum
2669 5055 2859 5124 capita
2890 5054 3083 5111 fundis
3116 5068 3182 5109 ac
3212 5054 3541 5110 balearibus
3575 5058 3855 5123 torqueri,

2158 5150 2333 5213 atque
2377 5142 2584 5212 jactari
2626 5141 2800 5212 jussit
2834 5141 2892 5197 in
2921 5150 3128 5210 castra,
3164 5150 3228 5198 ut
3258 5156 3497 5199 suorum
3531 5143 3709 5198 territi
3744 5158 3859 5201 mo—

2157 5230 2314 5287 tibus
2334 5229 2408 5284 ad
2437 5228 2636 5299 fugam
2664 5238 3027 5300 cogerentur.
3057 5230 3179 5298 Quo
3225 5229 3374 5286 facto
3407 5238 3602 5286 tantus
3656 5230 3857 5287 multi-

2160 5318 2422 5374 tudinem
2448 5316 2662 5373 invasit
2686 5316 2892 5373 horror
2942 5324 3005 5373 ut
3043 5317 3236 5373 subito
3255 5318 3327 5374 ab
3369 5319 3452 5374 eis
3471 5318 3730 5374 omnium
3774 5333 3859 5374 re-

2159 5419 2293 5461 rum
2342 5405 2615 5461 memoria
2670 5412 2877 5475 prater
2934 5405 3134 5477 fugam
3165 5406 3472 5472 recederet,
3509 5406 3857 5477 lucrumque

2161 5499 2433 5563 putarent
2478 5493 2527 5548 si
2580 5492 2668 5550 vel
2717 5493 2887 5564 equis
2932 5494 3255 5550 conscensis
3286 5494 3673 5552 elaberentur.
3717 5496 3854 5563 Qui-

2159 5579 2268 5635 bus
2297 5578 2672 5650 fugientibus,
2720 5581 3049 5652 nostrisque
3103 5580 3500 5653 sequentibus,
3554 5589 3716 5640 tanta
3762 5598 3856 5640 ex-
