3934 6408
49 404 146 455 837
1173 403 1264 466 DE
1307 401 1472 459 VITA
1512 404 1646 458 SUA
1687 404 1871 461 LIBRI
1915 406 2110 461 TRES.
2146 435 2214 444 —-
2249 403 2381 462 LIB.
2429 408 2463 459 Ι.

3472 410 3576 464 838

47 537 186 593 stitit
236 553 610 608 paganorum
673 538 1032 594 mortiﬁcatio
1080 545 1144 594 ut
1193 552 1380 609 usque
1436 539 1770 596 Ascalonem
1809 544 1855 597 A
1885 547 2134 611 quantas
2180 541 2249 596 de
2295 540 2552 597 tentoriis
2597 541 2924 612 Babyloniae
2964 557 3100 613 opes
3146 544 3325 600 nostri
3381 551 3573 600 sustu-

47 638 471 700 persequentes
497 629 764 684 omnibus
809 629 1111 698 peremptis
1143 629 1239 684 vix
1276 630 1396 699 jam
1440 630 1767 686 invenirent

47 731 222 785 quem
284 723 740 786 prosternerent.
809 716 1043 771 Reversi
1102 717 1300 787 itaque
1352 732 1483 773 cum
1538 733 1767 774 summa

39 805 420 874 jubilationis
475 805 646 860 laude
698 805 962 871 victores,
1022 804 1172 860 sicut
1230 805 1417 860 testati
1470 813 1605 860 sunt
1665 807 1767 877 qui

44 893 394 960 adfuerunt,
418 894 536 963 jam
569 906 666 948 cor
694 892 979 960 meditari,
1011 892 1095 947 vel
1131 892 1330 964 lingua
1384 893 1588 963 nequit
1636 895 1764 962 fari,

1879 629 2010 684 lere.
2047 631 2204 684 Hanc
2234 629 2354 684 suis
2404 629 2665 685 Christus
2695 629 2943 686 inimicis
2971 631 3388 699 confusionem,
3426 633 3578 688 hanc

1876 719 1996 770 suis
2019 717 2282 772 ﬁdelibus
2309 717 2550 773 contulit
2573 717 2890 784 victoriam,
2923 733 3058 774 cum
3086 727 3143 774 et
3181 719 3306 775 illos
3336 720 3576 791 dejicere

1878 806 2059 862 voluit
2092 807 2148 860 in
2180 805 2456 876 laqueum
2495 822 2667 876 quem
2709 808 3086 876 tetenderant,
3118 816 3172 864 et
3205 809 3307 864 hos
3336 824 3370 864 a
3411 809 3577 865 malis

1878 907 2217 949 conservare
2239 908 2370 963 (ωδ)
2403 909 2517 950 non
2551 902 3010 964 promeruerant.

1720 1027 1918 1077 FINIS

1346 1307 1634 1391 VEN.
1699 1309 2293 1393 GUIBER'I'I

588 1496 773 1604 DE
861 1496 1195 1606 VITA
1293 1499 1562 1607 SUA
1655 1500 1974 1608 SIVE
2067 1501 3050 1614 MONODIARUM

1264 1719 1773 1825 LIBRI
1890 1721 2365 1824 TBES.

1383 2089 1728 2174 LIBER
1804 2090 2265 2176 PRIMUS.

1050 2239 1119 2300 In
1171 2257 1298 2318 quo
1340 2238 1752 2318 potissimum
1803 2239 1880 2298 de
1931 2239 2136 2317 ipsius
2167 2239 2297 2300 vita
2346 2240 2576 2318 agitur.

637 2488 864 2545 CAPUT
893 2489 1194 2544 PRIMUM.

125 2585 282 2635 456
311 2577 503 2648 Deﬂet
525 2575 956 2630 triumsfaluum
969 2573 1094 2629 vitae
1121 2591 1235 2629 sum
1249 2577 1504 2645 peccata.
1532 2605 1590 2616 —
1623 2574 1769 2632 Con-

58 2669 222 2725 ﬁteor
233 2683 330 2724 am
342 2665 615 2737 plitudini
631 2673 760 2732 tuae,
779 2667 948 2732 Deus,
969 2663 1326 2719 inﬁnitorum
1341 2678 1603 2720 errorum
1621 2679 1771 2719 meo—

58 2773 187 2814 rum
220 2758 532 2821 decursus,
555 2762 609 2810 et
630 2754 1004 2810 creberrimos
1021 2753 1091 2807 ad
1119 2751 1769 2818 miserationisinternae,

55 2862 202 2917 quos
235 2854 436 2902 tamen
470 2843 778 2912 inspirasti,
825 2855 1115 2897 recursus.
1181 2840 1464 2896 Conﬁteor
1513 2840 1772 2909 pueritiae

55 2934 474 3007 acjuventutis
506 2946 642 2987 mese
669 2931 838 2994 mala,
871 2931 1061 2985 adhuc
1094 2930 1266 2984 etiam
1314 2928 1373 2984 in
1405 2936 1635 2984 matura
1666 2928 1773 2983 hac

57 3033 221 3080 aetate
279 3021 614 3087 aestuantia,
663 3029 718 3076 et
769 3021 1086 3075 inveterata
1147 3017 1498 3088 pravitatum
1559 3017 1768 3083 studia,

60 3112 306 3168 necdum
366 3108 475 3164 sub
539 3107 834 3179 defatigati
889 3106 1145 3176 corporis
1193 3113 1421 3176 torpore
1469 3106 1770 3161 cessantia.

58 3200 310 3266 Quoties,
386 3197 644 3262 Domine,
712 3194 1416 3266 perseverantissimarum
1463 3193 1774 3263 impurita-

58 3298 175 3345 tum
229 3300 506 3344 mearum
559 3285 846 3351 recordor,
877 3291 932 3339 et
959 3283 1210 3354 qualiter
1238 3296 1340 3352 pro
1375 3281 1587 3337 eisdem
1627 3295 1776 3336 com-

53 3379 240 3449 pungi
287 3389 522 3446 semper
581 3374 886 3430 donaveris
946 3371 1301 3439 reminiscor,
1359 3371 1773 3441 patientissima

54 3483 153 3529 tua
183 3472 245 3526 in
309 3483 408 3525 me
459 3471 701 3533 viscera,
736 3480 914 3536 supra
947 3480 1124 3536 quam
1157 3464 1396 3535 cogitari
1440 3464 1636 3533 possit,
1665 3465 1773 3520 ad-

52 3562 257 3617 miror.
322 3557 383 3613 Si
437 3555 799 3624 compunctio
831 3562 886 3610 et
939 3553 1216 3608 orationis
1251 3551 1491 3607 allectus
1549 3565 1773 3622 nequa-

53 3663 234 3719 quam
271 3648 404 3703 sine
439 3653 538 3701 tua
565 3643 807 3713 spiritali
835 3642 1116 3697 inlusione
1146 3641 1452 3706 habentur,
1487 3643 1774 3711 quomodo

53 3747 169 3795 tam
208 3737 528 3807 dignanter
559 3732 716 3788 illabi
757 3739 1121 3802 peccatorum
1174 3729 1502 3800 pectoribus
1542 3730 1771 3798 pateris,

54 3832 108 3880 et
135 3822 364 3878 aversis
389 3830 524 3887 ate,
561 3820 673 3876 imo
729 3828 779 3876 te
837 3819 1217 3883 irritantibus,
1270 3824 1484 3872 tantam
1526 3817 1774 3888 gratiam

55 3911 362 3982 dilargiris
391 3910 419 3965 ?
445 3909 531 3965 Tu
561 3911 692 3977 scis,
726 3909 1039 3978 paternitas
1091 3920 1303 3978 magna
1355 3906 1547 3972 nimis,
1597 3921 1776 3976 quam

54 4001 357 4056 obstinata
387 3997 668 4052 adversus
717 4011 812 4051 eos
859 3995 961 4065 qui
992 3994 1268 4050 offensam
1322 4003 1578 4051 nostram
1631 3995 1776 4049 inci-

54 4089 225 4156 dunt,
262 4086 444 4143 corda
476 4086 751 4155 gerimus,
783 4092 837 4139 et
871 4083 940 4138 iis
985 4083 1082 4153 qui
1126 4082 1299 4138 semel
1342 4091 1443 4138 aut
1474 4082 1777 4152 pluraliter

55 4177 115 4232 in
148 4190 272 4239 nos,
302 4181 410 4229 aut
439 4173 654 4240 vultus,
708 4179 808 4227 aut
856 4171 1034 4226 verba
1069 4170 1346 4237 tulerunt,
1405 4184 1582 4241 quam
1624 4185 1777 4242 aegre

57 4264 445 4320 remittimus.

128 4354 201 4406 At
234 4359 301 4405 tu
347 4362 466 4403 non
521 4347 686 4402 modo
741 4347 892 4416 pius,
950 4354 1007 4400 at
1054 4358 1190 4400 vero
1245 4344 1368 4414 ipsa
1424 4344 1624 4414 pietas,
1666 4344 1779 4400 imo

57 4440 188 4512 ejus
218 4439 412 4508 origo.
451 4436 554 4501 Qui
605 4449 736 4490 cum
798 4433 1224 4505 generalissime
1283 4433 1668 4502 progrediaris
1705 4433 1776 4488 ad

58 4540 283 4593 omnes,
361 4537 552 4579 nonne
636 4521 883 4592 singulis
971 4519 1183 4591 poteris
1262 4534 1382 4575 esse
1431 4519 1780 4576 sufliciens?

58 4615 327 4683 Quidni?
381 4613 525 4668 Cum
574 4611 831 4666 mundus
875 4609 931 4663 in
1003 4608 1103 4664 Dei
1149 4607 1477 4677 ignorantia
1563 4608 1780 4678 positus

57 4713 230 4772 esset,
265 4715 406 4759 cum
459 4701 514 4754 in
550 4697 798 4754 tenebris
853 4710 921 4752 ac
949 4695 1148 4752 mortis
1178 4696 1384 4752 umbra
1427 4705 1777 4764 versaretur,

58 4808 197 4849 cum
226 4798 401 4847 nocte
426 4803 597 4844 suum
632 4793 938 4858 peragente
980 4798 1217 4840 cursum
1273 4783 1564 4840 silentium
1623 4799 1779 4840 com-

59 4899 241 4940 mune
277 4886 520 4944 teneret,
551 4879 721 4948 cujus
752 4875 973 4942 merito,
1006 4873 1178 4943 cujus
1225 4886 1360 4927 voce
1403 4874 1588 4943 potuit
1626 4887 1777 4928 com-

59 4971 268 5042 pellari
333 4968 532 5024 Sermo
588 4965 949 5033 omnipotens
1001 4969 1157 5027 tuus,
1216 4968 1279 5016 ut
1329 4974 1363 5015 a
1424 4960 1604 5032 regali
1649 4960 1780 5016 sede

59 5056 332 5117 veniret?
359 5055 522 5126 (Sap.
557 5067 713 5119 xvui,
751 5052 834 5118 14,
872 5053 976 5116 15.)
1023 5049 1091 5103 Et
1119 5047 1221 5118 qui
1253 5048 1540 5102 universae
1572 5048 1778 5104 huma-
1817 5084 1862 5138 Β

60 5149 263 5205 uitatis
293 5141 652 5213 negligentia
705 5139 847 5210 quin
895 5135 1184 5192 misereris
1228 5144 1369 5191 tunc
1407 5135 1631 5190 obstrui
1664 5149 1778 5191 non

63 5247 315 5308 poteras,
346 5233 565 5288 mirum
607 5245 723 5285 non
759 5229 803 5284 si
860 5240 1000 5297 erga
1049 5239 1235 5281 unum
1295 5223 1564 5293 quamvis
1620 5237 1783 5278 enor-

62 5331 236 5384 miter
269 5331 628 5397 peccatorem
662 5316 1108 5375 miserabundus
1127 5317 1360 5371 existas.
1393 5313 1515 5369 Non
1547 5328 1780 5384 possum

65 5416 256 5471 dicere
304 5411 467 5483 quod
512 5408 739 5464 facilius
767 5404 1013 5477 singulis
1055 5402 1396 5469 miserearis,
1448 5414 1625 5471 quam
1668 5413 1761 5454 om

65 5503 263 5569 nibus,
300 5511 440 5555 cum
497 5495 808 5565 utrobique
853 5492 957 5549 tibi
987 5497 1206 5547 constet
1250 5491 1309 5545 in
1356 5489 1516 5545 nullo
1547 5487 1786 5544 claudas

68 5592 161 5666 Ui,
209 5584 454 5659 clauda]
489 5585 749 5652 facilitas,
798 5582 952 5639 facili
999 5581 1155 5636 enim
1202 5579 1427 5636 facilius
1482 5577 1784 5666 quidpiam

67 5664 227 5752 apud
275 5685 330 5735 te
386 5687 505 5731 non
552 5680 654 5728 est.
710 5672 860 5728 Fons
888 5683 1023 5727 cum
1060 5667 1156 5732 sis,
1201 5675 1256 5724 et
1310 5668 1401 5738 (³⁵)
1433 5680 1566 5723 cum
1615 5664 1772 5736 quod

1807 2487 2113 2544 Bemanas
2141 2490 2411 2546 omnibus
2463 2491 2688 2559 debeas,
2748 2491 2914 2560 plane
2953 2493 3109 2563 quod
3185 2493 3447 2549 omnium
3493 2501 3578 2549 est

1881 2577 2127 2648 singulis
2157 2593 2268 2632 non
2294 2579 2616 2647 praecludis.

1953 2663 2187 2736 Semper
2212 2680 2348 2738 ergo
2378 2681 2642 2736 peccans,
2671 2675 2725 2723 et
2774 2668 2923 2723 inter
2955 2669 3309 2738 peccandum
3355 2684 3580 2740 semper

1881 2758 1952 2814 ad
1976 2765 2029 2813 te
2061 2758 2304 2826 rediens,
2357 2773 2431 2814 an
2465 2759 2539 2829 pii
2602 2761 2804 2832 fugax,
2846 2762 3077 2830 piumve
3127 2761 3413 2825 deserens,
3447 2777 3580 2818 cum

1881 2849 1949 2901 ad
2001 2847 2265 2916 pietatem
2314 2861 2632 2915 recurrero,
2687 2851 2882 2918 perdet
2924 2849 3102 2918 pietas
3169 2849 3327 2918 quod
3375 2855 3482 2914 est,
3526 2856 3581 2904 et

1879 2937 2049 2992 etiam
2084 2935 2396 2990 offensione
2422 2936 2722 3006 multiplici
2767 2938 2996 3006 obruta,
3054 2938 3385 2993 invenietur
3428 2938 3582 2992 inso-

1881 3024 2038 3079 lens?
2068 3025 2270 3079 Nonne
2320 3023 2423 3078 tibi
2455 3024 2668 3079 dicitur
2713 3026 2850 3094 quia
2882 3040 2996 3080 non
3047 3025 3367 3081 continebis
3407 3040 3463 3080 in
3498 3026 3582 3080 ira

1884 3121 1981 3168 tua
2017 3111 2437 3167 misericordias
2471 3119 2601 3166 tuas
2627 3111 2654 3165 ?
2687 3112 2875 3181 (Psal.
2929 3127 3116 3179 LXXVI,
3174 3113 3272 3181 l0.)
3320 3115 3432 3166 Has
3463 3126 3580 3167 non

1881 3203 2049 3260 modo
2081 3203 2139 3258 in
2173 3205 2457 3272 praesenti,
2489 3203 2584 3258 sed
2621 3204 2678 3258 in
2708 3210 2987 3260 aeternum
3016 3205 3240 3260 futuras
3275 3204 3422 3259 idem
3453 3217 3584 3258 can-

1881 3298 1984 3346 tat.
2014 3290 2100 3345 Tu
2140 3292 2248 3345 scis
2279 3290 2422 3359 quia
2458 3304 2573 3345 non
2605 3290 2731 3346 ideo
2777 3305 2945 3360 pecco
2987 3291 3140 3361 quod
3175 3298 3225 3347 te
3257 3290 3583 3346 misericor-

1880 3381 2007 3435 dem
2042 3379 2244 3446 sentio,
2281 3380 2373 3435 sed
2400 3394 2599 3435 secure
2625 3380 2893 3450 proﬁteor
2914 3388 2966 3436 te
2995 3380 3118 3436 ideo
3156 3379 3582 3435 misericordem

1881 3467 2015 3533 dici,
2064 3467 2217 3537 quod
2266 3469 2343 3522 sis
2397 3468 2626 3522 veniam
2685 3469 3114 3538 postulantibus
3175 3476 3399 3538 praesto.
3459 3467 3585 3524 Non

1880 3563 1934 3610 te
1967 3555 2273 3610 miserante
2320 3555 2531 3611 abutor
2581 3553 2698 3626 (’5),
2739 3557 2965 3627 quoties
3012 3570 3113 3625 per
3158 3555 3428 3626 peccandi
3478 3569 3585 3612 ne-

1882 3643 2195 3698 cessitatem
2228 3657 2458 3712 peccare
2511 3645 2837 3714 compellor,
2882 3659 3084 3700 verum
3119 3644 3362 3714 profana
3415 3643 3588 3698 nimis

1881 3738 2024 3786 esset
2055 3731 2275 3798 abusio,
2307 3732 2376 3799 si,
2408 3733 2548 3802 quia
2580 3733 2866 3802 perfacilis
2897 3742 3022 3803 post
3077 3742 3376 3804 peccatum
3433 3733 3504 3788 ad
3535 3739 3588 3787 te

1883 3825 1968 3874 est
2008 3818 2242 3886 reditus,
2287 3834 2512 3890 semper
2560 3829 2649 3876 me
2705 3822 2980 3891 peccandi
3038 3821 3253 3878 delecte
3296 3835 3584 3877 excessus.

1885 3905 2057 3960 Pecco
2101 3905 2408 3977 siquidem,
2449 3906 2566 3973 sed,
2601 3907 2820 3964 ratione
2851 3912 2998 3962 451
3056 3912 3300 3978 recepta,
3362 3910 3419 3963 in
3450 3906 3587 3964 affe-

1884 4001 2039 4049 ctum
2093 3993 2280 4048 cordis
2327 3995 2600 4050 transisse
2647 4010 2736 4051 me
2785 3997 3036 4066 pmnitet,
3090 4004 3326 4065 tamque
3378 4002 3590 4051 sterco-

1884 4080 2027 4137 rosis
2058 4081 2316 4151 cophinis
2339 4097 2498 4138 mens
2528 4083 2784 4153 graviter
2812 4084 2996 4139 invita
3027 4082 3372 4138 succumbit.

1958 4168 2063 4224 Sed
2090 4169 2239 4224 inter
2271 4169 2376 4224 has
2415 4170 2783 4239 quotidianas
2831 4171 3205 4242 aegritudines
3247 4169 3590 4239 qualiscun—

1887 4272 2000 4327 que
2055 4258 2490 4314 resurrectionis
2519 4273 2553 4314 a
2584 4259 2746 4328 lapsu
2779 4259 2920 4328 quid
2951 4257 3234 4314 facerem?
3273 4257 3450 4314 Multo
3493 4270 3591 4312 sa—

1888 4345 2021 4400 nius
2061 4359 2251 4400 nonne
2299 4353 2382 4401 est
2430 4347 2489 4402 in
2523 4355 2573 4403 te
2625 4347 2696 4402 ad
2765 4354 2992 4416 tempus
3053 4347 3214 4412 eniti,
3272 4346 3331 4400 in
3387 4353 3439 4400 te
3496 4344 3586 4400 vel

1888 4439 2282 4488 momentanee
2327 4435 2630 4503 respirare,
2685 4447 2861 4503 quam
2923 4447 3159 4503 prorsus
3216 4449 3329 4489 non
3391 4432 3590 4488 memi-

1887 4519 2040 4575 nisse
2071 4521 2303 4576 remedii
2360 4531 2414 4576 et
2469 4521 2538 4576 de
2585 4524 2770 4592 gratia
2824 4523 3168 4591 desperare?
3200 4521 3271 4578 Et
3319 4521 3460 4592 quid
3511 4533 3595 4582 est

1889 4608 2211 4678 desperare,
2247 4609 2356 4662 nisi
2399 4609 2454 4662 in
2483 4610 2670 4664 omnis
2699 4609 2897 4680 ﬂagitii
2951 4609 3322 4664 volutabrum
3372 4622 3491 4663 sese
3521 4619 3594 4662 ex

1889 4697 2297 4752 deliberatione
2354 4696 2671 4766 projicere?
2713 4697 2818 4751 Ubi
2857 4696 3009 4750 enim
3048 4695 3206 4750 carni
3252 4696 3372 4766 jam
3412 4695 3597 4750 nulla-

1889 4790 2059 4839 tenus
2091 4783 2328 4853 spiritus
2357 4783 2695 4849 reluctatur,
2728 4791 2782 4838 et
2815 4782 3052 4837 infelicis
3081 4783 3290 4837 animae
3332 4781 3595 4838 substan-

1888 4871 1968 4924 tia
2027 4871 2388 4940 voluptatum
2463 4870 2762 4940 dispendio
2834 4871 3192 4941 proﬁigatur.
3256 4871 3308 4925 Is
3364 4877 3446 4926 est
3495 4869 3596 4939 qui

1889 4972 2176 5030 aquarum
2212 4966 2544 5028 tempestate
2575 4959 2946 5030 demergitur,
2981 4957 3266 5028 profundo
3307 4957 3593 5024 sorbetur,

1889 5049 1961 5102 ad
1994 5046 2223 5116 reprobi
2260 5047 2563 5102 cumulum
2623 5060 2828 5102 sensus
2873 5060 2934 5100 os
2963 5047 3206 5114 desuper
3257 5043 3410 5115 putei
3463 5057 3598 5114 per-

1892 5145 2156 5208 urgetur.

1965 5226 2112 5279 Dum
2151 5238 2308 5294 ergo,
2359 5223 2510 5278 Deus
2573 5223 2742 5287 bone,
2799 5229 2922 5292 post
2979 5221 3083 5276 has
3143 5219 3433 5276 interioris
3485 5219 3599 5274 mei

1894 5314 2144 5369 hominis
2199 5310 2563 5368 temulentias
2608 5311 2678 5366 ad
2714 5318 2763 5365 te
2812 5309 3098 5379 resipisco,
3153 5308 3242 5362 sin
3290 5307 3434 5362 alias
3467 5321 3597 5377 pro-

1896 5403 2041 5467 ﬁcio,
2094 5401 2292 5456 saltem
2335 5400 2563 5454 interim
2620 5411 2990 5468 nequaquam
3023 5411 3057 5451 a
3111 5395 3218 5451 mei
3277 5395 3600 5466 cognitione
3661 5429 3668 5434 -

1896 5489 2116 5544 deﬁcio.
2158 5487 2448 5554 Quomodo
2477 5487 2631 5540 enim
2662 5485 2735 5540 ad
2769 5486 2850 5540 tui
2901 5485 3161 5540 notitiam
3203 5483 3598 5549 scintillarem,

1897 5578 1945 5633 si
1997 5576 2067 5633 ad
2128 5589 2217 5632 me
2273 5573 2588 5630 videndum
2645 5571 3014 5629 cwcutirem?
3067 5571 3122 5626 Si
3184 5571 3374 5642 plane,
3427 5570 3604 5642 juxta

1896 5663 2222 5732 Jeremiam,
2301 5662 2393 5717 vir
2469 5675 2601 5717 sum
2654 5660 2856 5716 videns
2929 5666 3327 5729 paupertatem
3413 5669 3602 5713 meam
