3934 6426
366 393 470 445 839

365 520 597 587 (’Thren.
652 536 731 584 ιιι,
783 522 860 588 t);
908 533 1266 591 consequens
1331 528 1415 577 est
1463 528 1529 577 ut
1575 535 1643 576 ea
1687 496 1904 591 quibus
1956 520 2055 576 illa

361 611 703 680 suppleatur
729 619 969 680 egestas,
1018 609 1258 666 solerter
1294 610 1622 681 exquiram.
1655 610 1726 666 Et
1753 624 1784 666 e
1808 610 2054 676 diverso,

360 699 407 756 si
438 714 553 755 non
579 698 759 754 sciero
785 698 925 768 quid
954 697 1024 753 sit
1047 698 1287 765 bonum,
1317 698 1470 754 unde
1496 699 1714 754 malum
1747 698 1835 754 vel
1872 712 2057 764 nosse,

359 788 573 844 nedum
622 786 910 842 exsecrari
968 787 1212 855 potero?
1271 785 1326 842 Si
1380 787 1869 857 pulchritudinem
1943 801 2053 839 non

359 875 637 942 noverim,
692 887 998 944 nunquam
1041 873 1346 944 foeditatem
1406 876 1627 931 horreo.
1675 874 1820 942 Quia
1879 875 2057 945 igitur

356 971 672 1032 utrumque
694 965 933 1025 constat,
967 969 1029 1016 ut
1059 975 1161 1031 per
1191 962 1297 1017 mei
1348 962 1608 1017 notitiam
1642 970 1801 1017 tuam
1846 968 2053 1031 petam,

355 1057 411 1106 et
438 1051 635 1106 fruens
694 1056 812 1115 tua,
887 1048 1037 1105 illico
1086 1063 1213 1105 mea
1256 1064 1372 1106 non
1421 1064 1668 1116 caream,
1719 1049 1963 1120 dignum
1990 1060 2058 1101 ac

355 1137 729 1208 singulariter
783 1136 1036 1193 salutare
1079 1145 1161 1193 est
1194 1144 1255 1193 ut
1285 1137 1611 1193 obscuritas
1640 1135 1881 1193 rationis
1918 1147 2056 1190 meae

356 1239 459 1295 per
486 1223 818 1295 hujusmodi
845 1224 1228 1280 confessiones
1252 1224 1457 1279 crebra
1490 1224 1571 1279 tui
1604 1223 1839 1279 luminis
1869 1221 2057 1293 inqui-

355 1313 558 1369 sitione
592 1318 870 1384 tergatur,
897 1326 1015 1382 quo
1057 1310 1337 1368 stabiliter
1386 1311 1694 1377 illustrata,
1747 1322 2053 1395 nunquam

354 1402 620 1471 deinceps
644 1415 679 1457 a
704 1414 762 1457 se
792 1400 1103 1456 nesciatur.

1033 1486 1262 1542 CAPUT
1318 1487 1386 1541 ll.

424 1575 718 1632 Beneﬁcia
746 1573 862 1630 sibi
889 1590 929 1630 a
962 1577 1069 1628 Deo
1090 1573 1315 1627 collata
1343 1576 1626 1629 memorat
1654 1593 1674 1639 ;
1703 1574 1879 1645 deque
1908 1572 2057 1643 ipsa:

345 1666 575 1740 gratias
592 1664 734 1737 agit.
762 1695 825 1704 -—-
860 1664 954 1719 Est
986 1663 1181 1733 itaque
1221 1663 1469 1732 primum
1494 1663 1750 1717 contiteri
1797 1660 1895 1716 tibi
1923 1675 2053 1730 quae

352 1755 492 1811 mihi
532 1752 844 1810 contuleris
899 1751 1194 1818 beneficia,
1256 1760 1321 1807 ut
1381 1752 1736 1821 perpendant
1791 1751 1892 1821 qui
1932 1751 2053 1806 haec

1272 389 1340 445 ι’.
1404 388 1733 444 GUIBERTI
1792 388 2084 446 ABBATlS
2129 391 2184 445 S.
2246 389 2481 447 MARI/E
2539 389 2629 447 DE

2692 391 3079 450 NOVIGENTO

2092 525 2142 583 Α
2170 521 2353 579 forma
2396 530 2616 593 quanto
2665 523 3047 593 appetibilior,
3080 525 3128 581 si
3176 534 3377 582 contra
3426 526 3705 583 lenocinia
3752 528 3860 583 du-

2164 611 2369 675 ruerit,
2399 619 2556 666 tanto
2581 610 2926 666 omnimodae
2967 612 3133 669 titulo
3182 613 3371 669 laudis
3418 616 3685 672 evectior.
3735 617 3864 672 Sal-

2167 698 2376 754 lustius
2403 699 2640 768 Crispus
2668 698 2779 754 nisi
2810 699 2987 755 solam
3020 700 3143 755 sine
3172 700 3426 757 moribus
3474 702 3866 771 pulchritudi-

2167 801 2297 843 nem
2350 786 2509 843 laudi
2540 786 2816 855 duxisset,
2867 802 3171 858 nunquam
3203 789 3272 845 de
3322 790 3554 846 Aurelia
3606 790 3867 847 Orestilla

2167 876 2401 932 dixisset
2436 892 2450 932 :
2489 898 2509 924 ι
2546 878 2609 931 In
2644 890 2777 947 qua.
2812 878 2910 943 ait,
2974 885 3178 947 praeter
3210 879 3450 934 formam
3490 880 3567 934 nil
3604 893 3870 949 unquam

2167 962 2354 1019 bonus
2401 963 2680 1019 laudavit.
2721 985 2743 1012 ι
2783 963 2837 1019 Si
2900 963 3141 1019 formam
3170 964 3314 1033 ejus,
3350 979 3527 1034 quam
3567 964 3802 1034 excipit,
3836 978 3871 1018 a

2166 1050 2318 1105 bono
2348 1049 2571 1105 laudari
2598 1050 2814 1118 asserit,
2847 1050 2987 1120 quia
3018 1058 3207 1106 tamen
3237 1050 3298 1105 in
3335 1052 3554 1106 caeteris
3597 1051 3901 1107 omnibust

2169 1143 2390 1205 turpem
2418 1136 2574 1200 dicit,
2630 1150 2827 1192 secure
2868 1150 2971 1206 pro
3019 1136 3286 1192 Sallustio
3336 1137 3542 1207 loquor
3600 1138 3683 1192 sic
3735 1152 3901 1195 sen-i

2163 1226 2322 1293 sisse,
2351 1240 2457 1281 ceu
2487 1225 2720 1292 diceret,
2754 1224 2926 1295 digne
2977 1225 3105 1281 dote
3154 1233 3378 1281 natura:
3418 1240 3451 1280 a
3508 1227 3622 1282 Deo
3665 1240 3873 1297 appro-

2164 1312 2309 1381 bari,
2333 1313 2461 1371 licet
2483 1325 2612 1369 eam
2643 1320 2861 1369 constet
2890 1313 3187 1383 adjectivis
3227 1313 3583 1384 quibuslibet
3613 1315 3872 1384 impuri-

2162 1400 2377 1457 tatibus
2404 1399 2651 1470 impiari.
2704 1400 3001 1456 Laudatur
3035 1401 3234 1471 itaque
3267 1402 3325 1457 in
3368 1402 3522 1458 idolo
3556 1402 3873 1473 cujuslibet

2165 1489 2418 1545 materiei
2454 1489 2713 1559 partibus
2738 1488 2983 1559 propriis
3020 1489 3203 1544 forma
3256 1491 3620 1558 conveniens,
3649 1500 3703 1548 et
3734 1492 3875 1547 licet

3756 404 3785 447 8
3797 400 3858 450 Ἠ)

2166 1578 2378 1633 idolum
2410 1578 2482 1633 ab
2532 1579 2821 1647 Apostolo,
2866 1586 3149 1648 quantum
3206 1587 3421 1647 spectat
3451 1580 3521 1634 ad
3555 1580 3745 1647 tidem,
3778 1580 3871 1635 nil

2161 1665 2482 1735 appelletur
2540 1666 2590 1734 (ι
2619 1666 2751 1719 Cor.
2802 1680 2922 1730 VIII,
2956 1666 3033 1734 4),
3079 1680 3181 1722 ncc
3213 1666 3513 1735 quidpiam
3565 1668 3875 1737 profanius

2162 1753 2465 1819 habeatur,
2498 1760 2689 1808 tamen
2720 1752 2817 1807 illa
2855 1755 3244 1811 membrorum
3274 1765 3409 1825 apta
3437 1757 3691 1813 diductio
3748 1773 3871 1813 non

351 1840 557 1897 lecturi
590 1840 705 1896 sint
752 1837 956 1894 famuli
988 1837 1091 1905 tui,
1126 1838 1295 1906 Deus,
1346 1852 1521 1908 quam
1569 1839 1641 1893 sit
1669 1836 1919 1894 crudelis
1962 1836 2049 1891 in-
2091 1822 2135 1878 Β
2166 1841 2268 1896 abs
2290 1854 2349 1895 re
2373 1840 2665 1896 laudatur.

351 1933 643 2005 gralitudo
676 1947 821 1989 mea.
858 1932 914 1988 Si
943 1932 1096 1987 enim
1125 1945 1239 1987 non
1285 1931 1399 1986 alia
1442 1946 1617 2003 quam
1650 1945 1781 2002 quae
1837 1930 2055 1985 czeteris

351 2022 668 2093 impartiris
717 2019 1050 2077 hominibus
1100 2020 1241 2075 mihi
1299 2019 1659 2090 praebuisses,
1723 2030 1914 2072 nonne
1987 2030 2055 2072 ea

320 2095 483 2182 quae
515 2110 720 2167 mereri
767 2117 1068 2180 potueram
1101 2107 1583 2165 transcendisses?
1614 2104 1896 2163 Addidisti
1920 2104 2054 2175 plu-

352 2197 502 2253 rima
531 2212 662 2267 quae
714 2211 788 2253 ex
835 2205 935 2253 tuo
987 2196 1373 2267 praedicabilia
1418 2203 1573 2262 sunt,
1616 2194 1697 2249 nil
1754 2201 1949 2249 autem
1981 2206 2053 2247 ex

353 2302 500 2354 meo,
528 2294 582 2342 et
621 2285 736 2341 alia
772 2285 989 2355 quibus
1023 2284 1510 2355 supersedendum
1561 2297 1781 2339 censeo.
1815 2281 1871 2339 Si
1899 2282 2053 2337 enim

354 2389 556 2446 genus,
592 2389 725 2444 opes
757 2381 811 2430 et
840 2372 1045 2439 forma,
1083 2377 1146 2428 ut
1172 2381 1377 2429 caetera
1404 2373 1452 2429 si
1490 2387 1610 2443 qua
1645 2380 1781 2428 sunt
1811 2381 2051 2435 taceam,

354 2473 426 2533 te,
459 2464 718 2531 Domine,
755 2470 989 2519 auctore
1018 2463 1252 2531 dantur,
1294 2462 1457 2518 nulla
1486 2462 1640 2532 apud
1673 2462 1851 2517 bonos
1885 2462 2055 2518 laude

353 2553 641 2619 feruntur,
677 2551 781 2606 nisi
816 2565 970 2618 cum,
999 2551 1072 2606 ab
1104 2550 1191 2606 his
1216 2551 1431 2621 quibus
1459 2566 1494 2606 a
1523 2560 1575 2607 te
1605 2551 1738 2607 data
1768 2559 1923 2619 sunt,
1944 2550 2053 2607 sub

356 2639 558 2711 regula
596 2637 909 2694 honestatis
939 2644 1229 2704 arcentur,
1281 2644 1383 2694 aut
1423 2652 1661 2708 prorsus
1716 2638 2052 2708 contempti-

354 2728 494 2785 bilia
526 2741 628 2798 pro
648 2740 767 2782 suae
798 2724 935 2781 vitio
954 2725 1352 2781 mutabilitatis
1385 2726 1692 2782 habentur.
1722 2725 1866 2793 Quid
1898 2727 2053 2782 enim

354 2816 426 2871 ad
450 2829 537 2872 me
566 2815 635 2871 de
664 2814 754 2871 his
783 2827 915 2884 quae
944 2812 1090 2868 solas
1117 2813 1237 2868 suis
1269 2813 1556 2869 coloribus
1597 2821 1772 2883 atque
1797 2814 2054 2869 nomini-

352 2905 463 2961 bus
490 2916 694 2959 causas
749 2900 996 2958 lascivim
1047 2900 1446 2972 superbiaeque
1504 2902 1878 2968 ministrant;
1922 2917 2052 2972 quae

355 2993 437 3049 sic
466 2992 655 3048 media
684 2999 840 3057 sunt,
888 2998 953 3046 ut
1008 3004 1108 3060 pro
1140 2990 1419 3046 mentium
1450 2990 1655 3046 habitu
1694 2989 2051 3046 circumferri

355 3081 425 3138 ad
467 3082 682 3138 bonum
715 3079 1050 3149 malumque
1081 3086 1324 3148 queant;
1358 3094 1488 3148 quae
1518 3085 1677 3133 tanto
1717 3085 1854 3134 sunt
1891 3078 2050 3133 ﬂexi-

356 3169 556 3226 bilitati
588 3167 781 3223 addita
811 3172 1030 3236 quanto
1062 3178 1163 3235 pro
1193 3163 1284 3220 sui
1314 3163 1711 3220 transibilitate
1754 3165 2057 3234 suspecta?

246 3312 253 3319 .
357 3259 537 3327 Super
588 3255 805 3327 quibus
848 3253 895 3308 si
937 3252 1049 3308 alia
1081 3253 1227 3308 ratio
1258 3267 1371 3308 non
1405 3260 1750 3319 occurreret,
1788 3251 1885 3307 illa
1920 3251 2058 3308 satis

355 3352 518 3412 esset,
555 3338 709 3414 quod
763 3355 953 3412 neque
996 3353 1179 3411 genus
1216 3353 1406 3410 neque
1437 3339 1678 3409 speciem
1734 3338 1867 3409 quis
1891 3352 2058 3394 suam

355 3430 691 3497 elaboravit,
725 3436 779 3485 et
812 3429 869 3483 in
912 3427 1002 3484 his
1051 3426 1373 3497 specialiter
1405 3442 1519 3483 non
1551 3425 1721 3483 habet
1754 3427 1905 3497 quod
1941 3439 2058 3482 non

358 3521 656 3590 acceperit.

428 3607 573 3663 Sunt
603 3605 717 3660 alia
770 3602 1038 3674 quaedam
1096 3602 1313 3673 quibus
1363 3601 1749 3673 adipiscendis
1800 3602 2060 3658 humana

359 3691 672 3763 aliquando
701 3689 894 3746 studia
931 3689 1223 3760 cooperari
1279 3697 1540 3760 possunt,
1601 3689 1685 3746 uti
1714 3697 1851 3746 sunt
1901 3706 2053 3761 opes,

359 3782 443 3837 uti
471 3778 725 3851 ingenia,
765 3783 905 3833 teste
932 3777 1233 3833 Salomone
1274 3791 1286 3830 :
1335 3798 1355 3825 ι
1389 3776 1649 3844 Ferrum,
1683 3777 1892 3848 inquit,
1925 3792 2058 3834 cum

358 3876 618 3924 retusum
672 3864 863 3929 fuerit,
923 3864 1104 3920 multo
1165 3863 1360 3920 labore
1407 3872 1724 3921 exacuetur
1768 3865 1954 3936 (Eccl.
2000 3881 2055 3934 x,

362 3959 467 4025 l0).
516 3979 535 4004 ι
567 3953 728 4022 Quod
760 3961 941 4010 totum
988 3960 1043 4008 et
1086 3953 1272 4023 ipsum
1322 3952 1494 4007 etiam
1544 3966 1617 4008 ex
1676 3952 1829 4009 facili
1881 3967 2062 4010 asser-

356 4044 510 4101 tione
539 4050 820 4108 cassatur,
849 4041 987 4112 quia
1009 4039 1119 4095 nisi
1159 4039 1438 4096 rationem
1463 4039 1590 4107 lux,
1621 4055 1753 4111 quae
1773 4041 2061 4098 illuminat

356 4132 605 4189 ominem
625 4130 912 4186 hominem
928 4128 987 4182 in
1002 4128 1159 4183 hunc
1172 4127 1455 4184 mundum
1474 4129 1788 4185 venientem
1805 4129 2004 4199 (Joan.
2020 4147 2057 4198 ι,

359 4222 414 4289 9)
449 4218 691 4284 imbuat,
724 4222 780 4272 et
842 4215 991 4271 fores
1043 4215 1436 4272 doctrinarum
1494 4216 1756 4273 Christus
1808 4218 2059 4273 scientia:

357 4304 537 4361 clavis
584 4304 824 4374 aperiat,
878 4301 1023 4358 nulli
1075 4302 1320 4358 dubium
1359 4304 1513 4374 quod
1563 4305 1749 4360 omnis
1788 4306 2061 4376 magister

2232 1928 2612 1984 Pulchritudo
2660 1928 3004 1983 extollenda.
3035 1958 3108 1971 —
3142 1931 3213 1985 Et
3264 1938 3415 1987 certe
3451 1932 3721 2002 quamvis
3754 1947 3877 1987 mo-

2163 2023 2464 2071 mentanea
2524 2016 2895 2086 pulchritudo
2950 2018 3023 2073 sit
3077 2019 3435 2089 sanguinum
3491 2019 3876 2077 instabilitatc

2161 2104 2461 2173 vertibilis,
2486 2105 2805 2161 secundum
2838 2113 3176 2162 consuetum
3210 2106 3532 2178 imaginarii
3571 2108 3704 2164 boni
3740 2124 3880 2164 mo—

2161 2192 2320 2260 dum,
2384 2194 2534 2249 bona
2587 2194 2784 2264 negari
2838 2208 2953 2249 non
3009 2201 3205 2263 potest.
3259 2193 3313 2249 Si
3362 2194 3513 2250 enim
3579 2196 3880 2267 quidquid

2161 2281 2512 2337 aeternaliter
2532 2295 2565 2336 a
2591 2282 2708 2338 Deo
2736 2281 3064 2338 institutum
3095 2288 3198 2349 est,
3227 2281 3536 2351 pulchrum
3565 2292 3668 2351 est,
3696 2298 3882 2340 omne

2161 2368 2305 2425 illud
2337 2371 2492 2440 quod
2523 2371 2918 2441 temporaliter
2943 2370 3261 2440 speciosum
3303 2379 3407 2438 est,
3436 2378 3663 2427 aeternae
3712 2372 3882 2429 illius

2163 2458 2365 2527 speciei
2420 2459 2587 2529 quasi
2641 2458 2941 2528 speculum
2985 2460 3134 2515 estLa
3196 2458 3514 2515 Invisibilia
3558 2459 3713 2515 enim
3773 2462 3880 2518 Dei

2162 2558 2265 2614 per
2292 2559 2359 2601 ea
2389 2560 2520 2616 quae
2553 2545 2701 2601 facta
2729 2552 2885 2613 sunt,
2924 2545 3205 2602 intellecta
3234 2547 3691 2617 conspiciuntur,
3732 2570 3753 2596 ι
3793 2550 3884 2605 ait

2160 2633 2464 2702 Apostolus
2523 2634 2712 2705 (Rom.
2764 2649 2801 2702 1,
2848 2634 2960 2703 20).
3021 2634 3222 2705 Angeli
3276 2649 3508 2705 quoque
3566 2635 3886 2694 hominum

2161 2719 2563 2789 conspectibus
2593 2725 2742 2775 458
2776 2735 2835 2775 se
2871 2721 3209 2791 praebentes,
3250 2721 3451 2778 vultus
3476 2736 3701 2792 semper
3724 2731 3892 2780 attu-

2159 2810 2275 2867 lere
2303 2808 2663 2865 clarissimos.
2721 2809 2877 2866 Unde
2910 2824 3061 2866 uxor
3090 2810 3299 2867 Manue
3329 2826 3341 2864 :
3380 2833 3400 2859 ι
3431 2811 3619 2879 Venit,
3654 2813 3887 2884 inquit,

2158 2898 2250 2952 vir
2281 2896 2379 2952 Dei
2404 2898 2475 2952 ad
2511 2912 2598 2953 me
2623 2898 2948 2970 angelicum
2992 2898 3207 2954 habens
3246 2898 3470 2956 vultum
3536 2896 3695 2969 (Jud.
3748 2915 3889 2967 xm,

2159 2985 2237 3052 6).
2277 3004 2298 3031 ι
2335 2984 2473 3040 Inde
2516 2999 2547 3041 e
2572 2985 2797 3041 diverso
2827 2985 3134 3054 daemones,
3169 2986 3481 3058 qui.juxta
3512 2987 3680 3057 primi
3717 2988 3886 3045 Petri

2164 3085 2382 3138 vocem,
2423 3094 2442 3120 ι
2480 3072 2589 3128 sub
2619 3071 2864 3143 caligine
2894 3072 2965 3129 ad
3017 3073 3165 3129 diem
3201 3075 3395 3145 magni
3441 3075 3649 3145 judicii
3678 3090 3889 3133 roser-

2167 3168 2382 3215 vantur
2416 3160 2511 3231 (II
2543 3161 2697 3214 Petr.
2752 3175 2811 3223 ιι.
2853 3165 2955 3231 l7;
2999 3161 3142 3216 Jud.
3199 3163 3308 3231 t2),
3344 3184 3364 3211 ι
3398 3163 3658 3220 vultibus
3687 3165 3890 3222 solent

2165 3262 2442 3318 apparere
2474 3249 2798 3313 teterrimis,
2834 3263 2948 3303 non
2978 3264 3111 3305 cum
3147 3265 3207 3306 se
3257 3250 3534 3308 fallaciter
3565 3252 3894 3324 transfigu-

2167 3344 2298 3392 rant
2324 3336 2380 3392 in
2411 3337 2648 3408 angelos
2678 3336 2824 3393 lucis
2858 3338 2949 3402 (II
2975 3338 3107 3391 Cor.
3148 3353 3231 3406 XI,
3269 3339 3375 3410 14),
3416 3362 3442 3389 ››
3478 3355 3581 3397 nec
3613 3340 3671 3397 id
3702 3342 3898 3412 plane

2165 3424 2401 3496 injuria,
2436 3433 2628 3495 utpote
2667 3425 2767 3496 qui
2828 3425 3152 3503 concivium
3198 3427 3481 3484 nobilium
3520 3428 3822 3487 descivere
3856 3447 3901 3486 rt

2167 3512 2371 3584 gloria.

2236 3602 2323 3657 Ad
2357 3602 2463 3658 hoc
2507 3603 2682 3658 etiam
2726 3610 2921 3658 nostra
2949 3603 3256 3661 electorum
3319 3607 3575 3676 corporis
3619 3607 3901 3665 claritati

2166 3689 2375 3747 Christi
2408 3690 2830 3761 configuranda
2863 3690 3334 3762 dicuntur(Phil.
3368 3709 3447 3762 ιιι,
3478 3694 3590 3766 2t),
3623 3704 3688 3751 ut
3724 3696 3905 3755 findi-

2167 3786 2274 3845 tas,
2308 3792 2440 3848 quae
2467 3791 2605 3834 casu
2637 3792 2739 3833 seu
2782 3779 3035 3835 naturali
3068 3782 3435 3852 corruptione
3483 3784 3898 3857 contrahitur,

2168 3865 2239 3921 ad
2274 3866 2533 3937 regulam
2576 3865 2972 3937 transfigurati
3006 3867 3063 3923 in
3098 3878 3289 3925 monte
3318 3870 3415 3926 Dei
3466 3872 3589 3927 Filii
3621 3874 3903 3946 corrigi-

2167 3962 2282 4011 tur.
2327 3953 2381 4010 Si
2432 3954 2610 4025 igitur
2668 3954 2894 4011 interna
2930 3957 3279 4026 exemplaria
3329 3959 3573 4028 pulchra
3604 3967 3680 4015 'et
3721 3961 3905 4018 bona

2166 4050 2322 4109 sunt,
2355 4043 2694 4114 quicunque
2718 4045 3079 4113 praetendunt
3104 4046 3437 4118 imaginem,
3465 4047 3716 4105 maxime
3739 4065 3903 4108 cum

2167 4130 2240 4186 ab
2268 4144 2470 4186 eorum
2501 4131 2701 4187 ordine
2730 4147 2841 4188 non
2873 4133 3220 4204 discrepant,
3255 4136 3407 4191 unde
3433 4135 3697 4206 pulchra,
3745 4138 3907 4197 inde

2167 4225 2223 4274 et
2254 4218 2403 4273 bona
2440 4225 2594 4274 sunt.
2628 4219 2842 4289 Nempe
2871 4228 2927 4276 et
2954 4220 3073 4291 ipse
3105 4222 3165 4277 Β.
3211 4222 3576 4293 Augustinus
3601 4224 3659 4279 in
3705 4224 3904 4297 libro,

2166 4306 2225 4362 ni
2258 4305 2444 4374 fallor,
2478 4306 2558 4363 De
2611 4307 2875 4364 doctrina
2920 4309 3247 4367 Christiana
3300 4311 3511 4369 dixisse
3551 4313 3847 4373 recolitur
3886 4336 3903 4374 :

2094 3118 2136 3173 C

358 4394 598 4450 auribus
655 4391 873 4448 stolidis
910 4405 1129 4447 vanum
1187 4400 1477 4449 certamen
1531 4393 1844 4463 impendat.
1899 4394 2054 4465 Ergo
2093 4408 2139 4463 ι)
2178 4392 2394 4459 «Quod
2441 4394 2487 4449 is
2539 4394 2643 4464 qui
2674 4394 2987 4464 pulchrum
3042 4397 3216 4454 habet
3263 4412 3474 4469 corpus
3529 4407 3583 4456 et
3640 4407 3905 4472 turpem

357 4481 611 4553 prudens
654 4479 901 4550 quisque
973 4479 1295 4551 quidquam
1349 4480 1456 4536 sibi
1496 4488 1703 4551 praeter
1761 4489 2058 4550 peccatum

358 4584 631 4643 arrogare
660 4568 923 4639 desipiat.

430 4661 684 4720 Guibertz'
700 4664 887 4717 mater
903 4660 1149 4732 pulchra
1177 4663 1234 4715 et
1255 4657 1565 4715 virtutibus
1589 4663 1800 4716 ornata
1844 4690 1915 4703 —
1953 4661 2059 4718 Sed

359 4753 448 4810 his
476 4752 717 4821 omissis,
769 4764 891 4808 rem
926 4759 1171 4821 ereptam
1227 4757 1574 4819 repetamus.
1634 4750 1926 4819 Dixeram,
1972 4751 2059 4820 pie

356 4849 411 4899 et
436 4850 650 4911 sancte,
701 4840 860 4911 quod
919 4840 990 4896 de
1047 4839 1161 4895 tuis
1212 4837 1311 4893 tibi
1365 4837 1656 4894 beneficiis
1705 4838 2054 4911 gratularer.

357 4931 615 4988 Primum
685 4928 1166 4999 potissimumque
1212 4926 1408 4995 itaque
1464 4927 1681 4997 gratias
1735 4939 1844 4997 ago
1903 4925 2060 4995 quod

359 5017 687 5088 pulchram,
747 5014 845 5070 sed
904 5023 1142 5081 castam,
1203 5012 1518 5069 modestam
1590 5013 1729 5069 mihi
1791 5021 2053 5083 matrem,

362 5102 969 5170 titnoratissimamque
1035 5098 1364 5155 contuleris.
1435 5098 1745 5155 Pulchram
1806 5100 2058 5169 profecto

360 5192 500 5246 satis
553 5187 906 5245 saeculariter
959 5200 1026 5242 ac
1060 5187 1245 5256 inepte
1296 5179 1668 5256 protuleram,
1704 5187 1831 5242 misi
1890 5196 2059 5245 certa

362 5277 462 5353 [f.,
510 5273 681 5347 certe]
743 5273 1018 5331 castitatis
1050 5274 1412 5335 severissima
1441 5273 1625 5329 fronte
1681 5273 1790 5330 hoc
1846 5290 2054 5332 nomen

362 5368 534 5423 inane
581 5364 919 5419 firmassem.
964 5360 1119 5419 Sicut
1148 5376 1286 5419 sane
1334 5362 1393 5417 in
1434 5361 1668 5418 omnino
1706 5365 2061 5434 pauperibus

355 5452 581 5525 jejunia
636 5451 911 5506 videntur
956 5451 1269 5518 extortitia,
1326 5450 1541 5520 quibus
1585 5465 1700 5508 non
1742 5461 2061 5523 suppetunt

360 5539 623 5597 ciborum
654 5536 951 5609 suffragia,
974 5546 1030 5595 et
1060 5539 1182 5594 ideo
1223 5538 1413 5596 minus
1442 5538 1785 5611 laudabilia;
1825 5539 2061 5610 frugali-

363 5636 448 5687 tas
470 5634 662 5685 autem
690 5626 937 5685 divitum
984 5641 1089 5698 pro
1135 5640 1244 5683 sua
1274 5627 1446 5684 habet
1488 5628 1653 5698 copia
1681 5627 1946 5698 pretium,
1980 5632 2060 5687 sic

2167 4481 2443 4550 animam,
2465 4482 2649 4553 magis
2679 4482 2970 4555 lugendus
2997 4492 3082 4541 est
3112 4499 3286 4556 quam
3310 4489 3357 4543 si
3390 4487 3603 4545 foedum
3636 4489 3908 4549 haberet

2165 4576 2224 4626 et
2277 4583 2503 4639 corpus.
2552 4591 2573 4618 ι
2623 4570 2679 4626 Si
2726 4585 2863 4643 ergo
2900 4574 3115 4643 species
3165 4574 3298 4646 jure
3355 4575 3563 4633 vitiosa
3612 4577 3906 4652 lugetur,

2168 4655 2418 4726 profecto
2451 4655 2684 4714 indubie
2710 4658 2861 4714 bona
2888 4673 2980 4716 res
3006 4668 3109 4729 est,
3138 4676 3270 4732 quae
3293 4664 3593 4733 pravitatis
3620 4664 3912 4739 alicujus

2167 4744 2528 4800 ammistione
2564 4747 2983 4818 corrumpitur,
3028 4756 3129 4805 aut
3159 4757 3352 4807 tenore
3404 4751 3717 4810 honestatis
3770 4769 3912 4815 au-

2168 4838 2356 4903 getur.

2237 4922 2416 4975 Gesta
2442 4920 2652 4978 matris
2668 4921 2937 4979 laudibus
2950 4926 3340 4998 prosequitur.
3357 4960 3425 4969 —
3440 4929 3666 4987 Gratias
3690 4932 3861 5001 igitu
3872 4954 3912 4994 ῐ·

2168 5009 2294 5077 tibi,
2327 5010 2499 5079 Deus,
2531 5011 2633 5081 qui
2684 5012 3129 5082 praestillaveras
3151 5017 3342 5073 decori
3367 5018 3496 5088 ejus
3552 5020 3843 5079 virtutem
3888 5045 3909 5093 ;

2167 5095 2325 5152 illius
2371 5097 2526 5152 enim
2606 5097 2965 5155 habitudinis
3038 5102 3296 5172 gravitas
3367 5104 3542 5161 totius
3595 5107 3912 5168 vanitatis

2171 5191 2387 5255 poterat
2436 5185 2732 5243 insinuare
2790 5196 3202 5260 contemptum,
3255 5192 3555 5251 oculorum
3614 5208 3912 5268 namque

2168 5283 2415 5352 pondus,
2450 5284 2659 5340 raritas
2686 5284 2995 5356 eloquendi
3033 5301 3101 5344 ac
3131 5289 3290 5345 faciei
3320 5298 3583 5347 motuum
3617 5291 3912 5354 difficuL

2168 5378 2273 5439 tas,
2328 5370 2561 5428 minime
2609 5373 2940 5431 levitatibus
2981 5375 3328 5434 intuentium
3377 5380 3750 5437 obseeundat.
3789 5385 3912 5447 Tu

2168 5456 2298 5525 scis,
2331 5458 2719 5530 Omnipotens,
2755 5469 3033 5533 tanquam
3069 5465 3340 5533 primmvo
3370 5467 3550 5536 ipsius
3574 5467 3660 5523 tui
3693 5478 3912 5532 nomi-

2168 5545 2256 5601 nis
2286 5547 2535 5603 indidisti
2566 5557 2804 5617 metum,
2846 5558 3127 5621 tanquam
3154 5553 3433 5611 adversus
3462 5555 3657 5613 omnia
3713 5556 3912 5619 leno-

2169 5632 2320 5690 cinia
2348 5634 2529 5691 animi
2550 5637 2939 5694 rebellionem.
2967 5638 3282 5713 Notaquod
3313 5642 3414 5699 vix
3440 5650 3543 5701 aut
3572 5658 3912 5716 nusquam
