3934 6454
90 370 226 424 85-1

1275 371 1364 426 DE
1402 370 1559 427 VITA
1596 372 1726 428 SUA
1769 372 1952 430 LIBRI
1993 372 2201 436 TRES.
2237 405 2301 413 ——
2326 373 2452 430 LIB.
2498 374 2539 430 Ι.

3556 381 3662 437 842

97 503 300 559 inter
325 518 554 574 magna}
601 502 966 573 professionis
1015 502 1256 559 feminas
1307 505 1612 573 reperitur,
1658 521 1850 576 quan-
1890 507 1935 559 Α
1967 521 2211 577 nega.ur
2283 507 2496 573 exitus,
2573 508 2986 578 compassionis
3067 510 3338 567 omnibus
3423 515 3660 570 materia

92 599 269 647 tum
305 594 463 662 apud
490 607 548 647 se
582 600 679 648 tuo
714 593 866 647 dono
897 593 1216 656 continens,
1252 600 1474 648 tantum
1500 594 1853 650 incontinen-

101 679 308 736 tibus
355 679 464 736 fuit
520 695 693 750 parca
727 681 1045 736 detrahere.
1092 682 1160 736 Et
1208 695 1339 737 cum
1371 682 1444 736 ab
1492 683 1704 738 exteris
1749 691 1851 739 aut

94 770 477 825 domesticis
530 769 832 839 aliquoties
879 769 1216 839 hujusmodi
1277 770 1474 826 fabula
1529 779 1846 839 notaretur,

101 859 270 927 ipsa.
306 859 510 926 averti,
543 858 665 928 ipsa
713 858 1004 924 absistere,
1046 867 1100 915 et
1132 859 1228 914 tali
1271 859 1351 914 sic
1403 862 1666 916 susurrio
1716 860 1838 915 irri-

99 947 278 1012 tari,
335 960 402 1003 ac
453 947 500 1002 si
548 961 655 1002 sua
705 947 884 1016 ipsius
943 961 1186 1016 persona
1244 947 1456 1017 pariter
1497 957 1844 1018 carperetur.

97 1034 342 1090 Verax
375 1036 544 1104 Deus,
603 1043 664 1091 tu
725 1035 870 1090 nosti
929 1035 1083 1104 quod
1111 1049 1226 1090 non
1287 1051 1376 1091 me
1425 1037 1574 1106 cogit
1625 1036 1696 1091 ad
1731 1037 1851 1092 haec

98 1123 449 1179 referenda
507 1123 786 1194 privatus,
830 1130 1026 1192 utpote
1083 1123 1284 1180 matris
1333 1138 1515 1192 amor,
1575 1125 1672 1181 sed
1729 1140 1847 1181 rem

97 1212 349 1268 haberi
383 1212 693 1282 plusquam
710 1225 968 1268 meorum
981 1212 1290 1268 verborum
1321 1212 1625 1269 efficientia
1653 1214 1846 1282 possit:

101 1309 301 1357 certe
330 1315 462 1356 eum
503 1309 734 1356 cancros
773 1301 998 1370 generis
1028 1301 1134 1355 mei
1187 1309 1288 1357 aut
1339 1302 1615 1358 animales
1668 1311 1722 1357 et
1748 1303 1847 1358 Dei

103 1389 403 1458 ignaros,
436 1397 538 1444 aut
587 1387 790 1443 ell‘eros
824 1389 1002 1444 armis
1039 1396 1094 1443 et
1119 1388 1363 1444 caedium
1404 1403 1548 1456 reos,
1596 1389 1845 1446 multum

105 1492 285 1534 vero
315 1492 413 1533 eos
465 1477 584 1532 fieri
625 1490 658 1531 a
692 1484 763 1543 te,
798 1476 904 1531 nisi
937 1478 1252 1546 granditer,
1287 1486 1350 1534 ut
1379 1478 1610 1543 assoles,
1646 1493 1846 1534 eorum

105 1565 496 1631 miserearis,
548 1572 826 1620 extorres.
887 1564 990 1620 Sed
1046 1565 1114 1620 de
1145 1566 1262 1620 vita
1291 1566 1418 1634 ejus
1471 1568 1850 1636 opportunior

107 1655 389 1710 forsitan
421 1655 478 1709 in
509 1654 614 1709 hoc
639 1668 807 1723 opere
853 1668 972 1710 sese
1004 1653 1162 1709 locus
1216 1655 1449 1723 aperiet,
1469 1656 1588 1724 jam
1621 1657 1848 1711 acceda-

104 1757 270 1798 mus
308 1743 381 1798 ad
411 1750 623 1798 nostra.
1887 1789 1929 1845 Β

814 1829 1037 1886 CAPUT
1087 1832 1178 1886 IIl.

196 1923 306 1976 Ex
367 1920 493 1986 hac,
552 1919 816 1989 inquam,
874 1919 953 1974 uti
1010 1921 1178 1974 credo
1233 1927 1286 1974 et
1316 1933 1497 1988 spero,
1553 1920 1850 1976 verissima

107 2009 282 2064 mihi
349 2008 611 2063 omnium
672 2022 816 2078 quos
849 2008 1048 2078 genuit
1087 2008 1228 2077 ipsa,
1262 2009 1567 2064 deterrimo
1599 2009 1847 2065 tribuisti

108 2097 326 2154 nasci.
359 2097 550 2152 Proles
578 2096 705 2165 ejus
736 2095 997 2151 bifariam
1043 2104 1328 2166 postrema
1362 2097 1465 2162 fui,
1519 2098 1849 2152 decedenti-

111 2187 245 2242 bus
273 2186 435 2241 enim
463 2186 572 2240 sub
603 2199 700 2253 spe
731 2184 964 2240 meliore
1013 2185 1318 2254 germanis,
1352 2199 1460 2255 ego
1505 2186 1625 2240 vita
1658 2186 1848 2241 omni-

116 2274 333 2331 modis
391 2273 785 2342 desperatione
838 2287 1160 2341 supersum.
1197 2275 1261 2328 In
1322 2274 1412 2328 his
1473 2274 1665 2330 adhuc
1707 2273 1847 2328 mihi

115 2362 343 2434 agenti
393 2362 577 2423 malis,
639 2369 700 2417 ut
749 2361 875 2431 ejus
925 2362 1144 2427 merito,
1193 2369 1317 2431 post
1359 2366 1551 2417 Jesum
1610 2370 1664 2418 et
1715 2364 1850 2418 Jesu

117 2459 391 2507 matrem
441 2458 786 2520 sanctosque
811 2450 958 2519 ejus,
1017 2463 1140 2518 spes
1192 2450 1526 2505 salvationis
1576 2451 1851 2506 universa

117 2539 381 2596 resedit.
423 2538 548 2594 Scio
574 2552 798 2608 nempe,
831 2553 936 2593 nec
965 2539 1287 2594 discredere
1318 2538 1400 2594 fas
1435 2547 1539 2599 est,
1592 2546 1656 2595 ut
1703 2540 1851 2595 sicut

123 2643 221 2683 me
235 2627 303 2682 in
322 2627 538 2682 saeculo
555 2626 736 2696 posita
763 2627 998 2682 charius
1020 2626 1243 2693 habuit,
1259 2627 1474 2682 clarius
1488 2627 1663 2683 coluit
1690 2627 1850 2697 (erga

119 2718 290 2772 enim
328 2723 590 2771 extreme
608 2723 773 2770 natos
797 2722 1008 2770 matres
1038 2713 1406 2771 affectuosius
1431 2715 1634 2786 agunt)
1667 2717 1852 2786 magis

124 2806 249 2860 Deo
311 2817 571 2873 praesens
625 2818 740 2859 non
789 2803 1047 2874 negligit.
1107 2803 1262 2873 Ignis
1311 2803 1479 2872 plane
1522 2803 1615 2872 Μ,
1658 2803 1845 2876 plena]

122 2894 230 2948 Dei
289 2907 368 2948 ea
417 2906 451 2947 a
485 2893 790 2962 juventute
842 2891 1028 2947 fuerat
1085 2892 1143 2946 in
1201 2890 1354 2959 Sion,
1413 2907 1546 2947 cum
1597 2906 1667 2947 ne
1715 2892 1852 2948 dor-

125 2981 386 3039 miendo
439 2980 694 3050 quidem,
750 2980 963 3035 nedum
995 2979 1308 3049 vigilando,
1361 2979 1682 3035 sollicitudo
1741 2980 1850 3036 mei

125 3074 186 3128 in
214 3073 359 3143 ejus
391 3069 583 3125 animo
645 3068 921 3124 cessabat.
958 3071 1023 3122 At
1076 3082 1233 3124 nunc
1277 3075 1455 3124 morte
1508 3067 1617 3123 sibi
1665 3068 1839 3134 obita,
1876 3085 1922 3146 ς,

124 3158 451 3218 interstitio
481 3157 671 3213 carnis
695 3158 962 3226 abrupto,
999 3157 1114 3212 scio
1143 3156 1202 3211 in
1235 3157 1588 3212 Hierusalem
1647 3165 1850 3226 poten-

125 3253 247 3308 tius
297 3261 487 3318 quam
543 3245 655 3300 dici
712 3253 888 3316 queat
919 3245 1136 3301 fervere
1165 3245 1481 3309 caminum,
1535 3246 1847 3314 praesertim

126 3354 268 3395 cum
304 3336 428 3392 illic
456 3336 569 3391 Deo
601 3334 788 3404 plena,
837 3347 992 3390 meas
1019 3333 1077 3389 in
1109 3333 1324 3404 quibus
1353 3333 1553 3388 volvor
1592 3333 1848 3389 miserias

128 3443 252 3483 non
289 3427 545 3497 ignoret,
589 3431 644 3479 et
700 3430 858 3478 tanto
891 3422 1031 3478 mihi
1065 3423 1376 3490 aberranti,
1412 3422 1537 3477 licet
1569 3422 1724 3485 felix,
1761 3422 1847 3477 in-

132 3523 356 3588 gemat,
392 3519 610 3583 quanto
641 3525 675 3567 a
706 3511 827 3568 suis
860 3525 990 3580 quae
1026 3511 1190 3566 toties
1237 3511 1629 3581 ingeminabat
1660 3510 1846 3566 moni-

133 3606 228 3671 tis,
265 3602 534 3658 moribus
563 3608 738 3670 atque
768 3599 1021 3669 vestigiis
1040 3613 1129 3654 me
1149 3599 1474 3655 exorbitare
1497 3600 1842 3654 considerat.

207 3693 388 3748 Pater
411 3697 469 3746 et
497 3690 736 3746 Domine
781 3689 953 3754 Deus,
1002 3689 1106 3758 qui
1135 3702 1209 3743 ex
1240 3688 1347 3744 hac
1384 3702 1499 3742 non
1546 3687 1844 3753 fallaciter,

135 3781 233 3836 sed
264 3794 408 3836 vere
468 3779 614 3834 bona
645 3776 785 3831 mihi
821 3775 1069 3846 qualiter
1097 3784 1153 3831 et
1181 3783 1467 3846 quantum
1501 3777 1647 3832 nosti
1697 3775 1846 3831 malo

133 3870 432 3940 originem
462 3866 734 3932 tribuisti,
765 3879 924 3934 spem
955 3879 1188 3934 quoque
1223 3865 1280 3919 in
1304 3864 1428 3934 ejus
1459 3864 1598 3919 mihi
1644 3864 1846 3920 merito

138 3956 470 4027 praebuisti,
493 3969 670 4026 quam
703 3961 894 4009 tamen
923 3951 1256 4008 nullatenus
1285 3952 1494 4008 habere
1531 3967 1844 4022 praesume-

137 4059 280 4115 rem,
315 4045 431 4101 nisi
463 4044 537 4099 ad
568 4050 622 4098 te
650 4056 722 4098 ex
756 4041 865 4097 mei
907 4040 1108 4096 timore
1148 4040 1383 4109 peccati,
1427 4040 1846 4110 aliquantisper

139 4133 248 4190 sub
277 4140 385 4190 tua
417 4131 605 4203 gratia
643 4130 1004 4200 respirarem.
1065 4127 1350 4184 Induxisti
1409 4129 1624 4197 pariter
1651 4135 1706 4183 et
1743 4127 1846 4182 mi-

141 4234 266 4277 sero
327 4220 489 4278 cordi
536 4233 662 4275 meo
708 4217 898 4273 nescio
955 4215 1000 4272 si
1055 4229 1213 4285 spem
1287 4223 1353 4271 ut
1408 4215 1842 4271 similitudinem

143 4310 280 4379 spei,
338 4307 500 4380 quod
546 4306 809 4363 videlicet
850 4312 1232 4371 sacrosancto,
1285 4304 1732 4373 supereminenti
1789 4311 1844 4360 et

145 4397 490 4454 Christianis
534 4395 805 4452 omnibus
833 4393 1259 4463 exoptatissime
1289 4393 1380 4449 die
1410 4393 1571 4448 nasci
1619 4392 1759 4448 mihi
1789 4400 1845 4448 et
1881 4405 1927 4460 Β

145 4487 373 4542 renasci
403 4486 575 4542 etiam
623 4483 934 4541 indulsisti.
995 4483 1195 4537 Totam
1228 4480 1403 4538 ferme
1458 4481 1844 4553 Quadragesi-

146 4588 300 4630 mam
332 4575 446 4632 sub
484 4574 648 4629 nimii
698 4573 909 4629 doloris
951 4569 1252 4627 insolentia
1307 4570 1634 4638 parturiens
1667 4579 1848 4626 mater

145 4670 420 4734 exegerat
451 4664 621 4734 (quos
650 4661 820 4717 etiam
854 4673 1098 4731 angores
1133 4659 1270 4714 mihi
1297 4659 1480 4725 devio,
1524 4665 1579 4714 et
1624 4659 1848 4715 lubrica

148 4752 524 4817 consectanti,
603 4750 767 4806 toties
849 4749 1242 4818 improperare
1315 4747 1553 4816 solebat)
1619 4747 1847 4803 tandem

149 4840 408 4897 solemne
436 4840 773 4904 Sabbatum,
801 4837 1000 4908 vigilia
1024 4835 1236 4892 scilicet
1266 4835 1556 4891 Paschalis
1593 4835 1847 4892 emicuit.

221 4931 448 4986 Graves
469 4928 758 4984 cruciat-iw
789 4928 853 4980 in
879 4927 1047 4982 illius
1071 4926 1246 4996 partu
1267 4923 1510 4995 pertulit
1533 4927 1738 4979 mater.
1778 4925 1846 4977 Β.

160 5016 428 5089 Virginis
473 5015 704 5072 servitio
746 5014 1138 5085 mancipatur.
1193 5013 1415 5067 Recens
1462 5017 1634 5067 natus
1677 5029 1852 5083 quam

157 5105 344 5160 tenuis
374 5123 610 5178 corpore
639 5105 772 5164 fuit.
805 5135 873 5144 ——
904 5103 1152 5158 Diutinis
1181 5115 1318 5172 ergo
1347 5101 1700 5157 cruciatibus
1726 5103 1849 5172 agi-

157 5200 296 5260 tata,
331 5203 387 5251 et
434 5197 576 5252 hora
605 5193 1030 5265 propinquante
1061 5191 1407 5247 tortionibus
1441 5191 1850 5260 augmentatis,

159 5293 290 5335 cum
348 5283 407 5338 in
441 5286 667 5352 partum
700 5281 966 5338 nataliter
997 5281 1092 5352 υἱ,
1126 5277 1493 5349 naturaliter]
1553 5286 1854 5348 putaretur

160 5369 448 5436 enititum,
483 5371 666 5442 magis
694 5383 927 5427 sursum
946 5370 1017 5425 ad
1046 5369 1174 5440 ejus
1201 5367 1518 5437 praecordia
1551 5375 1854 5438 retorque-

164 5453 282 5511 bar.
333 5459 456 5515 Jam
487 5467 726 5530 patrem,
756 5458 968 5514 amicos
999 5471 1066 5512 ac
1097 5463 1362 5527 parentes
1387 5454 1652 5510 funestus
1682 5468 1858 5525 super

162 5550 412 5616 utroque
462 5561 672 5604 mceror
699 5547 1035 5612 obtriverat,
1071 5545 1212 5615 quia
1232 5543 1372 5599 dum
1403 5543 1572 5598 matri
1616 5549 1856 5598 mortem

165 5631 350 5698 proles
415 5635 710 5704 accelerat,
767 5635 942 5705 prolis
987 5633 1248 5690 similiter
1301 5629 1567 5697 exitium,
1609 5630 1750 5687 dum
1805 5630 1854 5686 ei

515 5734 790 5799 PATROL.
842 5733 1047 5801 CLVI.

1961 593 2252 650 afferebat.
2283 595 2411 650 Dies
2442 604 2565 650 erat
2590 611 2723 666 quo,
2781 605 2988 667 printer
3025 599 3294 665 solemne,
3348 603 3503 671 quod
3535 604 3659 657 siu-

1960 681 2241 752 gulariter
2297 692 2351 740 et
2406 699 2512 740 suo
2566 692 2819 754 tempore
2871 686 3196 743 celebratur
3224 689 3497 752 officium,
3529 705 3659 760 qua:

1963 784 2061 838 pro
2104 769 2489 826 familiaribus
2551 772 2773 828 actitari
2827 773 3008 830 solent
3049 775 3381 832 oflicianon
3425 779 3654 835 fiebant.

1962 858 2142 927 Igitur
2196 873 2267 914 ex
2345 861 2677 915 necessitate
2739 862 3061 930 consilium,
3125 871 3179 919 et
3232 865 3305 919 ad
3369 866 3658 920 Dominae

1961 945 2156 1001 Matris
2199 947 2378 1002 altare
2432 947 2824 1012 concurritur,
2872 956 2928 1004 et
2981 949 3052 1004 ad
3073 963 3200 1005 eam
3229 965 3361 1020 qua)
3390 951 3512 1007 sola
3539 953 3659 1007 sive

1957 1036 2129 1092 etiam
2185 1037 2363 1108 Virgo
2417 1051 2642 1107 semper
2699 1037 2897 1094 futura
2947 1047 3261 1108 pepererat,
3323 1041 3658 1111 hujusmodi

1957 1131 2094 1179 vota
2145 1133 2496 1194 promuntur
2544 1138 2610 1180 ac
2665 1124 2972 1181 oblationis
3024 1125 3146 1182 vice
3181 1127 3236 1182 id
3269 1129 3528 1184 muneris
3551 1129 3657 1199 piae

1958 1212 2213 1268 Dominae
2245 1226 2359 1268 arae
2396 1212 2732 1282 imponitur,
2761 1213 2916 1283 quod
2955 1213 3219 1270 videlicet
3245 1215 3291 1270 si
3319 1224 3518 1284 partus
3567 1216 3657 1271 ille

1958 1301 2212 1356 cessisset
2245 1301 2299 1355 in
2329 1300 2670 1367 masculum,
2723 1301 2835 1356 Deo
2860 1307 2914 1356 et
2956 1301 3065 1356 sibi
3107 1300 3492 1359 obsecuturus
3538 1303 3658 1358 cle—

1957 1387 2163 1443 ricatui
2195 1389 2519 1445 traderetur
2551 1405 2563 1444 :
2595 1390 2684 1446 sin
2723 1390 2988 1458 deterior,
3020 1391 3356 1460 professioni
3385 1405 3657 1462 congruae

1958 1476 2353 1532 mandaretur.
2396 1482 2548 1532 459
2597 1478 2713 1534 Nec
2753 1492 2917 1534 mora
2953 1478 3362 1549 languidulum
3417 1480 3654 1550 quidam

1959 1563 2140 1619 instar
2197 1565 2561 1620 aborritionis
2623 1565 2764 1638 [lege
2811 1565 3148 1635 abortionis]
3205 1566 3543 1630 effunditur,
3601 1575 3657 1623 et

1958 1651 2112 1720 quod
2168 1651 2362 1708 fusum
2400 1661 2523 1708 erat
2569 1654 2639 1709 ad
2690 1661 2936 1723 tempus,
2973 1661 3036 1709 ut
3067 1667 3170 1722 par
3207 1661 3329 1709 erat
3384 1654 3656 1725 abjectis-

1958 1740 2122 1804 simo,
2180 1739 2248 1795 de
2296 1739 2558 1798 absoluta
2617 1741 2805 1797 solum
2883 1749 3065 1797 matre
3131 1743 3438 1812 gaudetur.
3519 1744 3658 1799 Erat

1959 1827 2113 1882 illius
2168 1827 2505 1884 homunculi
2541 1844 2736 1885 recens
2783 1829 3082 1885 editiadeo
3120 1831 3448 1886 miseranda
3485 1831 3653 1886 exili-

1960 1923 2063 1983 tas,
2100 1923 2163 1971 ut
2193 1917 2525 1972 cadaveruli
2568 1918 3034 1988 extemporaliter
3085 1918 3203 1974 nati
3233 1919 3450 1988 species
3487 1927 3658 1989 puta-

1960 2012 2156 2074 retur;
2192 2005 2248 2060 in
2283 2013 2527 2073 tantum,
2562 2015 2626 2062 ut
2654 2007 2856 2062 lduato
2887 2007 3062 2062 ferme
3089 2007 3291 2076 Aprili,
3323 2006 3507 2077 junci,
3550 2008 3653 2078 qui

1959 2093 2017 2147 in
2081 2107 2149 2147 ea
2206 2095 2477 2149 oriuntur
2500 2095 2734 2164 regione
2754 2103 3076 2164 pertenues,
3113 2095 3373 2165 digitulis
3399 2109 3650 2165 appone-

1958 2189 2180 2250 rentur,
2238 2189 2302 2236 ut
2352 2182 2809 2251 corpulentiores
2857 2183 3210 2238 viderentur.
3274 2183 3354 2238 Ea
3381 2183 3506 2253 ipsa
3562 2185 3652 2240 die

1957 2269 2094 2324 dum
2142 2270 2438 2326 salutifero
2467 2270 2604 2325 fonti
2640 2270 2903 2335 inferrer,
2937 2271 3143 2326 mulier
3172 2272 3462 2341 quaedam,
3497 2273 3652 2342 quod

1957 2357 2098 2412 mihi
2132 2372 2309 2427 puero
2359 2366 2414 2414 et
2451 2357 2543 2429 [f.,
2589 2357 2780 2430 etiam]
2821 2359 2942 2429 jam
2995 2359 3334 2416 adolescenti
3385 2375 3654 2430 saepenu-

1957 2459 2112 2500 mero
2155 2446 2266 2516 joci
2320 2459 2497 2500 causa
2553 2446 2797 2502 relatum
2836 2454 2939 2513 est,
2989 2447 3057 2502 de
3110 2461 3287 2506 manu
3345 2449 3566 2505 rotabat
3596 2449 3655 2505 in

1956 2546 2196 2588 manum
2228 2548 2318 2589 me
2349 2533 2700 2590 transferens
2725 2549 2737 2587 :
2773 2535 3068 2591 Hunccine
3095 2537 3386 2593 victurum
3416 2538 3651 2607 putatis,

1958 2635 2130 2690 quem
2191 2635 2365 2692 prope
2422 2630 2634 2678 natura
2711 2622 2979 2679 deficiens
3050 2624 3396 2680 emembrem
3457 2625 3654 2691 edidit,

1956 2716 2010 2764 et
2043 2709 2226 2780 magis
2257 2709 2587 2767 lineamenti
2621 2711 2762 2781 quid
2786 2711 2970 2768 simile
2995 2726 3172 2782 quam
3213 2727 3424 2784 corpus
3455 2713 3656 2770 dedit?

2030 2799 2166 2862 Qum
2197 2798 2411 2866 omnia,
2448 2799 2680 2854 Creator
2712 2814 2894 2867 meus,
2926 2800 3104 2870 hujus
3152 2800 3283 2868 mei,
3317 2814 3434 2870 quo
3463 2800 3658 2856 vivere

1958 2886 2158 2942 videor
2187 2893 2389 2954 status,
2442 2895 2705 2956 portenta
2738 2887 2918 2943 fuere.
2952 2888 3230 2960 Nunquid
3263 2889 3368 2955 tui,
3396 2889 3653 2956 Domine,

1959 2974 2176 3030 servitii
2208 2974 2265 3028 in
2290 2989 2380 3030 me
2418 2976 2652 3044 reperiri
2679 2977 2866 3045 potuit
2913 2977 3176 3032 veritas?
3215 2976 3304 3032 Nil
3337 2977 3392 3031 in
3434 2984 3488 3033 te
3517 2976 3657 3032 soli-

1959 3063 2122 3129 dum,
2156 3063 2235 3119 nil
2274 3063 2331 3118 in
2355 3070 2409 3119 te
2459 3072 2728 3120 constans
2775 3065 2994 3134 habui;
3023 3065 3070 3120 si
3103 3065 3244 3134 quid
3277 3065 3335 3120 in
3367 3065 3658 3122 evidentia

1958 3151 2118 3206 visus
2151 3165 2278 3206 sum
2323 3150 2657 3206 exhibuisse
2686 3152 2892 3221 operis,
2927 3151 3168 3207 intentio
3200 3151 3489 3224 multoties
3531 3152 3657 3207 red-

1957 3240 2100 3295 didit
2131 3239 2325 3295 minus
2378 3248 2531 3296 recta
2561 3248 2857 3310 pertenue.
2892 3240 3018 3296 Dixi
3060 3241 3183 3305 tibi,
3211 3254 3440 3296 summa
3488 3241 3653 3296 beni-

1957 3327 2148 3396 gnitas
2180 3328 2353 3393 Deus,
2385 3327 2541 3396 quod
2571 3341 2746 3396 spem,
2807 3335 2909 3383 aut
2948 3327 3065 3396 spei
3115 3326 3655 3398 quantulacunque

1956 3415 2239 3484 specimen
2296 3429 2369 3470 ex
2419 3422 2535 3470 tam
2589 3415 2880 3484 gaudiosze
2906 3414 3016 3469 diei
3071 3413 3491 3489 praestolatione
3512 3414 3654 3469 mihi

1955 3511 2090 3558 nato
2146 3517 2215 3557 ac
2244 3509 2462 3569 renato,
2524 3503 2618 3557 sed
2657 3509 2713 3557 et
2757 3503 3014 3558 omnium
3072 3509 3196 3570 post
3226 3502 3406 3558 Deum
3464 3501 3654 3558 oblato

1955 3591 2168 3662 regina:
2198 3591 2523 3646 contuleris.
2566 3590 2806 3646 Domine
2831 3592 3002 3657 Deus,
3055 3605 3244 3646 nonne
3277 3604 3350 3646 ex
3377 3603 3445 3646 ea
3472 3604 3647 3661 quam

1955 3679 2096 3735 mihi
2128 3678 2329 3735 dedisti
2361 3679 2580 3734 ratione
2607 3679 2725 3749 jam
2750 3678 2974 3749 colligo,
3018 3678 3156 3749 quia
3185 3679 3304 3734 dies
3336 3678 3654 3734 nativitatis

1955 3767 2312 3822 infructuose
2343 3766 2676 3822 viventibus
2704 3766 2782 3820 nil
2835 3767 3038 3822 utilius
3084 3765 3251 3822 affert
3289 3780 3466 3836 quam
3497 3781 3650 3822 mor-

1955 3855 2075 3912 tis?
2107 3855 2160 3911 Si
2187 3863 2428 3922 constat,
2462 3864 2516 3912 et
2549 3855 2932 3911 irrevincibile
2967 3863 3072 3921 est,
3123 3855 3264 3925 quia
3313 3856 3474 3912 nulla
3526 3871 3653 3926 pos-

1954 3952 2090 4000 sunt
2111 3944 2315 3998 merita
2345 3943 2464 3998 dies
2505 3943 2852 4012 praecessisse
2911 3943 3154 4008 nativos,
3187 3952 3427 4013 possunt
3458 3951 3651 4001 autem

1954 4032 2316 4088 defunctivos
2348 4047 2360 4085 :
2396 4031 2448 4087 Si
2485 4033 2780 4103 contingat
2810 4032 2920 4088 sub
2960 4033 3108 4087 bono
3135 4032 3313 4088 vitam
3343 4047 3460 4088 non
3491 4040 3650 4089 tran-

1953 4119 2083 4190 sigi,
2154 4120 2352 4186 fateor,
2411 4119 2491 4174 nil
2549 4118 2782 4174 omnino
2837 4118 3153 4188 proderunt
3217 4119 3451 4189 gloriosi
3507 4121 3648 4194 dies,

1953 4207 2103 4264 sicut
2134 4222 2238 4263 nec
2266 4207 2497 4274 natalis,
2530 4215 2584 4263 et
2610 4207 2829 4262 mortis.

2026 4296 2081 4352 Si
2133 4296 2288 4352 enim
2319 4310 2524 4352 verum
2557 4304 2659 4362 est,
2693 4296 2834 4364 quia
2860 4295 2975 4364 ipse
3007 4295 3134 4352 fecit
3171 4310 3280 4365 me,
3321 4303 3376 4353 et
3405 4312 3521 4354 non
3547 4312 3650 4368 ego

1957 4383 2074 4453 ipse
2105 4397 2214 4448 me,
2247 4383 2518 4453 diemque
2547 4396 2663 4438 non
2696 4382 2995 4451 praestitui,
3030 4397 3134 4439 nec
3167 4390 3229 4440 ut
3257 4385 3653 4455 prmﬁgemtur

1953 4472 2194 4539 emerui,
2242 4471 2484 4528 collatus
2539 4486 2573 4526 a
2634 4473 2745 4528 Deo
2803 4487 2918 4528 non
2980 4487 3160 4542 spem,
3210 4487 3324 4529 non
3376 4473 3651 4530 honorem

1954 4559 2096 4614 mihi
2139 4559 2368 4629 praebet,
2399 4559 2511 4614 nici
2543 4559 2654 4615 diei
2703 4559 3037 4631 religionem
3069 4574 3441 4631 prosequens,
3475 4561 3653 4632 quid-

1955 4649 2095 4718 quid
2147 4648 2236 4703 die
2281 4647 2660 4717 portenditur,
2724 4662 2851 4703 mea
2904 4648 3024 4704 vita
3083 4649 3462 4706 commendet.
3492 4651 3654 4706 Tunc

1956 4735 2122 4806 plane
2152 4744 2412 4792 nostrum
2445 4736 2633 4792 natale
2689 4751 2761 4792 ex
2817 4735 3021 4792 festiva
3062 4738 3330 4806 temporis
3378 4737 3654 4808 qualitate

1955 4825 2307 4887 claresceret,
2340 4824 2388 4879 si
2414 4824 2673 4880 studium
2705 4831 2913 4880 nostrae
2967 4823 3209 4879 actionis
3265 4824 3557 4894 suspirata
3581 4825 3654 4881 ad

1957 4914 2248 4984 integrum
2298 4912 2512 4968 virtute
2545 4926 2604 4966 se
2633 4919 2872 4982 regeret,
2897 4919 2952 4967 et
2993 4911 3265 4967 introitus
3317 4912 3500 4982 gloria
3549 4913 3656 4969 ho-

1960 5002 2100 5058 mini
2153 5001 2355 5057 merito
2408 5001 2705 5056 videretur
2753 4999 2998 5067 indulta,
3053 4999 3101 5055 si
3171 5014 3544 5068 perseverans
3599 5002 3657 5057 in

1959 5092 2230 5161 aequitate
2260 5090 2492 5145 animus
2541 5089 2673 5145 vitae
2701 5088 3048 5159 gloriﬁcaret
3101 5088 3298 5143 exitia.
3337 5088 3390 5144 Si
3425 5089 3648 5156 Petrus,

1959 5187 2062 5236 aut
2089 5179 2304 5235 Paulus
2328 5178 2579 5248 vociter;
2613 5177 2658 5232 si
2693 5176 2990 5247 Remigius
3016 5182 3118 5232 aut
3146 5175 3416 5231 Nicolaus
3465 5175 3658 5246 appel-

1961 5275 2063 5345 ler,
2093 5291 2207 5331 non
2228 5275 2392 5344 mihi,
2433 5283 2496 5331 ut
2526 5275 2738 5344 poetice
2777 5274 2985 5344 loquar
3016 5289 3028 5327 :

2177 5363 2441 5420 Proderit
2469 5379 2506 5418 a
2533 5379 2744 5434 magno
2774 5361 3074 5417 dimissum
3103 5378 3310 5416 nomen
3339 5363 3470 5418 Iulo
3499 5377 3512 5419 :

2034 5453 2151 5509 Nisi
2211 5453 2463 5520 illorum,
2527 5467 2672 5522 quos
2727 5451 3088 5521 providentia
3154 5451 3286 5506 fecit
3343 5451 3505 5515 mihi,
3559 5466 3660 5508 seu

1964 5541 2198 5598 fortuna
2242 5540 2637 5612 cognomines,
2668 5540 2953 5612 sagaciter
2983 5538 3247 5609 exempla
3281 5540 3658 5609 resculpsero.

1966 5632 2132 5702 Ecce,
2165 5633 2314 5688 Deus
2347 5645 2524 5697 meus,
2559 5629 2846 5700 quomodo
2874 5628 3112 5685 reflatur
3138 5627 3423 5698 quidquid
3478 5636 3661 5685 tume-

3274 5734 3356 5790 “.27
