3934 6426
330 364 433 418 843

1223 361 1282 415 ν.
1323 360 1650 418 GUIBERTI
1690 360 1979 418 ABBATIS
2015 360 2072 415 S.
2116 360 2357 418 IARLE
2397 361 2487 418 DE
2529 361 2930 420 NOVIGENTO

3735 363 3847 416 844

331 497 428 553 hat
457 497 517 553 in
547 497 742 552 anima
772 510 918 564 mea,
950 496 1243 567 quomodo
1265 496 1469 567 poterit
1501 495 1835 567 ﬂoccipendi
1874 495 2033 567 quod
2069 500 2117 554 Α
2142 497 2368 569 Magnis
2396 498 2590 569 itaque
2619 499 2776 555 curis
2816 497 2916 554 illa
2936 505 3038 555 tua
3067 508 3202 555 vere
3228 497 3404 556 vidua
3444 513 3534 555 me
3564 498 3845 555 nutrivit.

333 586 389 640 in
420 585 629 642 fastum
654 585 961 641 videbatur
989 585 1241 640 extendi.

402 673 657 745 Deipara
702 674 973 745 acceptas
1023 672 1205 741 refert
1247 672 1475 744 gratias
1520 676 1740 728 auctor.
1771 703 1841 711 —
1871 674 1964 739 Et,
1992 688 2025 729 0

330 762 531 818 mundi
561 768 616 818 et
642 761 915 818 calorum
948 769 1072 831 post
1095 761 1333 817 unicum
1354 769 1519 817 tuum
1550 762 1813 829 Domina,
1847 775 2025 832 quam

328 850 473 906 bene
501 857 826 917 senserunt,
860 848 963 921 qui
1012 863 1101 905 me
1146 849 1254 905 sub
1305 848 1401 905 illa
1442 849 1543 905 tibi
1573 850 1907 907 necessitate
1932 864 2028 905 vo-

328 936 578 993 veruntl
609 937 699 1004 Et,
730 952 763 993 ο
794 950 969 1008 quam
1017 935 1220 992 melius
1267 935 1389 1006 ipse
1436 936 1760 1003 sensissem,
1819 936 1867 992 si
1905 951 2023 1005 cor,

325 1025 447 1097 jam
473 1025 710 1081 adultus
761 1025 871 1081 sub
930 1024 1085 1081 illius
1130 1038 1357 1094 semper
1410 1024 1525 1081 voti
1557 1025 1860 1093 sententia,
1896 1040 2027 1081 con-

327 1112 701 1168 struxissem!
733 1112 875 1167 Ecce
919 1126 1011 1167 me
1043 1111 1145 1167 tibi
1194 1111 1466 1182 proﬁteor
1494 1112 1662 1182 quasi
1703 1112 2026 1182 specialiter

327 1200 477 1256 dono
500 1199 724 1275 datum,
756 1214 861 1256 nec
889 1213 923 1254 a
952 1213 1045 1254 me
1074 1207 1265 1255 tamen
1295 1199 1395 1255 tibi
1447 1199 1694 1255 difﬁteor
1749 1200 2025 1271 sacrilege

326 1288 557 1358 sapius,
610 1301 678 1343 ac
706 1287 949 1344 scienter
987 1286 1265 1343 ablatum.
1301 1286 1504 1344 Nonne
1533 1301 1624 1343 me
1653 1286 1757 1343 tibi
1788 1287 2021 1356 abstuli,

328 1374 431 1445 qui
458 1374 785 1431 voluntates
814 1374 1019 1431 fetidas
1049 1382 1149 1431 tuo
1171 1374 1331 1430 odori
1362 1374 1635 1444 pratuli?
1667 1374 1883 1432 Verum
1915 1375 2021 1430 etsi

328 1462 618 1518 multoties
660 1462 768 1518 hac
812 1477 902 1519 me
932 1463 1034 1519 tibi
1068 1462 1270 1519 fraude
1298 1462 1578 1530 subduxi,
1610 1462 1682 1518 ad
1725 1469 1778 1518 te
1808 1469 2020 1531 tamen,

322 1557 378 1606 et
409 1564 510 1621 per
531 1558 583 1607 te
607 1551 681 1606 ad
723 1552 823 1606 Dei
855 1551 1060 1620 Patris,
1095 1560 1151 1607 et
1194 1551 1332 1607 dum
1367 1551 1602 1607 unicum
1647 1550 1827 1622 hujus
1856 1551 2023 1607 obla-

323 1639 493 1696 tionis
522 1639 736 1696 intuitu
772 1640 1033 1696 securius
1065 1640 1402 1709 recucurri;
1433 1646 1488 1695 et
1513 1650 1647 1695 cum
1676 1639 1749 1695 ob
1791 1646 2023 1709 peccata

325 1728 531 1784 millies
561 1728 814 1784 recidiva
842 1729 1211 1796 tabescerem,
1254 1727 1533 1784 securitas
1589 1727 1733 1784 mihi
1784 1728 1853 1782 de
1906 1727 2023 1783 tuis

2132 586 2384 640 Tandem
2413 586 2619 642 schola
2658 600 2748 641 me
2794 586 3080 642 traditura
3134 586 3284 641 diem
3333 588 3395 641 Β.
3442 586 3709 657 Gregorii
3771 586 3849 641 fe-

2133 672 2401 729 stivitatis
2429 672 2617 744 elegit.
2668 673 2947 729 Audierat
2977 673 3282 743 prafatum
3312 681 3480 731 tuum
3520 673 3846 740 famulum,

2134 761 2394 829 Domine,
2425 761 2673 817 mirabili
2699 760 3177 831 superemicuisse
3225 774 3421 829 sensu,
3473 761 3706 817 inﬁnita
3728 761 3845 817 ﬁo—

2134 848 2318 905 ruisse
2345 848 2660 918 sapientia;
2690 856 2746 904 et
2776 847 2899 904 ideo
2951 849 3136 905 multa
3166 848 3664 919 eleemosynarum
3692 863 3847 905 con-

2132 936 2288 1007 gerie
2319 936 2658 993 confessoris
2688 937 2772 993 tui
2804 936 3056 993 instabat
3097 938 3310 1007 sapius
3367 937 3676 994 sollicitare
3706 937 3846 993 suf—

2132 1022 2335 1094 fragia,
2387 1031 2452 1080 ut
2495 1023 2590 1080 cui
2641 1025 2972 1093 prabueras
3034 1025 3405 1091 intellectum,
3479 1024 3848 1081 intellectua-

2131 1111 2306 1167 litatis
2334 1110 2474 1168 mihi
2498 1112 2920 1182 consequenda
2961 1113 3291 1183 impetraret
3333 1110 3625 1170 affectum.
3686 1115 3845 1169 Tra-

2132 1199 2289 1255 ditus
2315 1213 2453 1270 ergo
2495 1198 2697 1255 litteris
2754 1199 2944 1270 apices
3000 1210 3301 1271 utcunque
3351 1201 3679 1273 attigeram,
3738 1202 3843 1258 sed

2130 1287 2231 1343 vix
2256 1287 2536 1344 elementa
2561 1296 2899 1344 connectere
2955 1302 3179 1357 noram,
3236 1302 3371 1345 cum
3401 1290 3495 1359 pia
3523 1303 3614 1345 me
3645 1297 3845 1346 mater

2127 1373 2429 1430 erudiendi
2459 1375 2634 1431 avida
2658 1374 2937 1444 disposuit
2964 1374 3297 1446 mancipare
3321 1375 3740 1446 grammatica.

2202 1461 2730 1517 Grammaticorum
2753 1478 2820 1517 eo
2842 1464 3096 1534 tempore
3123 1461 3390 1533 paucitas
3417 1465 3473 1517 et
3490 1460 3844 1520 ἰηεσίιὶαπ-

2128 1544 2224 1618 (²⁷)
2253 1548 2392 1604 Erat
2450 1549 2624 1619 paulo
2653 1551 2786 1605 ante
2842 1549 2898 1605 id
2947 1549 3238 1620 temporis,
3281 1557 3339 1607 et
3392 1549 3587 1607 adhuc
3615 1551 3840 1620 partim

2130 1636 2239 1691 sub
2290 1650 2414 1692 meo
2441 1643 2697 1707 tempore
2727 1644 2888 1693 tanta
2916 1639 3427 1709 grammaticorum
3456 1639 3736 1706 charitas,
3770 1647 3841 1696 ut

2131 1722 2194 1778 in
2224 1723 2448 1793 oppidis
2468 1737 2609 1793 pene
2630 1724 2846 1791 nullus,
2880 1725 2938 1780 in
2958 1726 3206 1783 urbibus
3232 1727 3332 1782 vix
3353 1726 3566 1797 aliquis
3586 1727 3839 1797 reperiri

324 1817 689 1873 inexhaustis
752 1817 1073 1873 visceribus
1151 1817 1521 1885 nascebatur,
1587 1816 2021 1872 miserationum
2056 1786 2104 1844 Β
2132 1813 2423 1882 potuisset,
2455 1819 2511 1868 et
2544 1827 2692 1882 quos
2738 1814 2987 1870 inveniri
3028 1815 3367 1886 contigerat,
3404 1830 3603 1873 eorum
3639 1816 3837 1872 scien-

326 1912 562 1961 tuarum
620 1905 998 1975 antiquarum
1026 1904 1315 1961 beneficiis
1338 1904 1693 1960 admonebar
1723 1911 1786 1960 ut
1825 1916 2022 1973 spera-

324 2006 465 2048 rem.
530 1993 637 2049 Sed
692 1991 834 2063 quid
896 1992 1061 2059 illud,
1120 1992 1553 2063 antiquarum?
1599 1993 1704 2047 Tot
1747 1998 2023 2061 expertus

321 2095 472 2149 sum,
533 2089 587 2137 et
635 2081 892 2152 quotidie
952 2082 1221 2151 experior-
1294 2081 1727 2137 miserationum
1784 2088 2020 2136 tuarum

319 2169 704 2237 assiduitates,
738 2176 819 2224 tot
848 2170 1006 2224 evasi
1038 2169 1330 2238 lapsuum,
1364 2176 1418 2225 te
1443 2168 1753 2235 eximente,
1787 2168 2023 2236 captivi-

323 2263 484 2319 tates,
545 2264 610 2313 ut
655 2256 725 2312 de
770 2257 1062 2313 veteribus
1111 2257 1234 2327 jam
1297 2270 1535 2325 prorsus
1585 2263 1773 2311 tacere
1826 2256 2016 2323 libeat,

319 2343 419 2399 ubi
452 2349 614 2398 tanta
634 2341 1043 2398 liberationum
1074 2341 1374 2397 afﬂuentia
1398 2348 1580 2411 regat.
1616 2342 1687 2397 Et
1716 2353 1848 2396 cum
1881 2354 2016 2411 pec-

317 2438 578 2487 catorum
605 2429 935 2485 iterationes
963 2442 1175 2485 savam
1227 2429 1385 2485 cordi
1427 2443 1552 2484 meo
1579 2428 2019 2485 obdurationem

320 2518 666 2587 parturiant,
698 2518 867 2589 quasi
900 2517 1244 2574 naturaliter
1285 2517 1579 2589 ingenitus
1626 2533 1716 2574 me
1771 2517 1920 2574 illico
1944 2518 2017 2574 ad

319 2617 373 2664 te
403 2621 674 2664 recursus
727 2606 985 2663 emollit:
1017 2613 1072 2662 et
1123 2619 1255 2662 cum
1308 2620 1381 2662 ex
1431 2607 1539 2663 mei
1573 2607 1835 2663 contuitu
1859 2614 1914 2663 et
1940 2621 2016 2663 ex

316 2709 578 2752 mearum
638 2695 1093 2751 consideratione
1163 2708 1559 2751 arumnarum
1626 2709 1768 2765 pene
1815 2696 2015 2765 despe-

318 2781 501 2836 rando
553 2779 836 2846 deﬁciam,
891 2780 1058 2850 quasi
1117 2780 1289 2835 velim
1340 2781 1517 2837 nolim
1552 2782 1771 2838 innasci
1829 2784 2014 2838 sentio

317 2869 527 2924 anima
559 2869 779 2924 misera
809 2868 881 2924 ad
912 2875 966 2924 te
997 2869 1317 2938 respirandi
1373 2868 1664 2925 ﬁduciam.
1720 2869 1811 2925 Sic
1858 2871 2013 2925 enim

314 2957 538 3027 adjacet
589 2957 916 3028 cogitationi
950 2970 1108 3024 mea,
1145 2964 1209 3012 ut
1238 2957 1693 3028 quibuscunque
1720 2957 1890 3013 malis
1921 2957 2012 3013 in-

2128 1900 2211 1955 tia
2244 1899 2433 1955 tenuis
2491 1907 2638 1968 erat,
2680 1914 2785 1956 nec
2839 1902 3011 1957 etiam
3059 1903 3313 1959 moderni
3345 1903 3620 1973 temporis
3671 1904 3840 1959 cleri-

2129 1986 2276 2042 culis
2320 1986 2675 2056 vagantibus
2704 1990 3028 2058 comparari
3082 1998 3327 2059 poterat.
3386 1991 3440 2045 Is
3497 1991 3696 2061 itaque
3736 1993 3836 2048 cui

2130 2074 2239 2131 mei
2269 2088 2505 2145 operam
2566 2083 2748 2131 mater
2793 2078 3071 2133 mandare
3126 2079 3478 2146 decreverat,
3535 2081 3837 2137 addiscere

2128 2163 2563 2234 grammaticam
2589 2163 2937 2234 grandavus
2988 2166 3319 2234 inceperat,
3366 2175 3645 2238 tantoque
3675 2169 3836 2225 circa

2124 2251 2384 2307 eamdem
2420 2258 2601 2307 artem
2641 2253 2825 2322 magis
2877 2252 3040 2308 rudis
3089 2253 3326 2321 exstitit,
3381 2263 3600 2324 quanto
3630 2269 3763 2312 eam
3798 2270 3834 2312 a

2128 2346 2321 2396 tenero
2346 2340 2540 2396 minus
2567 2339 2851 2395 ebiberat.
2888 2341 3084 2397 Tanta
3110 2355 3246 2397 vero
3278 2341 3568 2399 modestia
3611 2342 3828 2411 fuerat,

2126 2436 2189 2485 ut
2219 2429 2374 2499 quod
2404 2429 2705 2485 deﬁciebat
2736 2428 2793 2484 in
2826 2428 3047 2498 litteris,
3076 2430 3369 2500 suppleret
3400 2430 3656 2488 honesto.

2196 2516 2449 2573 Guiberti
2466 2522 2780 2589 praceptor
2813 2518 2941 2573 vita
2975 2517 3391 2590 probatissima
3400 2519 3552 2588 fuit:
3581 2552 3651 2562 --
3671 2521 3820 2579 Cum

2121 2617 2259 2675 ergo
2286 2605 2596 2675 sequestris
2625 2605 2922 2676 aliquibus
2956 2606 3196 2675 clericis,
3225 2608 3326 2677 qui
3353 2608 3403 2663 ei
3456 2608 3825 2665 familiariter

2118 2692 2226 2747 sub
2254 2692 2684 2761 capellanorum
2731 2694 2962 2750 nomine
3012 2695 3203 2751 ofﬁcia
3264 2696 3365 2752 Dei
3422 2697 3821 2767 celebrabant,

2122 2783 2442 2840 scholarem
2477 2784 2643 2841 illum
2693 2785 3022 2843 sollicitaret
3061 2786 3351 2844 hominem
3381 2795 3436 2845 et
3470 2789 3563 2845 ille
3614 2790 3823 2860 cujus-

2121 2871 2254 2927 dam
2282 2872 2676 2929 eonsobrinuli
2709 2874 2816 2928 mei
2849 2874 3088 2930 sortitus
3116 2876 3538 2947 padagogium,
3573 2876 3821 2947 quibus-

2121 2964 2254 3019 dam
2303 2964 2444 3019 meis
2475 2964 2831 3034 parentibus,
2864 2979 3119 3035 quorum
3141 2966 3597 3024 innutrituserat
3617 2969 3817 3037 curia,

314 3045 540 3112 volvar,
578 3052 641 3101 tu
672 3045 812 3101 meis
845 3044 1298 3113 necessitatibus,
1332 3045 1379 3099 si
1404 3045 1589 3100 dicere
1638 3046 1905 3115 audeam,
1937 3060 2010 3102 ex
2047 3073 2094 3133 α
2123 3050 2477 3106 necessarius
2536 3059 2703 3119 esset,
2764 3051 2989 3109 femina
3064 3066 3124 3108 se
3171 3055 3567 3124 compellantis
3625 3056 3820 3112 horta-

314 3133 508 3189 debito
535 3133 733 3189 deesse
760 3147 874 3189 non
906 3132 1106 3203 possis,
1135 3132 1193 3188 in
1227 3140 1279 3189 te
1331 3147 1537 3203 nempe
1572 3132 1892 3204 projectum
1941 3147 2012 3189 ex

314 3228 477 3278 utero
508 3221 556 3277 si
590 3222 899 3278 adversum
931 3236 1044 3277 non
1078 3222 1315 3290 revisas,
1361 3223 1407 3277 si
1450 3236 1747 3278 reversum
1776 3221 2013 3279 minime

314 3309 577 3379 recipias,
610 3309 946 3379 perditionis
975 3324 1116 3365 mea
1158 3311 1347 3381 justas
1374 3310 1433 3364 in
1465 3317 1518 3365 te
1566 3310 1770 3380 utique
1817 3309 2009 3365 confe-

310 3410 436 3452 ram
466 3410 691 3453 causas.
753 3396 928 3452 Plane
987 3397 1129 3468 quia
1177 3397 1278 3454 tibi
1334 3398 1531 3454 subest
1577 3411 1710 3454 cum
1759 3396 2011 3453 volueris

310 3498 494 3555 posse,
542 3491 599 3540 et
629 3484 755 3540 Filii
787 3491 1037 3554 potestas
1070 3484 1128 3539 in
1158 3491 1398 3541 matrem
1427 3485 1755 3542 redundare
1799 3485 2011 3557 digno-

311 3571 510 3639 scitur,
541 3584 576 3626 a
627 3584 747 3641 quo
795 3569 989 3640 potius
1042 3569 1152 3625 mei
1201 3571 1443 3627 salutem
1504 3572 1735 3644 exigere
1790 3581 2008 3644 potero,

313 3673 491 3730 quam
548 3665 682 3726 ate,
715 3658 830 3726 cui,
891 3664 955 3713 ut
1010 3657 1093 3713 sic
1131 3657 1367 3725 dicam,‘
1398 3668 1657 3730 cognata
1714 3661 2011 3717 servitutis

314 3745 646 3801 conditione
685 3744 1039 3800 conclamem
1072 3758 1141 3797 ια
1188 3745 1349 3801 Tuus
1405 3759 1532 3802 sum
1564 3748 1723 3819 ego?
1759 3770 1781 3797 ε
1828 3748 2008 3820 (Psat.

308 3847 505 3901 cxvm,
535 3832 650 3904 94.)
681 3832 787 3889 Sed
843 3833 912 3889 de
962 3831 1052 3887 his
1104 3831 1248 3888 alias
1306 3847 1486 3903 quam
1541 3833 1786 3891 libenter
1833 3835 2007 3891 ratio-

308 3918 549 3975 cinabor
581 3926 768 3976 tecum
794 3936 809 3987 ;
844 3925 1050 3976 catera
1078 3919 1454 3991 attingamus.

974 4007 1206 4064 CAPUT
1242 4007 1342 4064 IV.

378 4095 593 4166 Infans
605 4097 779 4167 patre
798 4095 1054 4151 orbatur.
1088 4092 1199 4160 Qui
1232 4094 1292 4150 si
1307 4094 1532 4151 diutius
1556 4095 1812 4163 vixisset,
1849 4095 2012 4153 illius

243 4250 246 4254 Α
305 4182 488 4239 saluti
514 4182 867 4239 haud'dubie
906 4181 1212 4238 nocuisset.
1242 4213 1312 4223 —
1341 4183 1526 4241 Natus
1555 4185 1737 4256 igitur
1774 4185 1876 4241 vix
1915 4186 2008 4242 di-

304 4272 556 4328 diceram
587 4272 779 4329 fovere
831 4263 1167 4341 crepundia,
1200 4286 1333 4328 cum
1368 4280 1453 4340 tu,
1486 4274 1576 4343 pie
1608 4274 1865 4343 Domine,
1902 4273 2009 4347 qui

2122 3144 2314 3192 menta
2361 3137 2749 3205 considerans,
2804 3145 2860 3194 et
2887 3139 3018 3209 ejus
3044 3138 3339 3198 honestate
3395 3156 3463 3198 ac
3516 3142 3822 3200 severitate

2120 3236 2426 3293 propensa,
2459 3224 2589 3280 licet
2621 3224 3026 3294 pradictorum
3078 3237 3387 3298 parentum
3417 3243 3678 3286 meorum
3727 3245 3821 3288 ve-

2119 3319 2347 3369 reretur
2377 3310 2673 3380 oﬁ'ensam,
2716 3312 2788 3368 ad
2827 3314 2957 3384 ejus
2987 3317 3433 3374 contubernium
3463 3317 3820 3376 deliberabat

2119 3398 2407 3455 accedere.
2465 3400 2529 3453 In
2576 3413 2697 3470 qua
2741 3399 3168 3471 deliberatione,
3221 3403 3330 3460 hac
3356 3411 3460 3473 est,
3493 3413 3558 3462 ut
3584 3405 3815 3474 faceret,

2118 3485 2340 3542 visione
2360 3486 2716 3557 compulsus.

2192 3572 2339 3628 Cum
2382 3582 2547 3630 nocte
2583 3574 2860 3632 dormiret
2917 3576 2978 3633 in
3044 3578 3335 3645 cubiculo,
3363 3578 3535 3650 cujus
3592 3587 3648 3637 et
3705 3594 3813 3652 ego

2120 3660 2374 3729 memini,
2422 3660 2483 3717 in
2534 3676 2652 3732 quo
2702 3662 2876 3719 totius
2925 3665 3104 3720 nostri
3156 3664 3351 3736 oppidi
3382 3666 3648 3737 generale
3683 3674 3816 3724 stu-

2118 3747 2280 3803 dium
2337 3749 2667 3820 regebatur,
2715 3750 3022 3822 cujusdam
3069 3753 3286 3821 species
3329 3752 3570 3809 senioris
3622 3753 3816 3824 prafe-

2117 3849 2254 3892 rens
2300 3844 2473 3906 caput
2517 3851 2750 3905 canum,
2782 3847 2839 3897 et
2889 3839 3246 3897 habitudinis
3273 3841 3601 3898 omnimodo
3644 3855 3814 3898 reve—

2119 3922 2332 3992 renda,
2364 3937 2546 3980 manu
2575 3938 2667 3981 me
2698 3932 2895 3982 tenens
2923 3925 3066 3982 ostio
3120 3940 3213 3983 me
3243 3927 3495 3984 cubiculi
3540 3927 3812 3985 inducere

2117 4010 2444 4068 videbatur.
2504 4012 2571 4067 In
2626 4013 2799 4084 cujus
2846 4027 2982 4069 cum
3044 4014 3390 4071 substitisset
3444 4015 3669 4085 auditu,
3745 4016 3814 4072 le-

2116 4098 2341 4155 ctulum
2369 4098 2498 4169 ejus
2529 4099 2673 4156 mihi
2733 4101 2836 4171 qui
2887 4101 2997 4157 hoc
3049 4102 3389 4160 intuebatur
3413 4105 3677 4173 ostendit,
3707 4113 3763 4161 et
3792 4119 3806 4159 :

2119 4187 2297 4254 Vade,
2330 4187 2542 4258 inquit,
2576 4188 2649 4244 ad
2677 4202 2832 4257 eum,
2856 4188 2998 4259 quia
3025 4189 3131 4246 iste
3153 4190 3470 4260 plurimum
3508 4200 3810 4249 amaturus

2114 4282 2218 4331 est.
2267 4275 2625 4347 Manumque
2675 4277 2816 4332 mihi
2871 4291 3050 4348 quam
3106 4286 3372 4336 tenuerat
3419 4279 3640 4345 laxans,
3675 4293 3807 4336 cum

303 4367 466 4430 pater
518 4360 661 4416 mihi
716 4360 954 4417 futurus
1010 4373 1159 4426 eras,
1238 4361 1568 4431 orphanum
1640 4377 1729 4419 me
1798 4363 1998 4421 fecisti.
2037 4373 2085 4429 ι)
2115 4363 2340 4420 sivisset
2368 4364 2552 4434 abire,
2592 4365 2825 4421 cucurri
2858 4367 2930 4423 ad
2960 4366 3275 4437 hominem,
3328 4375 3384 4425 et
3428 4382 3565 4425 cum
3596 4367 3810 4425 crebris

304 4448 603 4505 Exhausto
661 4448 818 4505 enim
872 4456 999 4525 octo
1056 4447 1172 4506 fere
1228 4451 1517 4508 mensium
1579 4450 1786 4522 spatio,
1842 4459 2006 4523 pater

301 4549 443 4592 mea
471 4535 663 4591 carnis
719 4536 992 4592 occubuit
1025 4551 1038 4591 :
1074 4544 1129 4592 et
1153 4550 1395 4609 magnas
1438 4538 1571 4595 inde
1628 4539 1731 4595 tibi
1762 4541 2002 4611 gratias,

303 4625 405 4694 qui
463 4623 621 4681 hunc
677 4625 969 4682 hominem
1018 4625 1127 4681 sub
1180 4626 1507 4683 Christiano
1556 4625 1767 4684 aﬁectu
1821 4628 2003 4686 fecisti

303 4712 591 4783 decedere,
628 4713 1006 4784 providentia
1054 4722 1187 4784 tua,
1221 4729 1401 4786 quam
1459 4716 1528 4771 de
1559 4729 1651 4771 me
1688 4716 1999 4785 habueras,

300 4800 347 4855 si
380 4800 692 4868 adviveret,
720 4801 958 4859 indubie
987 4803 1340 4860 nociturum.
1387 4803 1535 4867 Quia
1584 4818 1840 4876 namque
1881 4805 2003 4861 for-

299 4888 461 4945 mula
487 4903 631 4958 mea,
671 4897 727 4946 et
773 4891 1059 4947 naturalis
1087 4891 1355 4961 quadam
1404 4905 1506 4961 pro
1547 4893 1795 4949 atatula
1845 4892 2001 4950 illius

300 4976 627 5045 quantitate
652 4977 921 5034 alacritas
969 4979 1175 5034 idonea
1225 4978 1363 5034 huic
1418 4979 1629 5036 saculo
1672 4980 2000 5050 videbatur,

298 5062 445 5117 nulli
476 5063 721 5121 dubium
775 5072 919 5131 erat,
951 5066 1098 5135 quin
1127 5080 1262 5122 cum
1288 5067 1492 5124 litteris
1528 5067 1847 5124 ediscendis
1903 5069 2001 5124 ha-

299 5147 411 5204 bile
465 5156 686 5219 tempus
742 5151 981 5214 adesset,
1037 5165 1106 5208 ea
1168 5167 1300 5223 qua
1348 5155 1418 5211 de
1466 5169 1558 5211 me
1606 5154 1816 5211 fecerat
1866 5163 2000 5213 vota

299 5238 625 5294 resolveret.
678 5240 831 5296 Bone
864 5241 1122 5308 provisor
1174 5242 1471 5313 utrimque
1522 5241 1831 5299 salubriter
1876 5242 1998 5300 dis-

298 5325 559 5395 posuisti,
609 5334 673 5382 ut
701 5334 757 5383 et
783 5341 890 5398 ego
940 5332 1092 5383 460
1120 5342 1495 5401 nequaquam
1555 5336 1789 5386 tuarum
1821 5329 1998 5387 disci-

298 5412 595 5483 plinarum
650 5412 979 5471 rudimento
1048 5428 1322 5479 carerem.
1378 5423 1433 5473 et
1488 5415 1583 5473 ille
1640 5430 1819 5487 quam
1891 5415 1996 5474 tibi

296 5502 505 5559 fecerat
533 5515 650 5559 non
680 5503 1024 5574 irrumperet
1051 5505 1440 5577 sponsionem.

363 5588 713 5648 Litterarum
737 5589 949 5649 studiis
973 5594 1045 5650 Β.
1070 5590 1337 5666 Gregorii
1355 5593 1506 5659 festo
1534 5591 1629 5650 die
1646 5592 1997 5650 traditur.—

2111 4452 2322 4508 osculis
2370 4466 2472 4509 ora
2524 4454 2984 4523 comprimerem,
3040 4456 3486 4527 expergiscitur,
3541 4463 3597 4512 et
3648 4462 3806 4512 tanta

2111 4539 2221 4595 mei
2269 4538 2568 4596 aﬁ‘ectione
2597 4541 2933 4611 corripitur,
2984 4550 3051 4599 ut
3076 4543 3446 4599 cunctatione
3493 4543 3720 4615 rejects,
3750 4550 3806 4600 et

2110 4634 2418 4696 parentum
2452 4641 2737 4695 meorum,
2786 4630 3002 4700 quibus
3058 4636 3173 4686 tam
3207 4630 3347 4701 ipse,
3381 4644 3560 4701 quam
3612 4630 3701 4686 sui
3729 4644 3802 4686 ex

2113 4724 2225 4772 toto
2276 4716 2568 4773 obnoxius
2639 4725 2786 4787 erat,
2844 4718 3047 4775 timore
3111 4733 3361 4788 recusso,
3425 4719 3499 4776 ad
3560 4726 3799 4777 matrem

2110 4816 2297 4858 meam
2325 4802 2699 4860 habitaturus
2726 4819 2861 4862 cum
2891 4806 3015 4875 ipsa
3044 4806 3402 4863 concederet.

2179 4891 2319 4947 Erat
2348 4899 2542 4948 autem
2585 4906 2731 4962 puer
2784 4892 2983 4956 isdem,
3036 4908 3210 4964 quem
3256 4901 3497 4951 eatenus
3550 4891 3799 4950 ductita-

2106 4982 2288 5045 verat,
2346 4975 2586 5046 pulcher
2635 4976 2894 5048 quidem,
2942 4986 2999 5035 et
3047 4979 3273 5047 nobilis,
3348 4979 3447 5036 sed
3514 4978 3798 5035 intantum

2106 5062 2398 5121 bonarum
2421 5065 2637 5122 artium
2669 5065 2870 5137 fugax,
2913 5068 2985 5123 ad
3024 5082 3223 5124 omnes
3251 5067 3585 5138 disciplinas
3624 5067 3795 5122 iusta-

2105 5151 2256 5217 bilis,
2290 5166 2394 5223 pro
2420 5160 2585 5210 atate
2633 5153 2906 5221 mendax,
2965 5163 3021 5212 et
3082 5146 3314 5213 furibus
3347 5156 3431 5227 [Ῑῖ⁹
3466 5153 3578 5227 fur]
3615 5162 3677 5211 ut
3718 5155 3796 5211 nil

2103 5245 2434 5314 proﬁciente
2463 5247 2741 5315 custodia,
2775 5246 2876 5303 vix
2933 5248 2993 5302 in
3044 5246 3259 5315 schola,
3303 5247 3405 5303 sed
3460 5260 3607 5316 pene
3645 5244 3792 5302 omni

2103 5332 2195 5388 die
2240 5332 2575 5389 delitescens
2621 5335 2971 5404 reperiretur
3023 5335 3082 5391 in
3134 5335 3336 5391 vineis.
3392 5335 3466 5391 At
3512 5333 3791 5390 hominem

2103 5432 2239 5475 cum
2268 5419 2508 5488 puerilis
2536 5421 2819 5477 vecordia
2863 5421 3171 5491 taduisset,
3213 5430 3271 5479 et
3325 5421 3379 5478 ei
3415 5422 3615 5478 matris
3661 5434 3791 5477 mea

2102 5507 2427 5575 opportune
2481 5505 2845 5564 familiaritas
2896 5508 3201 5577 arrisisset,
3247 5516 3304 5566 et
3331 5508 3571 5566 visionis
3610 5507 3787 5579 prali-

2104 5593 2251 5650 bata
2309 5601 2492 5663 tenor,
2550 5608 2696 5666 rem,
2753 5611 2934 5668 quam
2986 5596 3236 5668 petebat,
3290 5597 3399 5655 sibi
3438 5598 3787 5669 potissimum
