3934 6404
115 431 219 484 845

1233 426 1324 480 DE
1363 425 1527 481 VITA
1569 426 1702 482 SUA
1743 425 1927 482 LIBRI
1965 426 2160 482 TRES.
2192 456 2250 466 —
2288 428 2422 484 LIB.
2474 429 2512 481 1.

3517 433 3620 487 846

111 527 534 591 inviscerasset,
569 523 732 594 pueri
757 523 1034 579 comitatu
1058 523 1298 589 deserto,
1350 531 1406 579 et
1451 523 1560 579 sub
1599 523 1814 593 quibus
1854 526 1901 580 A
1932 525 2102 580 tionis
2125 526 2307 580 inesse
2337 525 2516 588 dono;
2571 526 2651 580 sic
2688 541 2791 582 nec
2821 525 3000 597 jugis,
3041 534 3108 584 ut
3139 527 3218 583 ita
3246 528 3458 597 dicam,
3493 543 3620 598 per-

110 615 342 693 agebat,
379 613 641 668 dominos
699 626 865 681 aeque
910 611 1162 682 reliquit.
1216 609 1378 676 Quod
1432 619 1619 666 tamen
1663 611 1817 666 haud

113 705 356 772 impune
417 701 656 768 fecisset,
724 700 834 754 nisi
897 714 1029 755 eum
1070 699 1269 756 matris
1327 708 1442 754 tam
1473 699 1816 760 reverentia,

110 806 288 861 quam
324 790 579 860 potentia
606 787 970 858 protexisset.

798 875 1028 931 CAPUT
1060 875 1129 931 V.

843 876 932 930 ΑΡ
987 876 1028 929 Τ
1115 916 1129 928 .

180 965 490 1022 Οαὶὁενιιιε
517 965 750 1036 optimis
793 875 1384 1018 ilmbulitwyinstituti:
1423 978 1496 1016 ac
1541 962 1812 1018 moribus.

111 1054 344 1109 Acriori
390 1055 494 1108 sub
546 1052 858 1124 disciplina
887 1051 1196 1107 cohibetur.
1248 1083 1314 1090 —
1345 1051 1463 1107 Sub
1522 1066 1581 1106 se
1638 1051 1817 1122 igitur

110 1143 492 1199 constitutum
533 1150 695 1198 tanta
746 1141 996 1211 puritate
1054 1155 1144 1196 me
1193 1139 1407 1206 docuit,
1443 1139 1516 1194 ab
1566 1139 1813 1194 insolen-

110 1231 222 1299 tiis,
253 1246 386 1301 quae
432 1229 652 1286 innasci
679 1229 1042 1300 primzevitati
1073 1229 1152 1284 illi
1181 1229 1382 1294 solent,
1434 1235 1594 1284 tanta
1623 1227 1816 1283 since-

111 1320 280 1375 ritate
307 1319 582 1386 cohibuit,
618 1326 680 1374 ut
739 1333 826 1373 me
858 1318 1086 1386 penitus
1135 1331 1168 1372 a
1203 1316 1611 1372 communibus
1662 1315 1817 1385 lupis

110 1415 354 1473 arceret,
385 1408 604 1477 absque
662 1421 767 1462 suo
820 1407 1097 1462 comitatu
1133 1419 1423 1476 nusquam
1461 1405 1619 1460 abire
1678 1419 1813 1474 per-

110 1498 381 1562 mitteret,
418 1510 530 1551 non
562 1495 756 1550 cibum
813 1501 1020 1563 praeter
1059 1493 1210 1549 domi
1243 1507 1489 1559 sumere,
1539 1507 1655 1548 non
1704 1507 1814 1547 cu-

104 1585 363 1655 juspiam
417 1598 632 1639 munus
672 1582 780 1638 nisi
842 1582 1074 1638 licentia
1111 1596 1145 1637 a
1195 1595 1254 1638 se
1301 1582 1437 1636 data
1489 1580 1809 1649 suscipere;

111 1672 258 1727 nihil
293 1687 408 1727 non
465 1679 868 1741 temperanter,
901 1685 1016 1725 non
1050 1671 1105 1726 in
1139 1670 1330 1737 verbo,
1365 1683 1478 1725 non
1530 1670 1587 1724 in
1620 1683 1808 1738 respe-

110 1769 230 1828 ctu,
264 1775 379 1816 non
407 1775 578 1830 opere
635 1773 826 1830 agere,
881 1767 945 1815 ut
975 1774 1090 1814 non
1140 1759 1493 1824 clericatum,
1527 1757 1672 1828 quin
1704 1772 1810 1826 po—

113 1849 228 1904 tius
261 1849 671 1905 monachatum
707 1862 739 1902 a
772 1863 860 1903 me
892 1847 1186 1903 videretur
1214 1846 1464 1916 exigere.
1501 1845 1646 1901 Nam
1678 1860 1810 1900 cum

111 1937 357 2008 aequaevi
412 1937 521 1992 mei
555 1936 763 2006 passim
796 1936 865 1990 ad
929 1935 1153 1990 libitum
1208 1941 1580 2005 vagarentur,
1631 1941 1685 1988 et
1734 1933 1815 1988 eis

111 2026 320 2080 debitae
356 2025 674 2081 secundum
735 2032 958 2092 tempus
1004 2023 1293 2080 facultatis
1337 2023 1497 2077 frena
1530 2030 1808 2091 paterent,

111 2129 216 2183 ego
249 2113 324 2168 ab
357 2113 692 2183 huiusmodi
725 2127 825 2181 per
856 2111 1086 2166 sedulas
1115 2112 1482 2166 coercitiones
1515 2109 1811 2175 inhibitus,

110 2201 453 2257 clericaliter
480 2201 759 2257 infulatus
798 2200 1085 2266 sedebam,
1145 2208 1198 2254 et
1229 2214 1442 2254 cuneos
1491 2199 1813 2254 ludentium

111 2290 286 2361 quasi
314 2291 560 2360 peritum
594 2289 807 2344 animal
836 2289 1236 2357 exspectabam
1295 2287 1388 2358 [f.,
1437 2286 1811 2358 spectabam].

112 2378 436 2434 Dominicis
488 2377 660 2433 etiam
717 2385 772 2432 et
829 2376 1030 2432 diebus
1081 2383 1412 2431 sanctorum
1496 2375 1650 2431 festis
1706 2376 1814 2430 sub

112 2467 414 2525 exercitus
469 2465 744 2522 scholaris
803 2480 1048 2521 censura
1103 2466 1364 2536 cogebar,
1427 2473 1480 2520 et
1538 2464 1696 2520 nullo
1727 2465 1817 2520 die

111 2557 230 2612 ullo
270 2556 369 2611 vix
419 2563 671 2624 tempore
706 2553 969 2610 feriatum
1003 2569 1092 2608 me
1135 2567 1256 2608 esse
1293 2553 1515 2618 licebat,
1571 2566 1637 2607 ac
1680 2553 1814 2606 uni-

111 2645 284 2701 mode
324 2657 547 2714 semper
580 2643 650 2698 ad
685 2643 989 2698 subeunda
1021 2641 1211 2698 studia
1264 2641 1640 2711 perurgebar.
1690 2641 1814 2710 Ipse

111 2742 313 2790 autem
349 2747 437 2788 me
475 2732 661 2787 solum
714 2731 1068 2786 edocendum
1124 2729 1462 2799 suscipiens,
1500 2729 1809 2796 neminem,

109 2823 297 2878 alium
330 2835 501 2892 quem
534 2821 778 2883 doceret,
816 2818 1257 2888 permittebatur
1277 2817 1507 2873 habere.

182 2911 256 2966 Et
289 2925 419 2965 cum
464 2909 605 2963 mihi
637 2907 716 2963 ita
747 2907 1026 2962 institeret
1058 2906 1151 2976 [f.,
1192 2905 1516 2974 insisteret],
1550 2911 1604 2960 et
1649 2905 1816 2975 inge-

109 2999 343 3055 niolum
378 3011 568 3053 meum
595 3011 714 3066 prae
739 3003 897 3052 tanta
924 2995 1200 3077 instantia
1231 2994 1482 3065 quisque
1508 2994 1818 3048 adintuens

1928 611 2144 666 vicacia
2189 613 2241 666 in
2293 613 2638 682 cogitatione
2690 614 2948 683 qualibet
3000 614 3286 671 laboranti
3343 616 3624 672 constabit

1926 699 2176 770 ingenio.
2208 702 2346 756 Inde
2378 702 2573 771 itaque
2605 701 2845 758 intensis
2881 703 3220 759 unicuilibet
3250 705 3331 760 rei
3354 707 3624 764 cordibus

1924 787 2346 844 vicissitudines
2393 788 2778 846 intentionum
2829 790 3116 847 credimus
3145 791 3521 861 adhibendas,
3562 806 3624 852 ut

1924 873 2064 929 dum
2113 874 2341 930 diversa
2375 875 2702 932 alternatim
2737 885 2923 932 mente
2954 885 3288 947 tractamus,
3334 881 3403 936 ad
3440 897 3620 938 unum

1923 963 2017 1018 cui
2064 963 2419 1032 potissimum
2467 964 2701 1020 animus
2732 965 2913 1036 affigi,
2971 966 3139 1036 quasi
3169 982 3241 1023 ex
3273 968 3498 1026 indulto
3530 985 3621 1027 re-

1923 1051 2166 1106 creati...
2219 1053 2482 1108 noviores
2522 1053 2843 1108 redeamus.
2880 1053 3098 1110 Habeat
3131 1055 3383 1126 denique
3440 1058 3623 1114 lassa-

1924 1138 2121 1194 bunda
2152 1139 2458 1209 aliquoties
2488 1149 2699 1196 natura
2726 1142 2835 1197 sub
2871 1141 3071 1213 aliqua
3099 1143 3188 1198 sui
3219 1145 3404 1214 operis
3436 1149 3622 1203 varie-

1922 1235 2037 1283 tate
2064 1228 2401 1283 remedium.
2445 1215 2838 1285 Recordemur
2890 1231 3072 1286 Deum
3106 1246 3222 1287 non
3256 1232 3623 1291 uniformiter

1927 1315 2240 1372 instituisse
2262 1316 2562 1384 saeculum,
2603 1317 2702 1372 sed
2727 1317 2836 1374 sub
2866 1318 3070 1374 diebus
3101 1332 3168 1374 ac
3200 1322 3477 1386 noctibus,
3525 1325 3622 1379 sed

1922 1403 2031 1459 sub
2065 1418 2197 1460 vere
2228 1419 2294 1459 ac
2322 1412 2536 1472 testate,
2587 1406 2697 1461 sub
2727 1416 3031 1474 autumno,
3068 1415 3123 1463 et
3150 1435 3154 1438 -
3177 1408 3380 1476 hieme,
3426 1421 3621 1468 muta-

1922 1493 2178 1549 tionibus
2208 1509 2310 1549 nos
2329 1493 2639 1550 oblectasse
2667 1502 3012 1565 temporum.
3044 1497 3245 1554 Videat
3269 1513 3406 1570 ergo
3449 1502 3622 1570 quis-

1917 1595 2048 1651 que,
2085 1581 2176 1637 cui
2239 1596 2446 1638 nomen
2480 1583 2739 1652 magistri
2779 1584 3110 1651 ascribitur,
3143 1585 3396 1656 qualiter
3428 1589 3620 1644 mode-

1920 1675 2081 1723 retur
2135 1668 2467 1738 disciplinas
2528 1684 2838 1739 puerorum
2881 1685 2948 1727 ac
2988 1672 3294 1742 iuvenum,
3329 1675 3470 1744 quia
3510 1691 3624 1732 non

1925 1755 2088 1811 aliter
2137 1758 2492 1813 aestimamus
2549 1759 2896 1827 tractandos,
2957 1761 3015 1814 in
3092 1762 3308 1831 quibus
3368 1765 3625 1833 gravitas

1929 1844 2185 1914 plenaria
2215 1847 2368 1914 viget
2397 1847 2566 1902 etiam
2610 1861 2768 1902 more
2804 1863 3029 1904 senum.

1991 1931 2167 1986 Rudis
2193 1938 2249 1986 et
2277 1931 2520 2004 ignarus
2557 1933 2819 1988 Guiberti
2843 1936 3206 2008 paedagogus.
3252 1969 3320 1978 ——
3346 1940 3486 1995 Erat
3518 1943 3623 2012 igi-

1926 2027 2022 2074 tur
2053 2021 2271 2076 homini
2311 2021 2388 2075 illi
2425 2036 2596 2090 penes
2628 2036 2716 2078 ine
2747 2037 2935 2079 saevus
2967 2039 3148 2092 amor,
3189 2041 3302 2082 non
3339 2027 3430 2096 [[2,
3464 2031 3622 2099 nam]

1922 2109 2186 2163 nimietas
2235 2109 2554 2164 severitatis
2617 2111 2672 2164 in
2733 2111 2946 2182 injusto
2999 2112 3308 2171 videbatur
3355 2117 3621 2187 verbere;

1922 2196 2210 2251 eminebat
2264 2205 2454 2252 tamen
2532 2199 2703 2253 totius
2750 2199 3046 2269 diligentia
3088 2201 3505 2260 observationis
3565 2205 3624 2262 in

1923 2298 2108 2353 opere.
2145 2283 2332 2340 Minus
2385 2285 2553 2354 plane
2612 2286 2784 2355 digne
2833 2287 3206 2356 vapulabam,
3241 2291 3381 2359 quia
3427 2292 3475 2346 si
3507 2294 3625 2362 ipse

1923 2371 2159 2428 haberet
2193 2387 2370 2442 quam
2406 2374 2783 2442 profitebatur
2840 2375 3077 2431 docendi
3107 2378 3390 2446 peritiam,
3421 2395 3623 2436 eorum

1925 2460 2195 2529 profecto,
2239 2475 2370 2531 qum
2421 2469 2569 2516 recte
2615 2461 2868 2528 dixisset,
2902 2462 3114 2532 optime
3162 2479 3262 2532 pro
3313 2480 3490 2535 puero
3519 2482 3621 2522 ca—

1926 2561 2036 2616 pax
2067 2563 2244 2604 eram.
2285 2549 2390 2605 Sed
2437 2550 2576 2619 quia
2609 2550 2842 2605 minime
2885 2565 2958 2606 ex
3011 2554 3294 2608 sententia
3343 2554 3624 2625 loqueba—

1927 2645 2038 2703 tur,
2070 2644 2125 2692 et
2170 2637 2276 2692 sibi
2309 2637 2643 2693 nullatenus
2703 2639 2950 2708 patebat,
2976 2641 3131 2710 quod
3161 2656 3502 2711 expromere
3535 2644 3623 2698 ni-

1926 2725 2153 2781 tebatur
2204 2725 2358 2780 circa
2388 2725 2579 2791 vilem,
2607 2727 2701 2780 sed
2731 2741 2842 2781 non
2873 2728 3158 2798 patulum,
3193 2731 3294 2799 qui
3326 2731 3521 2802 colligi
3551 2733 3624 2787 ab

1924 2826 1991 2867 eo
2022 2826 2136 2867 non
2169 2819 2405 2881 poterat,
2437 2813 2649 2868 nedum
2695 2813 2954 2885 intelligi,
2986 2816 3195 2872 faceret
3225 2818 3445 2884 orbem,
3493 2820 3621 2891 ejus

1926 2898 2177 2954 inaniter
2234 2899 2428 2955 fabula
2478 2901 2840 2957 versabatur.
2894 2903 3074 2959 Rudis
3120 2905 3273 2960 enim
3304 2906 3361 2960 in
3397 2913 3624 2963 tantum

1924 2987 2129 3053 fuerat,
2165 2994 2228 3042 ut
2257 2987 2412 3056 quod
2445 2988 2590 3042 male
2616 2989 2787 3044 semel
2817 2991 2960 3059 jam,
2994 3000 3057 3046 ut
3090 2993 3407 3062 przelibavi,
3449 3009 3624 3066 gran-

109 3087 322 3143 exacui
353 3086 673 3155 plurimum
696 3085 969 3150 crederet,
1003 3074 1130 3152 spes
1162 3083 1422 3138 omnium
1456 3081 1810 3137 cessabatur.
1855 3097 1896 3152 ρ
1926 3075 2126 3130 daevus
2168 3074 2460 3141 hauserat,
2488 3076 2955 3146 incorrigibiliter
2980 3081 3270 3146 retineret,
3302 3091 3356 3137 et
3389 3083 3431 3136 si
3481 3084 3625 3152 quid

114 3175 384 3229 Dictandi
415 3173 591 3238 enim,
622 3187 690 3227 ac
720 3171 1077 3228 versificandi
1113 3171 1186 3226 ad
1230 3171 1518 3241 integrum
1567 3169 1818 3224 scientiae

111 3277 327 3334 expers
356 3269 497 3318 erat.
536 3262 760 3317 Interea
783 3275 936 3317 saeva
983 3260 1095 3316 fere
1129 3259 1384 3330 quotidie
1416 3258 1716 3328 alaparum
1751 3273 1820 3312 ac

111 3351 429 3407 verborum
457 3349 740 3421 grandine
775 3349 1093 3419 lapidabar,
1155 3348 1292 3404 dum
1329 3347 1446 3417 ipse
1473 3361 1562 3401 me
1593 3352 1820 3417 cogeret

113 3440 358 3507 discere,
391 3452 522 3509 qua;
552 3438 751 3493 docere
780 3438 1141 3507 nequiverat.

185 3528 412 3583 Parum
434 3543 504 3581 ea
532 3527 602 3582 de
629 3541 690 3583 re
717 3525 779 3580 in
818 3523 1047 3593 litteris,
1089 3525 1337 3580 multum
1364 3539 1494 3578 vero
1511 3521 1574 3577 in
1597 3539 1819 3576 morum

111 3617 415 3673 honestate
440 3614 696 3688 proﬁcit.
735 3615 841 3680 Qui
889 3613 1226 3686 improbiori
1249 3611 1444 3668 studio
1473 3610 1703 3666 animus
1731 3627 1822 3682 op-

105 3704 393 3778 primitur
411 3704 728 3760 hebetatur.
761 3734 830 3743 —
853 3703 1005 3759 Duxi
1029 3703 1184 3772 apud
1213 3716 1348 3758 eum
1378 3700 1488 3756 sub
1519 3701 1628 3755 hac
1661 3699 1816 3754 inani

113 3793 522 3851 colluctatione
582 3793 755 3848 ferme
802 3791 1166 3858 sexennium,
1227 3790 1324 3846 sed
1355 3789 1499 3844 nihil
1531 3795 1817 3859 quantum

113 3885 188 3940 ad
249 3890 481 3939 tantum
527 3889 752 3951 tempus
800 3880 1001 3936 attinet
1048 3879 1182 3934 inde
1228 3878 1410 3934 extuli
1451 3891 1638 3947 operte
1684 3891 1818 3946 pre-

117 3973 286 4029 tium.
348 3970 506 4026 Alias
560 3978 752 4026 autem
803 3977 1091 4039 quantum
1159 3967 1230 4022 ad
1289 3966 1464 4022 totius
1509 3965 1820 4021 honestatis

115 4060 522 4116 rudimentum
552 4065 805 4128 spectare
835 4055 1209 4128 dignoscitur,
1243 4055 1323 4109 nil
1382 4053 1488 4110 fuit
1520 4053 1673 4124 quod
1705 4067 1819 4108 non

116 4151 260 4206 meis
322 4147 673 4205 utilitatibus
735 4145 1122 4216 impendisset.
1166 4142 1458 4213 Quidquid
1507 4141 1816 4208 modestiae,

115 4237 417 4308 quidquid
476 4235 777 4306 pudicum,
838 4248 904 4290 ac
933 4231 1236 4289 exterioris
1263 4229 1559 4301 elegantiae
1599 4227 1708 4285 fuit
1756 4243 1821 4285 eo

115 4325 453 4381 fidelissime
491 4331 548 4380 et
589 4329 854 4378 amanter
884 4335 975 4376 me
1006 4319 1232 4376 imbuit.
1288 4317 1394 4373 Sed
1425 4331 1631 4387 parum
1665 4316 1820 4386 pensi

1929 3160 2266 3230 improvide,
2309 3171 2371 3218 ut
2410 3164 2491 3218 sic
2521 3164 2730 3232 dicam,
2767 3165 3028 3235 hisceret,
3062 3183 3168 3224 sua
3214 3170 3410 3225 omnia
3457 3186 3626 3226 sensa

1928 3251 2263 3306 authentica
2334 3253 2646 3322 zestimans,
2727 3261 2985 3310 tueretur
3063 3263 3238 3326 atque
3299 3257 3625 3315 defenderet

1929 3338 2147 3410 plagis;
2181 3339 2277 3395 sed
2310 3347 2483 3395 tantae
2522 3341 2721 3410 procul
2751 3341 2926 3397 dubio
2952 3345 3249 3412 vecordim,
3285 3353 3349 3401 ut
3374 3347 3626 3404 arbitror

1929 3427 2269 3496 pepercisset
2303 3427 2434 3498 (36),
2493 3429 2831 3500 priusquam
2888 3433 3062 3497 enim,
3100 3432 3180 3488 ait
3226 3434 3424 3489 doctor
3451 3433 3621 3503 idem,

1928 3515 2413 3585 quamscientiam
2434 3525 2640 3572 natura
2665 3519 3014 3585 combiberit,
3036 3535 3146 3575 non
3169 3521 3494 3592 majorisest
3511 3524 3627 3595 glu-

1928 3604 2030 3658 rioe
2061 3603 2275 3659 dixisse
2296 3604 2452 3674 quod
2482 3607 2711 3660 noveris
2734 3621 2910 3676 quam
2936 3609 3181 3664 tacuisse
3199 3611 3350 3680 quod
3375 3612 3617 3668 nescias.

1997 3691 2139 3747 Cum
2192 3692 2336 3747 dure
2371 3692 2568 3763 itaque
2622 3693 2682 3748 in
2735 3709 2826 3750 me
2857 3695 3252 3766 ulcisceretur,
3296 3700 3436 3768 quia
3468 3701 3624 3771 quod

1928 3773 2219 3828 nesciebat
2273 3774 2389 3844 ipse
2422 3775 2721 3841 nescirem,
2775 3778 3247 3846 perpendendum
3305 3781 3412 3838 sibi
3460 3783 3626 3852 plane

1927 3869 2068 3928 erat,
2102 3861 2241 3932 quia
2275 3863 2407 3918 mali
2442 3863 2758 3932 plurimum
2796 3865 3003 3932 fuerat,
3033 3881 3169 3922 cum
3217 3881 3251 3923 a
3281 3868 3466 3940 fragili
3499 3873 3625 3926 exi-

1927 3957 2083 4020 geret
2143 3951 2491 4019 pectusculo,
2552 3951 2706 4022 quod
2743 3967 2857 4007 non
2914 3952 3217 4010 indiderat.
3277 3956 3435 4013 Sicut
3472 3959 3625 4014 enim

1929 4037 2106 4093 verba
2135 4039 2454 4096 amentium
2476 4040 2645 4095 etiam
2676 4054 2709 4094 a
2739 4041 2981 4096 sensatis
3011 4041 3198 4114 colligi
3235 4052 3336 4099 aut
3364 4045 3485 4114 vix,
3525 4056 3626 4103 aut

1929 4127 2090 4183 nullo
2122 4128 2289 4183 modo
2318 4137 2574 4197 possunt,
2611 4129 2691 4185 ita
2745 4143 2945 4185 eorum
2976 4130 3149 4197 dicta,
3208 4133 3310 4202 qui
3361 4136 3627 4191 nesciunt

1928 4223 1982 4270 et
2009 4216 2151 4270 scire
2189 4226 2548 4284 seasserunt,
2583 4225 2636 4274 et
2669 4217 2796 4273 aliis
2826 4219 3084 4286 tradunt,
3119 4233 3193 4275 ex
3232 4235 3338 4276 sua
3369 4222 3626 4292 ipsorum

1928 4303 2337 4374 explanatione
2367 4306 2788 4362 tenebrescunt.
2829 4306 2919 4362 Nil
2948 4307 3103 4364 enim
3134 4307 3425 4366 difficilius
3461 4312 3628 4368 inve-

111 4429 181 4470 30
218 4419 369 4469 43.
425 4413 704 4468 model-au
737 4411 796 4466 in
825 4425 890 4466 eo
920 4424 1054 4466 eum
1089 4407 1360 4464 habuisse
1418 4406 1564 4462 {acto
1621 4406 1680 4460 in
1733 4419 1821 4461 me
1858 4393 1903 4447 D
1933 4391 2059 4446 nias
2081 4406 2257 4461 quam
2289 4393 2334 4447 si
2367 4393 2508 4448 velis
2550 4393 2826 4449 disserere
2882 4395 3038 4464 quod
3097 4397 3340 4466 nescias,
3391 4399 3627 4455 discenti

112 4503 379 4573 periculo
409 4501 686 4572 perscnsi,
718 4499 874 4571 quod
915 4498 1083 4569 quasi
1114 4497 1357 4554 obtentu
1387 4494 1640 4552 discendi
1674 4494 1823 4550 irre-

110 4590 478 4647 missibiliter
531 4603 619 4644 me
678 4602 744 4643 ac
810 4586 1102 4657 negotiose
1159 4584 1422 4655 urgebat.
1483 4582 1608 4650 Quo
1665 4583 1822 4638 enim

112 4689 328 4751 praeter
361 4677 597 4734 modum
627 4690 742 4732 non
777 4675 902 4731 dico
933 4673 1191 4744 puerilis,
1225 4686 1428 4728 verum
1478 4670 1667 4727 omnis
1715 4670 1824 4726 ho-

112 4770 350 4824 minum
385 4773 599 4822 natura
653 4762 1042 4820 meditationis
1091 4760 1424 4817 assiduitate
1455 4758 1822 4826 distenditur,

110 4873 178 4915 eo
230 4855 488 4926 amplius
539 4854 862 4919 hebetatur,
909 4859 964 4907 et
1021 4865 1137 4921 quo
1189 4848 1506 4906 ferventius
1543 4848 1616 4902 ad
1647 4847 1824 4903 studii

112 4942 610 5015 perseverantiam
668 4935 987 4995 acrimonia
1046 4935 1254 4992 mentis
1282 4934 1538 5006 ignescit,
1587 4947 1652 4989 eo
1680 4932 1826 4988 viri-

115 5035 230 5091 bus
254 5046 332 5088 ex
366 5030 660 5086 nimietate
691 5027 968 5095 subactis,
1001 5040 1074 5082 ex
1102 5025 1292 5096 rigore
1325 5025 1382 5078 in
1418 5021 1825 5078 lentitudinem

115 5136 328 5178 versus
358 5118 592 5174 animus
615 5129 1042 5186 usquequaque
1075 5112 1324 5182 tepescit.

189 5205 628 5266 Exercitiorum
655 5202 1108 5260 viscissitudines
1126 5198 1457 5256 adhibenda
1488 5196 1574 5252 uti
1601 5195 1830 5251 acutior

108 5303 225 5371 ﬁat
249 5296 607 5353 intellectus.
648 5325 716 5333 —
739 5293 978 5349 Necesse
998 5298 1081 5347 est
1110 5289 1291 5361 igitur
1314 5287 1613 5343 involucro
1639 5285 1832 5340 adhuc

118 5387 386 5459 corporis
419 5390 808 5455 aggravatum
847 5394 1017 5452 agerc
1047 5376 1421 5448 temperatius
1452 5373 1824 5440 intellectum,

121 5479 264 5550 quia
305 5475 351 5531 si
393 5471 687 5530 silentium
741 5470 886 5524 hora
932 5466 1123 5522 media
1166 5464 1227 5520 fit
1285 5463 1340 5517 in
1377 5460 1537 5527 coelo,
1597 5467 1662 5516 ut
1710 5472 1829 5515 non

122 5546 303 5638 possit
332 5563 505 5634 vigor
540 5557 866 5614 irremissus
909 5554 1049 5610 dum
1091 5551 1406 5619 advivitur,
1469 5546 1830 5616 contempla-

194 5688 314 5760 (36)
345 5682 624 5743 Nonnihil
651 5681 743 5738 hic
762 5679 1141 5737 desideratur.

1931 4479 2165 4549 quidem
2188 4479 2524 4548 obscurum,
2556 4481 2862 4537 obscurius
2890 4483 3170 4552 audienti,
3211 4499 3327 4541 non
3370 4501 3535 4543 secus
3560 4501 3628 4542 ac

1932 4567 1980 4621 si
2012 4566 2256 4636 lapidem
2314 4574 2562 4638 uterque
2607 4568 2827 4624 reddat.
2887 4567 3007 4626 Hoc
3057 4571 3204 4640 dico,
3239 4573 3393 4629 Deus
3442 4589 3626 4642 meus,

1931 4669 2047 4711 non
2079 4655 2232 4726 quod
2261 4662 2454 4712 notam
2487 4664 2643 4712 tanto
2674 4657 2858 4713 amico
2900 4657 3151 4727 inuram,
3196 4661 3294 4716 sed
3335 4669 3398 4718 ut
3425 4661 3632 4718 intelli-

1931 4751 2028 4815 gat
2081 4743 2332 4814 quisque
2404 4745 2506 4816 qui
2566 4745 2717 4817 legit,
2770 4760 2842 4802 ne
2898 4747 3186 4817 quidquid
3251 4757 3630 4807 autumamus

1933 4846 2036 4902 pro
2089 4835 2244 4888 certo
2291 4831 2494 4890 docere
2576 4835 2840 4903 velimus,
2901 4849 3090 4906 neque
3162 4837 3629 4908 conjecturarum

1931 4926 2262 4976 nostrarum
2309 4921 2538 4978 nebulis
2592 4930 2648 4978 et
2709 4923 2853 4978 alios
2912 4923 3300 4980 involvamus.
3351 4927 3630 4997 Proposui

1931 5009 2085 5066 enim
2117 5017 2455 5078 praesentem
2503 5026 2606 5081 pro
2635 5013 2727 5069 sui
2779 5013 3055 5069 tenuitate
3087 5015 3388 5070 materiam
3415 5015 3506 5072 vel
3533 5030 3630 5072 ra-

1934 5099 2087 5154 tione
2111 5097 2368 5165 condire,
2401 5107 2466 5154 ut
2497 5099 2542 5155 si
2573 5102 2820 5157 alterum
2866 5103 3060 5158 minus
3106 5103 3549 5173 appretiandum
3579 5110 3635 5162 et

1935 5190 2134 5242 merito
2177 5194 2570 5257 computatur,
2627 5189 2874 5246 alterum
2934 5190 3238 5262 aliquoties
3287 5207 3475 5263 Operae
3506 5208 3633 5264 pre-

1937 5275 2080 5331 tium
2112 5273 2447 5331 aestimetur.

2596 5363 2828 5421 CAPUT
2869 5367 2962 5421 Vi.

2008 5453 2348 5509 Guibertum
2371 5365 3192 5525 ωαρὶειὲνῒῖῐὲἷαχέίενεὸαι
3222 5473 3234 5514 :
3258 5458 3353 5515 cui
3383 5463 3436 5517 et
3448 5461 3552 5516 ille
3570 5461 3638 5520 in

1935 5556 2132 5597 amore
2160 5541 2558 5614 respondebat.
2600 5573 2669 5583 ——
2693 5545 2967 5608 Quamvis
2995 5559 3132 5617 ergo
3157 5553 3316 5604 tanta
3351 5562 3438 5605 me
3472 5563 3638 5607 seve-
